4238 6472
438 338 538 391 577

445 452 721 519 Spargitur
743 449 1021 519 effulgens,
1048 449 1306 518 huiusque
1334 450 1600 505 Britannia
1631 466 1852 507 consors

434 540 790 608 Temporibus
818 542 998 608 genuit
1027 540 1200 608 fulgur
1232 541 1533 595 venerabile
1564 544 1791 608 nostris,

434 636 607 684 Aurea
637 646 738 700 qua
769 628 1089 683 Cutltbertns
1114 644 1276 698 agens
1309 646 1401 699 per
1428 631 1599 685 sidera
1628 632 1809 693 vitam.

430 722 701 781 Scandere
721 722 859 776 celsa
885 722 995 774 suis
1024 721 1204 775 docuit
1229 722 1338 791 jam
1372 724 1617 791 passibus
1648 723 1847 791 Anglos

430 814 579 867 Iluuc
600 816 815 868 virtutis
843 814 1016 867 bOnor
1041 814 1150 883 jam
1177 815 1347 882 primo
1376 831 1402 867 a
1428 816 1611 869 limine
1640 816 1784 882 vitae,

426 906 828 974 Aitheriumque
858 906 1023 959 decus
1055 905 1223 975 signis
1251 906 1537 958 comitatur
1566 905 1783 973 apertis.

422 998 587 1066 Cujus
614 1006 801 1051 cuncta
842 998 963 1050 licet
989 1012 1266 1064 nequeam,
1303 1007 1476 1049 tamen
1508 998 1688 1049 ultima
1720 997 1899 1051 malim

421 1088 865 1144 Commemorans
892 1101 1113 1154 aperum
1144 1086 1359 1153 vestigia
1386 1095 1601 1154 tangere
1624 1100 1800 1148 versu,

424 1166 557 1249 Quis
584 1188 797 1249 pateant
825 1180 1028 1231 interna
1058 1192 1224 1231 sacrae
1250 1177 1556 1230 fundamina
1590 1182 1801 1233 mentis.

423 1271 520 1333 'l‘u,
551 1283 699 1340 rogo,
731 1283 959 1330 summe,
980 1266 1135 1337 juva,
1167 1267 1429 1320 donorum
1462 1267 1692 1335 Spiritus
1721 1276 1947 1327 auctor:

420 1360 495 1414 'l‘e
522 1365 639 1417 sine
666 1374 787 1412 nam
818 1359 974 1426 digne
1006 1356 1101 1411 fari
1133 1367 1217 1410 ttta
1251 1357 1417 1426 gratia
1451 1359 1641 1412 nescit.

422 1446 931 1514 Flammivomisque
956 1448 1097 1501 soles
1124 1447 1364 1513 darequi
1389 1461 1525 1500 nova
1557 1446 1749 1500 lamina
1777 1448 1989 1515 linguis,

429 1538 639 1591 Munera
667 1538 731 1591 da
761 1538 974 1608 linguae,
1006 1539 1150 1593 verbi
1178 1550 1261 1591 tua
1287 1538 1425 1591 dona
1446 1540 1709 1593 canentis;

416 1648 640 1705 CAPUT
668 1649 726 1704 ll.
757 1650 1025 1717 Quomodo
1048 1665 1172 1717 puer
1197 1648 1288 1701 Dei
1312 1647 1615 1703 Cuthbertus
1636 1666 1724 1719 per
1743 1650 1991 1718 infantem

694 1722 760 1773 sit
788 1723 1028 1785 predicto
1059 1721 1349 1785 episcopatu
1376 1720 1687 1776 admonitus.

484 1814 632 1864 Alma
668 1812 775 1865 Deo
798 1811 946 1865 chari
974 1811 1144 1876 primo
1169 1811 1406 1865 ctelestis
1428 1811 1496 1862 ab
1521 1826 1634 1864 a-vo

412 1900 525 1953 Vita
557 1902 736 1967 micat,
771 1900 950 1954 famuli
982 1901 1117 1955 lator
1142 1915 1299 1969 quem
1328 1903 1564 1956 muneris
1585 1905 1675 1955 alti

413 1993 545 2047 Vera
578 2002 730 2047 vocat
756 1991 1003 2047 Christus
1030 1994 1250 2061 speciali
1282 1993 1347 2047 ad
1379 1994 1569 2061 gaudia
1597 1993 1759 2060 dono,

407 2083 805 2151 Aurivagasqne
831 2083 927 2136 feri
959 2096 1181 2151 pompas
1209 2091 1556 2139 contemnere
1585 2085 1755 2148 s:ec|i,

404 2172 615 2242 Corque
644 2174 767 2243 polo
793 2175 1035 2229 stabilire
1060 2175 1240 2239 docet,
1268 2190 1426 2244 quem
1456 2176 1684 2245 denique
1712 2177 1850 2232 dulci

404 2265 581 2321 Prima
611 2266 917 2334 magisterio
948 2279 1045 2333 per
1075 2276 1309 2334 tempora
1341 2267 1520 2337 dirigit
1544 2269 1664 2332 aevi,

412 2355 745 2424 Quandoque
774 2366 1081 2425 provectum
1112 2357 1428 2412 sublimibus
1462 2359 1657 2413 inferat
1682 2362 1858 2416 astris.

407 2445 567 2499 Forte
588 2461 721 2514 vago
744 2447 961 2514 gracilis
990 2446 1115 2500 dum
1145 2449 1384 2515 gramine
1415 2450 1621 2505 luderet
1650 2461 1800 2518 :ctas,

402 2534 656 2590 Intererat
686 2536 866 2589 vacuis
890 2536 1046 2590 simul
1078 2536 1286 2593 indoles
1313 2539 1452 2592 alma
1480 2541 1764 2609 palmstris,

405 2624 621 2689 Subque
653 2626 754 2679 levi
783 2636 913 2680 tetas
941 2628 1168 2696 sumpsit
1192 2629 1477 2684 luctamine
1506 2633 1728 2696 palmas.

404 2716 507 2770 Sed
532 2714 791 2771 Dominus
820 2718 980 2787 digno
1010 2718 1227 2786 puerilia
1260 2734 1415 2774 sensa
1446 2722 1698 2788 magistro

405 2800 688 2867 Correxit;
722 2812 907 2858 tenero
935 2819 1056 2856 nam
1080 2804 1147 2858 de
1173 2820 1331 2874 grege
1360 2810 1608 2873 parvulus
1644 2807 1816 2861 infans

405 2893 618 2957 Viribus
646 2893 922 2947 admonuit
948 2894 1125 2949 dubiis
1153 2910 1221 2949 ne
1253 2897 1417 2950 fidere
1444 2899 1638 2963 tnallet,

404 2984 469 3037 Et
498 2986 684 3039 festina
712 2987 858 3041 brevi
887 3000 1207 3042 consumere
1235 2996 1473 3057 tempora
1504 2990 1627 3042 luxu
1656 3007 1668 3042 :

406 3073 512 3128 Sed
543 3074 785 3128 stabilem
817 3074 1028 3130 Domini
1052 3088 1283 3131 mentem
1314 3078 1547 3133 lirtnaret
1576 3094 1779 3135 amore.

473 3170 541 3220 At
572 3181 702 3236 puer
722 3168 939 3222 infantis
968 3169 1088 3222 risit
1111 3185 1260 3223 sacra
1291 3173 1482 3224 lamina
1515 3174 1721 3238 nolens,

399 3258 652 3314 Oetennis
679 3261 892 3315 trimum
919 3262 1204 3329 deSpectus
1229 3264 1424 3317 habere
1453 3268 1783 3334 Illagislt‘ttttl.

401 3350 498 3417 Qui
519 3351 703 3419 genuit,
733 3359 790 3406 et
818 3352 958 3405 luctu
986 3353 1178 3407 faciem
1211 3353 1478 3421 perfundit
1502 3370 1704 3407 amaro.

399 3444 634 3498 Solvitur
662 3444 713 3498 in
744 3445 1004 3514 lacrymas
1033 3445 1229 3509 luctus,
1255 3448 1538 3514 cunctique
1566 3446 1799 3500 vicissim

405 3536 570 3590 Unius
602 3536 835 3591 incertos
863 3546 1112 3607 satagunt
1138 3538 1445 3606 abstergere
1467 3538 1620 3591 lletus
1645 3554 1660 3592 :

398 3626 505 3681 Nec
533 3626 744 3682 valuere
774 3640 952 3682 tamen
983 3630 1172 3683 solatia
1205 3639 1352 3697 rapta
1383 3629 1588 3683 novari.

402 3720 549 3772 llunc
575 3720 656 3787 pia
687 3721 1023 3789 complexum
1055 3719 1377 3775 Cuthbertus
1406 3720 1470 3775 ad
1503 3723 1680 3776 Oscula
1713 3723 1925 3786 mulcet,

400 3815 698 3867 Obsecrans
720 3814 923 3868 siccare
944 3829 1128 3884 genas,
1157 3815 1425 3881 deponere
1455 3815 1648 3869 luctus.

399 3899 611 3971 Excipit
637 3913 692 3958 et
717 3915 908 3959 mtesto
930 3905 1103 3973 justas
1131 3905 1196 3958 de
1222 3907 1385 3959 corde
1413 3906 1656 3973 querelas
1679 3923 1690 3958 :

391 3998 526 4062 Quid
561 4011 634 4061 te,
663 3999 846 4066 citare,
882 3999 980 4052 levi
1007 3998 1192 4051 subdis
1224 4014 1318 4068 per
1348 4000 1519 4053 inania
1550 4001 1691 4063 ludo,

394 4093 563 4151 Quem
595 4088 734 4143 Deus
762 4089 989 4144 aetherio
1016 4089 1261 4144 sublimis
1292 4091 1494 4144 honore
1518 4091 1772 4163 sacravit,

398 4181 699 4234 l'rzcliciens
721 4181 958 4247 populis,
988 4180 1109 4235 caeli
1134 4181 1325 4250 quibus
1356 4183 1488 4234 atria
1522 4184 1753 4250 pandas?

392 4271 683 4340 ingenuum
712 4272 884 4325 stadio
915 4272 1149 4340 nunquid
1180 4288 1500 4327 concurrere
1528 4276 1697 4327 servis

388 4364 491 4417 Fas
520 4364 642 4429 erit,
669 4373 760 4416 aut
789 4363 926 4431 vulgi
954 4362 1179 4416 antistes
1200 4363 1516 4416 similabitur
1544 4365 1676 4419 actis
1700 4364 1724 4417 ?

388 4455 591 4526 Linque
614 4456 715 4511 tuis
742 4470 870 4524 ergo
897 4466 1000 4509 tam
1025 4455 1240 4509 dissona
1268 4457 1449 4510 frivola
1478 4454 1632 4511 factis
1656 4499 1671 4523 ,

387 4546 726 4616 Devotusque
756 4547 863 4601 Deo
885 4558 1094 4601 sacrum
1126 4547 1448 4617 conjungere
1472 4557 1676 4615 pectus.

462 4638 586 4693 Haec
611 4639 704 4702 ait,
735 4646 788 4691 et
815 4638 963 4706 pueri
984 4636 1335 4708 grandatvum
1358 4639 1409 4691 in
1442 4647 1653 4705 pectore
1678 4653 1890 4693 sensum

381 4729 612 4798 Spiritus
639 4730 864 4783 instituit
894 4740 1144 4784 cunctum
1170 4744 1351 4783 comes
1379 4730 1551 4785 almus
1576 4731 1625 4784 in
1650 4748 1841 4786 arvum.

380 4821 489 4876 Nec
516 4822 731 4886 mirum,
764 4821 991 4875 infantes
1015 4824 1269 4891 mysteria
1296 4823 1532 4890 pandere
1558 4824 1756 4876 Christi
1784 4865 1798 4889 ,

382 4913 801 4981 Lactentutnque
825 4925 977 4965 sacer
1002 4912 1205 4979 repleat
1235 4912 1278 4965 si
1308 4912 1512 4965 viscera
1542 4912 1700 4967 flatus
1721 4956 1735 4980 ,

380 5005 479 5071 Qui
510 5001 633 5058 facit
663 5002 924 5057 humanas
944 5003 1150 5056 asinam
1178 5004 1405 5059 reboare
1434 5005 1696 5074 loquelas.

378 5114 601 5170 CAPUT
638 5113 725 5169 Ill.
771 5115 1039 5181 Quomodo
1065 5132 1195 5183 genu
1237 5116 1443 5169 dolente
1489 5117 1702 5171 claudus
1738 5118 1944 5184 elici-tus

689 5185 777 5248 sit,
808 5196 854 5238 et
883 5185 1065 5255 angelo
1092 5188 1368 5239 medicante
1395 5199 1624 5242 curatus.

452 5275 709 5330 Parvulas
737 5276 942 5331 interea
972 5277 1130 5331 subiti
1158 5278 1465 5333 discrimine
1494 5280 1663 5335 morbi

382 5366 656 5431 l’lectitur,
684 5375 844 5437 atque
873 5368 1008 5439 regit
1036 5369 1254 5438 vestigia
1285 5369 1528 5439 languida
1562 5373 1705 5440 pino.

381 5456 621 5524 Cumque
647 5456 735 5510 die
760 5456 985 5525 quadam
1017 5459 1116 5511 sub
1138 5458 1259 5512 divo
1289 5458 1426 5514 fessa
1455 5460 1681 5517 locasset

381 5544 610 5600 llembra
642 5546 829 5602 dolens
855 5547 999 5603 solus
1026 5549 1169 5603 mitis
1200 5565 1351 5620 puer,
1381 5566 1507 5608 ecce
1536 5568 1757 5623 repente

452 5709 477 5735 ιι
520 5698 571 5750 Id
594 5708 675 5753 est
716 5699 980 5775 leporibus
1008 5719 1018 5755 :
1053 5717 1171 5759 nam
1204 5702 1440 5775 leporum
1470 5720 1591 5764 ossa
1626 5709 1825 5765 mederi
1868 5712 1943 5767 ti-

383 5769 584 5824 biarum
615 5770 810 5826 morbis
836 5772 999 5825 aiunt.

1249 337 1437 393 secr.
1482 338 1568 393 Ill.
1611 369 1679 380 —
1717 315 2042 394 camus}.
2089 366 2149 381 -ρ
2196 340 2350 394 VITA
2393 344 2450 399 s.
2492 345 2900 403 corneum.

3578 361 3681 419 578

2041 459 2087 515 Α
2126 451 2284 507 Venit
2312 469 2477 524 eques
2509 458 2665 514 niveo
2693 463 3027 518 venerandus
3058 466 3307 537 trgmiue,
3341 483 3545 525 necnon

2109 543 2287 599 Gratia
2315 548 2588 617 cornipedi
2613 551 2820 620 similis,
2853 557 3209 627 recnbumque
3238 559 3467 624 salutat,

2113 632 2438 703 Obscquium
2468 638 2571 692 sibi
2600 639 2739 695 ferre
2770 659 2984 714 rogans.
3014 647 3110 700 Cui
3142 648 3266 702 talia
3291 651 3465 704 reddit
3494 669 3510 707 :

2107 722 2387 793 Obsequiis
2414 743 2553 782 nuttc
2585 730 2699 796 ipse
2730 733 2831 786 tuis
2860 736 3112 791 assi5tere
3141 751 3419 807 promptus

2110 812 2333 875 Vellent.
2362 818 2416 869 ni
2444 818 2562 871 diro
2591 833 2923 888 premeretur
2950 827 3209 895 compede
3241 844 3473 898 gressus.

2100 904 2230 957 Nam
2261 915 2429 961 tumet
2453 924 2578 963 ecce
2605 926 2764 979 genu,
2796 914 2953 968 null.s
2975 917 3114 984 quod
3145 934 3267 973 cura
3299 922 3602 977 medentum

2102 992 2365 1061 Tempore
2382 997 2491 1064 jam
2527 1001 2694 1053 multo
2726 1003 2888 1055 valuit
2918 1008 3126 1060 mollire
3157 1011 3356 1078 lagonis
3389 1022 3434 1064 ιι.

2098 1082 2281 1171 Desilit
2311 1086 2503 1156 hospes
2530 1104 2688 1157 equo,
2719 1092 2895 1162 palpat
2924 1110 3058 1163 genu
3084 1098 3297 1151 sedulus
3325 1117 3549 1171 aegrum,

2096 1169 2187 1225 Sic
2213 1173 2349 1230 fatus
2377 1176 2569 1231 similae
2593 1180 2812 1234 nitidam
2845 1198 2963 1237 cum
2991 1186 3127 1240 lacte
3167 1169 3390 1244 farinam

2094 1261 2211 1317 Olla
2244 1279 2439 1336 coquat
2473 1272 2671 1336 pariter
2697 1274 3039 1332 ferventi.....

2097 1355 2310 1425 llocque
2336 1359 2492 1414 istum
2522 1363 2696 1417 calido
2722 1369 2991 1422 sanandus
3017 1371 3246 1440 innngne
3276 1382 3558 1430 tumorem.

2093 1444 2214 1499 llaec
2242 1462 2544 1505 memorans
2578 1456 2886 1510 conscendit
2909 1474 3108 1526 equum
3140 1478 3244 1530 quo
3272 1474 3513 1529 venerat,
3540 1466 3632 1519 illo

2091 1534 2235 1589 Callo
2262 1538 2478 1594 dumutn
2512 1558 2779 1600 remeans.
2812 1548 3045 1602 blonitus
3076 1553 3330 1607 medicina
3360 1570 3539 1610 secuta
3564 1574 3668 1623 eat,

2089 1628 2422 1699 Agnovitque
2448 1647 2603 1689 sacer
2634 1638 2899 1693 medicum
2930 1644 3138 1698 venisse
3166 1649 3384 1713 superni

2089 1720 2291 1778 Judicis
2319 1740 2347 1777 a
2378 1727 2513 1781 solio
2541 1743 2775 1795 summo,
2807 1734 2893 1801 qui
2925 1750 3147 1791 munere
3176 1742 3386 1796 clausos

2016 1794 2061 1853 Β
2090 1814 2337 1870 Restituit
2369 1821 2514 1873 visus
2544 1824 2705 1889 piscis
2729 1823 2796 1878 de
2818 1794 2939 1881 felle
2966 1827 3168 1883 Tobiae.

2088 1926 2313 2009 CAPUT
2354 1930 2438 2009 LV.
2484 1932 2750 2009 Quomodo
2776 1940 2937 1992 ventis
2977 1943 3206 1996 oratione
3248 1947 3455 1998 mutatis
3480 1988 3494 2009 ,
3532 1958 3667 2001 rates

2265 2001 2319 2053 in
2351 2000 2610 2055 Oceanum
2640 2007 2881 2073 delapsas
2908 2015 3213 2065 revocaverit
3233 2015 3303 2066 ad
3322 2016 3483 2070 littus.

2158 2088 2289 2144 llinc
2316 2107 2464 2146 sacra
2488 2094 2677 2161 majori
2712 2096 2950 2152 ﬁrmatus
2983 2102 3175 2155 robore
3204 2106 3366 2157 corda
3388 2146 3404 2170 ,

2085 2177 2477 2235 Celsithronum
2509 2185 2695 2238 didicit
2718 2190 2961 2254 precibus
2993 2194 3206 2258 pulsare
3234 2194 3548 2250 Tonantem.

2084 2268 2176 2320 Est
2204 2269 2348 2323 locus
2379 2273 2601 2343 insignis
2630 2275 2772 2331 ﬂuvii
2802 2294 2963 2347 super
2989 2284 3119 2335 ostia
3154 2284 3301 2347 Tini,

2085 2360 2292 2414 Eximio
2318 2361 2427 2430 jam
2462 2376 2583 2417 tunc
2618 2370 3003 2423 monachorum
3033 2374 3277 2427 examine
3310 2376 3548 2439 pollens:

2080 2449 2183 2513 Qui
2216 2450 2473 2505 veherent
2501 2456 2626 2507 dum
2669 2457 2809 2525 ligna
2846 2460 2941 2513 feri
2974 2476 3067 2529 per
3098 2473 3241 2531 terga
3278 2465 3480 2530 fluenti,

2082 2535 2339 2592 Fluminis
2368 2552 2421 2593 et
2450 2546 2594 2596 venti
2625 2546 2800 2600 subito
2833 2548 3094 2603 feriuntur
3134 2553 3200 2604 ab
3229 2555 3354 2607 ictu.

2078 2628 2321 2697 Quinque
2352 2632 2498 2687 fuere
2525 2647 2686 2701 rates,
2722 2639 2904 2705 rapido
2928 2655 3047 2708 quae
3076 2646 3282 2712 gurgite
3307 2656 3512 2700 cuncta:

2076 2717 2271 2772 Oceani
2296 2735 2483 2774 cavum
2514 2739 2693 2790 prona:
2724 2726 2973 2782 labuntur
3003 2732 3057 2783 in
3086 2749 3291 2801 aequor.

2075 2808 2298 2877 Jamque
2324 2815 2494 2867 oculis
2520 2816 2789 2872 abstraCta
2824 2822 3005 2888 procul
3028 2863 3044 2887 ,
3072 2825 3211 2879 velut
3237 2828 3400 2897 aliger
3430 2832 3584 2886 undis

2078 2901 2344 2969 Mergulus
2374 2907 2601 2975 innaret,
2634 2924 2784 2978 paret
2807 2928 2901 2981 per
2930 2917 3123 2970 caerula
3157 2924 3367 2990 puppis.

2152 2992 2430 3058 Egreditur
2462 2998 2695 3054 fraterna
2726 3006 2941 3070 cohors,
2975 3018 3026 3061 et
3057 3012 3251 3079 poplite
3280 3014 3419 3068 ﬂexo

2076 3080 2296 3137 (Ethera
2323 3088 2642 3157 suscipiunt,
2676 3094 2857 3160 vitam,
2893 3113 3185 3169 pacemque
3213 3117 3510 3171 precantes.

1993 3150 2042 3212 ο
2076 3173 2336 3228 Servatur
2364 3178 2457 3231 sed
2487 3180 2586 3233 hoc
2616 3181 2707 3252 [Ρ.
2738 3186 2870 3256 haec]
2904 3203 3069 3256 puero
3102 3150 3317 3248 victoria
3344 3194 3369 3232 ι)
3395 3199 3551 3265 lecto,

2071 3262 2169 3325 Qui
2204 3274 2311 3317 tum
2348 3265 2484 3322 forte
2510 3270 2630 3323 alia:
2652 3272 2767 3341 jam
2800 3277 2974 3331 stabat
3000 3278 3053 3333 in
3084 3282 3237 3338 obice
3269 3288 3431 3355 ripa},

2075 3351 2265 3419 Vulgus
2304 3369 2357 3408 et
2386 3359 2719 3416 innumerum
2751 3367 3069 3438 grandisque
3105 3351 3331 3428 caterva'
3361 3351 3644 3448 ridentum,

2068 3442 2267 3499 Gaudia
2298 3465 2416 3502 nam
2448 3456 2690 3521 reprobis
2719 3470 2841 3514 sunt
2872 3464 3038 3516 tristia
3078 3465 3178 3519 fata
3209 3472 3512 3535 proborum.

2067 3533 2254 3603 Noxia,
2288 3540 2377 3607 qui
2404 3542 2557 3608 dixit,
2591 3546 2890 3617 linquamus
2919 3557 3133 3621 gaudia,
3164 3533 3375 3624 fratres,

2068 3629 2459 3688 Cnndoleamus
2487 3650 2537 3690 et
2571 3639 2652 3691 his
2682 3658 2813 3711 quos
2844 3646 3063 3700 verbera
3098 3660 3284 3703 maesta
3312 3653 3565 3723 fatigant;

2072 3718 2170 3773 Vel
2205 3722 2481 3780 Dominum
2512 3732 2707 3799 potius,
2736 3738 2821 3801 qui
2853 3737 3019 3790 flabra
3046 3742 3243 3794 creavit
3266 3753 3318 3796 et
3349 3718 3535 3809 umidas,

2064 3810 2308 3880 Oremus,
2342 3818 2585 3886 dignetur
2617 3824 2718 3878 iter
2743 3829 2941 3882 donare
2970 3832 3174 3887 salutis.
3482 3818 3485 3821 I

2064 3902 2278 3958 Rustica
2318 3912 2410 3963 sed
2439 3912 2601 3978 justis
2626 3917 2872 3973 dissentit
2901 3920 3053 3975 turba
3085 3926 3318 3981 suadelis
3344 3945 3358 3994 ;

2066 3991 2155 4046 llle
2180 4010 2321 4062 genu
2354 3997 2490 4053 flexo
2523 4006 2670 4057 vultu
2714 4023 2834 4061 mox
2866 4025 3129 4076 presserat
3157 4030 3280 4068 arva
3309 4035 3321 4068 :

2064 4082 2329 4142 Mutantur
2360 4092 2525 4157 venti,
2558 4096 2863 4164 ratibusque
2888 4116 2939 4153 ιιι
2970 4101 3144 4155 littora
3173 4104 3331 4172 jactis

2066 4174 2289 4233 Erubuit
2318 4182 2495 4238 la-tum
2532 4186 2649 4241 viso
2699 4205 2792 4256 pro
2822 4194 3039 4247 numine
3075 4198 3278 4264 vulgus,

2068 4267 2444 4340 GlorifiCatque
2477 4275 2662 4345 Deum,
2716 4283 2887 4336 firmet
2914 4285 3001 4352 qui
3034 4292 3152 4339 vota
3183 4304 3421 4343 suorum.

2061 4380 2299 4474 CAPUT.
2328 4385 2411 4474 VL
2434 4391 2700 4474 Quomodo
2726 4413 2839 4474 cum
2868 4403 3157 4474 pastoribus
3186 4407 3379 4474 positus
3409 4410 3633 4462 animum

2130 4458 2299 4592 zgzzti
2338 4458 2536 4580 {Edoni
2593 4467 2814 4536 episwpi
2855 4458 2922 4521 ad
2962 4477 3140 4526 caelum
3168 4458 3290 4543 ferri
3333 4458 3632 4551 ab

2254 4546 2360 4581 xcrt
2388 4571 2403 4584 .

2254 4546 2403 4584 πενιι.

2129 4615 2255 4673 Ηωο
2286 4621 2445 4690 inter,
2480 4634 2693 4680 teneros
2724 4630 2858 4683 ltetis
2887 4632 3010 4685 dum
3040 4634 3261 4688 collibus
3290 4650 3455 4704 agnos

2057 4708 2326 4776 Pasceret,
2362 4730 2487 4770 ecce
2517 4718 2640 4786 vigil
2682 4724 2957 4777 nocturnis
2978 4729 3144 4780 cernit
3174 4727 3225 4781 in
3258 4730 3499 4799 hymnis,

2055 4802 2212 4872 ignea
2245 4804 2471 4861 sidereis
2498 4806 2795 4878 fuigescere
2823 4824 2992 4869 castra
3028 4820 3297 4887 maniplis,

2054 4895 2227 4965 Atque
2256 4899 2388 4965 polis
2413 4911 2656 4954 sanctum
2689 4904 2860 4958 rutila:
2890 4920 2983 4973 per
3009 4910 3198 4975 gaudia
3231 4927 3435 4980 pompa:

2054 4987 2215 5043 Ferre
2241 4990 2494 5054 animam,
2526 4993 2791 5064 sociisque
2833 5011 2992 5066 sopor
3018 5014 3150 5069 quos
3177 5015 3437 5071 presserat
3465 5004 3577 5059 infit
3606 5023 3621 5061 τ

2053 5080 2199 5135 lleu!
2234 5083 2413 5137 miseri
2448 5083 2592 5139 lento
2623 5089 2913 5156 premimur
2940 5093 3030 5162 qui
3064 5103 3272 5161 pectora
3307 5110 3515 5161 somno,

2050 5172 2285 5227 Cernere
2315 5189 2413 5229 nec
2435 5174 2649 5244 vigilum
2697 5180 2930 5234 caelestia
2964 5183 3097 5237 facta
3128 5200 3408 5239 tueremur.

2053 5263 2276 5332 Pervigil
2310 5279 2379 5319 en
2411 5268 2623 5321 modico
2648 5272 2909 5338 magnalia
2941 5280 3178 5341 tempore
3204 5284 3225 5311 ε
3250 5275 3405 5329 crevi

2050 5354 2216 5406 'l‘anta
2249 5355 2378 5420 Dei,
2411 5355 2607 5412 bifores
2639 5370 2803 5423 portae
2831 5370 3133 5415 reserantur
3161 5362 3376 5433 olympi,

2051 5447 2251 5502 lmlitttr
2274 5446 2509 5502 aetheria:
2540 5447 2659 5504 felix
2684 5466 2785 5517 qua
2810 5451 3028 5519 Spiritus
3057 5455 3193 5507 aulae

2052 5540 2318 5608 Angelicis
2347 5542 2629 5595 cmnitatus
2658 5557 2841 5609 ovans,
2875 5544 2963 5615 qui
2992 5545 3166 5601 sidera
3199 5544 3425 5604 flammis

2120 5712 2145 5749 δ
2186 5712 2239 5763 ιιι
2268 5722 2365 5779 est,
2394 5713 2568 5767 eiecto.

2125 5794 2142 5820 ε
2187 5783 2239 5835 ld
2270 5792 2371 5847 est,
2402 5786 2595 5851 aspexi.
