4238 6458
629 333 733 387 579

1345 328 1544 383 BEDA'S
1590 325 2041 380 \‘liNERABILIS
2081 321 2232 378 OPP.
2277 315 2448 372 PARS
2490 315 2572 369 Ill.
2616 345 2681 355 —-
2722 314 3204 372 PARJ‘INILTlCA.

3776 318 3883 375 580

613 439 849 507 Transit,
882 449 931 492 et
965 438 1325 493 Altithronum
1360 438 1551 505 gaudet
1591 436 1745 489 modo
1779 438 1953 487 visere
1982 436 2198 503 ltegetn.
2237 436 2280 490 Α
2312 428 2531 507 “APUT
2576 428 2706 481 Vm-
2765 429 3034 507 Qtwmodu
3080 429 3321 507 angelum
3368 431 3590 497 hospitio
3636 435 3885 497 recipiens

616 534 850 586 Antistes
880 533 972 586 fuit
1010 534 1106 585 iste
1138 546 1274 591 rear,
1308 530 1545 595 plebisve
1575 541 1794 582 sacrata:
1821 566 1836 592 ,

619 627 870 678 Summus
897 626 943 677 in
970 638 1091 675 arce
1115 622 1574 685 nitens,comitum
1600 638 1759 689 quem
1784 623 2022 673 ﬂammea
2043 619 2203 671 tantis

620 715 823 781 I‘Ixeipit
854 719 1017 765 aethra
1051 714 1251 776 choris,
1286 713 1521 777 lucisque
1569 712 1631 764 ad
1666 713 1862 763 Iumina
1899 711 2059 762 vexit.

687 806 902 870 Discite,
934 816 1202 872 pastores,
1235 804 1378 870 vigili
1411 804 1670 855 tutamine
1700 803 1936 853 mamlris

615 899 834 951 Insidias
868 900 1059 959 nectis,
1095 897 1378 963 furvosque
1421 911 1609 948 cavere
1639 896 1843 957 leones,

619 988 778 1042 Vobis
811 1000 865 1040 ut
898 989 1153 1055 angelicae
1187 996 1398 1054 pateant
1430 1000 1578 1037 Sacra
1611 985 1847 1035 cartniua
1876 978 2065 1041 laudis,

615 1080 942 1147 Iiethleaque
971 1079 1138 1131 Deum
1171 1078 1401 1130 cernatis
1436 1078 1484 1128 in
1514 1091 1635 1127 arce
1670 1083 1963 1141 potentem.

619 1172 746 1226 Ilazc
777 1188 1080 1225 memorans
1112 1170 1345 1235 trepidas
1371 1170 1516 1221 surio
1544 1168 1643 1219 sub
1674 1174 1886 1233 pectore
1912 1163 2094 1218 lauch

614 1263 899 1323 Accendit,
931 1262 1169 1315 miranda
1198 1261 1326 1313 lides
1356 1275 1552 1313 rerum.
1589 1256 1834 1311 [Edonus
1874 1257 1960 1308 ille

612 1357 878 1426 Tempore
908 1357 1138 1412 decessit
1170 1356 1380 1411 Domini
1414 1371 1575 1410 orans
1604 1355 1757 1407 lietus
1798 1354 1862 1406 ad
1894 1352 2091 1405 aulam.

611 1490 835 1543 CAPUT
865 1490 944 1543 VI.
980 1492 1245 1553 Quomodo
1274 1491 1407 1542 idem
1433 1488 1674 1542 xEdanus
1702 1497 2046 1550 tempestatem
2070 1500 2196 1538 nau-

685 1565 748 1613 tis
780 1564 1080 1628 prwdirens,
1115 1562 1280 1613 oleant
1307 1577 1405 1630 quo
1428 1561 1747 1629 mitigaretur
1778 1560 1992 1610 dederit.

691 1692 849 1745 (ἔρδω
880 1695 1173 1747 sacerdotis
1208 1693 1359 1761 hujus
1387 1694 1683 1747 veneranda
1715 1708 1807 1761 per
1835 1694 2016 1745 urbem
2037 1733 2051 1756 ,

624 1787 689 1839 Et
716 1788 951 1840 doctrina
986 1788 1136 1851 nitet,
1173 1788 1393 1840 memori
1428 1790 1691 1840 narranda
1725 1788 1912 1840 relato.

621 1876 863 1943 Tangere
894 1878 985 1931 sed
1009 1877 1237 1930 breviter
1266 1878 1523 1943 exemplis
1566 1878 1765 1930 sulticit
1797 1893 1983 1931 unum.

687 1968 969 2035 Presbyter
998 1968 1242 2019 umlisoui
1276 1968 1492 2033 quidam
1528 1968 1659 2019 vada
1690 1971 1881 2021 cterula
1920 1968 2064 2036 ponti

612 2060 881 2114 Scandere
904 2062 1108 2127 jusws,
1141 2061 1251 2112 adit
1276 2061 1495 2126 supplex
1530 2060 1746 2111 oracula
1773 2062 1929 2123 vatis,

617 2154 795 2220 Seque
825 2168 1055 2220 suosque
1088 2168 1278 2221 rogans
1312 2153 1556 2219 precibus
1588 2153 1809 2206 tutarier
1838 2153 1987 2205 almi.

614 2242 859 2294 Aulestes
885 2244 965 2294 cui
997 2243 1173 2296 celsos
1201 2244 1312 2295 ait:
1348 2244 1488 2296 Petis
1519 2259 1700 2311 :equor
1732 2254 1785 2296 ut
1814 2244 1975 2295 altum
2006 2284 2020 2309 ,

612 2334 811 2388 Obvius
839 2335 1063 2388 adverso
1093 2338 1331 2403 insurget
1362 2336 1668 2404 Septentrio
1699 2337 1823 2389 ﬂatu
1853 2378 1868 2401 ,

620 2425 772 2479 Venti
806 2426 900 2479 sed
926 2426 1191 2491 fremitus,
1226 2438 1675 2497 tempestatesque
1703 2443 1925 2481 sonoras

612 2518 911 2571 Chrismate
938 2518 1077 2586 quod
1111 2519 1347 2573 dederim
1382 2524 1666 2588 promptim
1702 2520 1870 2573 lenire
1902 2528 2198 2572 memento.

614 2608 859 2677 Unguine
900 2619 1022 2663 tunc
1062 2620 1274 2673 sumpto
1313 2622 1486 2663 nautae
1518 2611 1838 2678 praepinguis
1867 2611 2053 2674 oliva},

611 2700 849 2767 xEquura
880 2703 1268 2766 conscendunt,
1292 2704 1505 2770 velique
1542 2703 1844 2769 patentibus
1884 2703 1981 2755 alis
2128 2696 2131 2697 ⁷

610 2793 860 2844 Sulcabat
892 2793 1060 2845 media
1097 2792 1285 2861 puppis
1310 2807 1496 2845 secura
1530 2794 1873 2860 profundum.

612 2883 743 2935 Cum
768 2883 942 2934 subito
969 2883 1149 2950 gravis
1173 2880 1335 2933 instat
1363 2883 1552 2946 hiems,
1577 2885 1699 2934 l'urit
1722 2884 1953 2951 undique
1982 2894 2195 2952 pontus,

613 2973 857 3026 Tardans
882 2974 1116 3039 abrepta:
1147 2975 1371 3043 vestigia
1401 2984 1573 3043 coepta
1598 2976 1813 3027 carime

614 3066 861 3117 Immisso
888 3065 1099 3117 tandem
1134 3065 1340 3134 pinguis
1376 3066 1725 3119 medicamine
1765 3074 1947 3135 guttm,

616 3155 972 3207 Mausuel’acta
1008 3156 1146 3207 feros
1165 3170 1493 3222 componens
1524 3156 1657 3209 unda
1689 3165 1926 3209 tumores

614 3246 805 3299 Paudit
832 3246 931 3299 iter
965 3247 1165 3300 laetum.
1214 3245 1391 3300 Virtus
1423 3250 1500 3300 sic
1527 3263 1627 3300 una
1652 3248 1881 3315 gemello

615 3337 839 3407 Eﬂulget
867 3340 1047 3404 radio;
1078 3341 1235 3393 dictis
1264 3340 1353 3409 qui
1392 3341 1629 3393 tristibus
1660 3351 1782 3396 ante

615 3430 925 3497 'I'erruerat,
959 3443 1207 3499 prompto
1241 3434 1441 3485 relevat
1471 3434 1733 3485 solantiue
1764 3446 2016 3488 maestos:

614 3521 823 3591 Quique
858 3524 1151 3590 prephetali
1187 3524 1437 3590 pr:el'atur
1464 3536 1639 3577 mente
1668 3524 1863 3591 futura,

615 3615 734 3683 Ipse
763 3617 1029 3671 elementa
1060 3616 1175 3669 suis
1203 3615 1439 3669 refrenat
1470 3616 1677 3669 turbida
1700 3616 1886 3685 jussis.

619 3750 847 3806 CAPUT
882 3751 989 3805 VII.
1024 3751 1289 3815 Quomodo
1317 3749 1639 3809 Cuthbertus,
1670 3750 1765 3802 iter
1792 3749 2000 3817 faciens,
2034 3750 2197 3802 cibum

1063 3823 1262 3873 caballo
1292 3822 1459 3873 indice
1490 3821 1774 3887 repererit.’

692 3955 895 4010 Rursus
934 3966 1076 4007 casta
1114 3956 1220 4008 Deo
1250 3954 1573 4008 Cuthbertus
1604 3963 1815 4021 pectora
1848 3955 2057 4022 plenus,

623 4048 929 4116 Ingrediens
964 4050 989 4075 ⁸
1021 4047 1200 4109 itiner,
1236 4046 1415 4115 pluvio
1454 4046 1789 4099 Concluditur
1816 4047 1976 4109 Euro,

594 4145 833 4214 ,It‘rigora
865 4156 1073 4213 quaque
1102 4144 1287 4196 volans
1317 4142 1579 4209 percurrit
1608 4142 1783 4195 sidera
1813 4143 2051 4208 nimbus,

618 4235 944 4302 Divertitque
974 4235 1149 4301 rigens
1181 4234 1376 4286 veteris
1406 4232 1506 4286 sub
1538 4242 1675 4285 tecta
1706 4233 1960 4294 taberna,

615 4326 936 4381 Condiderat
965 4341 1216 4391 pecorum
1244 4342 1343 4392 qua
1372 4324 1481 4377 sola
1515 4340 1607 4392 per
1636 4327 1750 4377 avia
1782 4333 1985 4387 custos,

616 4417 811 4471 Parieti
840 4427 891 4469 et
916 4417 1150 4468 adnectit
1174 4431 1279 4483 quo
1307 4424 1523 4468 venerat
1554 4415 1667 4483 ipse
1696 4414 1986 4467 caballum.

617 4513 1055 4577 Exspectansque
1087 4507 1221 4560 udus
1251 4506 1529 4559 Dominum
1561 4520 1885 4572 eumponere
1911 4505 2088 4560 ﬂatus.

618 4599 820 4655 Divinis
852 4599 1035 4650 horam
1069 4596 1193 4649 dum
1222 4604 1399 4649 sacrat
1425 4595 1670 4649 laudibus
1697 4596 1891 4660 almus,

614 4692 800 4745 Cernit
824 4705 1017 4757 equum
1048 4688 1225 4742 subito
1257 4689 1421 4756 ipsius
1454 4687 1744 4754 decerpere
1775 4702 1954 4740 tnorsu

615 4781 777 4834 Tecta
810 4796 971 4845 casa),
1004 4781 1218 4847 leuique
1252 4779 1419 4832 ﬂuunt
1458 4780 1506 4832 in
1539 4778 1681 4832 fasce
1710 4778 1946 4832 cadentis

617 4874 769 4926 Mista
801 4872 886 4938 pio
912 4872 1093 4935 juveni
1126 4886 1337 4923 sutntuo
1365 4870 1607 4924 convivia
1636 4868 1807 4923 dono:

616 4963 796 5027 Qualia
829 4964 1027 5015 siccato
1054 4962 1293 5014 meruisti
1317 4962 1553 5027 gramine
1579 4965 1849 5029 quondam

619 5056 922 5108 Flammens
953 5054 1200 5106 astherias
1227 5064 1373 5107 Vates
1403 5054 1491 5121 qui
1520 5052 1733 5105 scandis
1761 5050 1827 5103 ad
1855 5064 2031 5105 auras.

618 5149 758 5218 Ergo
788 5162 940 5200 sacer
965 5146 1123 5199 calidi
1158 5147 1329 5213 panis,
1364 5145 1643 5211 carnisque
1681 5159 1906 5211 superna

616 5240 731 5292 .Iam
762 5241 895 5304 dape
927 5248 1104 5303 pastus
1132 5236 1241 5305 agit
1265 5245 1464 5304 grates,
1494 5235 1788 5303 positisque
1814 5236 2062 5304 procellis

616 5332 795 5400 Carpit
826 5331 925 5383 iter
950 5329 1183 5396 gaudens
1212 5328 1423 5382 Christo
1453 5328 1737 5382 comitante
1772 5341 2041 5383 serenum.

689 5513 714 5539 κ
760 5502 920 5554 ltiner
948 5515 1009 5555 ac
1034 5502 1129 5555 iter
1157 5503 1453 5569 promiscue
1486 5500 1571 5555 hic
1602 5512 1816 5571 usurpat
1843 5503 2002 5556 Beda.
2032 5503 2188 5554 Plau-

622 5584 701 5625 ras
730 5571 970 5641 (Mercat.
998 5584 1095 5623 act.
1132 5588 1190 5632 tt,
1224 5588 1295 5624 sc.
1330 5573 1385 5637 ‘2)
1416 5613 1429 5635 ,
1460 5572 1739 5625 Lucretius
1772 5572 1858 5641 (In
1891 5578 1983 5639 vt),
2020 5571 2184 5625 Matti-

622 5646 720 5694 lius
753 5642 889 5711 (Lib.
920 5641 980 5709 ι),
1014 5644 1205 5711 aliique
1247 5652 1473 5707 veteres,
1506 5643 1641 5709 apud
1691 5643 1951 5705 Vossium,
1985 5646 2037 5696 in
2068 5644 2190 5711 Ety-

544 5766 547 5769 ν
621 5714 891 5783 ιιιοιοεξίρο-
927 5710 1225 5783 ιιιεξιιιοτεὶιὶζ
1260 5723 1601 5777 usurparunt.
1632 5712 1769 5783 Lege
1798 5714 2022 5769 Nonium
2058 5710 2192 5767 Mar-

619 5784 809 5837 cellum
840 5781 939 5843 (De
968 5791 1159 5837 mutata
1192 5780 1565 5849 Declinntionel

2380 500 2500 549 dum
2542 516 2719 563 panem
2748 504 2924 564 qua'ril
2969 500 3257 551 ministrare
3300 510 3573 567 terrenum,
3601 507 3789 557 Cir/esti
3820 509 3885 558 ab

2374 585 2432 620 co
2463 585 2773 621 remunerari
2806 580 3060 621 meruerit.

2378 680 2509 733 Ilinc
2542 682 2738 747 majora
2773 694 2955 747 petens
2986 682 3262 737 monachis
3291 683 3673 753 IIrypensibus,
3708 686 3883 739 almus

2305 775 2562 841 (lurpore,
2591 786 2791 838 tuente,
2817 776 2996 828 habitu
3026 776 3283 842 factisque
3313 778 3651 844 adjnngitur;
3684 790 3733 831 et
3760 796 3880 834 mox

2308 865 2527 916 Ponitur
2559 866 2858 931 hospitibus
2892 867 3143 931 famulus,
3172 865 3423 934 justeque
3455 868 3680 921 libenter

2304 956 2559 1008 Subditus
2589 955 2869 1019 obsequio,
2900 959 3059 1009 celsae
3088 958 3154 1010 de
3190 960 3455 1012 omnibus
3485 964 3621 1014 aula:

2304 1048 2537 1100 tlerncre
2566 1049 2860 1111 promeruit
2890 1049 3145 1115 gaudens,
3183 1059 3237 1101 et
3265 1064 3483 1116 paseere
3509 1052 3700 1104 civem.

2307 1136 2541 1206 Ilospitis
2573 1140 2655 1189 hic
2687 1140 2923 1192 habitum
2953 1142 3140 1195 medize
3171 1143 3270 1195 sub
3301 1154 3538 1210 tempore
3565 1144 3764 1198 bruma:

2304 1231 2554 1293 Advenit,
2592 1231 2846 1299 \‘atisqne
2880 1233 3065 1285 humili
3092 1234 3158 1286 de
3189 1249 3339 1288 more
3368 1246 3635 1302 receptus,

2302 1318 2328 1354 ι’
2361 1321 2525 1386 Aptos
2557 1322 2783 1374 abluitur
2815 1338 3015 1388 sacros,
3046 1325 3242 1392 quique
3270 1328 3441 1393 algida
3475 1327 3670 1381 blando

2301 1411 2604 1466 Paltnarum
2632 1416 2853 1468 acclinis
2883 1418 3082 1470 mulcet
3114 1419 3330 1485 vestigia
3363 1422 3500 1483 toto;

2308 1505 2681 1574 Subnixusque
2717 1519 2859 1571 regat
2891 1510 3139 1576 dignetur
3169 1523 3226 1563 ut
3255 1527 3422 1578 usque
3448 1512 3669 1578 morari,

2304 1600 2553 1654 Defessus
2586 1602 2717 1653 lat-tis
2737 1602 2961 1667 dapibus
2990 1620 3095 1670 quo
3120 1606 3356 1657 membra
3388 1616 3670 1666 noveutur.

2302 1691 2377 1744 Ne
2404 1690 2675 1760 frigusque
2706 1693 2977 1757 famesque
3020 1695 3309 1761 nivosaque
3338 1695 3499 1748 ﬂabra
3532 1695 3807 1750 Decembri

2230 1798 2276 1856 Β
2306 1784 2633 1849 Ingemineut
2662 1785 2815 1836 itiner
2844 1784 3000 1851 longo
3031 1788 3130 1837 sub
3160 1787 3296 1840 calle
3326 1788 3569 1855 rigentis.

2300 1878 2397 1943 Qui
2428 1876 2698 1929 matutinis
2726 1878 3004 1930 advenerit
3032 1878 3240 1946 algidus
3266 1881 3431 1933 auris.

2298 1970 2473 2035 Atque
2502 1970 2871 2033 reluctantem,
2901 1970 3093 2023 summi
3125 1986 3216 2038 per
3240 1986 3401 2037 regna
3426 1970 3683 2024 Tanantis

2300 2058 2583 2126 Acljnrans,
2621 2062 2832 2112 tandem
2866 2060 3111 2127 sistitque
3144 2060 3442 2128 Iatnentque
3472 2062 3701 2127 repellit,

2304 2152 2606 2219 Digreditur
2633 2154 2853 2219 cupiens
2884 2169 3075 2219 panem
3105 2154 3316 2207 delerre
3346 2154 3630 2217 calentem,

2306 2253 2327 2281 ο
2358 2243 2631 2295 lIeSterme
2654 2244 2792 2310 quod
2820 2255 3017 2296 tantum
3040 2254 3383 2310 superessent
3411 2247 3665 2313 l‘ragmina
3690 2260 3880 2298 uenae.

2302 2336 2598 2391 Convivam
2633 2337 2843 2389 rediens
2873 2338 3086 2403 quierit,
3119 2337 3212 2391 sed
3242 2338 3383 2389 nulla
3410 2338 3602 2389 viantis

2305 2429 2463 2495 Signa
2497 2429 2690 2493 pedum
2723 2428 2877 2479 niveo
2909 2441 3173 2495 quoquam
3203 2427 3479 2492 conspexit
3510 2426 3561 2479 itt
3592 2441 3741 2481 arvo.

2302 2518 2559 2572 Interiora
2596 2530 2781 2586 petens
2814 2533 2967 2572 roseo
2999 2518 3184 2571 nidore
3213 2520 3403 2571 rel‘erta

2304 2611 2559 2679 Repperit
2582 2610 2713 2673 haec,
2743 2611 2932 2661 mirum
2956 2610 3129 2663 dictu!
3164 2610 3470 2677 pariterque
3498 2618 3673 2662 tuetur

2305 2702 2434 2755 Tres
2469 2703 2593 2753 imbi
2624 2716 2654 2755 e
2686 2702 2852 2754 nitido
2880 2701 3143 2769 fulgentes
3178 2700 3373 2767 polline
3396 2714 3581 2769 mnes,

2312 2795 2459 2849 Talia
2493 2795 2617 2847 dum
2651 2794 2838 2861 pavido
2866 2793 3190 2847 Cuthbertus
3222 2802 3437 2859 pectore
3465 2792 3637 2845 fatur:

2372 2887 2547 2941 Cerno
2569 2886 2801 2954 quidem,
2827 2886 3041 2940 :etheria
3064 2886 3417 2940 descenderat
3438 2886 3629 2953 hospes
3649 2884 3716 2937 ab
3737 2882 3878 2949 aula,

2305 2978 2662 3049 Cognatisqne
2693 2980 2824 3031 levis
2854 2994 2912 3032 se
2942 2978 3169 3032 reddidit
3198 2979 3363 3047 aliger
3388 2981 3565 3042 astris,

2308 3072 2553 3133 Pascere,
2580 3087 2681 3124 non
2709 3070 2849 3137 pasci
2880 3071 3121 3137 veniens,
3152 3082 3206 3124 et
3239 3070 3435 3124 fercula
3468 3082 3703 3140 portans,

2230 3155 2277 3218 C
2310 3162 2492 3225 Qualia
2524 3176 2627 3213 non
2659 3170 2882 3230 surgunt
2909 3169 3104 3213 nostra:
3131 3160 3197 3213 de
3222 3160 3462 3229 germine
3483 3161 3693 3215 messis.

2306 3254 2434 3306 Lilia
2468 3267 2565 3305 nec
2592 3253 2841 3312 candent,
2878 3267 2975 3305 nec
3006 3252 3083 3305 sic
3113 3266 3233 3304 rosa
3268 3251 3462 3321 fulgida
3491 3254 3706 3318 fragrat,

2302 3340 2595 3408 Nostraque
2628 3340 2917 3393 manniﬂuo
2945 3354 3271 3408 spernuntur
3298 3342 3459 3393 mella
3487 3355 3699 3407 sapore.

2306 3431 2419 3485 Non
2454 3434 2565 3483 haec
2594 3446 2723 3498 ergo
2750 3446 2899 3484 meus
2929 3443 3067 3486 tosto
3096 3432 3164 3485 de
3194 3434 3396 3486 viscere
3426 3433 3632 3496 feritas,

2304 3524 2431 3589 Sed,
2465 3524 2730 3591 paradise,
2765 3533 2886 3577 tuus
2933 3523 3099 3592 gignit
3128 3538 3278 3577 sacra
3308 3539 3526 3578 munera
3554 3523 3769 3578 fructus.

2307 3615 2413 3669 Nec
2446 3617 2632 3669 mirum
2669 3627 2881 3671 nostras
2910 3618 3057 3670 dives
3086 3616 3224 3686 quod
3257 3618 3461 3685 reapuit
3490 3632 3662 3683 escas,

2306 3710 2625 3778 Perpetuam
2653 3713 2773 3764 vita:
2799 3711 2989 3765 fruitur
3008 3713 3099 3780 qui
3128 3727 3263 3780 pane
3290 3727 3385 3782 per
3404 3728 3604 3766 sevum.

2374 3805 2505 3857 Nam
2539 3806 2618 3857 vir
2651 3814 2829 3859 mente
2858 3806 2966 3858 Deo
2997 3806 3242 3868 devotus,
3276 3816 3329 3859 et
3356 3821 3449 3860 ore
3472 3805 3751 3875 jocundus,

2306 3896 2619 3952 Sanctiﬂcos
2645 3896 2857 3950 Patrum
2888 3897 3092 3950 Domini
3119 3896 3219 3949 sub
3251 3896 3492 3950 laudibus
3520 3906 3667 3949 actus

2302 3990 2743 4043 Commemorare
2766 3989 2972 4052 solens,
2996 3988 3241 4056 proprios
3258 4004 3467 4057 quoque
3486 3989 3680 4055 smpius
3701 3986 3880 4052 infert,

2303 4080 2483 4150 Egerit
2514 4080 2732 4134 mtherio
2760 4089 2961 4133 tantum
2990 4095 3122 4149 quos
3150 4089 3285 4133 teste
3313 4079 3631 4147 triumphos.

2301 4200 2526 4255 CAPUT
2565 4199 2655 4253 IX.
2702 4199 2966 4264 Quomodo
3008 4199 3252 4251 animalia
3292 4198 3467 4259 maris,
3489 4184 3542 4249 in
3564 4212 3663 4265 quo
3686 4210 3880 4263 pernox

2373 4278 2622 4331 oraverat,
2653 4270 2731 4322 illi
2758 4285 2984 4337 regresso
3014 4269 3319 4336 prwbuerint
3359 4268 3673 4335 obsequium,
3699 4276 3744 4319 et
3772 4270 3883 4334 [rn-

2374 4352 2444 4393 ter
2472 4342 2557 4405 qui
2580 4341 2686 4393 hwc
2711 4341 2932 4405 videbat,
2965 4355 3071 4408 prie
3099 4341 3278 4393 timore
3309 4338 3659 4409 languescens,
3681 4337 3793 4406 ejus
3814 4338 3883 4389 sit

2376 4414 2604 4464 oratione
2634 4420 2914 4465 recreatus.

2232 4522 2288 4583 D
2382 4524 2585 4580 Interea
2610 4524 2823 4594 juvenis
2846 4525 3029 4578 solitos
3059 4530 3354 4576 nocturnus
3382 4522 3447 4575 ad
3478 4521 3701 4591 hymnos

2308 4616 2629 4685 Digreditur,
2659 4618 2805 4671 lento
2834 4616 3049 4683 quidam
3080 4630 3237 4681 quem
3268 4614 3404 4668 calle
3434 4624 3663 4677 secutus.

2306 4708 2451 4763 Illius
2482 4709 2714 4762 incertos
2751 4706 2955 4761 studuit
2982 4707 3299 4773 dignoscere
3324 4720 3555 4773 gressus.

2305 4802 2385 4855 Ad
2419 4815 2565 4854 mare
2596 4801 2884 4853 deveniunt
2911 4817 2922 4851 :
2947 4801 3087 4852 collo
3118 4811 3271 4852 tenus
3298 4798 3492 4851 inditus
3524 4796 3678 4850 undis

2303 4892 2598 4945 Marmoreo
2625 4892 2967 4952 Cuthbertus,
2999 4892 3107 4959 agit
3132 4890 3232 4943 sub
3253 4889 3493 4943 carmine
3524 4897 3753 4951 noctem,

2309 4985 2593 5052 Egreditur
2622 4993 2805 5053 ponto,
2839 4984 3163 5053 genibusque
3203 4984 3254 5036 in
3288 4983 3461 5035 littore
3488 4983 3628 5047 lixis,

2309 5077 2568 5143 Expandit
2596 5076 2834 5144 geminas
2866 5076 3087 5144 supplex
3114 5074 3179 5126 ad
3205 5073 3380 5127 sidera
3410 5076 3633 5138 palmas.

2305 5167 2439 5219 Tum
2473 5168 2632 5219 maris
2657 5182 2781 5221 ecce
2806 5168 2912 5220 duo
2939 5166 3156 5219 veniunt
3184 5166 3432 5217 animalia
3464 5164 3645 5227 tundo,

2305 5259 2449 5311 Vatis
2472 5270 2526 5313 et
2555 5271 2677 5312 ante
2702 5259 2861 5326 pedes
2893 5259 3031 5311 l'ulva
3065 5266 3371 5310 sternuntur
3396 5271 3553 5308 arena
3576 5270 3590 5307 :

2305 5352 2437 5406 llinc
2459 5352 2663 5421 gelidas
2691 5351 2715 5385 ά
2748 5353 2895 5416 villn,
2928 5353 3159 5420 tlatuqoe
3201 5349 3435 5403 l’oventia
3465 5348 3690 5417 plantas,

2371 5508 2395 5546 δ
2442 5510 2662 5575 Forsan,
2692 5518 2853 5563 artus.

2378 5592 2397 5619 ε
2441 5581 2576 5633 Bella
2609 5573 2974 5646 pronuntiasse
3023 5579 3228 5651 videtur
3259 5587 3439 5633 sterila:
3488 5573 3869 5651 probaturum,

2300 5666 2420 5755 euilu
2450 5644 2751 5772 :‘t’t'llgtsodum
2782 5668 2886 5719 quo
2911 5650 3123 5722 quidam
3158 5650 3351 5719 Spmtin
3404 5644 3497 5717 pro
3529 5644 3799 5716 Hispania.
