  <div class='ocr_page' id='page_1' title='image "/cluster/home/n/w/nwhite01/storage/ocr_20150623/94/umn.31951002477387e/296.png"; bbox 0 0 4238 6478; ppageno 0'>
   <div class='ocr_carea' id='block_1_1' title="bbox 395 399 492 454">
    <p class='ocr_par' dir='ltr' id='par_1_1' title="bbox 395 399 492 454">
     <span class='ocr_line' id='line_1_1' title="bbox 395 399 492 454; baseline -0.021 0"><span class='ocrx_word' id='word_1_1' title='bbox 395 399 492 454; x_wconf 57' lang='grc'><strong>5541</strong></span> 
     </span>
    </p>
   </div>
   <div class='ocr_carea' id='block_1_2' title="bbox 395 499 1761 580">
    <p class='ocr_par' dir='ltr' id='par_1_2' title="bbox 395 499 1761 580">
     <span class='ocr_line' id='line_1_2' title="bbox 395 499 1761 580; baseline -0.008 -16"><span class='ocrx_word' id='word_1_2' title='bbox 395 515 720 580; x_wconf 65' lang='lat' dir='ltr'><strong>Aiqnurenm</strong></span> <span class='ocrx_word' id='word_1_3' title='bbox 749 513 962 574; x_wconf 83' lang='lat' dir='ltr'><strong>tergunt</strong></span> <span class='ocrx_word' id='word_1_4' title='bbox 989 513 1172 557; x_wconf 82' lang='lat' dir='ltr'><strong>sancto</strong></span> <span class='ocrx_word' id='word_1_5' title='bbox 1203 502 1270 555; x_wconf 86' lang='lat' dir='ltr'><strong>de</strong></span> <span class='ocrx_word' id='word_1_6' title='bbox 1299 516 1525 568; x_wconf 89' lang='lat' dir='ltr'><strong>corpore</strong></span> <span class='ocrx_word' id='word_1_7' title='bbox 1557 499 1761 568; x_wconf 82' lang='lat' dir='ltr'><strong>frigus:</strong></span> 
     </span>
    </p>
   </div>
   <div class='ocr_carea' id='block_1_3' title="bbox 403 592 1630 672">
    <p class='ocr_par' dir='ltr' id='par_1_3' title="bbox 403 592 1630 672">
     <span class='ocr_line' id='line_1_3' title="bbox 403 592 1630 672; baseline -0.016 -12"><span class='ocrx_word' id='word_1_8' title='bbox 403 609 651 672; x_wconf 62' lang='lat' dir='ltr'><strong>Supplice</strong></span> <span class='ocrx_word' id='word_1_9' title='bbox 681 613 790 653; x_wconf 90' lang='lat' dir='ltr'><strong>tum</strong></span> <span class='ocrx_word' id='word_1_10' title='bbox 826 609 952 651; x_wconf 90' lang='lat' dir='ltr'><strong>nutu</strong></span> <span class='ocrx_word' id='word_1_11' title='bbox 982 611 1101 650; x_wconf 87' lang='lat' dir='ltr'><strong>sese</strong></span> <span class='ocrx_word' id='word_1_12' title='bbox 1131 592 1432 646; x_wconf 88' lang='lat' dir='ltr'><strong>benedicier</strong></span> <span class='ocrx_word' id='word_1_13' title='bbox 1457 599 1630 642; x_wconf 91' lang='lat' dir='ltr'><strong>orant.</strong></span> 
     </span>
    </p>
   </div>
   <div class='ocr_carea' id='block_1_4' title="bbox 408 681 1726 764">
    <p class='ocr_par' dir='ltr' id='par_1_4' title="bbox 408 681 1726 764">
     <span class='ocr_line' id='line_1_4' title="bbox 408 681 1726 764; baseline -0.012 -17"><span class='ocrx_word' id='word_1_14' title='bbox 408 699 505 764; x_wconf 78' lang='lat' dir='ltr'><strong>Qui</strong></span> <span class='ocrx_word' id='word_1_15' title='bbox 535 710 727 763; x_wconf 77' lang='lat' dir='ltr'><strong>parents</strong></span> <span class='ocrx_word' id='word_1_16' title='bbox 758 692 912 754; x_wconf 71' lang='lat' dir='ltr'><strong>vutis,</strong></span> <span class='ocrx_word' id='word_1_17' title='bbox 953 688 1116 741; x_wconf 87' lang='lat' dir='ltr'><strong>verbo</strong></span> <span class='ocrx_word' id='word_1_18' title='bbox 1142 687 1438 750; x_wconf 71' lang='lat' dir='ltr'><strong>dextraque</strong></span> <span class='ocrx_word' id='word_1_19' title='bbox 1470 681 1726 734; x_wconf 77' lang='lat' dir='ltr'><strong>ministris</strong></span> 
     </span>
    </p>
   </div>
   <div class='ocr_carea' id='block_1_5' title="bbox 403 772 1795 856">
    <p class='ocr_par' dir='ltr' id='par_1_5' title="bbox 403 772 1795 856">
     <span class='ocr_line' id='line_1_5' title="bbox 403 772 1795 856; baseline -0.018 -11"><span class='ocrx_word' id='word_1_20' title='bbox 403 787 662 856; x_wconf 88' lang='lat' dir='ltr'><strong>lmpendit</strong></span> <span class='ocrx_word' id='word_1_21' title='bbox 689 793 891 852; x_wconf 78' lang='lat' dir='ltr'><strong>grates,</strong></span> <span class='ocrx_word' id='word_1_22' title='bbox 920 781 1224 848; x_wconf 87' lang='lat' dir='ltr'><strong>patriasque</strong></span> <span class='ocrx_word' id='word_1_23' title='bbox 1250 776 1470 829; x_wconf 89' lang='lat' dir='ltr'><strong>remittit</strong></span> <span class='ocrx_word' id='word_1_24' title='bbox 1508 774 1572 826; x_wconf 87' lang='lat' dir='ltr'><strong>ad</strong></span> <span class='ocrx_word' id='word_1_25' title='bbox 1608 772 1795 836; x_wconf 76' lang='lat' dir='ltr'><strong>undas,</strong></span> 
     </span>
    </p>
   </div>
   <div class='ocr_carea' id='block_1_6' title="bbox 404 864 1516 932">
    <p class='ocr_par' dir='ltr' id='par_1_6' title="bbox 404 864 1516 932">
     <span class='ocr_line' id='line_1_6' title="bbox 404 864 1516 932; baseline -0.013 0"><span class='ocrx_word' id='word_1_26' title='bbox 404 884 475 932; x_wconf 77' lang='lat' dir='ltr'><strong>At-</strong></span> <span class='ocrx_word' id='word_1_27' title='bbox 507 876 762 929; x_wconf 83' lang='lat' dir='ltr'><strong>matutino</strong></span> <span class='ocrx_word' id='word_1_28' title='bbox 788 871 942 924; x_wconf 84' lang='lat' dir='ltr'><strong>tectis</strong></span> <span class='ocrx_word' id='word_1_29' title='bbox 969 884 1026 920; x_wconf 90' lang='lat' dir='ltr'><strong>se</strong></span> <span class='ocrx_word' id='word_1_30' title='bbox 1056 879 1294 930; x_wconf 86' lang='lat' dir='ltr'><strong>tempore</strong></span> <span class='ocrx_word' id='word_1_31' title='bbox 1322 864 1516 918; x_wconf 89' lang='lat' dir='ltr'><strong>reddit.</strong></span> 
     </span>
    </p>
   </div>
   <div class='ocr_carea' id='block_1_7' title="bbox 475 951 1833 1023">
    <p class='ocr_par' dir='ltr' id='par_1_7' title="bbox 475 951 1833 1023">
     <span class='ocr_line' id='line_1_7' title="bbox 475 951 1833 1023; baseline -0.014 -3"><span class='ocrx_word' id='word_1_32' title='bbox 475 968 598 1020; x_wconf 65' lang='lat' dir='ltr'><strong>lltee</strong></span> <span class='ocrx_word' id='word_1_33' title='bbox 629 975 808 1015; x_wconf 72' lang='lat' dir='ltr'><strong>coiues</strong></span> <span class='ocrx_word' id='word_1_34' title='bbox 841 967 898 1011; x_wconf 89' lang='lat' dir='ltr'><strong>ut</strong></span> <span class='ocrx_word' id='word_1_35' title='bbox 929 958 1079 1020; x_wconf 88' lang='lat' dir='ltr'><strong>vidit,</strong></span> <span class='ocrx_word' id='word_1_36' title='bbox 1113 955 1388 1023; x_wconf 89' lang='lat' dir='ltr'><strong>perculsus</strong></span> <span class='ocrx_word' id='word_1_37' title='bbox 1428 951 1588 1005; x_wconf 89' lang='lat' dir='ltr'><strong>corde</strong></span> <span class='ocrx_word' id='word_1_38' title='bbox 1621 964 1833 1018; x_wconf 80' lang='lat' dir='ltr'><strong>pavore,</strong></span> 
     </span>
    </p>
   </div>
   <div class='ocr_carea' id='block_1_8' title="bbox 404 1041 1816 1110">
    <p class='ocr_par' dir='ltr' id='par_1_8' title="bbox 404 1041 1816 1110">
     <span class='ocr_line' id='line_1_8' title="bbox 404 1041 1816 1110; baseline -0.014 0"><span class='ocrx_word' id='word_1_39' title='bbox 404 1057 442 1110; x_wconf 85' lang='lat' dir='ltr'>S</span> <span class='ocrx_word' id='word_1_40' title='bbox 479 1055 778 1108; x_wconf 88' lang='lat' dir='ltr'><strong>tnianimem</strong></span> <span class='ocrx_word' id='word_1_41' title='bbox 812 1062 972 1100; x_wconf 86' lang='lat' dir='ltr'><strong>curvo</strong></span> <span class='ocrx_word' id='word_1_42' title='bbox 1001 1048 1179 1097; x_wconf 83' lang='lat' dir='ltr'><strong>llatum</strong></span> <span class='ocrx_word' id='word_1_43' title='bbox 1213 1043 1373 1094; x_wconf 88' lang='lat' dir='ltr'><strong>trahit</strong></span> <span class='ocrx_word' id='word_1_44' title='bbox 1401 1041 1611 1093; x_wconf 87' lang='lat' dir='ltr'><strong>abditus</strong></span> <span class='ocrx_word' id='word_1_45' title='bbox 1639 1053 1816 1090; x_wconf 83' lang='lat' dir='ltr'><strong>antro.</strong></span> 
     </span>
    </p>
   </div>
   <div class='ocr_carea' id='block_1_9' title="bbox 407 1129 1762 1200">
    <p class='ocr_par' dir='ltr' id='par_1_9' title="bbox 407 1129 1762 1200">
     <span class='ocr_line' id='line_1_9' title="bbox 407 1129 1762 1200; baseline -0.015 0"><span class='ocrx_word' id='word_1_46' title='bbox 407 1149 476 1200; x_wconf 69' lang='lat' dir='ltr'><strong>At</strong></span> <span class='ocrx_word' id='word_1_47' title='bbox 503 1144 746 1198; x_wconf 85' lang='lat' dir='ltr'><strong>revoluta</strong></span> <span class='ocrx_word' id='word_1_48' title='bbox 774 1140 890 1192; x_wconf 90' lang='lat' dir='ltr'><strong>dies</strong></span> <span class='ocrx_word' id='word_1_49' title='bbox 921 1137 1092 1188; x_wconf 82' lang='lat' dir='ltr'><strong>not-tis</strong></span> <span class='ocrx_word' id='word_1_50' title='bbox 1121 1150 1240 1188; x_wconf 89' lang='lat' dir='ltr'><strong>cum</strong></span> <span class='ocrx_word' id='word_1_51' title='bbox 1277 1133 1494 1200; x_wconf 86' lang='lat' dir='ltr'><strong>pelleret</strong></span> <span class='ocrx_word' id='word_1_52' title='bbox 1527 1129 1762 1188; x_wconf 84' lang='lat' dir='ltr'><strong>umbras,</strong></span> 
     </span>
    </p>
   </div>
   <div class='ocr_carea' id='block_1_10' title="bbox 405 1223 1750 1303">
    <p class='ocr_par' dir='ltr' id='par_1_10' title="bbox 405 1223 1750 1303">
     <span class='ocr_line' id='line_1_10' title="bbox 405 1223 1750 1303; baseline -0.015 -13"><span class='ocrx_word' id='word_1_53' title='bbox 405 1234 576 1303; x_wconf 51' lang='lat' dir='ltr'><strong>{ager</strong></span> <span class='ocrx_word' id='word_1_54' title='bbox 608 1233 756 1283; x_wconf 88' lang='lat' dir='ltr'><strong>adest</strong></span> <span class='ocrx_word' id='word_1_55' title='bbox 783 1229 884 1279; x_wconf 81' lang='lat' dir='ltr'><strong>vati</strong></span> <span class='ocrx_word' id='word_1_56' title='bbox 913 1227 1159 1293; x_wconf 75' lang='lat' dir='ltr'><strong>supplex,</strong></span> <span class='ocrx_word' id='word_1_57' title='bbox 1188 1223 1514 1293; x_wconf 72' lang='lat' dir='ltr'><strong>genibusque</strong></span> <span class='ocrx_word' id='word_1_58' title='bbox 1543 1227 1750 1273; x_wconf 89' lang='lat' dir='ltr'><strong>volutus</strong></span> 
     </span>
    </p>
   </div>
   <div class='ocr_carea' id='block_1_11' title="bbox 412 1309 1804 1391">
    <p class='ocr_par' dir='ltr' id='par_1_11' title="bbox 412 1309 1804 1391">
     <span class='ocr_line' id='line_1_11' title="bbox 412 1309 1804 1391; baseline -0.011 -16"><span class='ocrx_word' id='word_1_59' title='bbox 412 1328 481 1378; x_wconf 81' lang='lat' dir='ltr'><strong>Se</strong></span> <span class='ocrx_word' id='word_1_60' title='bbox 515 1324 679 1391; x_wconf 76' lang='lat' dir='ltr'><strong>pascit</strong></span> <span class='ocrx_word' id='word_1_61' title='bbox 712 1318 936 1372; x_wconf 90' lang='lat' dir='ltr'><strong>Domino</strong></span> <span class='ocrx_word' id='word_1_62' title='bbox 970 1329 1128 1385; x_wconf 84' lang='lat' dir='ltr'><strong>prece</strong></span> <span class='ocrx_word' id='word_1_63' title='bbox 1160 1313 1539 1367; x_wconf 77' lang='lat' dir='ltr'><strong>Commendare</strong></span> <span class='ocrx_word' id='word_1_64' title='bbox 1572 1309 1804 1378; x_wconf 79' lang='lat' dir='ltr'><strong>profusa,</strong></span> 
     </span>
    </p>
   </div>
   <div class='ocr_carea' id='block_1_12' title="bbox 409 1404 1842 1474">
    <p class='ocr_par' dir='ltr' id='par_1_12' title="bbox 409 1404 1842 1474">
     <span class='ocr_line' id='line_1_12' title="bbox 409 1404 1842 1474; baseline -0.013 -4"><span class='ocrx_word' id='word_1_65' title='bbox 409 1414 653 1470; x_wconf 81' lang='lat' dir='ltr'><strong>luciderit</strong></span> <span class='ocrx_word' id='word_1_66' title='bbox 688 1422 930 1465; x_wconf 73' lang='lat' dir='ltr'><strong>lineatam</strong></span> <span class='ocrx_word' id='word_1_67' title='bbox 958 1408 1134 1461; x_wconf 85' lang='lat' dir='ltr'><strong>subito</strong></span> <span class='ocrx_word' id='word_1_68' title='bbox 1163 1406 1302 1474; x_wconf 85' lang='lat' dir='ltr'><strong>quod</strong></span> <span class='ocrx_word' id='word_1_69' title='bbox 1331 1404 1576 1473; x_wconf 83' lang='lat' dir='ltr'><strong>pondere</strong></span> <span class='ocrx_word' id='word_1_70' title='bbox 1609 1411 1842 1454; x_wconf 86' lang='lat' dir='ltr'><strong>noctem.</strong></span> 
     </span>
    </p>
   </div>
   <div class='ocr_carea' id='block_1_13' title="bbox 412 1493 1873 1567">
    <p class='ocr_par' dir='ltr' id='par_1_13' title="bbox 412 1493 1873 1567">
     <span class='ocr_line' id='line_1_13' title="bbox 412 1493 1873 1567; baseline -0.012 -6"><span class='ocrx_word' id='word_1_71' title='bbox 412 1511 543 1561; x_wconf 66' lang='lat' dir='ltr'><strong>Nunt</strong></span> <span class='ocrx_word' id='word_1_72' title='bbox 583 1515 818 1558; x_wconf 87' lang='lat' dir='ltr'><strong>nostrum</strong></span> <span class='ocrx_word' id='word_1_73' title='bbox 846 1516 874 1555; x_wconf 93' lang='lat' dir='ltr'><strong>e</strong></span> <span class='ocrx_word' id='word_1_74' title='bbox 902 1497 1153 1567; x_wconf 65' lang='lat' dir='ltr'><strong>speculis,</strong></span> <span class='ocrx_word' id='word_1_75' title='bbox 1183 1497 1333 1560; x_wconf 78' lang='lat' dir='ltr'><strong>dixit,</strong></span> <span class='ocrx_word' id='word_1_76' title='bbox 1363 1493 1615 1547; x_wconf 84' lang='lat' dir='ltr'><strong>tentando</strong></span> <span class='ocrx_word' id='word_1_77' title='bbox 1648 1494 1873 1545; x_wconf 89' lang='lat' dir='ltr'><strong>latenter</strong></span> 
     </span>
    </p>
   </div>
   <div class='ocr_carea' id='block_1_14' title="bbox 411 1585 1704 1651">
    <p class='ocr_par' dir='ltr' id='par_1_14' title="bbox 411 1585 1704 1651">
     <span class='ocr_line' id='line_1_14' title="bbox 411 1585 1704 1651; baseline -0.013 0"><span class='ocrx_word' id='word_1_78' title='bbox 411 1597 697 1651; x_wconf 70' lang='lat' dir='ltr'><strong>LtlSII&#39;llltaS</strong></span> <span class='ocrx_word' id='word_1_79' title='bbox 724 1591 915 1644; x_wconf 87' lang='lat' dir='ltr'><strong>itiner?</strong></span> <span class='ocrx_word' id='word_1_80' title='bbox 945 1589 1038 1644; x_wconf 88' lang='lat' dir='ltr'><strong>sed</strong></span> <span class='ocrx_word' id='word_1_81' title='bbox 1073 1603 1213 1640; x_wconf 90' lang='lat' dir='ltr'><strong>nunc</strong></span> <span class='ocrx_word' id='word_1_82' title='bbox 1239 1585 1528 1638; x_wconf 81' lang='lat' dir='ltr'><strong>donabitur</strong></span> <span class='ocrx_word' id='word_1_83' title='bbox 1557 1597 1704 1637; x_wconf 80' lang='lat' dir='ltr'><strong>error</strong></span> 
     </span>
    </p>
   </div>
   <div class='ocr_carea' id='block_1_15' title="bbox 409 1678 1691 1753">
    <p class='ocr_par' dir='ltr' id='par_1_15' title="bbox 409 1678 1691 1753">
     <span class='ocr_line' id='line_1_15' title="bbox 409 1678 1691 1753; baseline -0.012 -10"><span class='ocrx_word' id='word_1_84' title='bbox 409 1691 525 1744; x_wconf 78' lang='lat' dir='ltr'><strong>Jatu</strong></span> <span class='ocrx_word' id='word_1_85' title='bbox 561 1687 650 1740; x_wconf 92' lang='lat' dir='ltr'><strong>tibi</strong></span> <span class='ocrx_word' id='word_1_86' title='bbox 689 1683 948 1753; x_wconf 74' lang='lat' dir='ltr'><strong>poscenti,</strong></span> <span class='ocrx_word' id='word_1_87' title='bbox 980 1683 1175 1734; x_wconf 75' lang='lat' dir='ltr'><strong>retices</strong></span> <span class='ocrx_word' id='word_1_88' title='bbox 1204 1679 1245 1731; x_wconf 87' lang='lat' dir='ltr'><strong>si</strong></span> <span class='ocrx_word' id='word_1_89' title='bbox 1275 1678 1384 1729; x_wconf 88' lang='lat' dir='ltr'><strong>visa</strong></span> <span class='ocrx_word' id='word_1_90' title='bbox 1413 1690 1691 1744; x_wconf 81' lang='lat' dir='ltr'><strong>qu0u5qne</strong></span> 
     </span>
    </p>
   </div>
   <div class='ocr_carea' id='block_1_16' title="bbox 415 1763 1824 1838">
    <p class='ocr_par' dir='ltr' id='par_1_16' title="bbox 415 1763 1824 1838">
     <span class='ocr_line' id='line_1_16' title="bbox 415 1763 1824 1838; baseline -0.012 -5"><span class='ocrx_word' id='word_1_91' title='bbox 415 1780 679 1834; x_wconf 81' lang='lat' dir='ltr'><strong>Decedatn</strong></span> <span class='ocrx_word' id='word_1_92' title='bbox 713 1774 934 1828; x_wconf 89' lang='lat' dir='ltr'><strong>tuundo.</strong></span> <span class='ocrx_word' id='word_1_93' title='bbox 969 1771 1283 1838; x_wconf 82' lang='lat' dir='ltr'><strong>Snmmiqne</strong></span> <span class='ocrx_word' id='word_1_94' title='bbox 1312 1766 1552 1834; x_wconf 84' lang='lat' dir='ltr'><strong>exempla</strong></span> <span class='ocrx_word' id='word_1_95' title='bbox 1584 1763 1824 1833; x_wconf 81' lang='lat' dir='ltr'><strong>magistri</strong></span> 
     </span>
    </p>
   </div>
   <div class='ocr_carea' id='block_1_17' title="bbox 414 1859 1773 1938">
    <p class='ocr_par' dir='ltr' id='par_1_17' title="bbox 414 1859 1773 1938">
     <span class='ocr_line' id='line_1_17' title="bbox 414 1859 1773 1938; baseline -0.013 -14"><span class='ocrx_word' id='word_1_96' title='bbox 414 1872 756 1938; x_wconf 78' lang='lat' dir='ltr'><strong>Exsequitur,</strong></span> <span class='ocrx_word' id='word_1_97' title='bbox 789 1865 953 1918; x_wconf 85' lang='lat' dir='ltr'><strong>misso</strong></span> <span class='ocrx_word' id='word_1_98' title='bbox 987 1874 1250 1916; x_wconf 80' lang='lat' dir='ltr'><strong>renovatis</strong></span> <span class='ocrx_word' id='word_1_99' title='bbox 1274 1860 1362 1928; x_wconf 89' lang='lat' dir='ltr'><strong>qui</strong></span> <span class='ocrx_word' id='word_1_100' title='bbox 1402 1859 1603 1912; x_wconf 89' lang='lat' dir='ltr'><strong>lumine</strong></span> <span class='ocrx_word' id='word_1_101' title='bbox 1629 1870 1773 1910; x_wconf 75' lang='lat' dir='ltr'><strong>czeco</strong></span> 
     </span>
    </p>
   </div>
   <div class='ocr_carea' id='block_1_18' title="bbox 415 1952 1639 2028">
    <p class='ocr_par' dir='ltr' id='par_1_18' title="bbox 415 1952 1639 2028">
     <span class='ocr_line' id='line_1_18' title="bbox 415 1952 1639 2028; baseline -0.013 -10"><span class='ocrx_word' id='word_1_102' title='bbox 415 1961 656 2028; x_wconf 71' lang='lat' dir='ltr'><strong>Praecipit</strong></span> <span class='ocrx_word' id='word_1_103' title='bbox 687 1968 958 2012; x_wconf 82' lang='lat' dir='ltr'><strong>auctorem</strong></span> <span class='ocrx_word' id='word_1_104' title='bbox 991 1953 1199 2008; x_wconf 71' lang='lat' dir='ltr'><strong>reducis</strong></span> <span class='ocrx_word' id='word_1_105' title='bbox 1228 1953 1406 2007; x_wconf 90' lang='lat' dir='ltr'><strong>celare</strong></span> <span class='ocrx_word' id='word_1_106' title='bbox 1433 1952 1639 2005; x_wconf 89' lang='lat' dir='ltr'><strong>salutis.</strong></span> 
     </span>
    </p>
   </div>
   <div class='ocr_carea' id='block_1_19' title="bbox 413 2040 1888 2120">
    <p class='ocr_par' dir='ltr' id='par_1_19' title="bbox 413 2040 1888 2120">
     <span class='ocr_line' id='line_1_19' title="bbox 413 2040 1888 2120; baseline -0.011 -11"><span class='ocrx_word' id='word_1_107' title='bbox 413 2053 548 2109; x_wconf 82' lang='lat' dir='ltr'><strong>Tum</strong></span> <span class='ocrx_word' id='word_1_108' title='bbox 583 2066 736 2120; x_wconf 82' lang='lat' dir='ltr'><strong>prece</strong></span> <span class='ocrx_word' id='word_1_109' title='bbox 769 2050 1092 2117; x_wconf 79' lang='lat' dir='ltr'><strong>languorem“</strong></span> <span class='ocrx_word' id='word_1_110' title='bbox 1114 2046 1279 2113; x_wconf 81' lang='lat' dir='ltr'><strong>pellit,</strong></span> <span class='ocrx_word' id='word_1_111' title='bbox 1313 2045 1628 2112; x_wconf 74' lang='lat' dir='ltr'><strong>culpamque</strong></span> <span class='ocrx_word' id='word_1_112' title='bbox 1661 2040 1888 2095; x_wconf 83' lang='lat' dir='ltr'><strong>relaxat.</strong></span> 
     </span>
    </p>
   </div>
   <div class='ocr_carea' id='block_1_20' title="bbox 421 2133 1803 2216">
    <p class='ocr_par' dir='ltr' id='par_1_20' title="bbox 421 2133 1803 2216">
     <span class='ocr_line' id='line_1_20' title="bbox 421 2133 1803 2216; baseline -0.012 -17"><span class='ocrx_word' id='word_1_113' title='bbox 421 2138 586 2216; x_wconf 83' lang='lat' dir='ltr'><strong>Inque</strong></span> <span class='ocrx_word' id='word_1_114' title='bbox 613 2142 725 2196; x_wconf 86' lang='lat' dir='ltr'><strong>dies</strong></span> <span class='ocrx_word' id='word_1_115' title='bbox 758 2142 963 2195; x_wconf 83' lang='lat' dir='ltr'><strong>meritis</strong></span> <span class='ocrx_word' id='word_1_116' title='bbox 993 2137 1270 2192; x_wconf 90' lang='lat' dir='ltr'><strong>crescendi</strong></span> <span class='ocrx_word' id='word_1_117' title='bbox 1303 2149 1511 2188; x_wconf 90' lang='lat' dir='ltr'><strong>summa</strong></span> <span class='ocrx_word' id='word_1_118' title='bbox 1545 2133 1803 2186; x_wconf 82' lang='lat' dir='ltr'><strong>Tonantis</strong></span> 
     </span>
    </p>
   </div>
   <div class='ocr_carea' id='block_1_21' title="bbox 416 2223 1856 2294">
    <p class='ocr_par' dir='ltr' id='par_1_21' title="bbox 416 2223 1856 2294">
     <span class='ocr_line' id='line_1_21' title="bbox 416 2223 1856 2294; baseline -0.008 -9"><span class='ocrx_word' id='word_1_119' title='bbox 416 2234 596 2286; x_wconf 76' lang='lat' dir='ltr'><strong>Gratia</strong></span> <span class='ocrx_word' id='word_1_120' title='bbox 631 2233 778 2285; x_wconf 89' lang='lat' dir='ltr'><strong>testis</strong></span> <span class='ocrx_word' id='word_1_121' title='bbox 810 2230 957 2282; x_wconf 81' lang='lat' dir='ltr'><strong>adest</strong></span> <span class='ocrx_word' id='word_1_122' title='bbox 985 2245 996 2278; x_wconf 90' lang='lat'><strong>:</strong></span> <span class='ocrx_word' id='word_1_123' title='bbox 1033 2227 1270 2294; x_wconf 91' lang='lat' dir='ltr'><strong>pandunt</strong></span> <span class='ocrx_word' id='word_1_124' title='bbox 1299 2223 1554 2276; x_wconf 90' lang='lat' dir='ltr'><strong>miracula</strong></span> <span class='ocrx_word' id='word_1_125' title='bbox 1588 2233 1856 2284; x_wconf 87' lang='lat' dir='ltr'><strong>mentem;</strong></span> 
     </span>
    </p>
   </div>
   <div class='ocr_carea' id='block_1_22' title="bbox 416 2314 1788 2393">
    <p class='ocr_par' dir='ltr' id='par_1_22' title="bbox 416 2314 1788 2393">
     <span class='ocr_line' id='line_1_22' title="bbox 416 2314 1788 2393; baseline -0.009 -14"><span class='ocrx_word' id='word_1_126' title='bbox 416 2329 644 2393; x_wconf 71' lang='lat' dir='ltr'><strong>Jamque</strong></span> <span class='ocrx_word' id='word_1_127' title='bbox 676 2319 1003 2392; x_wconf 85' lang='lat' dir='ltr'><strong>prophetalis</strong></span> <span class='ocrx_word' id='word_1_128' title='bbox 1033 2317 1267 2373; x_wconf 90' lang='lat' dir='ltr'><strong>stellanti</strong></span> <span class='ocrx_word' id='word_1_129' title='bbox 1298 2331 1328 2370; x_wconf 90' lang='lat' dir='ltr'><strong>e</strong></span> <span class='ocrx_word' id='word_1_130' title='bbox 1358 2317 1589 2369; x_wconf 86' lang='lat' dir='ltr'><strong>culmine</strong></span> <span class='ocrx_word' id='word_1_131' title='bbox 1621 2314 1788 2367; x_wconf 89' lang='lat' dir='ltr'><strong>virtus</strong></span> 
     </span>
    </p>
   </div>
   <div class='ocr_carea' id='block_1_23' title="bbox 422 2405 1722 2480">
    <p class='ocr_par' dir='ltr' id='par_1_23' title="bbox 422 2405 1722 2480">
     <span class='ocr_line' id='line_1_23' title="bbox 422 2405 1722 2480; baseline -0.008 -12"><span class='ocrx_word' id='word_1_132' title='bbox 422 2416 656 2468; x_wconf 57' lang='lat' dir='ltr'><strong>Candida</strong></span> <span class='ocrx_word' id='word_1_133' title='bbox 689 2411 960 2480; x_wconf 66' lang='lat' dir='ltr'><strong>prwrtttilo</strong></span> <span class='ocrx_word' id='word_1_134' title='bbox 992 2409 1212 2464; x_wconf 89' lang='lat' dir='ltr'><strong>irradiat</strong></span> <span class='ocrx_word' id='word_1_135' title='bbox 1249 2407 1540 2476; x_wconf 68' lang='lat' dir='ltr'><strong>prazcordia</strong></span> <span class='ocrx_word' id='word_1_136' title='bbox 1573 2405 1722 2458; x_wconf 89' lang='lat' dir='ltr'><strong>tlatu.</strong></span> 
     </span>
    </p>
   </div>
   <div class='ocr_carea' id='block_1_24' title="bbox 419 2493 2006 2565">
    <p class='ocr_par' dir='ltr' id='par_1_24' title="bbox 419 2493 2006 2565">
     <span class='ocr_line' id='line_1_24' title="bbox 419 2493 2006 2565; baseline -0.011 -5"><span class='ocrx_word' id='word_1_137' title='bbox 419 2505 644 2560; x_wconf 68' lang='lat' dir='ltr'><strong>CAI’U&#39;I&#39;</strong></span> <span class='ocrx_word' id='word_1_138' title='bbox 685 2502 752 2555; x_wconf 75' lang='grc' dir='ltr'>Χ.</span> <span class='ocrx_word' id='word_1_139' title='bbox 787 2501 1051 2565; x_wconf 82' lang='lat' dir='ltr'><strong>Quomodo</strong></span> <span class='ocrx_word' id='word_1_140' title='bbox 1083 2500 1252 2550; x_wconf 83' lang='lat' dir='ltr'><strong>nautis</strong></span> <span class='ocrx_word' id='word_1_141' title='bbox 1297 2506 1589 2564; x_wconf 77' lang='lat' dir='ltr'><strong>tempestate</strong></span> <span class='ocrx_word' id='word_1_142' title='bbox 1630 2493 1897 2561; x_wconf 71' lang='lat' dir='ltr'><strong>pt‘wclusis</strong></span> <span class='ocrx_word' id='word_1_143' title='bbox 1927 2509 2006 2565; x_wconf 78' lang='lat' dir='ltr'><strong>se-</strong></span> 
     </span>
    </p>
   </div>
   <div class='ocr_carea' id='block_1_25' title="bbox 495 2563 2006 2637">
    <p class='ocr_par' dir='ltr' id='par_1_25' title="bbox 495 2563 2006 2637">
     <span class='ocr_line' id='line_1_25' title="bbox 495 2563 2006 2637; baseline -0.007 -10"><span class='ocrx_word' id='word_1_144' title='bbox 495 2592 671 2627; x_wconf 77' lang='lat' dir='ltr'><strong>renum</strong></span> <span class='ocrx_word' id='word_1_145' title='bbox 715 2563 853 2624; x_wconf 71' lang='lat' dir='ltr'><strong>mare</strong></span> <span class='ocrx_word' id='word_1_146' title='bbox 887 2573 954 2622; x_wconf 85' lang='lat' dir='ltr'><strong>ad</strong></span> <span class='ocrx_word' id='word_1_147' title='bbox 992 2579 1179 2623; x_wconf 87' lang='lat' dir='ltr'><strong>certum</strong></span> <span class='ocrx_word' id='word_1_148' title='bbox 1217 2569 1350 2620; x_wconf 81' lang='lat' dir='ltr'><strong>diem</strong></span> <span class='ocrx_word' id='word_1_149' title='bbox 1390 2563 1704 2637; x_wconf 68' lang='lat' dir='ltr'><strong>prwaixerit,</strong></span> <span class='ocrx_word' id='word_1_150' title='bbox 1731 2575 1778 2618; x_wconf 86' lang='lat' dir='ltr'><strong>et</strong></span> <span class='ocrx_word' id='word_1_151' title='bbox 1811 2563 2006 2616; x_wconf 86' lang='lat' dir='ltr'><strong>orando</strong></span> 
     </span>
    </p>
   </div>
   <div class='ocr_carea' id='block_1_26' title="bbox 498 2642 1024 2713">
    <p class='ocr_par' dir='ltr' id='par_1_26' title="bbox 498 2642 1024 2713">
     <span class='ocr_line' id='line_1_26' title="bbox 498 2642 1024 2713; baseline -0.011 -15"><span class='ocrx_word' id='word_1_152' title='bbox 498 2649 634 2698; x_wconf 79' lang='lat' dir='ltr'><strong>cibos</strong></span> <span class='ocrx_word' id='word_1_153' title='bbox 662 2642 1024 2713; x_wconf 78' lang='lat' dir='ltr'><strong>impetraverit.</strong></span> 
     </span>
    </p>
   </div>
   <div class='ocr_carea' id='block_1_27' title="bbox 498 2728 1718 2801">
    <p class='ocr_par' dir='ltr' id='par_1_27' title="bbox 498 2728 1718 2801">
     <span class='ocr_line' id='line_1_27' title="bbox 498 2728 1718 2801; baseline -0.009 -11"><span class='ocrx_word' id='word_1_154' title='bbox 498 2740 765 2791; x_wconf 84' lang='lat' dir='ltr'><strong>l‘ictorum</strong></span> <span class='ocrx_word' id='word_1_155' title='bbox 791 2737 993 2788; x_wconf 84' lang='lat' dir='ltr'><strong>interea</strong></span> <span class='ocrx_word' id='word_1_156' title='bbox 1023 2731 1183 2801; x_wconf 84' lang='lat' dir='ltr'><strong>puppi</strong></span> <span class='ocrx_word' id='word_1_157' title='bbox 1213 2729 1451 2784; x_wconf 89' lang='lat' dir='ltr'><strong>defertur</strong></span> <span class='ocrx_word' id='word_1_158' title='bbox 1481 2728 1546 2782; x_wconf 89' lang='lat' dir='ltr'><strong>ad</strong></span> <span class='ocrx_word' id='word_1_159' title='bbox 1575 2741 1718 2790; x_wconf 87' lang='lat' dir='ltr'><strong>oras,</strong></span> 
     </span>
    </p>
   </div>
   <div class='ocr_carea' id='block_1_28' title="bbox 425 2815 2004 2894">
    <p class='ocr_par' dir='ltr' id='par_1_28' title="bbox 425 2815 2004 2894">
     <span class='ocr_line' id='line_1_28' title="bbox 425 2815 2004 2894; baseline -0.008 -12"><span class='ocrx_word' id='word_1_160' title='bbox 425 2829 530 2882; x_wconf 84' lang='lat' dir='ltr'><strong>Sed</strong></span> <span class='ocrx_word' id='word_1_161' title='bbox 562 2828 808 2881; x_wconf 81' lang='lat' dir='ltr'><strong>reducem</strong></span> <span class='ocrx_word' id='word_1_162' title='bbox 841 2824 1010 2894; x_wconf 83' lang='lat' dir='ltr'><strong>rigido</strong></span> <span class='ocrx_word' id='word_1_163' title='bbox 1053 2823 1262 2876; x_wconf 90' lang='lat' dir='ltr'><strong>tardant</strong></span> <span class='ocrx_word' id='word_1_164' title='bbox 1295 2820 1427 2874; x_wconf 88' lang='lat' dir='ltr'><strong>freta</strong></span> <span class='ocrx_word' id='word_1_165' title='bbox 1473 2819 1654 2872; x_wconf 87' lang='lat' dir='ltr'><strong>clausa</strong></span> <span class='ocrx_word' id='word_1_166' title='bbox 1687 2815 2004 2871; x_wconf 88' lang='lat' dir='ltr'><strong>Decembre.</strong></span> 
     </span>
    </p>
   </div>
   <div class='ocr_carea' id='block_1_29' title="bbox 426 2909 2010 2988">
    <p class='ocr_par' dir='ltr' id='par_1_29' title="bbox 426 2909 2010 2988">
     <span class='ocr_line' id='line_1_29' title="bbox 426 2909 2010 2988; baseline -0.006 -18"><span class='ocrx_word' id='word_1_167' title='bbox 426 2923 664 2988; x_wconf 74' lang='lat' dir='ltr'><strong>tlumque</strong></span> <span class='ocrx_word' id='word_1_168' title='bbox 692 2921 879 2982; x_wconf 87' lang='lat' dir='ltr'><strong>fames,</strong></span> <span class='ocrx_word' id='word_1_169' title='bbox 906 2918 1198 2984; x_wconf 82' lang='lat' dir='ltr'><strong>frigusque,</strong></span> <span class='ocrx_word' id='word_1_170' title='bbox 1229 2913 1501 2981; x_wconf 88' lang='lat' dir='ltr'><strong>marisque</strong></span> <span class='ocrx_word' id='word_1_171' title='bbox 1532 2911 1730 2980; x_wconf 85' lang='lat' dir='ltr'><strong>pericla</strong></span> <span class='ocrx_word' id='word_1_172' title='bbox 1763 2909 2010 2972; x_wconf 67' lang='lat' dir='ltr'><strong>furentis,</strong></span> 
     </span>
    </p>
   </div>
   <div class='ocr_carea' id='block_1_30' title="bbox 427 3003 1999 3072">
    <p class='ocr_par' dir='ltr' id='par_1_30' title="bbox 427 3003 1999 3072">
     <span class='ocr_line' id='line_1_30' title="bbox 427 3003 1999 3072; baseline -0.007 -8"><span class='ocrx_word' id='word_1_173' title='bbox 427 3012 618 3065; x_wconf 63' lang='lat' dir='ltr'><strong>Nubila</strong></span> <span class='ocrx_word' id='word_1_174' title='bbox 647 3025 768 3063; x_wconf 89' lang='lat' dir='ltr'><strong>cum</strong></span> <span class='ocrx_word' id='word_1_175' title='bbox 811 3010 1059 3072; x_wconf 74' lang='lat' dir='ltr'><strong>tonitrus,</strong></span> <span class='ocrx_word' id='word_1_176' title='bbox 1091 3020 1213 3059; x_wconf 89' lang='lat' dir='ltr'><strong>cum</strong></span> <span class='ocrx_word' id='word_1_177' title='bbox 1243 3004 1468 3072; x_wconf 85' lang='lat' dir='ltr'><strong>grando,</strong></span> <span class='ocrx_word' id='word_1_178' title='bbox 1499 3003 1710 3070; x_wconf 86' lang='lat' dir='ltr'><strong>polique</strong></span> <span class='ocrx_word' id='word_1_179' title='bbox 1740 3003 1999 3054; x_wconf 87' lang='lat' dir='ltr'><strong>micantes</strong></span> 
     </span>
    </p>
   </div>
   <div class='ocr_carea' id='block_1_31' title="bbox 430 3094 1817 3166">
    <p class='ocr_par' dir='ltr' id='par_1_31' title="bbox 430 3094 1817 3166">
     <span class='ocr_line' id='line_1_31' title="bbox 430 3094 1817 3166; baseline -0.01 -12"><span class='ocrx_word' id='word_1_180' title='bbox 430 3105 668 3154; x_wconf 63' lang='lat' dir='ltr'><strong>lixternu</strong></span> <span class='ocrx_word' id='word_1_181' title='bbox 701 3097 934 3166; x_wconf 54' lang='lat' dir='ltr'><strong>trepidos</strong></span> <span class='ocrx_word' id='word_1_182' title='bbox 966 3103 1246 3164; x_wconf 86' lang='lat' dir='ltr'><strong>quaterent</strong></span> <span class='ocrx_word' id='word_1_183' title='bbox 1276 3095 1374 3146; x_wconf 86' lang='lat' dir='ltr'><strong>sub</strong></span> <span class='ocrx_word' id='word_1_184' title='bbox 1407 3094 1582 3145; x_wconf 87' lang='lat' dir='ltr'><strong>littore</strong></span> <span class='ocrx_word' id='word_1_185' title='bbox 1609 3102 1817 3156; x_wconf 91' lang='lat' dir='ltr'><strong>nautas,</strong></span> 
     </span>
    </p>
   </div>
   <div class='ocr_carea' id='block_1_32' title="bbox 504 3180 1836 3250">
    <p class='ocr_par' dir='ltr' id='par_1_32' title="bbox 504 3180 1836 3250">
     <span class='ocr_line' id='line_1_32' title="bbox 504 3180 1836 3250; baseline -0.005 -12"><span class='ocrx_word' id='word_1_186' title='bbox 504 3189 730 3240; x_wconf 67' lang='lat' dir='ltr'><strong>Venerat</strong></span> <span class='ocrx_word' id='word_1_187' title='bbox 760 3193 895 3238; x_wconf 90' lang='lat' dir='ltr'><strong>alma</strong></span> <span class='ocrx_word' id='word_1_188' title='bbox 923 3186 1063 3248; x_wconf 90' lang='lat' dir='ltr'><strong>dies,</strong></span> <span class='ocrx_word' id='word_1_189' title='bbox 1097 3195 1251 3236; x_wconf 89' lang='lat' dir='ltr'><strong>natus</strong></span> <span class='ocrx_word' id='word_1_190' title='bbox 1280 3198 1380 3250; x_wconf 87' lang='lat' dir='ltr'><strong>qua</strong></span> <span class='ocrx_word' id='word_1_191' title='bbox 1413 3197 1638 3249; x_wconf 89' lang='lat' dir='ltr'><strong>corpore</strong></span> <span class='ocrx_word' id='word_1_192' title='bbox 1668 3180 1836 3244; x_wconf 78' lang='lat' dir='ltr'><strong>signis</strong></span> 
     </span>
    </p>
   </div>
   <div class='ocr_carea' id='block_1_33' title="bbox 433 3274 1595 3342">
    <p class='ocr_par' dir='ltr' id='par_1_33' title="bbox 433 3274 1595 3342">
     <span class='ocr_line' id='line_1_33' title="bbox 433 3274 1595 3342; baseline -0.006 -12"><span class='ocrx_word' id='word_1_193' title='bbox 433 3281 636 3332; x_wconf 72' lang='lat' dir='ltr'><strong>Euituit</strong></span> <span class='ocrx_word' id='word_1_194' title='bbox 665 3278 912 3332; x_wconf 84' lang='lat' dir='ltr'><strong>Christus</strong></span> <span class='ocrx_word' id='word_1_195' title='bbox 933 3279 1192 3330; x_wconf 65' lang='lat' dir='ltr'><strong>caelorum</strong></span> <span class='ocrx_word' id='word_1_196' title='bbox 1223 3274 1387 3342; x_wconf 81' lang='lat' dir='ltr'><strong>gloria</strong></span> <span class='ocrx_word' id='word_1_197' title='bbox 1417 3274 1595 3326; x_wconf 89' lang='lat' dir='ltr'><strong>terris.</strong></span> 
     </span>
    </p>
   </div>
   <div class='ocr_carea' id='block_1_34' title="bbox 427 3363 1867 3438">
    <p class='ocr_par' dir='ltr' id='par_1_34' title="bbox 427 3363 1867 3438">
     <span class='ocr_line' id='line_1_34' title="bbox 427 3363 1867 3438; baseline -0.007 -16"><span class='ocrx_word' id='word_1_198' title='bbox 427 3365 538 3432; x_wconf 81' lang='lat' dir='ltr'><strong>tlte,</strong></span> <span class='ocrx_word' id='word_1_199' title='bbox 574 3381 626 3423; x_wconf 89' lang='grc' dir='ltr'><strong>ιιι</strong></span> <span class='ocrx_word' id='word_1_200' title='bbox 658 3379 773 3423; x_wconf 83' lang='lat' dir='ltr'><strong>erat</strong></span> <span class='ocrx_word' id='word_1_201' title='bbox 802 3367 1045 3438; x_wconf 89' lang='lat' dir='ltr'><strong>placidus</strong></span> <span class='ocrx_word' id='word_1_202' title='bbox 1068 3411 1083 3433; x_wconf 92' lang='lat'><strong>,</strong></span> <span class='ocrx_word' id='word_1_203' title='bbox 1113 3367 1306 3418; x_wconf 86' lang='lat' dir='ltr'><strong>blando</strong></span> <span class='ocrx_word' id='word_1_204' title='bbox 1333 3365 1410 3417; x_wconf 85' lang='lat' dir='ltr'><strong>sic</strong></span> <span class='ocrx_word' id='word_1_205' title='bbox 1442 3372 1656 3431; x_wconf 86' lang='lat' dir='ltr'><strong>pectore</strong></span> <span class='ocrx_word' id='word_1_206' title='bbox 1690 3363 1826 3413; x_wconf 86' lang='lat' dir='ltr'><strong>fatur</strong></span> <span class='ocrx_word' id='word_1_207' title='bbox 1856 3379 1867 3412; x_wconf 88' lang='lat'><strong>:</strong></span> 
     </span>
    </p>
   </div>
   <div class='ocr_carea' id='block_1_35' title="bbox 493 3454 1918 3530">
    <p class='ocr_par' dir='ltr' id='par_1_35' title="bbox 493 3454 1918 3530">
     <span class='ocr_line' id='line_1_35' title="bbox 493 3454 1918 3530; baseline -0.007 -18"><span class='ocrx_word' id='word_1_208' title='bbox 493 3463 654 3527; x_wconf 74' lang='lat' dir='ltr'><strong>Quid,</strong></span> <span class='ocrx_word' id='word_1_209' title='bbox 688 3475 837 3530; x_wconf 82' lang='lat' dir='ltr'><strong>rugo,</strong></span> <span class='ocrx_word' id='word_1_210' title='bbox 865 3471 1008 3512; x_wconf 79' lang='lat' dir='ltr'><strong>tanta</strong></span> <span class='ocrx_word' id='word_1_211' title='bbox 1042 3466 1185 3510; x_wconf 86' lang='lat' dir='ltr'><strong>tenet</strong></span> <span class='ocrx_word' id='word_1_212' title='bbox 1218 3467 1428 3509; x_wconf 89' lang='lat' dir='ltr'><strong>nostras</strong></span> <span class='ocrx_word' id='word_1_213' title='bbox 1458 3454 1664 3522; x_wconf 89' lang='lat' dir='ltr'><strong>ignavia</strong></span> <span class='ocrx_word' id='word_1_214' title='bbox 1693 3466 1918 3517; x_wconf 84' lang='lat' dir='ltr'><strong>mentes,</strong></span> 
     </span>
    </p>
   </div>
   <div class='ocr_carea' id='block_1_36' title="bbox 434 3545 1724 3622">
    <p class='ocr_par' dir='ltr' id='par_1_36' title="bbox 434 3545 1724 3622">
     <span class='ocr_line' id='line_1_36' title="bbox 434 3545 1724 3622; baseline -0.009 -15"><span class='ocrx_word' id='word_1_215' title='bbox 434 3555 560 3607; x_wconf 84' lang='lat' dir='ltr'><strong>&#39;I‘am</strong></span> <span class='ocrx_word' id='word_1_216' title='bbox 590 3556 700 3607; x_wconf 87' lang='lat' dir='ltr'><strong>fera</strong></span> <span class='ocrx_word' id='word_1_217' title='bbox 724 3554 850 3622; x_wconf 90' lang='lat' dir='ltr'><strong>quin</strong></span> <span class='ocrx_word' id='word_1_218' title='bbox 882 3553 986 3605; x_wconf 91' lang='lat' dir='ltr'><strong>ullo</strong></span> <span class='ocrx_word' id='word_1_219' title='bbox 1009 3550 1314 3604; x_wconf 87' lang='lat' dir='ltr'><strong>scindatnus</strong></span> <span class='ocrx_word' id='word_1_220' title='bbox 1338 3546 1543 3600; x_wconf 79' lang='lat' dir='ltr'><strong>vincula</strong></span> <span class='ocrx_word' id='word_1_221' title='bbox 1571 3545 1724 3598; x_wconf 81' lang='lat' dir='ltr'><strong>nisu?</strong></span> 
     </span>
    </p>
   </div>
   <div class='ocr_carea' id='block_1_37' title="bbox 431 3641 1765 3716">
    <p class='ocr_par' dir='ltr' id='par_1_37' title="bbox 431 3641 1765 3716">
     <span class='ocr_line' id='line_1_37' title="bbox 431 3641 1765 3716; baseline -0.005 -17"><span class='ocrx_word' id='word_1_222' title='bbox 431 3649 661 3702; x_wconf 56' lang='lat' dir='ltr'><strong>cernit-is</strong></span> <span class='ocrx_word' id='word_1_223' title='bbox 703 3661 953 3716; x_wconf 61' lang='lat' dir='ltr'><strong>avquoreo</strong></span> <span class='ocrx_word' id='word_1_224' title='bbox 987 3655 1238 3699; x_wconf 71' lang='lat' dir='ltr'><strong>canescat</strong></span> <span class='ocrx_word' id='word_1_225' title='bbox 1265 3652 1322 3695; x_wconf 91' lang='lat' dir='ltr'><strong>ut</strong></span> <span class='ocrx_word' id='word_1_226' title='bbox 1351 3655 1542 3712; x_wconf 82' lang='lat' dir='ltr'><strong>aggere</strong></span> <span class='ocrx_word' id='word_1_227' title='bbox 1572 3641 1728 3694; x_wconf 88' lang='lat' dir='ltr'><strong>tellus</strong></span> <span class='ocrx_word' id='word_1_228' title='bbox 1749 3680 1765 3704; x_wconf 95' lang='lat'><strong>,</strong></span> 
     </span>
    </p>
   </div>
   <div class='ocr_carea' id='block_1_38' title="bbox 435 3722 2018 3809">
    <p class='ocr_par' dir='ltr' id='par_1_38' title="bbox 435 3722 2018 3809">
     <span class='ocr_line' id='line_1_38' title="bbox 435 3722 2018 3809; baseline -0.007 -16"><span class='ocrx_word' id='word_1_229' title='bbox 435 3746 541 3794; x_wconf 84' lang='lat' dir='ltr'><strong>Aer</strong></span> <span class='ocrx_word' id='word_1_230' title='bbox 567 3755 729 3809; x_wconf 86' lang='lat' dir='ltr'><strong>aquas</strong></span> <span class='ocrx_word' id='word_1_231' title='bbox 762 3722 962 3802; x_wconf 84' lang='lat' dir='ltr'><strong>manat,</strong></span> <span class='ocrx_word' id='word_1_232' title='bbox 994 3739 1193 3807; x_wconf 83' lang='lat' dir='ltr'><strong>glacies</strong></span> <span class='ocrx_word' id='word_1_233' title='bbox 1223 3750 1392 3799; x_wconf 88' lang='lat' dir='ltr'><strong>mare,</strong></span> <span class='ocrx_word' id='word_1_234' title='bbox 1423 3749 1526 3787; x_wconf 85' lang='lat' dir='ltr'><strong>nox</strong></span> <span class='ocrx_word' id='word_1_235' title='bbox 1575 3734 1702 3802; x_wconf 83' lang='lat' dir='ltr'><strong>tegit</strong></span> <span class='ocrx_word' id='word_1_236' title='bbox 1753 3731 1972 3784; x_wconf 64' lang='lat' dir='ltr'><strong>aitliram</strong></span> <span class='ocrx_word' id='word_1_237' title='bbox 2005 3748 2018 3795; x_wconf 87' lang='lat'>;</span> 
     </span>
    </p>
   </div>
   <div class='ocr_carea' id='block_1_39' title="bbox 435 3829 2016 3898">
    <p class='ocr_par' dir='ltr' id='par_1_39' title="bbox 435 3829 2016 3898">
     <span class='ocr_line' id='line_1_39' title="bbox 435 3829 2016 3898; baseline -0.003 -13"><span class='ocrx_word' id='word_1_238' title='bbox 435 3837 608 3890; x_wconf 68' lang='lat' dir='ltr'><strong>Corda</strong></span> <span class='ocrx_word' id='word_1_239' title='bbox 649 3837 787 3889; x_wconf 89' lang='lat' dir='ltr'><strong>fame</strong></span> <span class='ocrx_word' id='word_1_240' title='bbox 819 3834 1000 3888; x_wconf 86' lang='lat' dir='ltr'><strong>tabent</strong></span> <span class='ocrx_word' id='word_1_241' title='bbox 1024 3873 1038 3897; x_wconf 95' lang='lat'><strong>,</strong></span> <span class='ocrx_word' id='word_1_242' title='bbox 1075 3833 1458 3898; x_wconf 86' lang='lat' dir='ltr'><strong>hominumque</strong></span> <span class='ocrx_word' id='word_1_243' title='bbox 1483 3829 1759 3898; x_wconf 88' lang='lat' dir='ltr'><strong>jnvamina</strong></span> <span class='ocrx_word' id='word_1_244' title='bbox 1805 3830 2016 3881; x_wconf 81' lang='lat' dir='ltr'><strong>desunt.</strong></span> 
     </span>
    </p>
   </div>
   <div class='ocr_carea' id='block_1_40' title="bbox 438 3921 1751 3998">
    <p class='ocr_par' dir='ltr' id='par_1_40' title="bbox 438 3921 1751 3998">
     <span class='ocr_line' id='line_1_40' title="bbox 438 3921 1751 3998; baseline -0.008 -17"><span class='ocrx_word' id='word_1_245' title='bbox 438 3931 576 3998; x_wconf 75' lang='lat' dir='ltr'><strong>Ergo</strong></span> <span class='ocrx_word' id='word_1_246' title='bbox 611 3930 773 3982; x_wconf 89' lang='lat' dir='ltr'><strong>Deum</strong></span> <span class='ocrx_word' id='word_1_247' title='bbox 806 3935 976 3981; x_wconf 85' lang='lat' dir='ltr'><strong>restat</strong></span> <span class='ocrx_word' id='word_1_248' title='bbox 1008 3926 1255 3993; x_wconf 89' lang='lat' dir='ltr'><strong>precibus</strong></span> <span class='ocrx_word' id='word_1_249' title='bbox 1287 3925 1498 3992; x_wconf 73' lang='lat' dir='ltr'><strong>pulsare</strong></span> <span class='ocrx_word' id='word_1_250' title='bbox 1528 3921 1751 3987; x_wconf 80' lang='lat' dir='ltr'><strong>supinis,</strong></span> 
     </span>
    </p>
   </div>
   <div class='ocr_carea' id='block_1_41' title="bbox 441 4011 1845 4089">
    <p class='ocr_par' dir='ltr' id='par_1_41' title="bbox 441 4011 1845 4089">
     <span class='ocr_line' id='line_1_41' title="bbox 441 4011 1845 4089; baseline -0.007 -15"><span class='ocrx_word' id='word_1_251' title='bbox 441 4025 618 4076; x_wconf 77' lang='lat' dir='ltr'><strong>llubra</strong></span> <span class='ocrx_word' id='word_1_252' title='bbox 663 4025 776 4075; x_wconf 87' lang='lat' dir='ltr'><strong>suis</strong></span> <span class='ocrx_word' id='word_1_253' title='bbox 807 4021 1074 4089; x_wconf 87' lang='lat' dir='ltr'><strong>quondam</strong></span> <span class='ocrx_word' id='word_1_254' title='bbox 1107 4018 1278 4084; x_wconf 79' lang='lat' dir='ltr'><strong>pelagi</strong></span> <span class='ocrx_word' id='word_1_255' title='bbox 1309 4015 1398 4084; x_wconf 90' lang='lat' dir='ltr'><strong>qui</strong></span> <span class='ocrx_word' id='word_1_256' title='bbox 1432 4015 1610 4066; x_wconf 87' lang='lat' dir='ltr'><strong>limina</strong></span> <span class='ocrx_word' id='word_1_257' title='bbox 1646 4011 1845 4079; x_wconf 87' lang='lat' dir='ltr'><strong>pandit,</strong></span> 
     </span>
    </p>
   </div>
   <div class='ocr_carea' id='block_1_42' title="bbox 441 4103 1844 4177">
    <p class='ocr_par' dir='ltr' id='par_1_42' title="bbox 441 4103 1844 4177">
     <span class='ocr_line' id='line_1_42' title="bbox 441 4103 1844 4177; baseline -0.011 -10"><span class='ocrx_word' id='word_1_258' title='bbox 441 4114 590 4167; x_wconf 83' lang='lat' dir='ltr'><strong>Nube</strong></span> <span class='ocrx_word' id='word_1_259' title='bbox 613 4115 853 4177; x_wconf 87' lang='lat' dir='ltr'><strong>domum,</strong></span> <span class='ocrx_word' id='word_1_260' title='bbox 887 4110 1067 4163; x_wconf 84' lang='lat' dir='ltr'><strong>nimbo</strong></span> <span class='ocrx_word' id='word_1_261' title='bbox 1099 4125 1286 4176; x_wconf 87' lang='lat' dir='ltr'><strong>pauent</strong></span> <span class='ocrx_word' id='word_1_262' title='bbox 1319 4109 1426 4165; x_wconf 90' lang='lat' dir='ltr'><strong>dat,</strong></span> <span class='ocrx_word' id='word_1_263' title='bbox 1463 4103 1652 4173; x_wconf 88' lang='lat' dir='ltr'><strong>pocula</strong></span> <span class='ocrx_word' id='word_1_264' title='bbox 1678 4118 1844 4164; x_wconf 84' lang='lat' dir='ltr'><strong>saxo,</strong></span> 
     </span>
    </p>
   </div>
   <div class='ocr_carea' id='block_1_43' title="bbox 443 4193 1952 4256">
    <p class='ocr_par' dir='ltr' id='par_1_43' title="bbox 443 4193 1952 4256">
     <span class='ocr_line' id='line_1_43' title="bbox 443 4193 1952 4256; baseline -0.008 -2"><span class='ocrx_word' id='word_1_265' title='bbox 443 4203 622 4256; x_wconf 75' lang='lat' dir='ltr'><strong>Noctis</strong></span> <span class='ocrx_word' id='word_1_266' title='bbox 653 4211 709 4256; x_wconf 79' lang='lat' dir='ltr'><strong>et</strong></span> <span class='ocrx_word' id='word_1_267' title='bbox 736 4201 1032 4254; x_wconf 55' lang='lat' dir='ltr'><strong>liorrtl’eras</strong></span> <span class='ocrx_word' id='word_1_268' title='bbox 1060 4199 1272 4251; x_wconf 84' lang='lat' dir='ltr'><strong>llamtna</strong></span> <span class='ocrx_word' id='word_1_269' title='bbox 1304 4197 1438 4250; x_wconf 78' lang='lat' dir='ltr'><strong>duce</strong></span> <span class='ocrx_word' id='word_1_270' title='bbox 1467 4193 1683 4248; x_wconf 86' lang='lat' dir='ltr'><strong>discutit</strong></span> <span class='ocrx_word' id='word_1_271' title='bbox 1717 4194 1952 4246; x_wconf 85' lang='lat' dir='ltr'><strong>umbras.</strong></span> 
     </span>
    </p>
   </div>
   <div class='ocr_carea' id='block_1_44' title="bbox 441 4285 1708 4360">
    <p class='ocr_par' dir='ltr' id='par_1_44' title="bbox 441 4285 1708 4360">
     <span class='ocr_line' id='line_1_44' title="bbox 441 4285 1708 4360; baseline -0.008 -11"><span class='ocrx_word' id='word_1_272' title='bbox 441 4298 612 4349; x_wconf 79' lang='lat' dir='ltr'><strong>Tanta</strong></span> <span class='ocrx_word' id='word_1_273' title='bbox 639 4294 750 4346; x_wconf 87' lang='lat' dir='ltr'><strong>dies</strong></span> <span class='ocrx_word' id='word_1_274' title='bbox 784 4307 1017 4360; x_wconf 62' lang='lat' dir='ltr'><strong>praisens</strong></span> <span class='ocrx_word' id='word_1_275' title='bbox 1043 4290 1192 4357; x_wconf 80' lang='lat' dir='ltr'><strong>cujus</strong></span> <span class='ocrx_word' id='word_1_276' title='bbox 1227 4289 1292 4342; x_wconf 89' lang='lat' dir='ltr'><strong>de</strong></span> <span class='ocrx_word' id='word_1_277' title='bbox 1317 4301 1538 4340; x_wconf 75' lang='lat' dir='ltr'><strong>uulnere</strong></span> <span class='ocrx_word' id='word_1_278' title='bbox 1567 4285 1708 4339; x_wconf 92' lang='lat' dir='ltr'><strong>dono</strong></span> 
     </span>
    </p>
   </div>
   <div class='ocr_carea' id='block_1_45' title="bbox 447 4379 1793 4451">
    <p class='ocr_par' dir='ltr' id='par_1_45' title="bbox 447 4379 1793 4451">
     <span class='ocr_line' id='line_1_45' title="bbox 447 4379 1793 4451; baseline -0.009 -11"><span class='ocrx_word' id='word_1_279' title='bbox 447 4384 770 4448; x_wconf 83' lang='lat' dir='ltr'><strong>l’rotneruit,</strong></span> <span class='ocrx_word' id='word_1_280' title='bbox 800 4393 1054 4451; x_wconf 85' lang='lat' dir='ltr'><strong>quaterna</strong></span> <span class='ocrx_word' id='word_1_281' title='bbox 1089 4383 1224 4449; x_wconf 86' lang='lat' dir='ltr'><strong>magi</strong></span> <span class='ocrx_word' id='word_1_282' title='bbox 1261 4381 1510 4432; x_wconf 88' lang='lat' dir='ltr'><strong>thesanra</strong></span> <span class='ocrx_word' id='word_1_283' title='bbox 1540 4379 1793 4438; x_wconf 89' lang='lat' dir='ltr'><strong>ferentes,</strong></span> 
     </span>
    </p>
   </div>
   <div class='ocr_carea' id='block_1_46' title="bbox 448 4475 2026 4546">
    <p class='ocr_par' dir='ltr' id='par_1_46' title="bbox 448 4475 2026 4546">
     <span class='ocr_line' id='line_1_46' title="bbox 448 4475 2026 4546; baseline -0.01 -13"><span class='ocrx_word' id='word_1_284' title='bbox 448 4480 749 4541; x_wconf 77' lang='lat' dir='ltr'><strong>lllortalem,</strong></span> <span class='ocrx_word' id='word_1_285' title='bbox 786 4479 1113 4546; x_wconf 73' lang='lat' dir='ltr'><strong>llegemque,</strong></span> <span class='ocrx_word' id='word_1_286' title='bbox 1151 4475 1424 4539; x_wconf 90' lang='lat' dir='ltr'><strong>Deumque</strong></span> <span class='ocrx_word' id='word_1_287' title='bbox 1469 4480 1680 4524; x_wconf 76' lang='lat' dir='ltr'><strong>tuentur</strong></span> <span class='ocrx_word' id='word_1_288' title='bbox 1725 4480 1778 4522; x_wconf 89' lang='lat' dir='ltr'><strong>et</strong></span> <span class='ocrx_word' id='word_1_289' title='bbox 1827 4479 1979 4522; x_wconf 88' lang='lat' dir='ltr'><strong>orant</strong></span> <span class='ocrx_word' id='word_1_290' title='bbox 2012 4484 2026 4533; x_wconf 92' lang='lat'>;</span> 
     </span>
    </p>
   </div>
   <div class='ocr_carea' id='block_1_47' title="bbox 448 4562 1954 4637">
    <p class='ocr_par' dir='ltr' id='par_1_47' title="bbox 448 4562 1954 4637">
     <span class='ocr_line' id='line_1_47' title="bbox 448 4562 1954 4637; baseline -0.007 -16"><span class='ocrx_word' id='word_1_291' title='bbox 448 4573 561 4637; x_wconf 78' lang='lat' dir='ltr'><strong>Quo</strong></span> <span class='ocrx_word' id='word_1_292' title='bbox 595 4572 736 4624; x_wconf 83' lang='lat' dir='ltr'><strong>lavat</strong></span> <span class='ocrx_word' id='word_1_293' title='bbox 765 4570 878 4637; x_wconf 89' lang='lat' dir='ltr'><strong>ipse</strong></span> <span class='ocrx_word' id='word_1_294' title='bbox 908 4582 1005 4620; x_wconf 91' lang='lat' dir='ltr'><strong>suo</strong></span> <span class='ocrx_word' id='word_1_295' title='bbox 1040 4565 1295 4618; x_wconf 90' lang='lat' dir='ltr'><strong>Dominus</strong></span> <span class='ocrx_word' id='word_1_296' title='bbox 1324 4562 1644 4630; x_wconf 86' lang='lat' dir='ltr'><strong>baptismate</strong></span> <span class='ocrx_word' id='word_1_297' title='bbox 1675 4565 1954 4626; x_wconf 86' lang='lat' dir='ltr'><strong>mundum,</strong></span> 
     </span>
    </p>
   </div>
   <div class='ocr_carea' id='block_1_48' title="bbox 445 4650 1886 4714">
    <p class='ocr_par' dir='ltr' id='par_1_48' title="bbox 445 4650 1886 4714">
     <span class='ocr_line' id='line_1_48' title="bbox 445 4650 1886 4714; baseline -0.01 0"><span class='ocrx_word' id='word_1_298' title='bbox 445 4665 639 4714; x_wconf 75' lang='lat' dir='ltr'><strong>lllausa</strong></span> <span class='ocrx_word' id='word_1_299' title='bbox 667 4661 755 4714; x_wconf 89' lang='lat' dir='ltr'><strong>diu</strong></span> <span class='ocrx_word' id='word_1_300' title='bbox 799 4673 1046 4714; x_wconf 87' lang='lat' dir='ltr'><strong>reserans</strong></span> <span class='ocrx_word' id='word_1_301' title='bbox 1075 4655 1421 4710; x_wconf 74' lang='lat' dir='ltr'><strong>erodentibus</strong></span> <span class='ocrx_word' id='word_1_302' title='bbox 1452 4652 1651 4704; x_wconf 64' lang='lat' dir='ltr'><strong>(ethera</strong></span> <span class='ocrx_word' id='word_1_303' title='bbox 1681 4650 1886 4712; x_wconf 63' lang='lat' dir='ltr'><strong>smclts;</strong></span> 
     </span>
    </p>
   </div>
   <div class='ocr_carea' id='block_1_49' title="bbox 454 4745 1728 4823">
    <p class='ocr_par' dir='ltr' id='par_1_49' title="bbox 454 4745 1728 4823">
     <span class='ocr_line' id='line_1_49' title="bbox 454 4745 1728 4823; baseline -0.013 -15"><span class='ocrx_word' id='word_1_304' title='bbox 454 4756 632 4808; x_wconf 80' lang='lat' dir='ltr'><strong>Dulcia</strong></span> <span class='ocrx_word' id='word_1_305' title='bbox 659 4771 764 4823; x_wconf 87' lang='lat' dir='ltr'><strong>quo</strong></span> <span class='ocrx_word' id='word_1_306' title='bbox 791 4753 964 4806; x_wconf 83' lang='lat' dir='ltr'><strong>fontes</strong></span> <span class='ocrx_word' id='word_1_307' title='bbox 995 4751 1221 4817; x_wconf 85' lang='lat' dir='ltr'><strong>llagrant</strong></span> <span class='ocrx_word' id='word_1_308' title='bbox 1251 4747 1317 4799; x_wconf 90' lang='lat' dir='ltr'><strong>de</strong></span> <span class='ocrx_word' id='word_1_309' title='bbox 1341 4748 1549 4815; x_wconf 85' lang='lat' dir='ltr'><strong>gurgite</strong></span> <span class='ocrx_word' id='word_1_310' title='bbox 1586 4745 1728 4804; x_wconf 85' lang='lat' dir='ltr'><strong>vina,</strong></span> 
     </span>
    </p>
   </div>
   <div class='ocr_carea' id='block_1_50' title="bbox 451 4832 2033 4912">
    <p class='ocr_par' dir='ltr' id='par_1_50' title="bbox 451 4832 2033 4912">
     <span class='ocr_line' id='line_1_50' title="bbox 451 4832 2033 4912; baseline -0.008 -15"><span class='ocrx_word' id='word_1_311' title='bbox 451 4847 664 4899; x_wconf 81' lang='lat' dir='ltr'><strong>Munere</strong></span> <span class='ocrx_word' id='word_1_312' title='bbox 694 4847 866 4912; x_wconf 89' lang='lat' dir='ltr'><strong>deque</strong></span> <span class='ocrx_word' id='word_1_313' title='bbox 901 4843 1095 4896; x_wconf 70' lang='lat' dir='ltr'><strong>rubent</strong></span> <span class='ocrx_word' id='word_1_314' title='bbox 1144 4839 1352 4892; x_wconf 87' lang='lat' dir='ltr'><strong>Domini</strong></span> <span class='ocrx_word' id='word_1_315' title='bbox 1400 4854 1492 4906; x_wconf 88' lang='lat' dir='ltr'><strong>per</strong></span> <span class='ocrx_word' id='word_1_316' title='bbox 1524 4835 1710 4904; x_wconf 83' lang='lat' dir='ltr'><strong>pocula</strong></span> <span class='ocrx_word' id='word_1_317' title='bbox 1757 4832 1991 4902; x_wconf 77' lang='lat' dir='ltr'><strong>lympha:</strong></span> <span class='ocrx_word' id='word_1_318' title='bbox 2020 4847 2033 4884; x_wconf 89' lang='lat'><strong>:</strong></span> 
     </span>
    </p>
   </div>
   <div class='ocr_carea' id='block_1_51' title="bbox 452 4925 2034 5005">
    <p class='ocr_par' dir='ltr' id='par_1_51' title="bbox 452 4925 2034 5005">
     <span class='ocr_line' id='line_1_51' title="bbox 452 4925 2034 5005; baseline -0.009 -14"><span class='ocrx_word' id='word_1_319' title='bbox 452 4940 538 4991; x_wconf 66' lang='lat' dir='ltr'><strong>Sic</strong></span> <span class='ocrx_word' id='word_1_320' title='bbox 561 4952 770 5005; x_wconf 86' lang='lat' dir='ltr'><strong>quoque</strong></span> <span class='ocrx_word' id='word_1_321' title='bbox 795 4948 971 4988; x_wconf 88' lang='lat' dir='ltr'><strong>nostra</strong></span> <span class='ocrx_word' id='word_1_322' title='bbox 1000 4935 1108 4986; x_wconf 88' lang='lat' dir='ltr'><strong>Deo</strong></span> <span class='ocrx_word' id='word_1_323' title='bbox 1132 4941 1371 4985; x_wconf 89' lang='lat' dir='ltr'><strong>remeant</strong></span> <span class='ocrx_word' id='word_1_324' title='bbox 1394 4931 1527 4982; x_wconf 90' lang='lat' dir='ltr'><strong>duce</strong></span> <span class='ocrx_word' id='word_1_325' title='bbox 1555 4940 1827 4995; x_wconf 81' lang='lat' dir='ltr'><strong>prosuera.</strong></span> <span class='ocrx_word' id='word_1_326' title='bbox 1854 4925 2034 4987; x_wconf 82' lang='lat' dir='ltr'><strong>credo,</strong></span> 
     </span>
    </p>
   </div>
   <div class='ocr_carea' id='block_1_52' title="bbox 453 5021 1613 5095">
    <p class='ocr_par' dir='ltr' id='par_1_52' title="bbox 453 5021 1613 5095">
     <span class='ocr_line' id='line_1_52' title="bbox 453 5021 1613 5095; baseline -0.01 -13"><span class='ocrx_word' id='word_1_327' title='bbox 453 5029 604 5082; x_wconf 89' lang='lat' dir='ltr'><strong>Illum</strong></span> <span class='ocrx_word' id='word_1_328' title='bbox 635 5027 679 5080; x_wconf 92' lang='lat' dir='ltr'><strong>si</strong></span> <span class='ocrx_word' id='word_1_329' title='bbox 711 5026 949 5095; x_wconf 86' lang='lat' dir='ltr'><strong>rogitans</strong></span> <span class='ocrx_word' id='word_1_330' title='bbox 979 5025 1158 5077; x_wconf 86' lang='lat' dir='ltr'><strong>liruiet</strong></span> <span class='ocrx_word' id='word_1_331' title='bbox 1187 5021 1376 5075; x_wconf 87' lang='lat' dir='ltr'><strong>lidttcia</strong></span> <span class='ocrx_word' id='word_1_332' title='bbox 1408 5028 1613 5087; x_wconf 89' lang='lat' dir='ltr'><strong>pectus.</strong></span> 
     </span>
    </p>
   </div>
   <div class='ocr_carea' id='block_1_53' title="bbox 529 5104 1894 5182">
    <p class='ocr_par' dir='ltr' id='par_1_53' title="bbox 529 5104 1894 5182">
     <span class='ocr_line' id='line_1_53' title="bbox 529 5104 1894 5182; baseline -0.014 -9"><span class='ocrx_word' id='word_1_333' title='bbox 529 5121 651 5173; x_wconf 51' lang='lat' dir='ltr'><strong>llaec</strong></span> <span class='ocrx_word' id='word_1_334' title='bbox 679 5119 768 5172; x_wconf 88' lang='lat' dir='ltr'><strong>ubi</strong></span> <span class='ocrx_word' id='word_1_335' title='bbox 799 5119 964 5182; x_wconf 85' lang='lat' dir='ltr'><strong>dicta,</strong></span> <span class='ocrx_word' id='word_1_336' title='bbox 999 5116 1116 5170; x_wconf 82' lang='lat' dir='ltr'><strong>freti</strong></span> <span class='ocrx_word' id='word_1_337' title='bbox 1150 5112 1325 5166; x_wconf 86' lang='lat' dir='ltr'><strong>socios</strong></span> <span class='ocrx_word' id='word_1_338' title='bbox 1356 5111 1454 5164; x_wconf 89' lang='lat' dir='ltr'><strong>sub</strong></span> <span class='ocrx_word' id='word_1_339' title='bbox 1481 5111 1656 5162; x_wconf 83' lang='lat' dir='ltr'><strong>littore</strong></span> <span class='ocrx_word' id='word_1_340' title='bbox 1680 5104 1894 5168; x_wconf 79' lang='lat' dir='ltr'><strong>sistens,</strong></span> 
     </span>
    </p>
   </div>
   <div class='ocr_carea' id='block_1_54' title="bbox 457 5202 1822 5277">
    <p class='ocr_par' dir='ltr' id='par_1_54' title="bbox 457 5202 1822 5277">
     <span class='ocr_line' id='line_1_54' title="bbox 457 5202 1822 5277; baseline -0.015 -10"><span class='ocrx_word' id='word_1_341' title='bbox 457 5213 652 5267; x_wconf 82' lang='lat' dir='ltr'><strong>Suerat</strong></span> <span class='ocrx_word' id='word_1_342' title='bbox 679 5210 766 5264; x_wconf 91' lang='lat' dir='ltr'><strong>ubi</strong></span> <span class='ocrx_word' id='word_1_343' title='bbox 794 5209 982 5277; x_wconf 81' lang='lat' dir='ltr'><strong>vigiles</strong></span> <span class='ocrx_word' id='word_1_344' title='bbox 1010 5209 1230 5274; x_wconf 82' lang='lat' dir='ltr'><strong>supplex</strong></span> <span class='ocrx_word' id='word_1_345' title='bbox 1261 5205 1367 5272; x_wconf 81' lang='lat' dir='ltr'><strong>jam</strong></span> <span class='ocrx_word' id='word_1_346' title='bbox 1396 5202 1590 5255; x_wconf 81' lang='lat' dir='ltr'><strong>dueere</strong></span> <span class='ocrx_word' id='word_1_347' title='bbox 1620 5208 1822 5261; x_wconf 79' lang='lat' dir='ltr'><strong>noctes,</strong></span> 
     </span>
    </p>
   </div>
   <div class='ocr_carea' id='block_1_55' title="bbox 457 5293 1734 5370">
    <p class='ocr_par' dir='ltr' id='par_1_55' title="bbox 457 5293 1734 5370">
     <span class='ocr_line' id='line_1_55' title="bbox 457 5293 1734 5370; baseline -0.017 -10"><span class='ocrx_word' id='word_1_348' title='bbox 457 5307 566 5360; x_wconf 80' lang='lat' dir='ltr'><strong>Ceu</strong></span> <span class='ocrx_word' id='word_1_349' title='bbox 603 5306 781 5358; x_wconf 84' lang='lat' dir='ltr'><strong>decisa</strong></span> <span class='ocrx_word' id='word_1_350' title='bbox 805 5304 947 5356; x_wconf 86' lang='lat' dir='ltr'><strong>videt</strong></span> <span class='ocrx_word' id='word_1_351' title='bbox 978 5301 1143 5370; x_wconf 87' lang='lat' dir='ltr'><strong>piscis</strong></span> <span class='ocrx_word' id='word_1_352' title='bbox 1172 5299 1275 5352; x_wconf 86' lang='lat' dir='ltr'><strong>tria</strong></span> <span class='ocrx_word' id='word_1_353' title='bbox 1309 5297 1513 5349; x_wconf 85' lang='lat' dir='ltr'><strong>viscera</strong></span> <span class='ocrx_word' id='word_1_354' title='bbox 1549 5293 1734 5354; x_wconf 73' lang='lat' dir='ltr'><strong>frusta,</strong></span> 
     </span>
    </p>
   </div>
   <div class='ocr_carea' id='block_1_56' title="bbox 464 5380 1874 5468">
    <p class='ocr_par' dir='ltr' id='par_1_56' title="bbox 464 5380 1874 5468">
     <span class='ocr_line' id='line_1_56' title="bbox 464 5380 1874 5468; baseline -0.017 -16"><span class='ocrx_word' id='word_1_355' title='bbox 464 5400 530 5452; x_wconf 64' lang='lat' dir='ltr'><strong>lit</strong></span> <span class='ocrx_word' id='word_1_356' title='bbox 560 5397 782 5468; x_wconf 86' lang='lat' dir='ltr'><strong>genibus</strong></span> <span class='ocrx_word' id='word_1_357' title='bbox 813 5394 1098 5448; x_wconf 89' lang='lat' dir='ltr'><strong>Dominum</strong></span> <span class='ocrx_word' id='word_1_358' title='bbox 1134 5389 1322 5459; x_wconf 86' lang='lat' dir='ltr'><strong>positis</strong></span> <span class='ocrx_word' id='word_1_359' title='bbox 1355 5391 1637 5441; x_wconf 85' lang='lat' dir='ltr'><strong>veneratus</strong></span> <span class='ocrx_word' id='word_1_360' title='bbox 1667 5380 1874 5445; x_wconf 89' lang='lat' dir='ltr'><strong>adorat,</strong></span> 
     </span>
    </p>
   </div>
   <div class='ocr_carea' id='block_1_57' title="bbox 465 5473 1845 5544">
    <p class='ocr_par' dir='ltr' id='par_1_57' title="bbox 465 5473 1845 5544">
     <span class='ocr_line' id='line_1_57' title="bbox 465 5473 1845 5544; baseline -0.013 -2"><span class='ocrx_word' id='word_1_361' title='bbox 465 5489 734 5544; x_wconf 83' lang='lat' dir='ltr'><strong>Laudibus</strong></span> <span class='ocrx_word' id='word_1_362' title='bbox 765 5488 1104 5541; x_wconf 85' lang='lat' dir='ltr'><strong>aceumulaus</strong></span> <span class='ocrx_word' id='word_1_363' title='bbox 1135 5481 1256 5536; x_wconf 87' lang='lat' dir='ltr'><strong>lidei</strong></span> <span class='ocrx_word' id='word_1_364' title='bbox 1285 5476 1593 5533; x_wconf 87' lang='lat' dir='ltr'><strong>venerabile</strong></span> <span class='ocrx_word' id='word_1_365' title='bbox 1624 5473 1845 5527; x_wconf 90' lang='lat' dir='ltr'><strong>donum.</strong></span> 
     </span>
    </p>
   </div>
   <div class='ocr_carea' id='block_1_58' title="bbox 465 5565 1902 5652">
    <p class='ocr_par' dir='ltr' id='par_1_58' title="bbox 465 5565 1902 5652">
     <span class='ocr_line' id='line_1_58' title="bbox 465 5565 1902 5652; baseline -0.017 -14"><span class='ocrx_word' id='word_1_366' title='bbox 465 5585 566 5638; x_wconf 79' lang='lat' dir='ltr'><strong>&#39;l&#39;ot</strong></span> <span class='ocrx_word' id='word_1_367' title='bbox 595 5596 620 5622; x_wconf 70' lang='grc' dir='ltr'><strong>τι</strong></span> <span class='ocrx_word' id='word_1_368' title='bbox 655 5579 944 5652; x_wconf 85' lang='lat' dir='ltr'><strong>superant‘,</strong></span> <span class='ocrx_word' id='word_1_369' title='bbox 975 5590 1146 5642; x_wconf 88' lang='lat' dir='ltr'><strong>vates,</strong></span> <span class='ocrx_word' id='word_1_370' title='bbox 1177 5573 1424 5629; x_wconf 86' lang='lat' dir='ltr'><strong>convivia</strong></span> <span class='ocrx_word' id='word_1_371' title='bbox 1458 5570 1681 5632; x_wconf 84' lang='lat' dir='ltr'><strong>solibus,</strong></span> <span class='ocrx_word' id='word_1_372' title='bbox 1714 5565 1902 5632; x_wconf 88' lang='lat' dir='ltr'><strong>inquit,</strong></span> 
     </span>
    </p>
   </div>
   <div class='ocr_carea' id='block_1_59' title="bbox 466 5660 1917 5742">
    <p class='ocr_par' dir='ltr' id='par_1_59' title="bbox 466 5660 1917 5742">
     <span class='ocr_line' id='line_1_59' title="bbox 466 5660 1917 5742; baseline -0.015 -13"><span class='ocrx_word' id='word_1_373' title='bbox 466 5673 719 5731; x_wconf 73' lang='lat' dir='ltr'><strong>Conditor</strong></span> <span class='ocrx_word' id='word_1_374' title='bbox 749 5672 1012 5742; x_wconf 70' lang='lat' dir='ltr'><strong>wquavit;</strong></span> <span class='ocrx_word' id='word_1_375' title='bbox 1043 5670 1236 5739; x_wconf 85' lang='lat' dir='ltr'><strong>quibus</strong></span> <span class='ocrx_word' id='word_1_376' title='bbox 1268 5665 1421 5732; x_wconf 75' lang='lat' dir='ltr'><strong>actis,</strong></span> <span class='ocrx_word' id='word_1_377' title='bbox 1455 5672 1673 5730; x_wconf 63' lang='lat' dir='ltr'><strong>aequora</strong></span> <span class='ocrx_word' id='word_1_378' title='bbox 1704 5660 1917 5726; x_wconf 66' lang='lat' dir='ltr'><strong>placatis</strong></span> 
     </span>
    </p>
   </div>
   <div class='ocr_carea' id='block_1_60' title="bbox 543 5841 1107 5897">
    <p class='ocr_par' dir='ltr' id='par_1_60' title="bbox 543 5841 1107 5897">
     <span class='ocr_line' id='line_1_60' title="bbox 543 5841 1107 5897; baseline -0.016 -3"><span class='ocrx_word' id='word_1_379' title='bbox 543 5851 563 5874; x_wconf 70' lang='grc' dir='ltr'>υ</span> <span class='ocrx_word' id='word_1_380' title='bbox 600 5841 650 5893; x_wconf 82' lang='lat' dir='ltr'><strong>Ill</strong></span> <span class='ocrx_word' id='word_1_381' title='bbox 685 5847 784 5892; x_wconf 65' lang='lat' dir='ltr'><strong>Cal.</strong></span> <span class='ocrx_word' id='word_1_382' title='bbox 817 5842 1107 5897; x_wconf 56' lang='lat' dir='ltr'><strong>sttpzrsuiit.</strong></span> 
     </span>
    </p>
   </div>
   <div class='ocr_carea' id='block_1_61' title="bbox 1208 367 2862 446">
    <p class='ocr_par' dir='ltr' id='par_1_61' title="bbox 1208 367 2862 446">
     <span class='ocr_line' id='line_1_61' title="bbox 1208 367 2862 446; baseline -0.013 -1"><span class='ocrx_word' id='word_1_383' title='bbox 1208 387 1398 446; x_wconf 80' lang='lat' dir='ltr'><strong>SECT.</strong></span> <span class='ocrx_word' id='word_1_384' title='bbox 1442 387 1526 440; x_wconf 91' lang='lat' dir='ltr'><strong>Ill.</strong></span> <span class='ocrx_word' id='word_1_385' title='bbox 1568 415 1639 426; x_wconf 95' lang='lat'>—</span> <span class='ocrx_word' id='word_1_386' title='bbox 1673 380 2000 439; x_wconf 71' lang='lat' dir='ltr'><strong>CARMINA.</strong></span> <span class='ocrx_word' id='word_1_387' title='bbox 2041 407 2108 417; x_wconf 92' lang='lat'><strong><em>—</em></strong></span> <span class='ocrx_word' id='word_1_388' title='bbox 2151 376 2309 430; x_wconf 60' lang='lat' dir='ltr'><strong>\‘lTA</strong></span> <span class='ocrx_word' id='word_1_389' title='bbox 2349 375 2409 429; x_wconf 90' lang='lat' dir='ltr'><strong>S.</strong></span> <span class='ocrx_word' id='word_1_390' title='bbox 2450 367 2862 428; x_wconf 76' lang='lat' dir='ltr'><strong>CUTIIBERTI.</strong></span> 
     </span>
    </p>
   </div>
   <div class='ocr_carea' id='block_1_62' title="bbox 2007 477 3465 557">
    <p class='ocr_par' dir='ltr' id='par_1_62' title="bbox 2007 477 3465 557">
     <span class='ocr_line' id='line_1_62' title="bbox 2007 477 3465 557; baseline -0.006 -14"><span class='ocrx_word' id='word_1_391' title='bbox 2007 497 2050 552; x_wconf 78' lang='grc' dir='ltr'>Α</span> <span class='ocrx_word' id='word_1_392' title='bbox 2081 489 2337 557; x_wconf 79' lang='lat' dir='ltr'><strong>Navigero</strong></span> <span class='ocrx_word' id='word_1_393' title='bbox 2378 487 2602 556; x_wconf 87' lang='lat' dir='ltr'><strong>patritun</strong></span> <span class='ocrx_word' id='word_1_394' title='bbox 2637 501 2734 537; x_wconf 90' lang='lat' dir='ltr'><strong>nos</strong></span> <span class='ocrx_word' id='word_1_395' title='bbox 2761 483 2892 536; x_wconf 88' lang='lat' dir='ltr'><strong>calle</strong></span> <span class='ocrx_word' id='word_1_396' title='bbox 2923 480 3137 534; x_wconf 72' lang='lat' dir='ltr'><strong>reducet</strong></span> <span class='ocrx_word' id='word_1_397' title='bbox 3167 477 3230 531; x_wconf 90' lang='lat' dir='ltr'><strong>ad</strong></span> <span class='ocrx_word' id='word_1_398' title='bbox 3259 493 3465 534; x_wconf 89' lang='lat' dir='ltr'><strong>arvum.</strong></span> 
     </span>
    </p>
   </div>
   <div class='ocr_carea' id='block_1_63' title="bbox 2041 3204 2085 3265">
    <p class='ocr_par' dir='ltr' id='par_1_63' title="bbox 2041 3204 2085 3265">
     <span class='ocr_line' id='line_1_63' title="bbox 2041 3204 2085 3265; baseline 0 0"><span class='ocrx_word' id='word_1_399' title='bbox 2041 3204 2085 3265; x_wconf 89' lang='lat' dir='ltr'>C</span> 
     </span>
    </p>
   </div>
   <div class='ocr_carea' id='block_1_64' title="bbox 2063 4576 2110 4632">
    <p class='ocr_par' dir='ltr' id='par_1_64' title="bbox 2063 4576 2110 4632">
     <span class='ocr_line' id='line_1_64' title="bbox 2063 4576 2110 4632; baseline 0 0"><span class='ocrx_word' id='word_1_400' title='bbox 2063 4576 2110 4632; x_wconf 91' lang='lat' dir='ltr'><strong>D</strong></span> 
     </span>
    </p>
   </div>
   <div class='ocr_carea' id='block_1_65' title="bbox 3534 363 3642 419">
    <p class='ocr_par' dir='ltr' id='par_1_65' title="bbox 3534 363 3642 419">
     <span class='ocr_line' id='line_1_65' title="bbox 3534 363 3642 419; baseline 0.009 -1"><span class='ocrx_word' id='word_1_401' title='bbox 3534 363 3642 419; x_wconf 64' lang='lat'><strong>532</strong></span> 
     </span>
    </p>
   </div>
   <div class='ocr_carea' id='block_1_66' title="bbox 2075 570 3480 640">
    <p class='ocr_par' dir='ltr' id='par_1_66' title="bbox 2075 570 3480 640">
     <span class='ocr_line' id='line_1_66' title="bbox 2075 570 3480 640; baseline -0.011 -5"><span class='ocrx_word' id='word_1_402' title='bbox 2075 583 2208 634; x_wconf 82' lang='lat' dir='ltr'><strong>&#39;l‘um</strong></span> <span class='ocrx_word' id='word_1_403' title='bbox 2235 579 2432 632; x_wconf 90' lang='lat' dir='ltr'><strong>laribus</strong></span> <span class='ocrx_word' id='word_1_404' title='bbox 2465 585 2667 630; x_wconf 89' lang='lat' dir='ltr'><strong>torrent</strong></span> <span class='ocrx_word' id='word_1_405' title='bbox 2693 574 2896 640; x_wconf 90' lang='lat' dir='ltr'><strong>epulas,</strong></span> <span class='ocrx_word' id='word_1_406' title='bbox 2921 581 3202 640; x_wconf 83' lang='lat' dir='ltr'><strong>gratesque</strong></span> <span class='ocrx_word' id='word_1_407' title='bbox 3225 570 3480 638; x_wconf 73' lang='lat' dir='ltr'><strong>gerendo,</strong></span> 
     </span>
    </p>
   </div>
   <div class='ocr_carea' id='block_1_67' title="bbox 2080 663 3402 731">
    <p class='ocr_par' dir='ltr' id='par_1_67' title="bbox 2080 663 3402 731">
     <span class='ocr_line' id='line_1_67' title="bbox 2080 663 3402 731; baseline -0.006 -9"><span class='ocrx_word' id='word_1_408' title='bbox 2080 669 2320 722; x_wconf 80' lang='lat' dir='ltr'><strong>Exhibita</strong></span> <span class='ocrx_word' id='word_1_409' title='bbox 2352 669 2524 722; x_wconf 90' lang='lat' dir='ltr'><strong>triduo</strong></span> <span class='ocrx_word' id='word_1_410' title='bbox 2558 675 2800 720; x_wconf 69' lang='lat' dir='ltr'><strong>recreant</strong></span> <span class='ocrx_word' id='word_1_411' title='bbox 2830 666 2961 731; x_wconf 85' lang='lat' dir='ltr'><strong>dape</strong></span> <span class='ocrx_word' id='word_1_412' title='bbox 2993 663 3204 716; x_wconf 66' lang='lat' dir='ltr'><strong>coalitus</strong></span> <span class='ocrx_word' id='word_1_413' title='bbox 3234 673 3402 724; x_wconf 86' lang='lat' dir='ltr'><strong>artus,</strong></span> 
     </span>
    </p>
   </div>
   <div class='ocr_carea' id='block_1_68' title="bbox 2078 757 3290 826">
    <p class='ocr_par' dir='ltr' id='par_1_68' title="bbox 2078 757 3290 826">
     <span class='ocr_line' id='line_1_68' title="bbox 2078 757 3290 826; baseline -0.005 -16"><span class='ocrx_word' id='word_1_414' title='bbox 2078 761 2206 826; x_wconf 82' lang='lat' dir='ltr'><strong>Qme</strong></span> <span class='ocrx_word' id='word_1_415' title='bbox 2238 775 2368 812; x_wconf 88' lang='lat' dir='ltr'><strong>nova</strong></span> <span class='ocrx_word' id='word_1_416' title='bbox 2397 758 2600 812; x_wconf 85' lang='lat' dir='ltr'><strong>mellito</strong></span> <span class='ocrx_word' id='word_1_417' title='bbox 2633 767 2889 810; x_wconf 87' lang='lat' dir='ltr'><strong>testantur</strong></span> <span class='ocrx_word' id='word_1_418' title='bbox 2919 757 3056 807; x_wconf 87' lang='lat' dir='ltr'><strong>dona</strong></span> <span class='ocrx_word' id='word_1_419' title='bbox 3083 768 3290 820; x_wconf 88' lang='lat' dir='ltr'><strong>sapore.</strong></span> 
     </span>
    </p>
   </div>
   <div class='ocr_carea' id='block_1_69' title="bbox 2079 843 3392 917">
    <p class='ocr_par' dir='ltr' id='par_1_69' title="bbox 2079 843 3392 917">
     <span class='ocr_line' id='line_1_69' title="bbox 2079 843 3392 917; baseline -0.008 -15"><span class='ocrx_word' id='word_1_420' title='bbox 2079 851 2302 917; x_wconf 84' lang='lat' dir='ltr'><strong>Jamque</strong></span> <span class='ocrx_word' id='word_1_421' title='bbox 2343 851 2430 903; x_wconf 88' lang='lat' dir='ltr'><strong>die</strong></span> <span class='ocrx_word' id='word_1_422' title='bbox 2460 859 2647 915; x_wconf 89' lang='lat' dir='ltr'><strong>quarto</strong></span> <span class='ocrx_word' id='word_1_423' title='bbox 2680 845 2811 898; x_wconf 80' lang='lat' dir='ltr'><strong>la-tis</strong></span> <span class='ocrx_word' id='word_1_424' title='bbox 2841 844 3169 897; x_wconf 86' lang='lat' dir='ltr'><strong>cessantibus</strong></span> <span class='ocrx_word' id='word_1_425' title='bbox 3197 843 3392 895; x_wconf 87' lang='lat' dir='ltr'><strong>austris</strong></span> 
     </span>
    </p>
   </div>
   <div class='ocr_carea' id='block_1_70' title="bbox 2085 927 3575 1006">
    <p class='ocr_par' dir='ltr' id='par_1_70' title="bbox 2085 927 3575 1006">
     <span class='ocr_line' id='line_1_70' title="bbox 2085 927 3575 1006; baseline -0.007 -12"><span class='ocrx_word' id='word_1_426' title='bbox 2085 943 2280 994; x_wconf 82' lang='lat' dir='ltr'><strong>Blanda</strong></span> <span class='ocrx_word' id='word_1_427' title='bbox 2321 943 2650 994; x_wconf 79' lang='lat' dir='ltr'><strong>salutil&#39;ernm</strong></span> <span class='ocrx_word' id='word_1_428' title='bbox 2682 938 2897 1006; x_wconf 87' lang='lat' dir='ltr'><strong>capiunt</strong></span> <span class='ocrx_word' id='word_1_429' title='bbox 2927 948 3069 988; x_wconf 88' lang='lat' dir='ltr'><strong>trans</strong></span> <span class='ocrx_word' id='word_1_430' title='bbox 3099 951 3309 1004; x_wconf 68' lang='lat' dir='ltr'><strong>a‘qnora</strong></span> <span class='ocrx_word' id='word_1_431' title='bbox 3349 927 3575 1002; x_wconf 79' lang='lat' dir='ltr'><strong>portum.</strong></span> 
     </span>
    </p>
   </div>
   <div class='ocr_carea' id='block_1_71' title="bbox 2083 1067 3648 1140">
    <p class='ocr_par' dir='ltr' id='par_1_71' title="bbox 2083 1067 3648 1140">
     <span class='ocr_line' id='line_1_71' title="bbox 2083 1067 3648 1140; baseline -0.008 -9"><span class='ocrx_word' id='word_1_432' title='bbox 2083 1078 2306 1133; x_wconf 63' lang='lat' dir='ltr'>CAPUT</span> <span class='ocrx_word' id='word_1_433' title='bbox 2334 1077 2434 1128; x_wconf 67' lang='lat' dir='ltr'><strong>&#39;Xl.</strong></span> <span class='ocrx_word' id='word_1_434' title='bbox 2483 1075 2769 1140; x_wconf 64' lang='lat' dir='ltr'><strong>Quomodo,</strong></span> <span class='ocrx_word' id='word_1_435' title='bbox 2815 1073 2907 1123; x_wconf 72' lang='lat' dir='ltr'><strong>iter</strong></span> <span class='ocrx_word' id='word_1_436' title='bbox 2955 1072 3162 1134; x_wconf 70' lang='lat' dir='ltr'><strong>furious.</strong></span> <span class='ocrx_word' id='word_1_437' title='bbox 3191 1069 3362 1135; x_wconf 82' lang='lat' dir='ltr'><strong>aquila</strong></span> <span class='ocrx_word' id='word_1_438' title='bbox 3391 1067 3648 1130; x_wconf 68' lang='lat' dir='ltr'><strong>ministra,</strong></span> 
     </span>
    </p>
   </div>
   <div class='ocr_carea' id='block_1_72' title="bbox 2156 1140 3659 1214">
    <p class='ocr_par' dir='ltr' id='par_1_72' title="bbox 2156 1140 3659 1214">
     <span class='ocr_line' id='line_1_72' title="bbox 2156 1140 3659 1214; baseline -0.005 -16"><span class='ocrx_word' id='word_1_439' title='bbox 2156 1151 2392 1198; x_wconf 61' lang='lat' dir='ltr'><strong>nimirum</strong></span> <span class='ocrx_word' id='word_1_440' title='bbox 2419 1158 2462 1198; x_wconf 85' lang='lat' dir='ltr'><strong>et</strong></span> <span class='ocrx_word' id='word_1_441' title='bbox 2493 1155 2844 1214; x_wconf 63' lang='lat' dir='ltr'><strong>perceptarum</strong></span> <span class='ocrx_word' id='word_1_442' title='bbox 2875 1158 2926 1194; x_wconf 77' lang='lat' dir='ltr'><strong>se</strong></span> <span class='ocrx_word' id='word_1_443' title='bbox 2954 1157 3058 1192; x_wconf 79' lang='lat' dir='ltr'><strong>esse</strong></span> <span class='ocrx_word' id='word_1_444' title='bbox 3101 1140 3388 1204; x_wconf 68' lang='lat' dir='ltr'><strong>praedixerit</strong></span> <span class='ocrx_word' id='word_1_445' title='bbox 3419 1145 3463 1190; x_wconf 89' lang='lat' dir='ltr'><strong>et</strong></span> <span class='ocrx_word' id='word_1_446' title='bbox 3493 1151 3659 1206; x_wconf 79' lang='lat' dir='ltr'><strong>perce-</strong></span> 
     </span>
    </p>
   </div>
   <div class='ocr_carea' id='block_1_73' title="bbox 2157 1229 2304 1286">
    <p class='ocr_par' dir='ltr' id='par_1_73' title="bbox 2157 1229 2304 1286">
     <span class='ocr_line' id='line_1_73' title="bbox 2157 1229 2304 1286; baseline -0.02 -16"><span class='ocrx_word' id='word_1_447' title='bbox 2157 1229 2304 1286; x_wconf 59' lang='grc' dir='ltr'><strong>νίψει.</strong></span> 
     </span>
    </p>
   </div>
   <div class='ocr_carea' id='block_1_74' title="bbox 2160 1318 3451 1390">
    <p class='ocr_par' dir='ltr' id='par_1_74' title="bbox 2160 1318 3451 1390">
     <span class='ocr_line' id='line_1_74' title="bbox 2160 1318 3451 1390; baseline -0.008 -9"><span class='ocrx_word' id='word_1_448' title='bbox 2160 1329 2286 1382; x_wconf 83' lang='lat' dir='ltr'><strong>Inde</strong></span> <span class='ocrx_word' id='word_1_449' title='bbox 2312 1327 2604 1380; x_wconf 88' lang='lat' dir='ltr'><strong>sacerdotis</strong></span> <span class='ocrx_word' id='word_1_450' title='bbox 2636 1323 2930 1390; x_wconf 79' lang='lat' dir='ltr'><strong>meritoque</strong></span> <span class='ocrx_word' id='word_1_451' title='bbox 2951 1321 3225 1389; x_wconf 81' lang='lat' dir='ltr'><strong>graduque</strong></span> <span class='ocrx_word' id='word_1_452' title='bbox 3255 1318 3451 1385; x_wconf 89' lang='lat' dir='ltr'><strong>potitus</strong></span> 
     </span>
    </p>
   </div>
   <div class='ocr_carea' id='block_1_75' title="bbox 2089 1411 3322 1485">
    <p class='ocr_par' dir='ltr' id='par_1_75' title="bbox 2089 1411 3322 1485">
     <span class='ocr_line' id='line_1_75' title="bbox 2089 1411 3322 1485; baseline -0.006 -14"><span class='ocrx_word' id='word_1_453' title='bbox 2089 1419 2358 1471; x_wconf 82' lang='lat' dir='ltr'><strong>Tendebat</strong></span> <span class='ocrx_word' id='word_1_454' title='bbox 2393 1417 2616 1485; x_wconf 68' lang='lat' dir='ltr'><strong>populos</strong></span> <span class='ocrx_word' id='word_1_455' title='bbox 2651 1415 2774 1466; x_wconf 72' lang='lat' dir='ltr'><strong>vitae</strong></span> <span class='ocrx_word' id='word_1_456' title='bbox 2799 1429 3056 1465; x_wconf 79' lang='lat' dir='ltr'><strong>renovare</strong></span> <span class='ocrx_word' id='word_1_457' title='bbox 3090 1411 3322 1464; x_wconf 77' lang='lat' dir='ltr'><strong>llut-utis.</strong></span> 
     </span>
    </p>
   </div>
   <div class='ocr_carea' id='block_1_76' title="bbox 2095 1500 3385 1570">
    <p class='ocr_par' dir='ltr' id='par_1_76' title="bbox 2095 1500 3385 1570">
     <span class='ocr_line' id='line_1_76' title="bbox 2095 1500 3385 1570; baseline -0.007 -9"><span class='ocrx_word' id='word_1_458' title='bbox 2095 1509 2251 1561; x_wconf 76' lang='lat' dir='ltr'><strong>Forte</strong></span> <span class='ocrx_word' id='word_1_459' title='bbox 2276 1511 2372 1559; x_wconf 73' lang='lat' dir='ltr'><strong>vite</strong></span> <span class='ocrx_word' id='word_1_460' title='bbox 2404 1508 2608 1569; x_wconf 69' lang='lat' dir='ltr'><strong>comiti,</strong></span> <span class='ocrx_word' id='word_1_461' title='bbox 2643 1507 2734 1558; x_wconf 89' lang='lat' dir='ltr'><strong>sed</strong></span> <span class='ocrx_word' id='word_1_462' title='bbox 2769 1505 3020 1570; x_wconf 65' lang='lat' dir='ltr'><strong>pra‘scius</strong></span> <span class='ocrx_word' id='word_1_463' title='bbox 3055 1504 3166 1568; x_wconf 90' lang='lat' dir='ltr'><strong>ipse</strong></span> <span class='ocrx_word' id='word_1_464' title='bbox 3201 1500 3385 1561; x_wconf 88' lang='lat' dir='ltr'><strong>futuri,</strong></span> 
     </span>
    </p>
   </div>
   <div class='ocr_carea' id='block_1_77' title="bbox 2097 1591 3508 1660">
    <p class='ocr_par' dir='ltr' id='par_1_77' title="bbox 2097 1591 3508 1660">
     <span class='ocr_line' id='line_1_77' title="bbox 2097 1591 3508 1660; baseline -0.004 -9"><span class='ocrx_word' id='word_1_465' title='bbox 2097 1599 2228 1652; x_wconf 56' lang='lat' dir='ltr'><strong>li‘are</strong></span> <span class='ocrx_word' id='word_1_466' title='bbox 2259 1598 2477 1658; x_wconf 79' lang='lat' dir='ltr'><strong>sutlal.s,</strong></span> <span class='ocrx_word' id='word_1_467' title='bbox 2511 1598 2605 1660; x_wconf 88' lang='lat' dir='ltr'><strong>ait,</strong></span> <span class='ocrx_word' id='word_1_468' title='bbox 2632 1614 2735 1660; x_wconf 88' lang='lat' dir='ltr'><strong>quo</strong></span> <span class='ocrx_word' id='word_1_469' title='bbox 2767 1595 2963 1646; x_wconf 83' lang='lat' dir='ltr'><strong>fercula</strong></span> <span class='ocrx_word' id='word_1_470' title='bbox 2989 1609 3203 1646; x_wconf 82' lang='lat' dir='ltr'><strong>sumere</strong></span> <span class='ocrx_word' id='word_1_471' title='bbox 3229 1609 3375 1646; x_wconf 87' lang='lat' dir='ltr'><strong>meus</strong></span> <span class='ocrx_word' id='word_1_472' title='bbox 3401 1591 3508 1646; x_wconf 78' lang='lat' dir='ltr'><strong>sit?</strong></span> 
     </span>
    </p>
   </div>
   <div class='ocr_carea' id='block_1_78' title="bbox 2103 1664 3469 1756">
    <p class='ocr_par' dir='ltr' id='par_1_78' title="bbox 2103 1686 3469 1756">
     <span class='ocr_line' id='line_1_78' title="bbox 2103 1686 3469 1756; baseline -0.004 -14"><span class='ocrx_word' id='word_1_473' title='bbox 2103 1689 2225 1742; x_wconf 72' lang='lat' dir='ltr'><strong>lltec</strong></span> <span class='ocrx_word' id='word_1_474' title='bbox 2251 1698 2303 1741; x_wconf 89' lang='lat' dir='ltr'><strong>et</strong></span> <span class='ocrx_word' id='word_1_475' title='bbox 2328 1703 2446 1756; x_wconf 75' lang='lat' dir='ltr'><strong>ego,</strong></span> <span class='ocrx_word' id='word_1_476' title='bbox 2475 1688 2626 1749; x_wconf 74' lang='lat' dir='ltr'><strong>dixit,</strong></span> <span class='ocrx_word' id='word_1_477' title='bbox 2659 1687 2820 1737; x_wconf 85' lang='lat' dir='ltr'><strong>dubio</strong></span> <span class='ocrx_word' id='word_1_478' title='bbox 2848 1686 2945 1736; x_wconf 89' lang='lat' dir='ltr'><strong>sub</strong></span> <span class='ocrx_word' id='word_1_479' title='bbox 2977 1696 3190 1752; x_wconf 83' lang='lat' dir='ltr'><strong>pectore</strong></span> <span class='ocrx_word' id='word_1_480' title='bbox 3221 1700 3428 1737; x_wconf 79' lang='lat' dir='ltr'><strong>met-um</strong></span> <span class='ocrx_word' id='word_1_481' title='bbox 3456 1699 3469 1746; x_wconf 87' lang='lat'><strong>;</strong></span> 
     </span>
    </p>
   </div>
   <div class='ocr_carea' id='block_1_79' title="bbox 2101 1776 3672 1841">
    <p class='ocr_par' dir='ltr' id='par_1_79' title="bbox 2101 1776 3672 1841">
     <span class='ocr_line' id='line_1_79' title="bbox 2101 1776 3672 1841; baseline -0.001 -10"><span class='ocrx_word' id='word_1_482' title='bbox 2101 1780 2324 1831; x_wconf 70' lang='lat' dir='ltr'><strong>I‘randla</strong></span> <span class='ocrx_word' id='word_1_483' title='bbox 2372 1795 2474 1831; x_wconf 84' lang='lat' dir='ltr'><strong>non</strong></span> <span class='ocrx_word' id='word_1_484' title='bbox 2524 1780 2739 1830; x_wconf 82' lang='lat' dir='ltr'><strong>tulimus</strong></span> <span class='ocrx_word' id='word_1_485' title='bbox 2773 1778 2913 1830; x_wconf 83' lang='lat' dir='ltr'><strong>vasis</strong></span> <span class='ocrx_word' id='word_1_486' title='bbox 2939 1817 2953 1839; x_wconf 94' lang='lat'><strong>,</strong></span> <span class='ocrx_word' id='word_1_487' title='bbox 2983 1776 3170 1827; x_wconf 83' lang='lat' dir='ltr'><strong>domus</strong></span> <span class='ocrx_word' id='word_1_488' title='bbox 3203 1777 3407 1841; x_wconf 76' lang='lat' dir='ltr'><strong>hospita</strong></span> <span class='ocrx_word' id='word_1_489' title='bbox 3436 1789 3537 1828; x_wconf 84' lang='lat' dir='ltr'><strong>non</strong></span> <span class='ocrx_word' id='word_1_490' title='bbox 3565 1787 3672 1839; x_wconf 77' lang='lat' dir='ltr'><strong>est,</strong></span> 
     </span>
    </p>
   </div>
   <div class='ocr_carea' id='block_1_80' title="bbox 2024 1852 3368 1940">
    <p class='ocr_par' dir='ltr' id='par_1_80' title="bbox 2024 1852 3368 1940">
     <span class='ocr_line' id='line_1_80' title="bbox 2024 1852 3368 1940; baseline -0.004 -16"><span class='ocrx_word' id='word_1_491' title='bbox 2024 1852 2070 1912; x_wconf 76' lang='grc' dir='ltr'><strong>Β</strong></span> <span class='ocrx_word' id='word_1_492' title='bbox 2100 1871 2272 1940; x_wconf 86' lang='lat' dir='ltr'><strong>Jejuni</strong></span> <span class='ocrx_word' id='word_1_493' title='bbox 2308 1871 2539 1938; x_wconf 84' lang='lat' dir='ltr'><strong>fessique</strong></span> <span class='ocrx_word' id='word_1_494' title='bbox 2571 1871 2726 1922; x_wconf 90' lang='lat' dir='ltr'><strong>itiner</strong></span> <span class='ocrx_word' id='word_1_495' title='bbox 2756 1868 3029 1934; x_wconf 84' lang='lat' dir='ltr'><strong>complere</strong></span> <span class='ocrx_word' id='word_1_496' title='bbox 3063 1868 3368 1932; x_wconf 87' lang='lat' dir='ltr'><strong>nequimus.</strong></span> 
     </span>
    </p>
   </div>
   <div class='ocr_carea' id='block_1_81' title="bbox 2101 1958 3377 2029">
    <p class='ocr_par' dir='ltr' id='par_1_81' title="bbox 2101 1958 3377 2029">
     <span class='ocr_line' id='line_1_81' title="bbox 2101 1958 3377 2029; baseline -0.006 -13"><span class='ocrx_word' id='word_1_497' title='bbox 2101 1963 2395 2029; x_wconf 77' lang='lat' dir='ltr'><strong>Respondit</strong></span> <span class='ocrx_word' id='word_1_498' title='bbox 2423 1961 2637 2012; x_wconf 89' lang='lat' dir='ltr'><strong>senior:</strong></span> <span class='ocrx_word' id='word_1_499' title='bbox 2668 1959 2891 2011; x_wconf 88' lang='lat' dir='ltr'><strong>Domino</strong></span> <span class='ocrx_word' id='word_1_500' title='bbox 2922 1959 2964 2010; x_wconf 90' lang='lat' dir='ltr'><strong>si</strong></span> <span class='ocrx_word' id='word_1_501' title='bbox 2998 1958 3160 2009; x_wconf 70' lang='lat' dir='ltr'><strong>lidv-re</strong></span> <span class='ocrx_word' id='word_1_502' title='bbox 3188 1958 3377 2019; x_wconf 88' lang='lat' dir='ltr'><strong>discas,</strong></span> 
     </span>
    </p>
   </div>
   <div class='ocr_carea' id='block_1_82' title="bbox 2103 2050 3481 2117">
    <p class='ocr_par' dir='ltr' id='par_1_82' title="bbox 2103 2050 3481 2117">
     <span class='ocr_line' id='line_1_82' title="bbox 2103 2050 3481 2117; baseline -0.004 -11"><span class='ocrx_word' id='word_1_503' title='bbox 2103 2053 2353 2106; x_wconf 75' lang='lat' dir='ltr'><strong>Providet</strong></span> <span class='ocrx_word' id='word_1_504' title='bbox 2383 2052 2471 2105; x_wconf 76' lang='lat' dir='ltr'><strong>ille</strong></span> <span class='ocrx_word' id='word_1_505' title='bbox 2500 2052 2683 2117; x_wconf 86' lang='lat' dir='ltr'><strong>dapes,</strong></span> <span class='ocrx_word' id='word_1_506' title='bbox 2718 2062 2892 2101; x_wconf 85' lang='lat' dir='ltr'><strong>vatem</strong></span> <span class='ocrx_word' id='word_1_507' title='bbox 2921 2050 3008 2116; x_wconf 89' lang='lat' dir='ltr'><strong>qui</strong></span> <span class='ocrx_word' id='word_1_508' title='bbox 3046 2063 3260 2114; x_wconf 86' lang='lat' dir='ltr'><strong>pascere</strong></span> <span class='ocrx_word' id='word_1_509' title='bbox 3289 2063 3481 2101; x_wconf 63' lang='lat' dir='ltr'><strong>corvo:</strong></span> 
     </span>
    </p>
   </div>
   <div class='ocr_carea' id='block_1_83' title="bbox 2101 2134 3678 2209">
    <p class='ocr_par' dir='ltr' id='par_1_83' title="bbox 2101 2134 3678 2209">
     <span class='ocr_line' id='line_1_83' title="bbox 2101 2134 3678 2209; baseline -0.005 -12"><span class='ocrx_word' id='word_1_510' title='bbox 2101 2143 2285 2198; x_wconf 82' lang='lat' dir='ltr'><strong>Jussit.</strong></span> <span class='ocrx_word' id='word_1_511' title='bbox 2320 2145 2437 2197; x_wconf 84' lang='lat' dir='ltr'><strong>.latn</strong></span> <span class='ocrx_word' id='word_1_512' title='bbox 2476 2153 2719 2209; x_wconf 65' lang='lat' dir='ltr'><strong>astiectas</strong></span> <span class='ocrx_word' id='word_1_513' title='bbox 2747 2138 2977 2207; x_wconf 86' lang='lat' dir='ltr'><strong>aquilam</strong></span> <span class='ocrx_word' id='word_1_514' title='bbox 3021 2153 3148 2206; x_wconf 82' lang='lat' dir='ltr'><strong>vaga</strong></span> <span class='ocrx_word' id='word_1_515' title='bbox 3183 2137 3344 2189; x_wconf 88' lang='lat' dir='ltr'><strong>llabra</strong></span> <span class='ocrx_word' id='word_1_516' title='bbox 3375 2134 3678 2189; x_wconf 71' lang='lat' dir='ltr'><strong>secanti-tn?</strong></span> 
     </span>
    </p>
   </div>
   <div class='ocr_carea' id='block_1_84' title="bbox 2104 2229 3606 2299">
    <p class='ocr_par' dir='ltr' id='par_1_84' title="bbox 2104 2229 3606 2299">
     <span class='ocr_line' id='line_1_84' title="bbox 2104 2229 3606 2299; baseline -0.007 -9"><span class='ocrx_word' id='word_1_517' title='bbox 2104 2236 2210 2290; x_wconf 84' lang='lat' dir='ltr'><strong>Nos</strong></span> <span class='ocrx_word' id='word_1_518' title='bbox 2243 2236 2378 2288; x_wconf 89' lang='lat' dir='ltr'><strong>valet</strong></span> <span class='ocrx_word' id='word_1_519' title='bbox 2418 2234 2513 2286; x_wconf 82' lang='lat' dir='ltr'><strong>hac</strong></span> <span class='ocrx_word' id='word_1_520' title='bbox 2542 2234 2700 2286; x_wconf 85' lang='lat' dir='ltr'><strong>etiam</strong></span> <span class='ocrx_word' id='word_1_521' title='bbox 2744 2232 3096 2299; x_wconf 80' lang='lat' dir='ltr'><strong>Omnipotens</strong></span> <span class='ocrx_word' id='word_1_522' title='bbox 3127 2230 3316 2282; x_wconf 86' lang='lat' dir='ltr'><strong>satiare</strong></span> <span class='ocrx_word' id='word_1_523' title='bbox 3343 2229 3606 2282; x_wconf 75' lang='lat' dir='ltr'><strong>ministra.</strong></span> 
     </span>
    </p>
   </div>
   <div class='ocr_carea' id='block_1_85' title="bbox 2109 2321 3683 2393">
    <p class='ocr_par' dir='ltr' id='par_1_85' title="bbox 2109 2321 3683 2393">
     <span class='ocr_line' id='line_1_85' title="bbox 2109 2321 3683 2393; baseline -0.008 -13"><span class='ocrx_word' id='word_1_524' title='bbox 2109 2328 2347 2393; x_wconf 88' lang='lat' dir='ltr'><strong>Dumque</strong></span> <span class='ocrx_word' id='word_1_525' title='bbox 2373 2326 2472 2377; x_wconf 89' lang='lat' dir='ltr'><strong>iter</strong></span> <span class='ocrx_word' id='word_1_526' title='bbox 2497 2325 2762 2391; x_wconf 90' lang='lat' dir='ltr'><strong>inceptum</strong></span> <span class='ocrx_word' id='word_1_527' title='bbox 2791 2331 3066 2390; x_wconf 83' lang='lat' dir='ltr'><strong>peragunt,</strong></span> <span class='ocrx_word' id='word_1_528' title='bbox 3095 2334 3291 2374; x_wconf 77' lang='lat' dir='ltr'><strong>venere</strong></span> <span class='ocrx_word' id='word_1_529' title='bbox 3319 2321 3416 2370; x_wconf 87' lang='lat' dir='ltr'><strong>sub</strong></span> <span class='ocrx_word' id='word_1_530' title='bbox 3447 2331 3683 2386; x_wconf 77' lang='lat' dir='ltr'><strong>attinent,</strong></span> 
     </span>
    </p>
   </div>
   <div class='ocr_carea' id='block_1_86' title="bbox 2114 2413 3462 2483">
    <p class='ocr_par' dir='ltr' id='par_1_86' title="bbox 2114 2413 3462 2483">
     <span class='ocr_line' id='line_1_86' title="bbox 2114 2413 3462 2483; baseline -0.007 -10"><span class='ocrx_word' id='word_1_531' title='bbox 2114 2420 2179 2473; x_wconf 83' lang='lat' dir='ltr'><strong>Et</strong></span> <span class='ocrx_word' id='word_1_532' title='bbox 2206 2421 2472 2472; x_wconf 90' lang='lat' dir='ltr'><strong>volucrem</strong></span> <span class='ocrx_word' id='word_1_533' title='bbox 2502 2418 2658 2468; x_wconf 91' lang='lat' dir='ltr'><strong>rubro</strong></span> <span class='ocrx_word' id='word_1_534' title='bbox 2685 2431 2800 2483; x_wconf 74' lang='lat' dir='ltr'><strong>qua:</strong></span> <span class='ocrx_word' id='word_1_535' title='bbox 2828 2416 2969 2466; x_wconf 81' lang='lat' dir='ltr'><strong>celsa</strong></span> <span class='ocrx_word' id='word_1_536' title='bbox 3001 2413 3098 2465; x_wconf 90' lang='lat' dir='ltr'><strong>sub</strong></span> <span class='ocrx_word' id='word_1_537' title='bbox 3123 2427 3222 2464; x_wconf 71' lang='lat' dir='ltr'><strong>ate</strong></span> <span class='ocrx_word' id='word_1_538' title='bbox 3253 2413 3462 2464; x_wconf 87' lang='lat' dir='ltr'><strong>volarat</strong></span> 
     </span>
    </p>
   </div>
   <div class='ocr_carea' id='block_1_87' title="bbox 2109 2502 3432 2574">
    <p class='ocr_par' dir='ltr' id='par_1_87' title="bbox 2109 2502 3432 2574">
     <span class='ocr_line' id='line_1_87' title="bbox 2109 2502 3432 2574; baseline -0.01 -10"><span class='ocrx_word' id='word_1_539' title='bbox 2109 2509 2389 2564; x_wconf 81' lang='lat' dir='ltr'><strong>Marmoris</strong></span> <span class='ocrx_word' id='word_1_540' title='bbox 2419 2510 2466 2560; x_wconf 91' lang='lat' dir='ltr'><strong>in</strong></span> <span class='ocrx_word' id='word_1_541' title='bbox 2501 2507 2609 2574; x_wconf 88' lang='lat' dir='ltr'><strong>ripa</strong></span> <span class='ocrx_word' id='word_1_542' title='bbox 2644 2505 2880 2559; x_wconf 89' lang='lat' dir='ltr'><strong>residere</strong></span> <span class='ocrx_word' id='word_1_543' title='bbox 2913 2514 3144 2556; x_wconf 85' lang='lat' dir='ltr'><strong>tuentur.</strong></span> <span class='ocrx_word' id='word_1_544' title='bbox 3179 2503 3245 2555; x_wconf 79' lang='lat' dir='ltr'><strong>At</strong></span> <span class='ocrx_word' id='word_1_545' title='bbox 3273 2502 3432 2565; x_wconf 86' lang='lat' dir='ltr'><strong>altus,</strong></span> 
     </span>
    </p>
   </div>
   <div class='ocr_carea' id='block_1_88' title="bbox 2109 2592 3579 2665">
    <p class='ocr_par' dir='ltr' id='par_1_88' title="bbox 2109 2592 3579 2665">
     <span class='ocr_line' id='line_1_88' title="bbox 2109 2592 3579 2665; baseline -0.009 -8"><span class='ocrx_word' id='word_1_546' title='bbox 2109 2601 2320 2665; x_wconf 85' lang='lat' dir='ltr'><strong>Cernis,</strong></span> <span class='ocrx_word' id='word_1_547' title='bbox 2351 2601 2424 2653; x_wconf 86' lang='lat' dir='ltr'><strong>ait</strong></span> <span class='ocrx_word' id='word_1_548' title='bbox 2450 2599 2604 2664; x_wconf 80' lang='lat' dir='ltr'><strong>vatis,</strong></span> <span class='ocrx_word' id='word_1_549' title='bbox 2638 2609 2872 2651; x_wconf 73' lang='lat' dir='ltr'><strong>nostram</strong></span> <span class='ocrx_word' id='word_1_550' title='bbox 2905 2613 3064 2662; x_wconf 77' lang='lat' dir='ltr'><strong>super</strong></span> <span class='ocrx_word' id='word_1_551' title='bbox 3097 2611 3309 2664; x_wconf 68' lang='lat' dir='ltr'><strong>mquora</strong></span> <span class='ocrx_word' id='word_1_552' title='bbox 3335 2592 3579 2648; x_wconf 78' lang='lat' dir='ltr'><strong>servam?</strong></span> 
     </span>
    </p>
   </div>
   <div class='ocr_carea' id='block_1_89' title="bbox 2114 2687 3588 2760">
    <p class='ocr_par' dir='ltr' id='par_1_89' title="bbox 2114 2687 3588 2760">
     <span class='ocr_line' id='line_1_89' title="bbox 2114 2687 3588 2760; baseline -0.005 -12"><span class='ocrx_word' id='word_1_553' title='bbox 2114 2694 2281 2749; x_wconf 82' lang='lat' dir='ltr'><strong>Curre</strong></span> <span class='ocrx_word' id='word_1_554' title='bbox 2311 2707 2460 2760; x_wconf 88' lang='lat' dir='ltr'><strong>rogo,</strong></span> <span class='ocrx_word' id='word_1_555' title='bbox 2491 2702 2542 2744; x_wconf 91' lang='lat' dir='ltr'><strong>et</strong></span> <span class='ocrx_word' id='word_1_556' title='bbox 2575 2689 2826 2743; x_wconf 76' lang='lat' dir='ltr'><strong>Dttlltllltls</strong></span> <span class='ocrx_word' id='word_1_557' title='bbox 2854 2688 2994 2742; x_wconf 84' lang='lat' dir='ltr'><strong>misit</strong></span> <span class='ocrx_word' id='word_1_558' title='bbox 3026 2704 3142 2756; x_wconf 68' lang='lat' dir='ltr'><strong>quae</strong></span> <span class='ocrx_word' id='word_1_559' title='bbox 3176 2703 3390 2740; x_wconf 86' lang='lat' dir='ltr'><strong>munera</strong></span> <span class='ocrx_word' id='word_1_560' title='bbox 3419 2687 3588 2740; x_wconf 78' lang='lat' dir='ltr'><strong>deter.</strong></span> 
     </span>
    </p>
   </div>
   <div class='ocr_carea' id='block_1_90' title="bbox 2114 2782 3591 2854">
    <p class='ocr_par' dir='ltr' id='par_1_90' title="bbox 2114 2782 3591 2854">
     <span class='ocr_line' id='line_1_90' title="bbox 2114 2782 3591 2854; baseline -0.007 -10"><span class='ocrx_word' id='word_1_561' title='bbox 2114 2789 2299 2844; x_wconf 79' lang='lat' dir='ltr'><strong>Attulit</strong></span> <span class='ocrx_word' id='word_1_562' title='bbox 2329 2797 2382 2840; x_wconf 90' lang='lat' dir='ltr'><strong>at</strong></span> <span class='ocrx_word' id='word_1_563' title='bbox 2413 2789 2611 2854; x_wconf 61' lang='lat' dir='ltr'><strong>piscem</strong></span> <span class='ocrx_word' id='word_1_564' title='bbox 2637 2801 2650 2849; x_wconf 85' lang='lat'><strong>;</strong></span> <span class='ocrx_word' id='word_1_565' title='bbox 2686 2783 2917 2836; x_wconf 89' lang='lat' dir='ltr'><strong>medium</strong></span> <span class='ocrx_word' id='word_1_566' title='bbox 2949 2792 3116 2847; x_wconf 87' lang='lat' dir='ltr'><strong>secat,</strong></span> <span class='ocrx_word' id='word_1_567' title='bbox 3150 2795 3308 2846; x_wconf 85' lang='lat' dir='ltr'><strong>atque</strong></span> <span class='ocrx_word' id='word_1_568' title='bbox 3336 2782 3591 2834; x_wconf 59' lang='lat' dir='ltr'><strong>ministra</strong></span> 
     </span>
    </p>
   </div>
   <div class='ocr_carea' id='block_1_91' title="bbox 2115 2876 3491 2943">
    <p class='ocr_par' dir='ltr' id='par_1_91' title="bbox 2115 2876 3491 2943">
     <span class='ocr_line' id='line_1_91' title="bbox 2115 2876 3491 2943; baseline -0.007 -9"><span class='ocrx_word' id='word_1_569' title='bbox 2115 2881 2270 2934; x_wconf 76' lang='lat' dir='ltr'><strong>Parte</strong></span> <span class='ocrx_word' id='word_1_570' title='bbox 2297 2877 2487 2931; x_wconf 82' lang='lat' dir='ltr'><strong>famem</strong></span> <span class='ocrx_word' id='word_1_571' title='bbox 2517 2876 2688 2943; x_wconf 91' lang='lat' dir='ltr'><strong>pellit,</strong></span> <span class='ocrx_word' id='word_1_572' title='bbox 2714 2876 2927 2926; x_wconf 89' lang='lat' dir='ltr'><strong>lirmaut</strong></span> <span class='ocrx_word' id='word_1_573' title='bbox 2953 2889 3046 2925; x_wconf 89' lang='lat' dir='ltr'><strong>sua</strong></span> <span class='ocrx_word' id='word_1_574' title='bbox 3081 2885 3291 2940; x_wconf 88' lang='lat' dir='ltr'><strong>pectora</strong></span> <span class='ocrx_word' id='word_1_575' title='bbox 3322 2883 3491 2939; x_wconf 88' lang='lat' dir='ltr'><strong>parte.</strong></span> 
     </span>
    </p>
   </div>
   <div class='ocr_carea' id='block_1_92' title="bbox 2117 2963 3510 3038">
    <p class='ocr_par' dir='ltr' id='par_1_92' title="bbox 2117 2963 3510 3038">
     <span class='ocr_line' id='line_1_92' title="bbox 2117 2963 3510 3038; baseline -0.007 -12"><span class='ocrx_word' id='word_1_576' title='bbox 2117 2972 2287 3038; x_wconf 86' lang='lat' dir='ltr'><strong>thue</strong></span> <span class='ocrx_word' id='word_1_577' title='bbox 2311 2970 2443 3021; x_wconf 90' lang='lat' dir='ltr'><strong>viam</strong></span> <span class='ocrx_word' id='word_1_578' title='bbox 2476 2977 2734 3035; x_wconf 88' lang='lat' dir='ltr'><strong>superant</strong></span> <span class='ocrx_word' id='word_1_579' title='bbox 2761 2965 2924 3032; x_wconf 81' lang='lat' dir='ltr'><strong>jussis</strong></span> <span class='ocrx_word' id='word_1_580' title='bbox 2960 2965 3296 3033; x_wconf 87' lang='lat' dir='ltr'><strong>lymphisque</strong></span> <span class='ocrx_word' id='word_1_581' title='bbox 3324 2963 3510 3016; x_wconf 85' lang='lat' dir='ltr'><strong>salutis</strong></span> 
     </span>
    </p>
   </div>
   <div class='ocr_carea' id='block_1_93' title="bbox 2121 3052 3449 3126">
    <p class='ocr_par' dir='ltr' id='par_1_93' title="bbox 2121 3052 3449 3126">
     <span class='ocr_line' id='line_1_93' title="bbox 2121 3052 3449 3126; baseline -0.008 -12"><span class='ocrx_word' id='word_1_582' title='bbox 2121 3059 2304 3114; x_wconf 70' lang='lat' dir='ltr'><strong>l‘antlit</strong></span> <span class='ocrx_word' id='word_1_583' title='bbox 2331 3059 2432 3112; x_wconf 89' lang='lat' dir='ltr'><strong>iter</strong></span> <span class='ocrx_word' id='word_1_584' title='bbox 2460 3057 2687 3126; x_wconf 77' lang='lat' dir='ltr'><strong>populis,</strong></span> <span class='ocrx_word' id='word_1_585' title='bbox 2720 3056 2840 3109; x_wconf 66' lang='grc' dir='ltr'><strong>(εαξιί</strong></span> <span class='ocrx_word' id='word_1_586' title='bbox 2869 3069 2960 3122; x_wconf 87' lang='lat' dir='ltr'><strong>per</strong></span> <span class='ocrx_word' id='word_1_587' title='bbox 2987 3069 3146 3122; x_wconf 85' lang='lat' dir='ltr'><strong>regna</strong></span> <span class='ocrx_word' id='word_1_588' title='bbox 3178 3052 3449 3106; x_wconf 74' lang='lat' dir='ltr'><strong>vorandis.</strong></span> 
     </span>
    </p>
   </div>
   <div class='ocr_carea' id='block_1_94' title="bbox 2119 3161 3693 3232">
    <p class='ocr_par' dir='ltr' id='par_1_94' title="bbox 2119 3161 3693 3232">
     <span class='ocr_line' id='line_1_94' title="bbox 2119 3161 3693 3232; baseline -0.008 -10"><span class='ocrx_word' id='word_1_589' title='bbox 2119 3169 2340 3224; x_wconf 70' lang='lat' dir='ltr'><strong>CAPUT</strong></span> <span class='ocrx_word' id='word_1_590' title='bbox 2381 3167 2492 3226; x_wconf 76' lang='grc' dir='ltr'><strong>ΧΗ,</strong></span> <span class='ocrx_word' id='word_1_591' title='bbox 2538 3165 2805 3230; x_wconf 81' lang='lat' dir='ltr'><strong>Quomodo</strong></span> <span class='ocrx_word' id='word_1_592' title='bbox 2849 3165 3131 3229; x_wconf 74' lang='lat' dir='ltr'><strong>prwdicans</strong></span> <span class='ocrx_word' id='word_1_593' title='bbox 3169 3165 3373 3232; x_wconf 78' lang='lat' dir='ltr'><strong>populis</strong></span> <span class='ocrx_word' id='word_1_594' title='bbox 3413 3161 3693 3231; x_wconf 73' lang='lat' dir='ltr'><strong>phantom,</strong></span> 
     </span>
    </p>
   </div>
   <div class='ocr_carea' id='block_1_95' title="bbox 2191 3235 3698 3320">
    <p class='ocr_par' dir='ltr' id='par_1_95' title="bbox 2191 3235 3698 3320">
     <span class='ocr_line' id='line_1_95' title="bbox 2191 3235 3698 3320; baseline -0.003 -28"><span class='ocrx_word' id='word_1_595' title='bbox 2191 3257 2302 3320; x_wconf 75' lang='lat' dir='ltr'><strong>cunt</strong></span> <span class='ocrx_word' id='word_1_596' title='bbox 2334 3241 2495 3292; x_wconf 82' lang='lat' dir='ltr'><strong>subito</strong></span> <span class='ocrx_word' id='word_1_597' title='bbox 2528 3240 2690 3316; x_wconf 60' lang='lat' dir='ltr'><strong>ignem</strong></span> <span class='ocrx_word' id='word_1_598' title='bbox 2720 3235 2910 3315; x_wconf 71' lang='lat' dir='ltr'><strong>dittboli</strong></span> <span class='ocrx_word' id='word_1_599' title='bbox 2937 3245 2980 3286; x_wconf 84' lang='lat' dir='ltr'><strong>et</strong></span> <span class='ocrx_word' id='word_1_600' title='bbox 3013 3235 3299 3302; x_wconf 76' lang='lat' dir='ltr'><strong>prwoiderit</strong></span> <span class='ocrx_word' id='word_1_601' title='bbox 3323 3243 3611 3297; x_wconf 84' lang='lat' dir='ltr'><strong>venturum,</strong></span> <span class='ocrx_word' id='word_1_602' title='bbox 3648 3241 3698 3288; x_wconf 82' lang='lat' dir='ltr'><strong>et</strong></span> 
     </span>
    </p>
   </div>
   <div class='ocr_carea' id='block_1_96' title="bbox 2191 3314 2806 3362">
    <p class='ocr_par' dir='ltr' id='par_1_96' title="bbox 2191 3314 2806 3362">
     <span class='ocr_line' id='line_1_96' title="bbox 2191 3314 2806 3362; baseline -0.005 0"><span class='ocrx_word' id='word_1_603' title='bbox 2191 3314 2461 3362; x_wconf 84' lang='lat' dir='ltr'><strong>venientem</strong></span> <span class='ocrx_word' id='word_1_604' title='bbox 2489 3314 2806 3359; x_wconf 70' lang='lat' dir='ltr'><strong>exstinxerit.</strong></span> 
     </span>
    </p>
   </div>
   <div class='ocr_carea' id='block_1_97' title="bbox 2189 3415 3477 3488">
    <p class='ocr_par' dir='ltr' id='par_1_97' title="bbox 2189 3415 3477 3488">
     <span class='ocr_line' id='line_1_97' title="bbox 2189 3415 3477 3488; baseline -0.006 -12"><span class='ocrx_word' id='word_1_605' title='bbox 2189 3422 2458 3488; x_wconf 81' lang='lat' dir='ltr'><strong>Tempore</strong></span> <span class='ocrx_word' id='word_1_606' title='bbox 2491 3433 2593 3471; x_wconf 91' lang='lat' dir='ltr'><strong>non</strong></span> <span class='ocrx_word' id='word_1_607' title='bbox 2629 3418 2734 3470; x_wconf 87' lang='lat' dir='ltr'><strong>alio</strong></span> <span class='ocrx_word' id='word_1_608' title='bbox 2767 3415 3004 3484; x_wconf 85' lang='lat' dir='ltr'><strong>pandens</strong></span> <span class='ocrx_word' id='word_1_609' title='bbox 3035 3415 3274 3468; x_wconf 68' lang='lat' dir='ltr'><strong>cwlestia</strong></span> <span class='ocrx_word' id='word_1_610' title='bbox 3300 3416 3477 3476; x_wconf 86' lang='lat' dir='ltr'><strong>terris.</strong></span> 
     </span>
    </p>
   </div>
   <div class='ocr_carea' id='block_1_98' title="bbox 2125 3507 3412 3581">
    <p class='ocr_par' dir='ltr' id='par_1_98' title="bbox 2125 3507 3412 3581">
     <span class='ocr_line' id='line_1_98' title="bbox 2125 3507 3412 3581; baseline -0.007 -14"><span class='ocrx_word' id='word_1_611' title='bbox 2125 3515 2284 3581; x_wconf 88' lang='lat' dir='ltr'><strong>Impia</strong></span> <span class='ocrx_word' id='word_1_612' title='bbox 2308 3513 2416 3581; x_wconf 88' lang='lat' dir='ltr'><strong>jam</strong></span> <span class='ocrx_word' id='word_1_613' title='bbox 2450 3511 2664 3578; x_wconf 85' lang='lat' dir='ltr'><strong>pulchre</strong></span> <span class='ocrx_word' id='word_1_614' title='bbox 2695 3509 2917 3561; x_wconf 88' lang='lat' dir='ltr'><strong>ludibria</strong></span> <span class='ocrx_word' id='word_1_615' title='bbox 2950 3507 3174 3575; x_wconf 90' lang='lat' dir='ltr'><strong>prodidit</strong></span> <span class='ocrx_word' id='word_1_616' title='bbox 3204 3507 3412 3573; x_wconf 78' lang='lat' dir='ltr'><strong>anguis.</strong></span> 
     </span>
    </p>
   </div>
   <div class='ocr_carea' id='block_1_99' title="bbox 2125 3597 3486 3673">
    <p class='ocr_par' dir='ltr' id='par_1_99' title="bbox 2125 3597 3486 3673">
     <span class='ocr_line' id='line_1_99' title="bbox 2125 3597 3486 3673; baseline -0.008 -14"><span class='ocrx_word' id='word_1_617' title='bbox 2125 3606 2360 3673; x_wconf 82' lang='lat' dir='ltr'><strong>Namque</strong></span> <span class='ocrx_word' id='word_1_618' title='bbox 2389 3611 2606 3671; x_wconf 88' lang='lat' dir='ltr'><strong>repente</strong></span> <span class='ocrx_word' id='word_1_619' title='bbox 2635 3602 2803 3653; x_wconf 81' lang='lat' dir='ltr'><strong>sacris</strong></span> <span class='ocrx_word' id='word_1_620' title='bbox 2836 3599 3100 3653; x_wconf 84' lang='lat' dir='ltr'><strong>immiscet</strong></span> <span class='ocrx_word' id='word_1_621' title='bbox 3133 3597 3255 3650; x_wconf 87' lang='lat' dir='ltr'><strong>talia</strong></span> <span class='ocrx_word' id='word_1_622' title='bbox 3287 3597 3445 3650; x_wconf 89' lang='lat' dir='ltr'><strong>dictis</strong></span> <span class='ocrx_word' id='word_1_623' title='bbox 3473 3614 3486 3648; x_wconf 87' lang='lat'>:</span> 
     </span>
    </p>
   </div>
   <div class='ocr_carea' id='block_1_100' title="bbox 2198 3687 3410 3760">
    <p class='ocr_par' dir='ltr' id='par_1_100' title="bbox 2198 3687 3410 3760">
     <span class='ocr_line' id='line_1_100' title="bbox 2198 3687 3410 3760; baseline -0.008 -11"><span class='ocrx_word' id='word_1_624' title='bbox 2198 3695 2506 3749; x_wconf 73' lang='lat' dir='ltr'><strong>l‘anduntur</strong></span> <span class='ocrx_word' id='word_1_625' title='bbox 2537 3692 2742 3760; x_wconf 89' lang='lat' dir='ltr'><strong>quoties</strong></span> <span class='ocrx_word' id='word_1_626' title='bbox 2772 3693 2920 3743; x_wconf 86' lang='lat' dir='ltr'><strong>vobis</strong></span> <span class='ocrx_word' id='word_1_627' title='bbox 2949 3690 3207 3758; x_wconf 87' lang='lat' dir='ltr'><strong>mysteria</strong></span> <span class='ocrx_word' id='word_1_628' title='bbox 3242 3687 3410 3757; x_wconf 83' lang='lat' dir='ltr'><strong>regni,</strong></span> 
     </span>
    </p>
   </div>
   <div class='ocr_carea' id='block_1_101' title="bbox 2125 3777 3634 3848">
    <p class='ocr_par' dir='ltr' id='par_1_101' title="bbox 2125 3777 3634 3848">
     <span class='ocr_line' id='line_1_101' title="bbox 2125 3777 3634 3848; baseline -0.007 -8"><span class='ocrx_word' id='word_1_629' title='bbox 2125 3785 2230 3840; x_wconf 85' lang='lat' dir='ltr'><strong>Cor</strong></span> <span class='ocrx_word' id='word_1_630' title='bbox 2258 3788 2411 3839; x_wconf 86' lang='lat' dir='ltr'><strong>decet</strong></span> <span class='ocrx_word' id='word_1_631' title='bbox 2450 3793 2711 3837; x_wconf 88' lang='lat' dir='ltr'><strong>attentum</strong></span> <span class='ocrx_word' id='word_1_632' title='bbox 2742 3796 3036 3848; x_wconf 87' lang='lat' dir='ltr'><strong>sensusque</strong></span> <span class='ocrx_word' id='word_1_633' title='bbox 3062 3779 3318 3832; x_wconf 88' lang='lat' dir='ltr'><strong>adhibere</strong></span> <span class='ocrx_word' id='word_1_634' title='bbox 3350 3777 3634 3846; x_wconf 78' lang='lat' dir='ltr'><strong>benignos,</strong></span> 
     </span>
    </p>
   </div>
   <div class='ocr_carea' id='block_1_102' title="bbox 2127 3871 3640 3950">
    <p class='ocr_par' dir='ltr' id='par_1_102' title="bbox 2127 3871 3640 3950">
     <span class='ocr_line' id='line_1_102' title="bbox 2127 3871 3640 3950; baseline -0.007 -14"><span class='ocrx_word' id='word_1_635' title='bbox 2127 3884 2204 3936; x_wconf 75' lang='lat' dir='ltr'><strong>Ne</strong></span> <span class='ocrx_word' id='word_1_636' title='bbox 2235 3897 2362 3950; x_wconf 83' lang='lat' dir='ltr'><strong>vaga</strong></span> <span class='ocrx_word' id='word_1_637' title='bbox 2397 3879 2632 3949; x_wconf 81' lang='lat' dir='ltr'><strong>pestiferi</strong></span> <span class='ocrx_word' id='word_1_638' title='bbox 2664 3877 2841 3930; x_wconf 87' lang='lat' dir='ltr'><strong>laudat</strong></span> <span class='ocrx_word' id='word_1_639' title='bbox 2871 3872 3070 3946; x_wconf 68' lang='lat' dir='ltr'><strong>[laedat]</strong></span> <span class='ocrx_word' id='word_1_640' title='bbox 3101 3889 3195 3925; x_wconf 88' lang='lat' dir='ltr'><strong>vos</strong></span> <span class='ocrx_word' id='word_1_641' title='bbox 3220 3887 3348 3926; x_wconf 89' lang='lat' dir='ltr'><strong>aura</strong></span> <span class='ocrx_word' id='word_1_642' title='bbox 3379 3871 3640 3942; x_wconf 81' lang='lat' dir='ltr'><strong>chelydri,</strong></span> 
     </span>
    </p>
   </div>
   <div class='ocr_carea' id='block_1_103' title="bbox 2129 3968 3503 4044">
    <p class='ocr_par' dir='ltr' id='par_1_103' title="bbox 2129 3968 3503 4044">
     <span class='ocr_line' id='line_1_103' title="bbox 2129 3968 3503 4044; baseline -0.006 -15"><span class='ocrx_word' id='word_1_643' title='bbox 2129 3979 2227 4044; x_wconf 82' lang='lat' dir='ltr'><strong>Qui</strong></span> <span class='ocrx_word' id='word_1_644' title='bbox 2257 3991 2407 4029; x_wconf 90' lang='lat' dir='ltr'><strong>sacra</strong></span> <span class='ocrx_word' id='word_1_645' title='bbox 2441 3988 2727 4042; x_wconf 88' lang='lat' dir='ltr'><strong>perversus</strong></span> <span class='ocrx_word' id='word_1_646' title='bbox 2756 3971 3035 4023; x_wconf 78' lang='lat' dir='ltr'><strong>conamina</strong></span> <span class='ocrx_word' id='word_1_647' title='bbox 3068 3978 3280 4022; x_wconf 88' lang='lat' dir='ltr'><strong>vertere</strong></span> <span class='ocrx_word' id='word_1_648' title='bbox 3305 3968 3503 4034; x_wconf 86' lang='lat' dir='ltr'><strong>nitens,</strong></span> 
     </span>
    </p>
   </div>
   <div class='ocr_carea' id='block_1_104' title="bbox 2130 4059 3330 4124">
    <p class='ocr_par' dir='ltr' id='par_1_104' title="bbox 2130 4059 3330 4124">
     <span class='ocr_line' id='line_1_104' title="bbox 2130 4059 3330 4124; baseline -0.013 0"><span class='ocrx_word' id='word_1_649' title='bbox 2130 4071 2339 4124; x_wconf 88' lang='lat' dir='ltr'><strong>Gaudet</strong></span> <span class='ocrx_word' id='word_1_650' title='bbox 2370 4067 2450 4120; x_wconf 88' lang='lat' dir='ltr'><strong>vel</strong></span> <span class='ocrx_word' id='word_1_651' title='bbox 2485 4064 2692 4119; x_wconf 86' lang='lat' dir='ltr'><strong>modica</strong></span> <span class='ocrx_word' id='word_1_652' title='bbox 2729 4061 2926 4115; x_wconf 89' lang='lat' dir='ltr'><strong>turbari</strong></span> <span class='ocrx_word' id='word_1_653' title='bbox 2957 4059 3093 4112; x_wconf 90' lang='lat' dir='ltr'><strong>nube</strong></span> <span class='ocrx_word' id='word_1_654' title='bbox 3127 4059 3330 4123; x_wconf 90' lang='lat' dir='ltr'><strong>lideles,</strong></span> 
     </span>
    </p>
   </div>
   <div class='ocr_carea' id='block_1_105' title="bbox 2135 4136 3256 4223">
    <p class='ocr_par' dir='ltr' id='par_1_105' title="bbox 2135 4136 3256 4223">
     <span class='ocr_line' id='line_1_105' title="bbox 2135 4136 3256 4223; baseline -0.014 -8"><span class='ocrx_word' id='word_1_655' title='bbox 2135 4160 2198 4215; x_wconf 88' lang='lat' dir='ltr'><strong>Ut</strong></span> <span class='ocrx_word' id='word_1_656' title='bbox 2225 4175 2318 4213; x_wconf 88' lang='lat' dir='ltr'><strong>nos</strong></span> <span class='ocrx_word' id='word_1_657' title='bbox 2346 4157 2579 4223; x_wconf 88' lang='lat' dir='ltr'><strong>alloquio</strong></span> <span class='ocrx_word' id='word_1_658' title='bbox 2605 4154 2761 4222; x_wconf 77' lang='lat' dir='ltr'><strong>Itegis</strong></span> <span class='ocrx_word' id='word_1_659' title='bbox 2785 4136 3006 4218; x_wconf 66' lang='lat' dir='ltr'><strong>visitque</strong></span> <span class='ocrx_word' id='word_1_660' title='bbox 3043 4147 3256 4215; x_wconf 88' lang='lat' dir='ltr'><strong>superni</strong></span> 
     </span>
    </p>
   </div>
   <div class='ocr_carea' id='block_1_106' title="bbox 2132 4239 3386 4313">
    <p class='ocr_par' dir='ltr' id='par_1_106' title="bbox 2132 4239 3386 4313">
     <span class='ocr_line' id='line_1_106' title="bbox 2132 4239 3386 4313; baseline -0.012 -7"><span class='ocrx_word' id='word_1_661' title='bbox 2132 4251 2368 4306; x_wconf 83' lang='lat' dir='ltr'><strong>Abducat</strong></span> <span class='ocrx_word' id='word_1_662' title='bbox 2406 4248 2562 4301; x_wconf 84' lang='lat' dir='ltr'><strong>fallax</strong></span> <span class='ocrx_word' id='word_1_663' title='bbox 2594 4246 2711 4299; x_wconf 87' lang='lat' dir='ltr'><strong>vilis</strong></span> <span class='ocrx_word' id='word_1_664' title='bbox 2741 4244 2890 4313; x_wconf 82' lang='lat' dir='ltr'><strong>quasi</strong></span> <span class='ocrx_word' id='word_1_665' title='bbox 2919 4242 3162 4297; x_wconf 87' lang='lat' dir='ltr'><strong>servulus</strong></span> <span class='ocrx_word' id='word_1_666' title='bbox 3196 4239 3386 4293; x_wconf 73' lang='lat' dir='ltr'><strong>hosds.</strong></span> 
     </span>
    </p>
   </div>
   <div class='ocr_carea' id='block_1_107' title="bbox 2207 4332 3487 4397">
    <p class='ocr_par' dir='ltr' id='par_1_107' title="bbox 2207 4332 3487 4397">
     <span class='ocr_line' id='line_1_107' title="bbox 2207 4332 3487 4397; baseline -0.01 -2"><span class='ocrx_word' id='word_1_667' title='bbox 2207 4344 2313 4396; x_wconf 90' lang='lat' dir='ltr'><strong>llos</strong></span> <span class='ocrx_word' id='word_1_668' title='bbox 2344 4343 2478 4394; x_wconf 90' lang='lat' dir='ltr'><strong>inter</strong></span> <span class='ocrx_word' id='word_1_669' title='bbox 2507 4338 2738 4391; x_wconf 90' lang='lat' dir='ltr'><strong>monitus</strong></span> <span class='ocrx_word' id='word_1_670' title='bbox 2767 4350 2932 4387; x_wconf 86' lang='lat' dir='ltr'><strong>vacuo</strong></span> <span class='ocrx_word' id='word_1_671' title='bbox 2962 4334 3027 4386; x_wconf 89' lang='lat' dir='ltr'><strong>de</strong></span> <span class='ocrx_word' id='word_1_672' title='bbox 3057 4332 3238 4384; x_wconf 80' lang='lat' dir='ltr'><strong>fomite</strong></span> <span class='ocrx_word' id='word_1_673' title='bbox 3265 4343 3487 4397; x_wconf 82' lang='lat' dir='ltr'><strong>surgens</strong></span> 
     </span>
    </p>
   </div>
   <div class='ocr_carea' id='block_1_108' title="bbox 2137 4423 3429 4500">
    <p class='ocr_par' dir='ltr' id='par_1_108' title="bbox 2137 4423 3429 4500">
     <span class='ocr_line' id='line_1_108' title="bbox 2137 4423 3429 4500; baseline -0.009 -15"><span class='ocrx_word' id='word_1_674' title='bbox 2137 4434 2346 4487; x_wconf 79' lang='lat' dir='ltr'><strong>Vicinus</strong></span> <span class='ocrx_word' id='word_1_675' title='bbox 2380 4435 2514 4500; x_wconf 70' lang='lat' dir='ltr'><strong>rapit</strong></span> <span class='ocrx_word' id='word_1_676' title='bbox 2549 4431 2686 4497; x_wconf 86' lang='lat' dir='ltr'><strong>ignis</strong></span> <span class='ocrx_word' id='word_1_677' title='bbox 2716 4429 2856 4482; x_wconf 76' lang='lat' dir='ltr'><strong>edax</strong></span> <span class='ocrx_word' id='word_1_678' title='bbox 2884 4428 2999 4478; x_wconf 86' lang='lat' dir='ltr'><strong>sine</strong></span> <span class='ocrx_word' id='word_1_679' title='bbox 3032 4425 3230 4476; x_wconf 89' lang='lat' dir='ltr'><strong>viribus</strong></span> <span class='ocrx_word' id='word_1_680' title='bbox 3256 4423 3429 4485; x_wconf 70' lang='lat' dir='ltr'><strong>mdes;</strong></span> 
     </span>
    </p>
   </div>
   <div class='ocr_carea' id='block_1_109' title="bbox 2136 4497 3717 4593">
    <p class='ocr_par' dir='ltr' id='par_1_109' title="bbox 2136 4497 3717 4593">
     <span class='ocr_line' id='line_1_109' title="bbox 2136 4497 3717 4593; baseline -0.006 -15"><span class='ocrx_word' id='word_1_681' title='bbox 2136 4529 2355 4593; x_wconf 78' lang='lat' dir='ltr'><strong>Quaque</strong></span> <span class='ocrx_word' id='word_1_682' title='bbox 2399 4526 2541 4577; x_wconf 87' lang='lat' dir='ltr'><strong>faces</strong></span> <span class='ocrx_word' id='word_1_683' title='bbox 2575 4527 2818 4584; x_wconf 84' lang='lat' dir='ltr'><strong>volitant,</strong></span> <span class='ocrx_word' id='word_1_684' title='bbox 2849 4528 3038 4572; x_wconf 85' lang='lat' dir='ltr'><strong>ventus</strong></span> <span class='ocrx_word' id='word_1_685' title='bbox 3065 4497 3304 4585; x_wconf 16' lang='lat' dir='ltr'><strong>juvatiit</strong></span> <span class='ocrx_word' id='word_1_686' title='bbox 3336 4516 3511 4582; x_wconf 84' lang='lat' dir='ltr'><strong>fragor</strong></span> <span class='ocrx_word' id='word_1_687' title='bbox 3534 4508 3717 4569; x_wconf 59' lang='lat' dir='ltr'><strong>astris.</strong></span> 
     </span>
    </p>
   </div>
   <div class='ocr_carea' id='block_1_110' title="bbox 2142 4607 3430 4682">
    <p class='ocr_par' dir='ltr' id='par_1_110' title="bbox 2142 4607 3430 4682">
     <span class='ocr_line' id='line_1_110' title="bbox 2142 4607 3430 4682; baseline -0.013 -9"><span class='ocrx_word' id='word_1_688' title='bbox 2142 4621 2331 4673; x_wconf 81' lang='lat' dir='ltr'><strong>Exsilit</strong></span> <span class='ocrx_word' id='word_1_689' title='bbox 2361 4621 2568 4670; x_wconf 87' lang='lat' dir='ltr'><strong>elusum</strong></span> <span class='ocrx_word' id='word_1_690' title='bbox 2603 4615 2812 4682; x_wconf 88' lang='lat' dir='ltr'><strong>trepido</strong></span> <span class='ocrx_word' id='word_1_691' title='bbox 2844 4615 3213 4679; x_wconf 76' lang='lat' dir='ltr'><strong>phantasmate</strong></span> <span class='ocrx_word' id='word_1_692' title='bbox 3243 4607 3430 4673; x_wconf 88' lang='lat' dir='ltr'><strong>vulgus</strong></span> 
     </span>
    </p>
   </div>
   <div class='ocr_carea' id='block_1_111' title="bbox 2142 4696 3464 4768">
    <p class='ocr_par' dir='ltr' id='par_1_111' title="bbox 2142 4696 3464 4768">
     <span class='ocr_line' id='line_1_111' title="bbox 2142 4696 3464 4768; baseline -0.014 -3"><span class='ocrx_word' id='word_1_693' title='bbox 2142 4712 2432 4766; x_wconf 79' lang='lat' dir='ltr'><strong>Festiuum.</strong></span> <span class='ocrx_word' id='word_1_694' title='bbox 2469 4708 2748 4768; x_wconf 72' lang='lat' dir='ltr'><strong>ignivomis</strong></span> <span class='ocrx_word' id='word_1_695' title='bbox 2777 4703 2914 4755; x_wconf 89' lang='lat' dir='ltr'><strong>nuda</strong></span> <span class='ocrx_word' id='word_1_696' title='bbox 2944 4714 3257 4753; x_wconf 82' lang='lat' dir='ltr'><strong>succurrere</strong></span> <span class='ocrx_word' id='word_1_697' title='bbox 3291 4696 3464 4747; x_wconf 82' lang='lat' dir='ltr'><strong>tectis.</strong></span> 
     </span>
    </p>
   </div>
   <div class='ocr_carea' id='block_1_112' title="bbox 2143 4787 3360 4858">
    <p class='ocr_par' dir='ltr' id='par_1_112' title="bbox 2143 4787 3360 4858">
     <span class='ocr_line' id='line_1_112' title="bbox 2143 4787 3360 4858; baseline -0.016 -3"><span class='ocrx_word' id='word_1_698' title='bbox 2143 4802 2328 4855; x_wconf 78' lang='lat' dir='ltr'><strong>Nescia</strong></span> <span class='ocrx_word' id='word_1_699' title='bbox 2358 4799 2449 4851; x_wconf 90' lang='lat' dir='ltr'><strong>sed</strong></span> <span class='ocrx_word' id='word_1_700' title='bbox 2483 4795 2616 4849; x_wconf 79' lang='lat' dir='ltr'><strong>fusis</strong></span> <span class='ocrx_word' id='word_1_701' title='bbox 2643 4794 2848 4846; x_wconf 78' lang='lat' dir='ltr'><strong>fallacia</strong></span> <span class='ocrx_word' id='word_1_702' title='bbox 2883 4792 3076 4844; x_wconf 85' lang='lat' dir='ltr'><strong>cedere</strong></span> <span class='ocrx_word' id='word_1_703' title='bbox 3109 4787 3360 4858; x_wconf 81' lang='lat' dir='ltr'><strong>lymphis,</strong></span> 
     </span>
    </p>
   </div>
   <div class='ocr_carea' id='block_1_113' title="bbox 2150 4875 3519 4959">
    <p class='ocr_par' dir='ltr' id='par_1_113' title="bbox 2150 4875 3519 4959">
     <span class='ocr_line' id='line_1_113' title="bbox 2150 4875 3519 4959; baseline -0.017 -13"><span class='ocrx_word' id='word_1_704' title='bbox 2150 4894 2261 4959; x_wconf 90' lang='lat' dir='ltr'><strong>Ipsa</strong></span> <span class='ocrx_word' id='word_1_705' title='bbox 2293 4890 2370 4944; x_wconf 88' lang='lat' dir='ltr'><strong>sui</strong></span> <span class='ocrx_word' id='word_1_706' title='bbox 2402 4889 2615 4942; x_wconf 84' lang='lat' dir='ltr'><strong>levitate</strong></span> <span class='ocrx_word' id='word_1_707' title='bbox 2648 4884 2805 4951; x_wconf 86' lang='lat' dir='ltr'><strong>perit,</strong></span> <span class='ocrx_word' id='word_1_708' title='bbox 2843 4882 3145 4950; x_wconf 77' lang='lat' dir='ltr'><strong>patriasque</strong></span> <span class='ocrx_word' id='word_1_709' title='bbox 3178 4879 3276 4930; x_wconf 88' lang='lat' dir='ltr'><strong>sub</strong></span> <span class='ocrx_word' id='word_1_710' title='bbox 3303 4875 3519 4928; x_wconf 86' lang='lat' dir='ltr'><strong>umbras</strong></span> 
     </span>
    </p>
   </div>
   <div class='ocr_carea' id='block_1_114' title="bbox 2153 4964 3650 5049">
    <p class='ocr_par' dir='ltr' id='par_1_114' title="bbox 2153 4964 3650 5049">
     <span class='ocr_line' id='line_1_114' title="bbox 2153 4964 3650 5049; baseline -0.011 -13"><span class='ocrx_word' id='word_1_711' title='bbox 2153 4984 2344 5049; x_wconf 81' lang='lat' dir='ltr'><strong>I’ompa</strong></span> <span class='ocrx_word' id='word_1_712' title='bbox 2379 4980 2537 5041; x_wconf 88' lang='lat' dir='ltr'><strong>redit,</strong></span> <span class='ocrx_word' id='word_1_713' title='bbox 2568 4990 2840 5043; x_wconf 88' lang='lat' dir='ltr'><strong>vanusque</strong></span> <span class='ocrx_word' id='word_1_714' title='bbox 2865 4975 3008 5041; x_wconf 80' lang='lat' dir='ltr'><strong>Vagis</strong></span> <span class='ocrx_word' id='word_1_715' title='bbox 3035 4971 3190 5024; x_wconf 89' lang='lat' dir='ltr'><strong>dolus</strong></span> <span class='ocrx_word' id='word_1_716' title='bbox 3217 4969 3429 5024; x_wconf 86' lang='lat' dir='ltr'><strong>abditur</strong></span> <span class='ocrx_word' id='word_1_717' title='bbox 3459 4964 3650 5020; x_wconf 73' lang='lat' dir='ltr'><strong>antris.</strong></span> 
     </span>
    </p>
   </div>
   <div class='ocr_carea' id='block_1_115' title="bbox 2149 5064 3543 5128">
    <p class='ocr_par' dir='ltr' id='par_1_115' title="bbox 2149 5064 3543 5128">
     <span class='ocr_line' id='line_1_115' title="bbox 2149 5064 3543 5128; baseline -0.013 0"><span class='ocrx_word' id='word_1_718' title='bbox 2149 5071 2369 5128; x_wconf 84' lang='lat' dir='ltr'><strong>Confnsi</strong></span> <span class='ocrx_word' id='word_1_719' title='bbox 2402 5070 2609 5123; x_wconf 89' lang='lat' dir='ltr'><strong>rediere</strong></span> <span class='ocrx_word' id='word_1_720' title='bbox 2639 5069 2888 5128; x_wconf 87' lang='lat' dir='ltr'><strong>domum;</strong></span> <span class='ocrx_word' id='word_1_721' title='bbox 2922 5064 3236 5128; x_wconf 87' lang='lat' dir='ltr'><strong>veniamque</strong></span> <span class='ocrx_word' id='word_1_722' title='bbox 3267 5066 3543 5126; x_wconf 83' lang='lat' dir='ltr'><strong>precantes</strong></span> 
     </span>
    </p>
   </div>
   <div class='ocr_carea' id='block_1_116' title="bbox 2152 5150 3396 5230">
    <p class='ocr_par' dir='ltr' id='par_1_116' title="bbox 2152 5150 3396 5230">
     <span class='ocr_line' id='line_1_116' title="bbox 2152 5150 3396 5230; baseline -0.014 -10"><span class='ocrx_word' id='word_1_723' title='bbox 2152 5167 2387 5220; x_wconf 70' lang='lat' dir='ltr'><strong>Exorant</strong></span> <span class='ocrx_word' id='word_1_724' title='bbox 2418 5162 2571 5230; x_wconf 86' lang='lat' dir='ltr'><strong>pruni</strong></span> <span class='ocrx_word' id='word_1_725' title='bbox 2610 5170 2804 5224; x_wconf 69' lang='lat' dir='ltr'><strong>vati-tn,</strong></span> <span class='ocrx_word' id='word_1_726' title='bbox 2841 5157 3157 5222; x_wconf 73' lang='lat' dir='ltr'><strong>fragilesque</strong></span> <span class='ocrx_word' id='word_1_727' title='bbox 3183 5150 3396 5219; x_wconf 87' lang='lat' dir='ltr'><strong>superbi</strong></span> 
     </span>
    </p>
   </div>
   <div class='ocr_carea' id='block_1_117' title="bbox 2151 5242 3400 5326">
    <p class='ocr_par' dir='ltr' id='par_1_117' title="bbox 2151 5242 3400 5326">
     <span class='ocr_line' id='line_1_117' title="bbox 2151 5242 3400 5326; baseline -0.016 -13"><span class='ocrx_word' id='word_1_728' title='bbox 2151 5260 2220 5313; x_wconf 89' lang='lat' dir='ltr'><strong>Se</strong></span> <span class='ocrx_word' id='word_1_729' title='bbox 2246 5258 2477 5326; x_wconf 84' lang='lat' dir='ltr'><strong>gaudent</strong></span> <span class='ocrx_word' id='word_1_730' title='bbox 2507 5268 2731 5322; x_wconf 54' lang='lat' dir='ltr'><strong>agnosse</strong></span> <span class='ocrx_word' id='word_1_731' title='bbox 2761 5251 2946 5313; x_wconf 83' lang='lat' dir='ltr'><strong>dolos;</strong></span> <span class='ocrx_word' id='word_1_732' title='bbox 2975 5263 3038 5300; x_wconf 88' lang='lat' dir='ltr'><strong>ac</strong></span> <span class='ocrx_word' id='word_1_733' title='bbox 3061 5247 3163 5299; x_wconf 84' lang='lat' dir='ltr'><strong>tela</strong></span> <span class='ocrx_word' id='word_1_734' title='bbox 3193 5242 3400 5313; x_wconf 88' lang='lat' dir='ltr'><strong>tyranni</strong></span> 
     </span>
    </p>
   </div>
   <div class='ocr_carea' id='block_1_118' title="bbox 2151 5333 3476 5416">
    <p class='ocr_par' dir='ltr' id='par_1_118' title="bbox 2151 5333 3476 5416">
     <span class='ocr_line' id='line_1_118' title="bbox 2151 5333 3476 5416; baseline -0.015 -12"><span class='ocrx_word' id='word_1_735' title='bbox 2151 5351 2382 5416; x_wconf 70' lang='lat' dir='ltr'><strong>Spiritus</strong></span> <span class='ocrx_word' id='word_1_736' title='bbox 2413 5345 2691 5408; x_wconf 67' lang='lat' dir='ltr'><strong>exstinxit,</strong></span> <span class='ocrx_word' id='word_1_737' title='bbox 2726 5343 2863 5395; x_wconf 80' lang='lat' dir='ltr'><strong>sacri</strong></span> <span class='ocrx_word' id='word_1_738' title='bbox 2893 5357 3010 5409; x_wconf 81' lang='lat' dir='ltr'><strong>qtue</strong></span> <span class='ocrx_word' id='word_1_739' title='bbox 3043 5337 3261 5406; x_wconf 71' lang='lat' dir='ltr'><strong>praescia</strong></span> <span class='ocrx_word' id='word_1_740' title='bbox 3292 5333 3476 5387; x_wconf 88' lang='lat' dir='ltr'><strong>virtus.</strong></span> 
     </span>
    </p>
   </div>
   <div class='ocr_carea' id='block_1_119' title="bbox 2154 5446 3736 5520">
    <p class='ocr_par' dir='ltr' id='par_1_119' title="bbox 2154 5446 3736 5520">
     <span class='ocr_line' id='line_1_119' title="bbox 2154 5446 3736 5520; baseline -0.012 -3"><span class='ocrx_word' id='word_1_741' title='bbox 2154 5461 2382 5518; x_wconf 62' lang='lat' dir='ltr'><strong>CAPUT</strong></span> <span class='ocrx_word' id='word_1_742' title='bbox 2425 5456 2560 5511; x_wconf 70' lang='lat' dir='ltr'><strong>XIII.</strong></span> <span class='ocrx_word' id='word_1_743' title='bbox 2628 5455 2893 5520; x_wconf 82' lang='lat' dir='ltr'><strong>Quomodo</strong></span> <span class='ocrx_word' id='word_1_744' title='bbox 2949 5453 3180 5519; x_wconf 74' lang='lat' dir='ltr'><strong>ﬂammas</strong></span> <span class='ocrx_word' id='word_1_745' title='bbox 3236 5448 3507 5516; x_wconf 73' lang='lat' dir='ltr'><strong>cujusdam</strong></span> <span class='ocrx_word' id='word_1_746' title='bbox 3551 5446 3736 5498; x_wconf 80' lang='lat' dir='ltr'><strong>domus</strong></span> 
     </span>
    </p>
   </div>
   <div class='ocr_carea' id='block_1_120' title="bbox 2539 5521 3356 5595">
    <p class='ocr_par' dir='ltr' id='par_1_120' title="bbox 2539 5521 3356 5595">
     <span class='ocr_line' id='line_1_120' title="bbox 2539 5521 3356 5595; baseline -0.011 -16"><span class='ocrx_word' id='word_1_747' title='bbox 2539 5527 2766 5580; x_wconf 78' lang='lat' dir='ltr'><strong>ardentis</strong></span> <span class='ocrx_word' id='word_1_748' title='bbox 2800 5527 3028 5576; x_wconf 83' lang='lat' dir='ltr'><strong>oratione</strong></span> <span class='ocrx_word' id='word_1_749' title='bbox 3050 5521 3356 5595; x_wconf 73' lang='lat' dir='ltr'><strong>restinxerit.</strong></span> 
     </span>
    </p>
   </div>
   <div class='ocr_carea' id='block_1_121' title="bbox 2233 5632 3566 5716">
    <p class='ocr_par' dir='ltr' id='par_1_121' title="bbox 2233 5632 3566 5716">
     <span class='ocr_line' id='line_1_121' title="bbox 2233 5632 3566 5716; baseline -0.006 -20"><span class='ocrx_word' id='word_1_750' title='bbox 2233 5647 2368 5716; x_wconf 80' lang='lat' dir='ltr'><strong>Quin</strong></span> <span class='ocrx_word' id='word_1_751' title='bbox 2395 5644 2554 5700; x_wconf 88' lang='lat' dir='ltr'><strong>etiam</strong></span> <span class='ocrx_word' id='word_1_752' title='bbox 2589 5641 2699 5695; x_wconf 89' lang='lat' dir='ltr'><strong>veri</strong></span> <span class='ocrx_word' id='word_1_753' title='bbox 2732 5637 2960 5693; x_wconf 82' lang='lat' dir='ltr'><strong>flammis</strong></span> <span class='ocrx_word' id='word_1_754' title='bbox 3005 5633 3386 5706; x_wconf 86' lang='lat' dir='ltr'><strong>crepitantibus</strong></span> <span class='ocrx_word' id='word_1_755' title='bbox 3415 5632 3566 5701; x_wconf 71' lang='lat' dir='ltr'><strong>ignes</strong></span> 
     </span>
    </p>
   </div>
  </div>
