4220 6470
595 361 700 420 9‘83

598 474 759 530 Arida
791 473 1080 542 diriperent
1109 470 1231 524 tecti
1264 470 1389 524 dum
1421 472 1652 526 culmina
1685 474 1977 541 quondam,

597 565 839 619 Incubuit
864 561 1106 631 precibus
1133 569 1427 628 ventosque
1460 562 1713 630 laresque
1744 573 2061 632 retorquens

600 654 740 708 Voce
762 653 956 722 pericla
991 650 1155 719 fugat,
1182 649 1436 719 juvenum
1466 668 1583 720 qua:
1613 653 1796 706 dextra
1823 655 2094 721 nequibat.

592 746 699 800 Nec
732 746 921 799 mirum
953 745 1057 797 vati
1091 742 1329 813 fragilem
1370 745 1598 799 cessisse
1626 746 1914 812 caminum,

588 837 832 906 Igniferis
862 835 1072 890 Satanae
1097 838 1185 901 qui
1217 835 1421 904 spicula
1454 845 1586 890 torta
1620 836 1884 905 pharetris

590 927 839 982 Etherio
869 936 1051 980 suerat
1071 926 1303 979 umbone
1331 926 1557 979 relidcre
1586 925 1809 981 Christi.

583 1041 812 1098 CAPUT
852 1039 991 1095 XIV.
1036 1040 1268 1103 Qualiter
1289 1040 1597 1093 (flamonium
1620 1042 1684 1093 ab
1713 1057 1873 1095 uxore
1894 1042 2164 1110 cujusdam

972 1114 1189 1164 necdum
1236 1111 1503 1163 adveniens
1544 1112 1765 1180 ejecerit.

648 1228 751 1283 Vir
774 1228 919 1282 venit
939 1228 1002 1280 ad
1028 1240 1327 1296 procerem,
1348 1224 1677 1295 trepidisque
1702 1227 2002 1293 precamiua
2034 1241 2161 1295 sup-

1941 1317 2087 1389 [plex

580 1411 814 1465 Vocibus
846 1409 1155 1477 ingeminat.
1192 1408 1344 1463 Lethi
1373 1408 1472 1463 sub
1505 1408 1687 1462 limine
1714 1410 1909 1475 conjux

579 1503 753 1557 Chara
791 1503 953 1568 jacet,
981 1501 1088 1568 jam
1118 1510 1265 1554 artus
1293 1515 1453 1555 sensu
1486 1499 1719 1568 fugiente
1748 1501 2053 1567 rigescunt;

578 1591 697 1646 Vita
727 1603 961 1646 tremens
993 1600 1191 1645 tantum
1220 1592 1319 1646 sub
1352 1601 1568 1659 pectore
1599 1593 1771 1647 fervet
1796 1592 2011 1647 anhelo.

580 1682 759 1749 Mitte,
793 1696 1002 1750 precor,
1035 1681 1232 1735 Christi
1266 1681 1425 1734 modo
1453 1681 1541 1747 qui
1572 1681 1822 1751 mysteria
1854 1689 2051 1746 portet,

582 1772 813 1842 Spiritus
836 1782 961 1827 ante
985 1771 1128 1843 fugat
1148 1787 1306 1842 quam
1334 1772 1526 1839 pallida
1554 1773 1793 1827 membra
1823 1774 2105 1841 relinquat.

584 1866 829 1933 Dumque
856 1874 1003 1933 parat
1026 1864 1134 1932 jam
1161 1872 1186 1899 δ
1210 1862 1346 1916 vatis
1371 1862 1471 1916 iter
1495 1878 1651 1931 quem
1681 1863 1857 1916 mittat
1881 1863 1931 1916 in
1959 1862 2098 1919 istud

585 1956 873 2026 (Tempore
901 1970 1132 2024 namque
1161 1952 1255 2006 fuit
1280 1950 1729 2006 Lindisfarnensis
1758 1953 1809 2005 in
1840 1952 1931 2007 illo

584 2048 913 2115 Praepositus
943 2046 1139 2114 cellas),
1169 2054 1379 2100 secreto
1407 2046 1623 2098 numine
1648 2045 1806 2097 discit

581 2140 696 2195 Non
722 2139 848 2193 lethi
872 2153 1156 2193 commune
1178 2151 1368 2206 genus,
1394 2138 1486 2190 sed
1511 2136 1769 2190 daemonis
1795 2136 1895 2190 atri

582 2234 854 2289 Saevitiam
883 2232 1077 2286 misere
1108 2230 1237 2284 diris
1266 2229 1569 2283 incumbere
1596 2230 1784 2297 pinnis.

579 2329 651 2383 Se
680 2328 844 2396 magis
872 2326 1133 2387 exhibuit.
1161 2327 1393 2379 subeunt
1424 2324 1546 2384 iter.
1578 2338 1704 2377 ecce
1733 2331 1952 2391 repente

582 2418 819 2474 Solvitur
849 2418 899 2471 in
932 2417 1197 2486 lacrymas
1225 2415 1435 2479 ductor,
1465 2424 1518 2468 et
1549 2424 1763 2483 pectore
1794 2412 1929 2466 tris:i

580 2510 809 2566 Sedulus
842 2508 1104 2562 horrescit
1135 2503 1376 2567 veniens,
1408 2520 1473 2559 ue
1501 2505 1634 2558 vatis
1658 2514 1888 2558 amatam

587 2600 946 2667 Dilectatnque
976 2596 1063 2651 diu
1093 2611 1291 2649 vesano
1321 2596 1480 2649 corda
1510 2592 1690 2648 furore

584 2690 827 2743 Pressam
857 2688 902 2743 si
930 2696 1134 2747 cernat.
1166 2686 1352 2753 prisca:
1380 2684 1612 2752 suspicio
1640 2684 1781 2747 vita,

576 2783 793 2852 Surgat,
823 2795 877 2836 et
906 2782 1176 2850 antiquam
1214 2779 1374 2832 lzedat
1402 2790 1524 2832 nota
1551 2776 1790 2844 improba
1819 2776 2033 2831 famam.

576 2873 816 2941 Namque
846 2870 1164 2925 ministeriis
1190 2873 1441 2924 assistere
1470 2868 1652 2923 sedula
1682 2867 1816 2921 vatis

578 2969 898 3029 Consuerat,
930 2967 1241 3033 hibulasque
1270 2980 1425 3019 aures
1456 2966 1694 3033 praebere
1723 2964 1956 3019 docenti.

580 3060 674 3114 Ille
703 3061 788 3127 pio
817 3059 1032 3112 tetricas
1058 3058 1263 3111 relevat
1287 3056 1547 3111 solamine
1571 3071 1746 3109 curas.

585 3151 722 3217 Quid
754 3150 939 3219 gemis,
972 3159 1025 3204 et
1054 3149 1196 3203 taciti
1227 3146 1538 3218 liquefactus
1565 3148 1632 3202 ab
1659 3148 1778 3216 igne
1804 3148 1995 3201 camini

581 3242 832 3297 Ablueris
862 3241 996 3295 tristi
1026 3240 1133 3308 jatn
1166 3238 1396 3307 pectoris
1429 3240 1601 3293 indice
1632 3239 1845 3309 lympha
1870 3242 1893 3291 2’

578 3338 731 3386 Anne
764 3340 916 3400 putas
944 3331 1130 3385 adeam
1162 3330 1341 3385 charte
1372 3345 1491 3383 cum
1525 3339 1658 3383 tecta
1689 3329 1913 3391 sodalis.

577 3422 727 3476 Illam
760 3436 919 3489 posse
945 3420 1061 3488 capi
1091 3434 1228 3473 nexu
1260 3418 1557 3473 bacchante
1584 3418 1870 3489 chelydri?

579 3515 724 3568 Vinci
752 3514 838 3583 qui
867 3514 1072 3568 crebris
1100 3513 1288 3566 solitus
1315 3512 1673 3575 conﬂictibus,
1707 3519 1764 3565 et
1790 3526 1933 3565 nunc

585 3606 799 3661 Victrici
829 3604 950 3658 fidei
983 3603 1158 3673 gladio
1187 3604 1524 3672 superabitur
1551 3604 1739 3657 hostis.

579 3698 796 3751 Femina
826 3699 956 3763 quin
989 3695 1163 3762 potius
1189 3696 1528 3749 venientibus
1556 3695 1713 3748 obvia
1742 3694 1896 3748 nobis

578 3790 710 3843 Istas
739 3788 969 3854 excipiet
994 3802 1138 3841 same
1160 3785 1270 3855 jam
1303 3788 1496 3841 mentis
1524 3786 1779 3841 habenas.

583 3881 727 3934 Dicta
758 3881 887 3933 fiunt
912 3896 925 3931 :
957 3892 1153 3932 venere
1180 3877 1420 3942 domum,
1454 3878 1585 3947 fugit
1612 3878 1808 3941 efferus
1835 3893 2041 3946 anguis,

578 3973 823 4026 Occurrit
851 3972 1040 4026 mulier
1069 3985 1275 4038 sospes,
1310 3971 1608 4039 dextraque
1638 3970 1974 4037 prehendens

583 4061 774 4125 Frena,
807 4069 958 4127 rogat
990 4069 1163 4114 vatem
1190 4060 1519 4115 descendere
1544 4063 1801 4127 adireque
1831 4070 1969 4113 tecta

576 4150 827 4219 Dignetur
857 4149 1092 4213 famulae,
1129 4150 1364 4218 pandens
1395 4163 1538 4203 nova
1566 4150 1703 4204 dona
1734 4149 1943 4213 salutis,

576 4243 703 4311 Ejus
727 4242 793 4295 ad
821 4241 1106 4295 adventum
1136 4242 1344 4311 fugiens
1375 4254 1430 4295 ut
1460 4245 1687 4298 cesserit
1709 4242 1736 4282 ιι
1759 4245 1979 4313 hydros.

575 4373 802 4427 CAPUT
842 4372 958 4445 X_V.
1004 4374 1237 4439 Qualiter
1272 4374 1615 4429 anachorisim
1654 4376 1924 4430 meditatus
1947 4417 1962 4442 ,
2012 4375 2156 4445 apud

872 4443 1320 4513 Lintlislaritenses
1351 4448 1625 4501 monachos
1654 4448 1855 4501 vixerit.

647 4556 794 4611 Talia
826 4557 1115 4610 mirantum
1147 4555 1318 4627 fragili
1346 4573 1415 4612 ne
1447 4559 1607 4614 laude
1637 4576 1883 4630 superna:

573 4646 927 4717 leestisque
957 4663 1146 4703 exsors
1178 4648 1331 4703 famas
1360 4649 1519 4717 foret,
1550 4652 1727 4706 abdita
1758 4652 1959 4709 mavult

575 4740 779 4794 Secreti
812 4741 1039 4794 lustrare
1072 4741 1203 4805 Deo,
1237 4757 1342 4810 quo
1372 4751 1508 4797 teste
1537 4746 1739 4799 valeret

532 4852 544 4865 θ
575 4833 771 4888 Laudis
799 4833 867 4887 ab
896 4836 1141 4887 humanae
1175 4834 1309 4889 liber
1337 4836 1596 4891 munirier
1618 4852 1770 4902 aura,

574 4926 813 4997 Cumque
845 4928 923 4980 sui
956 4928 1126 4997 primo
1151 4928 1312 4996 jussis
1342 4932 1593 4985 antistitis
1622 4942 1771 4986 actus

580 5017 851 5074 Fratribus
877 5021 1125 5088 exemplo
1153 5021 1359 5075 virtutis
1391 5024 1626 5092 pandere
1654 5025 1862 5079 callem.

575 5094 661 5168 Fit
692 5113 970 5168 monachis
994 5116 1198 5179 socius,
1228 5130 1362 5184 quos
1390 5116 1755 5173 Lindisfarnea
1786 5121 1957 5189 glauci

575 5203 749 5257 Insula
781 5204 927 5257 clara
958 5204 1122 5258 maris
1151 5204 1333 5259 reﬂuis
1359 5206 1665 5262 circumluit
1694 5210 1874 5275 undis,

577 5294 744 5364 Inque
774 5296 919 5350 brevi
948 5311 1049 5365 qua
1081 5297 1234 5365 plura
1265 5297 1441 5353 nitens
1471 5314 1564 5367 per
1589 5302 1735 5369 signa
1767 5319 2021 5360 coruscus

579 5386 748 5455 Erigit
777 5389 1087 5443 innumeros
1115 5388 1286 5459 pulsis
1312 5389 1660 5459 languoribus
1690 5409 1882 5465 aegros,

580 5476 762 5534 llostis
791 5491 847 5535 et
876 5491 986 5535 atra
1018 5486 1192 5537 crucis
1221 5481 1384 5538 rutilo
1414 5482 1561 5552 fugat
1590 5500 1735 5541 arma
1772 5499 1990 5557 tropaao.

650 5635 791 5712 fSic
822 5636 1020 5717 passim
1058 5638 1196 5719 Beda
1224 5641 1354 5695 vatis
1383 5642 1450 5719 lin
1493 5654 1641 5719 recto
1682 5660 1939 5719 usurpat,
1986 5652 2144 5707 etiam

578 5703 671 5812 ub;
696 5709 969 5839 iligi‘hcssgit
1000 5711 1157 5765 metri
1186 5712 1502 5781 necessitas,
1532 5726 1587 5769 ut
1614 5716 1773 5779 infra.
1803 5703 2043 5790 capfl'l'.

1308 353 1511 408 ΒΕΟίΕ
1555 355 2011 412 VENERABILIS
2052 358 2203 414 OPP.
2248 359 2445 415 PARS.
2489 357 2573 413 Ill.
2618 386 2684 396 ——
2726 352 3203 410 PARA'INETICA.

3750 355 3864 407 58b

2200 492 2248 547 Α
2282 475 2409 539 Quae
2443 473 2575 528 facie
2600 472 2841 541 quamvis
2868 471 3083 534 absens,
3117 469 3212 525 sed
3244 479 3461 539 pectore
3492 484 3727 539 praesens

2274 565 2518 618 Conterit
2536 606 2551 625 .
2575 574 2623 617 et
2651 563 2793 618 findo
2816 562 3014 617 Christi
3040 562 3257 616 domum
3284 561 3352 616 ab
3377 562 3581 630 hospite
3605 562 3858 618 mundat.

2270 654 2538 709 Internam
2572 654 2697 721 quid
2725 655 2866 707 enim
2899 667 3067 708 coner
3093 653 3403 707 describere
3430 654 3589 707 vitam
3612 654 3637 708 ἲ

2267 742 2435 809 Quam
2466 742 2641 797 dulcis
2668 758 2947 809 sermone,
2980 743 3228 810 gravisve
3257 745 3487 807 actibus,
3514 755 3569 799 et
3595 760 3753 814 quam

2270 838 2565 886 Accensam
2595 832 2846 901 lacrymis
2873 844 2894 869 ε
2923 834 3129 886 acnarit
3153 833 3219 886 ad
3249 837 3448 887 atthers
3478 844 3732 903 mentem,

2265 921 2397 975 Cum
2427 923 2593 977 decus
2620 933 2903 977 externum
2935 924 3050 991 puri
3078 925 3146 977 sit
3173 927 3405 994 pectoris
3435 925 3591 980 index
3617 928 3631 979 !

2265 1057 2490 1115 CAPUT
2524 1058 2661 1113 XVI.
2694 1059 2910 1123 Qualem
2938 1060 3032 1113 sibi
3062 1062 3116 1112 in
3141 1061 3311 1113 insula
3340 1059 3515 1116 Farne
3546 1063 3706 1129 pulsis
3733 1067 3858 1118 da:-

2631 1132 2863 1184 monibus
2891 1132 3253 1185 habitationem
3279 1133 3477 1200 fecerit.

2336 1240 2573 1295 Tandem
2603 1241 2778 1295 Farne
2808 1242 2937 1310 petit
2967 1243 3174 1307 senior,
3206 1245 3505 1314 cupitisque
3536 1244 3737 1312 potitus

2264 1331 2521 1396 Sedibus,
2554 1332 2834 1402 indigenas
2862 1336 3029 1402 patria
3062 1334 3206 1403 fugat
3234 1336 3462 1405 impiger
3488 1347 3655 1393 atros.

2265 1424 2358 1479 Illa
2388 1424 2535 1494 prius
2568 1440 2690 1480 nam
2724 1427 2952 1482 horrens
2982 1428 3276 1482 larvalibus
3309 1430 3480 1483 insula
3512 1429 3692 1484 ﬂabris

2264 1515 2494 1569 Arcebat
2524 1516 2753 1571 humana
2784 1518 2942 1573 minis
2968 1520 3238 1574 consortia
3269 1520 3451 1574 caecis.

2263 1607 2434 1671 Quam
2464 1607 2673 1661 Domini
2709 1623 2829 1663 mox
2867 1623 3057 1663 servus
3088 1610 3233 1676 adit;
3265 1625 3425 1665 cruce
3450 1610 3665 1666 territus
3690 1620 3849 1665 atrox

2264 1702 2449 1757 Turbo
2474 1702 2607 1774 fugit
2637 1718 2730 1772 per
2755 1705 2917 1760 inane
2944 1705 3061 1773 vagi
3090 1705 3244 1775 quasi
3278 1704 3455 1774 portio
3486 1704 3634 1759 fumi.

2266 1790 2358 1846 Illa
2392 1808 2587 1849 serena
2620 1804 2811 1849 tenens
2838 1804 3097 1863 pereunte
3127 1795 3409 1865 tyrannide
3438 1809 3618 1866 regna,

2191 1856 2238 1915 Β
2268 1884 2532 1939 Terrestri
2564 1856 2853 1940 aetheriam
2871 1901 3028 1941 sacer
3056 1856 3248 1957 aggere
3275 1856 3751 1953 condidniurbem,

2267 1978 2442 2043 Atque
2473 1976 2703 2031 humiles
2729 1977 2890 2032 celsis
2917 1979 3105 2033 statuit
3132 1979 3230 2032 sub
3260 1979 3528 2035 manibus
3554 1982 3718 2034 aedes.

2265 2065 2306 2120 Ε
2336 2067 2527 2137 quibus
2552 2068 2855 2122 astriferum
2888 2077 3089 2123 tantum
3119 2079 3393 2139 aspectare
3420 2083 3673 2125 cacumen

2266 2157 2471 2224 Posset,
2508 2168 2564 2211 et
2590 2172 2621 2211 a
2643 2158 2787 2212 celso
2812 2167 3049 2215 secretus
3074 2159 3219 2231 Rege
3244 2162 3401 2216 tueri.

2268 2248 2393 2303 llaec
2424 2260 2477 2304 et
2506 2258 2563 2305 ut
2594 2249 2647 2304 in
2674 2252 2883 2306 cunctis
2910 2252 3088 2307 divina
3119 2264 3421 2322 patesceret
3444 2257 3572 2311 almi

2259 2341 2463 2407 Virtus,
2494 2344 2787 2399 missilibus
2817 2346 3055 2399 firmavit
3084 2347 3281 2402 moenia
3306 2350 3471 2413 saxis,

2262 2431 2360 2487 Vix
2388 2448 2513 2503 qua:
2546 2434 2629 2490 bis
2662 2436 2800 2490 terni
2828 2437 3043 2493 cervice
3071 2439 3251 2494 subire
3281 2451 3543 2508 potentes,

2264 2521 2363 2579 Ille
2392 2526 2487 2580 sed
2516 2536 2800 2595 asportans
2826 2528 2995 2583 muris
3024 2529 3301 2597 imponere
3330 2532 3477 2586 solus

2257 2614 2562 2682 Sufficeret,
2594 2619 2792 2672 summi
2824 2620 3008 2673 dextra
3037 2620 3329 2677 comitante
3366 2620 3641 2679 Tonantis.

2258 2750 2682 2829 CAPUTXVII.
2730 2756 2961 2829 Qualiter
2986 2758 3218 2826 precibus
3251 2776 3434 2824 aquam
3456 2762 3520 2814 de
3540 2763 3688 2815 arida
3720 2780 3839 2829 pro-

2328 2825 2564 2905 duxerit,
2586 2828 2673 2895 qui
2710 2829 2861 2881 etiam
2891 2825 3106 2881 bibendo
3135 2833 3399 2899 quandam
3428 2848 3589 2902 aquas
3629 2834 3680 2887 in
3720 2825 3841 2887 cina

2328 2906 2588 2950 convertit.

2333 3030 2518 3085 Fontis
2548 3031 2703 3099 inops
2728 3033 2898 3086 fuerat
2923 3033 3073 3089 locus
3096 3034 3200 3099 hic,
3223 3036 3315 3089 sed
3337 3048 3551 3093 sanctus
3570 3056 3838 3095 amoenam

2261 3124 2473 3179 Excutit
2501 3126 2711 3179 insolita
2746 3127 2996 3195 precibus
3026 3129 3315 3184 dulcedine
3348 3131 3641 3201 lympham.

2185 3204 2230 3266 C
2264 3215 2385 3268 Ilaec
2415 3216 2552 3269 sacri
2584 3217 2762 3269 media
2790 3218 3070 3273 Cuthberti
3103 3230 3222 3273 nata
3250 3222 3348 3275 sub
3376 3224 3492 3276 aula

2263 3305 2474 3360 Prtcbet
2500 3308 2674 3362 adhuc
2704 3310 2912 3363 cunctis
2945 3324 3161 3365 suavem
3194 3315 3499 3380 potantibus
3528 3316 3793 3370 haustum.

2259 3396 2370 3452 Nec
2402 3397 2598 3452 mirum
2632 3399 2732 3453 hoc
2762 3399 2972 3455 Domini
3005 3402 3261 3457 famulum
3295 3408 3533 3473 potuisse
3562 3410 3775 3471 mereri,

2257 3492 2358 3557 Qui
2389 3492 2658 3560 quondam
2692 3495 2922 3550 saliente
2949 3496 3093 3552 sitim
3120 3497 3246 3552 dum
3277 3499 3497 3567 pelleret
3528 3507 3686 3567 unda,

2258 3577 2313 3631 In
2345 3594 2617 3635 meracum
2650 3582 2836 3640 latices
2866 3585 3035 3641 valuit
3060 3598 3377 3645 convertere
3405 3604 3607 3647 nectar.

2254 3710 2481 3771 CAPUT
2521 3716 2705 3772 XVIII.
2751 3718 2984 3786 Qualiter
3008 3740 3040 3775 a
3067 3740 3228 3778 messe
3254 3742 3405 3794 quam
3440 3744 3534 3781 sua
3565 3746 3716 3781 manu
3744 3746 3832 3781 se-

2718 3803 2855 3844 uerat
2884 3795 3108 3848 uolucres
3136 3795 3378 3867 abegerit:

2327 3919 2533 3990 Quique
2559 3923 2671 3975 suis
2699 3924 2921 3993 cupiens
2948 3925 3147 3981 victum
3177 3929 3494 4001 conquirere
3523 3932 3737 4001 palmis,

2258 4007 2513 4063 lncultam
2544 4021 2811 4077 pertentat
2840 4016 3057 4070 humum
3090 4020 3442 4086 proscindere
3472 4021 3631 4086 ferro,

2259 4100 2323 4154 Et
2351 4110 2499 4156 Sator
2525 4104 2773 4159 edomitis
2805 4109 2927 4161 anni
2960 4125 3110 4178 spem
3141 4111 3371 4166 credere
3399 4112 3590 4180 glebis.

2256 4192 2498 4259 Dumque
2519 4210 2674 4264 seges
2704 4198 2915 4253 modico
2942 4200 3009 4255 de
3034 4201 3239 4256 semine
3268 4214 3507 4273 surgeret
3535 4204 3731 4269 ampla,

2256 4284 2493 4353 Tempus
2524 4286 2677 4339 adest
2707 4291 2921 4357 messis,
2958 4291 3158 4359 rapida:
3187 4293 3279 4345 sed
3312 4294 3447 4347 forte
3475 4293 3713 4347 volucres

2257 4374 2541 4431 Flaventes
2579 4380 2815 4447 przedare
2844 4383 2988 4436 senis
3019 4384 3259 4437 nituntur
3289 4384 3503 4440 aristas.

2256 4467 2403 4522 Talia
2435 4471 2523 4539 qui
2557 4472 2795 4540 placidus
2825 4475 2989 4529 saevis
3021 4475 3365 4545 praedonibus
3399 4478 3549 4532 infit:

2176 4572 2231 4632 D
2324 4561 2480 4629 Quid,
2515 4579 2729 4631 precor,
2764 4566 2953 4621 illicito
2986 4584 3217 4624 messem
3251 4571 3528 4643 contigitis
3555 4588 3706 4637 ausu,

2261 4652 2389 4720 Qua:
2417 4666 2596 4711 vestro
2625 4657 2790 4712 sulcis
2816 4674 2920 4712 non
2949 4670 3034 4714 est
3062 4662 3260 4716 inserta
3292 4663 3519 4723 labore?

2262 4747 2552 4815 I’auperies
2581 4763 2647 4802 an
2674 4761 2847 4804 vestra
2878 4767 3053 4806 meum
3090 4756 3440 4822 transcendit,
3474 4767 3525 4809 ut
3558 4755 3693 4809 istud

2259 4836 2536 4893 Incurvam
2573 4841 2766 4896 merito
2796 4840 2988 4897 falcem
3020 4843 3242 4898 mittatis
3276 4846 3327 4898 in
3359 4847 3582 4915 aequor?

2257 4928 2408 4992 Quod
2439 4930 2483 4982 si
2513 4927 2651 4984 forte
2681 4930 2824 4986 Deus
2850 4931 3008 5001 jubet
3036 4932 3119 4988 his
3149 4934 3348 4989 instare
3378 4936 3595 5005 rapinis.

2256 5018 2371 5072 Non
2400 5029 2554 5087 veto;
2588 5021 2670 5076 sin
2701 5023 2859 5087 alias,
2891 5038 2986 5077 vos
3016 5024 3206 5079 finibus
3234 5026 3401 5082 indite
3427 5028 3644 5081 vestris.

2330 5112 2568 5182 Dixerat,
2600 5123 2655 5169 et
2682 5120 2844 5171 cessit
2874 5132 2998 5171 mox
3032 5118 3243 5187 plumea
3274 5121 3447 5184 turba,
3481 5134 3580 5174 nec
3606 5118 3741 5173 ultra

2257 5205 2444 5259 Militis
2472 5206 2704 5262 audebat
2734 5207 2945 5263 Domini
2973 5210 3083 5277 jam
3116 5211 3311 5265 laedere
3334 5208 3523 5279 djura,

2256 5294 2427 5361 Quem
2463 5296 2642 5363 potius
2670 5298 2813 5353 dulci
2846 5298 2994 5368 pacis
3020 5302 3171 5369 quasi
3204 5300 3410 5356 foedere
3439 5317 3574 5355 nexu

2258 5384 2679 5457 Unanimemque
2704 5390 2784 5445 sui
2811 5392 3025 5461 generis
3052 5394 3363 5447 redamabat
3388 5393 3640 5447 aiuicum.

2258 5476 2393 5535 Nam
2422 5489 2638 5538 teneras
2668 5496 2767 5538 ceu
2797 5493 2981 5555 pastor
3007 5500 3136 5542 oves
3167 5487 3305 5544 banc
3335 5487 3447 5557 ipse
3476 5487 3719 5559 gerebat.

2336 5668 2357 5695 ο
2384 5660 2492 5727 ΑΙ.,
2522 5662 2722 5719 levarit.

2330 5727 2354 5764 ⁸³
2381 5730 2605 5801 Forsan,
2628 5750 2772 5790 rura.
