4220 6478
398 325 505 382 585

1213 320 1407 377 SECT.
1437 315 1529 375 111.
1575 349 1643 359 -
1686 317 2013 374 CARMINA.
2054 344 2124 356 —-
2166 316 2324 373 VITA
2367 316 2428 371 S.
2471 313 2881 371 CU'I'HBERTL

3565 315 3669 369 586

393 433 618 490 CAPUT
660 432 801 487 XIX.
856 431 1095 497 Qualiter
1138 432 1274 486 corvi
1314 447 1499 485 noxam
1540 449 1695 500 quam
1737 434 1845 484 viro
1888 427 1981 482 Dei
2010 433 2059 488 A
2090 427 3389 500 Excubiasque,famemque,preces,manuumque
3407 429 3666 497 laborem,

588 504 899 566 intulerant,
927 503 1158 573 precibus
1187 513 1234 556 et
1262 520 1469 557 munere
1498 504 1785 573 purgarint.

466 615 783 670 Discindunt
809 613 955 667 corvi
989 614 1140 684 nigro
1172 614 1270 668 sub
1299 614 1523 668 crimine
1555 622 1787 681 pactum,

397 706 801 774 Effringuntque
827 704 1039 765 domus,
1073 713 1335 773 ruptoque
1362 718 1392 758 e
1421 703 1657 758 culmine
1684 705 1889 759 culmos

398 798 452 850 In
482 798 715 866 propria:
744 795 977 864 gaudent
1010 796 1295 849 transferre
1326 795 1517 848 cubilia
1553 796 1739 861 prolis.

399 889 505 943 llos
535 888 669 942 Vatis
697 902 912 941 cessare
942 894 1151 949 monet;
1185 889 1487 956 spretisque
1517 888 1769 951 suadelis,

397 977 697 1046 Hospitium
730 977 950 1030 fratrum
982 976 1106 1046 quid
1138 978 1258 1047 (ait)
1291 977 1567 1032 laceratis?
1594 977 1758 1043 abite,

396 1071 565 1142 Hujus
595 1079 649 1125 et
676 1080 919 1125 extorres
950 1071 1133 1138 patria:
1162 1072 1352 1126 durate
1384 1087 1477 1140 per
1505 1088 1696 1125 arvum.

397 1167 649 1229 Dixerat,
677 1175 727 1219 et
759 1165 940 1218 tristes
967 1165 1196 1235 abeunt,
1233 1165 1513 1233 triduoque
1541 1174 1757 1233 peracto

398 1261 548 1315 Alter
578 1259 730 1313 adest
760 1258 892 1321 vati,
924 1257 1253 1326 pedibusque
1283 1258 1492 1312 volutus
1522 1268 1574 1310 et
1604 1258 1702 1311 alis

396 1350 642 1418 Lugubre
673 1350 874 1418 sparsis
905 1349 1114 1403 veniam
1148 1349 1481 1417 reditumque
1513 1358 1778 1417 precatur.

400 1441 605 1495 l’atrata
637 1441 724 1508 qui
757 1455 886 1506 pace
918 1439 1074 1507 redit,
1109 1439 1423 1507 sociumque
1450 1439 1655 1492 revisit.

396 1531 633 1585 Tandem
665 1532 821 1583 ambo
851 1530 1074 1583 veniunt
1102 1531 1328 1593 alacres,
1357 1529 1676 1596 adipemque
1704 1528 1913 1582 suillam

397 1621 591 1677 Secum
621 1622 777 1691 digna
811 1621 987 1673 ferunt
1016 1621 1124 1673 voti
1155 1621 1314 1684 dona,
1349 1620 1580 1688 unguine
1607 1620 1759 1687 cujus

396 1713 757 1766 Caleiamenta
791 1712 910 1778 pius
940 1711 1149 1764 mollire
1180 1711 1400 1773 valeret,
1432 1720 1486 1762 et
1514 1711 1635 1763 exin

398 1802 631 1855 luuocuo
659 1802 897 1856 condunt
928 1802 1032 1854 illic
1060 1815 1153 1853 sua
1188 1810 1320 1853 tecta
1354 1811 1558 1867 paratu.

467 1893 604 1959 Quid
638 1892 748 1945 fera
780 1891 1098 1960 praetumido
1128 1891 1337 1944 cervire
1368 1889 1611 1955 Superbia
1645 1888 1859 1943 ferres?

396 1984 569 2038 Cerne
603 1985 737 2036 viam
769 1983 938 2049 corvi,
971 1992 1025 2035 et
1052 1995 1254 2035 caecum
1287 1982 1497 2049 depone
1528 1980 1783 2043 t‘oroi-em,

398 2080 496 2147 Qui
531 2081 781 2149 precibus
812 2091 1007 2131 noxam
1041 2078 1275 2144 fletuque
1302 2085 1353 2127 et
1386 2089 1608 2127 munere
1637 2081 1843 2141 purgat.

398 2173 504 2226 Nec
538 2174 730 2239 pudeat.
760 2173 880 2223 vita:
910 2171 1184 2223 volucrum
1217 2171 1283 2221 de
1313 2176 1529 2237 pectore
1561 2168 1782 2219 fortnam

396 2264 645 2331 Sumere,
680 2280 798 2317 cum
833 2278 971 2315 mon
995 2273 1045 2314 at
1080 2261 1348 2329 Sapientia
1384 2274 1398 2313 :
1437 2259 1660 2325 Respice
1688 2258 1851 2312 calles

397 2360 542 2425 Quos
571 2358 788 2411 formica
821 2365 978 2420 terat,
1009 2370 1334 2423 seu-umque
1362 2353 1580 2407 addisce
1609 2365 1881 2421 sagacem.

399 2493 624 2550 CAPUT
666 2491 787 2546 XX.
841 2492 1074 2558 Qualiter
1102 2493 1213 2572 ejus
1249 2490 1633 2572 necessitatibus
1661 2489 1812 2541 etiam
1841 2504 1988 2542 mare

1068 2571 1314 2615 servierit.

474 2672 611 2739 Quid
642 2671 870 2726 referam
903 2687 1178 2740 a-qnoreas
1204 2671 1349 2739 justo
1381 2671 1684 2725 famularier
1713 2671 1903 2739 undas,

400 2763 835 2833 Obsequiumqne
862 2763 967 2817 illis
994 2764 1257 2818 elementa
1290 2763 1621 2831 impendere,
1650 2764 1739 2832 qui
1771 2778 1831 2817 se

402 2854 643 2923 Imperiis
673 2855 907 2907 subdunt
931 2853 1120 2908 devota
1151 2864 1328 2908 mente
1358 2854 1603 2920 supernis
1624 2894 1636 2906 .

400 2946 639 3014 Namque
668 2946 779 3001 suis
805 2946 1042 2999 casulam
1073 2954 1375 2999 structurus
1406 2944 1477 2999 ibi
1508 2945 1687 2997 usibus
1711 2952 1912 3011 aptam,

400 3042 567 3106 Quam
602 3050 627 3075 ιι
659 3040 811 3093 bases
838 3054 867 3092 a
896 3039 1042 3108 ponti
1074 3037 1283 3092 fulciret
1310 3047 1481 3107 parte,
1515 3036 1735 3105 rogabat

400 3128 741 3184 Conveniens
771 3130 917 3197 operi
946 3129 1137 3183 fratres
1164 3129 1430 3183 adducere
1457 3129 1680 3198 lignum.

402 3224 498 3289 Qui
528 3223 675 3278 obliti
708 3223 933 3288 rediere,
964 3222 1126 3277 maris
1155 3222 1247 3277 sed
1279 3223 1554 3292 proximus
1582 3229 1749 3277 aestus

404 3314 625 3380 Attulit;
655 3324 730 3378 et.
764 3316 954 3368 mirum
985 3314 1166 3369 dictu!
1195 3313 1303 3382 jam
1332 3315 1517 3368 limine
1546 3314 1600 3368 in
1632 3318 1747 3382 ipso

403 3408 518 3474 Quo
550 3408 718 3461 fuerat
744 3406 906 3460 corde
935 3406 1100 3473 illius,
1134 3405 1437 3460 fundamina
1472 3405 1594 3459 tecti

404 3500 645 3554 Pandere
673 3497 939 3566 deposuit,
974 3496 1358 3565 hominumque
1387 3495 1580 3550 oblivia
1613 3503 1808 3563 pontus

404 3590 662 3659 Increpat,
696 3601 748 3644 et
780 3600 963 3643 nautas
992 3604 1087 3641 sua
1120 3588 1357 3643 eoncutit
1383 3586 1523 3641 unda
1556 3587 1781 3656 pudore.

406 3701 632 3756 CAPUT
674 3701 812 3755 XXI.
859 3701 1127 3767 Quomodo
1155 3701 1330 3753 multis
1359 3701 1423 3752 ad
1452 3716 1506 3752 se
1540 3699 1850 3753 venientibus
1877 3716 1989 3751 mo-

476 3772 585 3825 nita
625 3774 754 3824 dans
795 3773 995 3835 sumis,
1033 3772 1241 3841 (ragifes
1271 3772 1559 3839 exposuerit
1599 3773 1794 3840 antiqui
1834 3772 1991 3824 hostis

473 3844 704 3896 insidias.

478 3954 635 4009 Fama
670 3957 798 4009 citat
829 3957 1023 4011 multos
1048 3957 1184 4011 vatis
1213 3958 1293 4026 pia
1324 3972 1565 4028 qtucrere
1595 3958 1757 4023 dicta,

406 4047 472 4101 Et
499 4047 706 4101 bibulas
731 4048 987 4102 adhibere
1014 4048 1161 4102 sonis
1188 4047 1496 4102 erelesdbus
1524 4063 1701 4113 aures,

406 4141 553 4205 Quos
584 4142 725 4194 varia
755 4140 933 4195 cordis
962 4140 1129 4195 fessos
1160 4156 1192 4195 a
1216 4142 1367 4195 clade
1395 4142 1616 4197 levaret.

404 4233 541 4288 Mitis
570 4244 626 4287 at
658 4235 745 4289 ille
772 4249 923 4289 sacro
953 4249 1215 4289 renovans
1247 4235 1508 4289 solamine
1539 4243 1783 4300 mmstos,

406 4324 607 4379 Gaudia
638 4340 842 4377 summa
878 4325 981 4391 poli
1014 4326 1221 4378 cunctis
1250 4324 1528 4393 fluxosque
1558 4324 1745 4378 caduci

405 4416 801 4470 Commemorat
828 4415 982 4468 luxus
1008 4417 1174 4481 sacli,
1205 4415 1488 4483 variasque
1519 4416 1807 4485 malignum

406 4506 649 4561 Tendere
677 4506 967 4573 decipulas,
999 4505 1206 4559 Domini
1238 4520 1339 4574 qua
1369 4506 1539 4559 nudus
1564 4521 1747 4561 amore

408 4601 641 4653 Labalur
670 4599 864 4653 miseie
892 4613 1117 4661 sensus;
1149 4599 1241 4652 sed
1272 4599 1372 4652 tela
1406 4599 1525 4652 fidei

409 4695 763 4762 Perrumpant
792 4708 985 4748 vacuas
1014 4694 1161 4748 nullo
1191 4695 1501 4748 discrimine
1532 4695 1766 4749 fraudes.

480 4788 562 4842 Me
590 4789 815 4858 quoties,
847 4788 1035 4857 inquit,
1063 4790 1205 4843 celsa
1235 4790 1301 4844 de
1327 4805 1455 4859 rupe
1483 4791 1697 4844 nefandi

409 4880 741 4949 Przecipitem
771 4881 1019 4935 mittunt!
1052 4881 1259 4949 quoties
1288 4882 1353 4935 ad
1386 4892 1596 4950 pectora
1626 4898 1753 4937 saxa

412 4975 541 5026 Acta
569 4975 776 5025 rotant!
814 4973 959 5025 nullo
992 4988 1188 5027 noceor
1215 4974 1306 5027 sed
1343 4973 1509 5027 hostis
1537 4976 1605 5028 ab
1636 4976 1763 5039 ictu,

410 5062 645 5129 Credite,
680 5080 778 5119 nec
811 5066 948 5119 laisit
977 5082 1216 5121 summas
1242 5066 1463 5121 offensio
1493 5069 1717 5135 plantas,

412 5148 522 5209 Nec
554 5156 792 5211 modicus
820 5161 995 5211 saltim
1029 5160 1196 5227 tetigit
1229 5159 1517 5226 praecordia
1552 5170 1744 5215 terror.

414 5245 523 5299 Nec
546 5249 692 5315 quasi
725 5263 931 5302 summa
962 5265 1092 5303 mete
1123 5251 1379 5317 stupeatis
1407 5252 1635 5305 culmina
1665 5254 1808 5318 vitm,

418 5337 703 5391 [Blanditias
730 5343 870 5407 quod
897 5356 999 5410 ego
1029 5341 1152 5394 luxu
1185 5342 1401 5397 fallente
1429 5344 1688 5411 superbas

416 5429 573 5484 Calce
604 5439 802 5498 terens,
840 5433 1062 5487 Domino
1090 5435 1298 5501 cupiam
1321 5446 1568 5488 secretus
1594 5435 1801 5490 adesse.

419 5521 630 5576 Arctior
658 5533 741 5577 est
769 5526 1032 5587 monachi,
1060 5542 1177 5594 qua!
1205 5542 1416 5595 semper
1444 5529 1651 5582 subdita
1680 5528 1841 5599 jussis

422 5613 535 5667 Vita
563 5615 662 5667 sub
690 5616 916 5684 imperio
942 5620 1107 5672 servit
1133 5619 1321 5674 devota
1354 5620 1593 5690 parendi,

489 5739 513 5764 ³
559 5730 662 5794 ΑΙ..
697 5734 849 5785 basis.

490 5800 517 5839 δ
557 5803 818 5870 Superest.

708 5897 980 5956 PATROL.
1031 5896 1248 5957 XCIV.

2084 520 2164 574 Ad
2195 532 2375 575 vomm
2404 520 2633 589 gaudent
2667 520 2816 589 proni
2847 519 3054 573 frenare
3085 521 3337 588 regentis.

2087 612 2168 666 ille
2193 625 2420 681 quorum
2452 611 2649 665 multos
2676 612 2797 665 vita:
2829 625 2922 679 per
2951 610 3183 665 culmina
3216 611 3363 679 novi,

2088 704 2291 772 Perque
2325 704 2656 772 prophetalis
2686 704 2861 757 radios
2892 703 3085 771 praeire
3113 704 3337 771 scphite,

2088 796 2314 851 Boisilus
2341 811 2371 851 e
2399 796 2591 865 quibus
2623 805 2703 849 est
2733 795 2959 849 Mailrosi
2990 796 3156 865 gloria
3190 807 3380 858 castus,

2086 889 2258 954 Quem
2289 896 2453 943 totam
2486 886 2704 941 memini
2737 888 3007 956 quondam
3035 886 3161 941 mihi
3195 872 3426 957 pandere
3456 885 3636 948 vitam,

2088 980 2218 1043 Qua:
2248 992 2332 1032 me
2362 976 2571 1031 venturi
2603 978 2839 1031 restabat
2872 977 2921 1030 in
2951 977 3138 1030 ordine
3167 979 3330 1033 swc'i.

2092 1068 2258 1121 Unius
2287 1078 2340 1122 et
2366 1068 2537 1121 solum
2567 1067 2594 1106 δ
2623 1077 2840 1136 superat
2866 1069 3128 1123 sententia
3160 1067 3332 1134 verbi,

2088 1159 2260 1224 Quam
2293 1173 2547 1227 cuperem
2580 1175 2847 1228 nunquam
2870 1201 2884 1223 ,
2920 1158 3078 1213 faciat
3110 1159 3250 1213 Deus
3278 1160 3478 1213 arbiter
3507 1160 3675 1218 orbis.

2164 1252 2288 1304 llaec
2312 1264 2466 1304 sacer
2495 1250 2673 1305 aiebat
2699 1248 2899 1317 senior,
2930 1255 3050 1319 quia
3085 1259 3338 1319 praescius
3369 1251 3541 1321 ipsum

2091 1344 2411 1400 Pontificem
2437 1345 2695 1413 altiloquo
2724 1347 3035 1415 pracdtxeral
3070 1361 3162 1400 ore
3195 1346 3451 1401 futurum.

2090 1474 2317 1533 CAPUT
2358 1476 2525 1532 XXII.
2581 1476 2877 1559 Prophetia.
2908 1480 3137 1547 ejusdem
3184 1480 3249 1532 de
3294 1480 3397 1533 vita
3446 1478 3680 1552 Ecgfridi

2532 1565 2689 1618 regis,
2720 1560 2766 1601 et
2794 1563 3093 1619 episcopatu
3120 1566 3239 1606 suo.

2163 1658 2402 1727 Cumque
2432 1660 2575 1728 pium
2607 1659 2785 1713 cuncti
2815 1659 3109 1728 gauderent
3134 1662 3308 1714 visere
3338 1671 3534 1728 vatem,

2096 1749 2225 1819 Ejus
2253 1761 2305 1804 et
2333 1763 2484 1804 oratu
2515 1751 2689 1806 cordis
2716 1766 3040 1820 componere
3072 1752 3299 1818 fluetus;

2095 1843 2231 1895 Ecce
2259 1843 2397 1896 alios
2424 1842 2563 1896 inter
2590 1843 2756 1913 signis
2785 1844 3100 1898 sublimibus
3128 1854 3243 1898 acta

2091 1933 2249 2001 [legia
2286 1944 2308 1968 σε
2338 1936 2486 2005 virgo
2514 1938 2682 2000 venit,
2715 1937 2855 2005 regis
2883 1952 3002 2006 qum
3031 1952 3225 2005 sponsa
3260 1942 3506 2006 perennis

2092 2023 2391 2094 Virgineos,
2421 2027 2686 2096 paradiso,
2720 2028 2792 2081 tui
2823 2028 2923 2082 sub
2946 2030 3133 2097 gaudia
3167 2031 3315 2098 regni

2089 2117 2258 2171 Mater
2284 2127 2426 2171 casta
2459 2118 2656 2174 choros
2686 2132 2930 2190 generat,
2960 2132 3242 2192 vatemque
3276 2132 3519 2191 precatur

2092 2211 2339 2282 Dignetnr
2370 2211 2617 2265 famulam
2651 2213 2866 2266 monitis
2897 2213 3109 2269 firmare
3137 2216 3403 2281 supernis.

2088 2304 2307 2369 Annuit,
2341 2313 2415 2369 et,
2449 2305 2618 2373 pelagi
2649 2315 2898 2370 superato
2929 2310 3155 2375 gurgite,
3189 2309 3372 2376 puppi,

2092 2395 2456 2466 Progreditur,
2485 2394 2747 2463 dictisque
2772 2396 2915 2448 illam
2948 2397 3071 2449 dum
3104 2398 3298 2451 affatur
3325 2398 3513 2454 amicis

2090 2486 2359 2543 Femineis
2390 2487 2564 2541 subito
2593 2487 2786 2556 rogitat
2814 2488 2893 2542 sic
2922 2488 3072 2541 anxia
3104 2490 3266 2543 euris.

2160 2580 2278 2633 Jam
2304 2580 2474 2634 claret
2500 2581 2677 2633 meriti
2712 2590 2763 2635 te
2794 2596 2903 2648 pra:
2933 2582 3136 2651 fulgore
3163 2584 3383 2641 nitentis

2092 2672 2318 2727 Pratscia
2348 2672 2588 2728 venturis
2619 2673 2898 2728 intendere
2929 2674 3125 2729 lumina
3155 2677 3349 2732 saeclis.

2093 2763 2187 2817 Dic
2216 2777 2365 2831 ergo,
2398 2763 2588 2832 adjuro
2617 2765 2811 2819 summi
2848 2782 2942 2833 per
2970 2782 3128 2836 regna
3158 2768 3437 2833 Tonantis,

2095 2855 2373 2923 Ecgfridus
2399 2854 2679 2922 imperium
2707 2857 2848 2925 quod
2881 2858 2947 2910 sit
2978 2870 3222 2912 recturus
3253 2859 3303 2912 in
3324 2840 3545 2913 savum?

2094 2944 2232 3000 Vera
2260 2946 2345 2999 cui
2374 2946 2539 3000 dubio
2571 2949 2753 3015 pandit
2782 2962 3033 3003 sermone
3062 2949 3369 3018 prophetes.

2167 3038 2349 3108 Regna
2378 3054 2538 3095 vocas
2568 3040 2808 3108 longaeva
2838 3042 3033 3107 virum,
3060 3060 3179 3110 quae
3208 3044 3498 3112 quamlibet
3522 3046 3680 3101 annis

2014 3156 2060 3218 ς
2094 3131 2344 3188 Centenis
2372 3142 2607 3199 extenta,
2641 3135 2785 3188 brevi
2817 3137 3133 3189 claudentur
3165 3141 3213 3190 in
3248 3139 3396 3204 hora,

2096 3227 2161 3282 Et
2191 3228 2342 3282 nihili
2378 3228 2534 3280 unius
2560 3228 2718 3280 luxus
2749 3229 3080 3289 reputabitur
3104 3232 3251 3292 anni,

2093 3318 2236 3372 Mors
2263 3317 2350 3370 ubi
2381 3318 2694 3386 languentes
2722 3317 3034 3372 diffunditur
3061 3330 3172 3373 atra
3202 3336 3296 3388 per
3321 3329 3487 3375 artus.

2164 3409 2294 3475 Qua:
2324 3409 2507 3478 gemit,
2536 3417 2590 3462 et
2617 3408 2863 3478 lacrymis
2894 3410 3149 3479 przesagia
3184 3412 3351 3464 tristia
3382 3412 3605 3477 deflens,

2094 3500 2283 3567 Quem,
2314 3515 2463 3568 rogo,
2493 3500 2714 3568 linquet,
2744 3500 2839 3563 ait,
2873 3501 3018 3568 regni
3048 3500 3134 3569 qui
3160 3512 3367 3569 sceptra
3394 3503 3678 3572 gubernet,

2093 3591 2227 3644 Cum
2257 3592 2418 3645 fratre
2444 3601 2498 3644 et
2524 3601 2648 3644 nato
2675 3592 2893 3644 careat?
2920 3590 3014 3645 Cui
3047 3592 3165 3644 talia
3195 3593 3331 3647 vatis
3360 3612 3374 3646 :

2094 3684 2282 3738 Cernis
2314 3694 2371 3737 ut
2399 3683 2499 3737 hoc
2531 3684 2745 3751 pelagus
2776 3683 2882 3738 late
2912 3698 3039 3753 vaga
3073 3687 3309 3756 regmina
3344 3687 3563 3742 fundat?

2096 3776 2297 3830 Forsan
2327 3785 2383 3830 et
2409 3776 2521 3830 haec
2548 3776 2687 3830 inter
2716 3775 2973 3830 Dominus
3003 3777 3102 3829 sibi
3131 3787 3329 3844 servat,
3361 3787 3415 3833 et
3443 3779 3601 3849 hujus

2094 3867 2195 3934 Qui
2223 3876 2374 3934 regat
2402 3867 2609 3934 imperii
2646 3869 2815 3922 lectus
2845 3868 3154 3923 moderator
3184 3869 3444 3935 habenas,

2096 3960 2377 4029 Ecgfridus
2405 3969 2568 4029 utque
2599 3960 2692 4013 tibi
2729 3960 2906 4014 fratris
2936 3970 3183 4015 nectatur
3210 3977 3416 4016 amore.

2167 4050 2343 4107 Audet
2370 4050 2544 4104 adhuc
2568 4050 2791 4117 supplex
2822 4051 2971 4120 virgo
3003 4053 3215 4117 pulsare
3248 4054 3591 4119 pmphetem:

2096 4144 2141 4195 Ο
2172 4141 2334 4196 variis
2366 4142 2642 4195 hominum
2676 4140 2952 4193 finduntur
2980 4154 3190 4209 pectora
3221 4141 3394 4194 curis!

2097 4234 2229 4288 Pars
2257 4232 2279 4271 ἀ
2311 4241 2506 4286 naneto
2536 4230 2733 4299 gaudet
2766 4230 3007 4284 mortalis
3034 4231 3266 4285 culmine
3296 4246 3523 4300 pompae.

2099 4330 2228 4382 Pars
2258 4325 2479 4395 cupiens
2507 4339 2665 4394 gazas
2697 4324 2823 4377 luxu
2853 4324 3140 4392 populante
3169 4323 3384 4393 fugaces

2099 4420 2414 4491 Pauperiem
2448 4420 2594 4474 nullo
2624 4417 2839 4488 deponit
2872 4419 2977 4473 ﬁne
3009 4434 3320 4487 perennem.

2016 4517 2070 4579 ι)
2095 4512 2173 4566 'l‘n
2205 4513 2330 4567 licet
2357 4511 2593 4566 oblatum
2625 4508 2811 4564 mundi
2842 4510 3140 4565 contemnis
3172 4510 3454 4573 honorem,

2100 4606 2299 4662 Vilibus
2328 4616 2386 4660 et
2411 4607 2579 4661 mavis
2607 4612 2842 4659 secretus
2871 4603 3092 4657 condier
3118 4604 3303 4657 antris.

2094 4698 2366 4753 Pontilicis
2395 4694 2591 4751 summi
2620 4696 2859 4763 quamvis
2889 4694 3174 4763 potiundus
3204 4695 3424 4757 honore,

2096 4794 2213 4859 Quo
2240 4792 2313 4847 nil
2343 4803 2523 4845 nostra
2554 4789 2692 4858 gerit
2713 4789 2904 4842 merito
2931 4786 3192 4841 sacratius
3222 4794 3374 4842 mtas.

2096 4885 2212 4939 Non
2240 4899 2361 4953 ego,
2387 4880 2685 4947 reSpoudit,
2717 4880 2933 4948 dignum
2964 4894 3048 4934 me
3078 4888 3221 4933 tanta
3252 4879 3431 4934 subire

2097 4974 2359 5038 Culmina,
2381 4973 2488 5041 jam
2516 4972 2680 5026 fateor
2705 4970 2911 5026 Domini
2933 4971 3024 5026 sed
3056 4970 3276 5026 dextera
3308 4970 3462 5024 nullis

2100 5068 2361 5137 Effugitur
2384 5066 2503 5121 coeli
2533 5074 2753 5120 terratve
2782 5062 3009 5119 marisve
3040 5065 3277 5119 latebris.

2099 5158 2198 5225 Qui
2224 5158 2267 5211 si
2299 5167 2438 5211 tanta
2469 5157 2666 5226 gradus
2691 5158 2875 5225 jnbeat
2897 5170 2983 5211 me
3014 5157 3245 5225 pondera
3272 5156 3429 5211 ferre.

2098 5249 2274 5303 Credo
2300 5248 2449 5303 brevi
2485 5251 2645 5315 laxet,
2679 5259 2948 5305 transacto
2972 5259 3026 5304 et
3048 5251 3181 5305 forte
3219 5251 3445 5305 duorum

2101 5340 2380 5394 Curriculo
2409 5355 2671 5394 annorum
2702 5341 2971 5407 absolvar,
3003 5357 3321 5411 rursumque
3346 5340 3589 5395 adunatis

2103 5430 2352 5483 Gaudens
2379 5430 2604 5484 secretis
2637 5430 2850 5485 reddar.
2878 5431 2984 5487 Sed
3010 5440 3062 5484 tu
3090 5449 3302 5502 quoque
3324 5446 3559 5487 nostrum

2105 5523 2333 5579 Ailfleda
2361 5522 2685 5591 colloquium
2716 5539 2905 5591 perpes
2926 5524 3151 5578 reticere
3179 5535 3472 5593 memento,

2106 5615 2365 5671 Absolvar
2394 5613 2565 5668 donec
2593 5612 2779 5668 vinclis
2808 5624 2859 5669 et
2886 5630 3104 5671 carcere
3134 5618 3329 5672 earnis.

2180 5752 2200 5775 ιτ
2243 5734 2482 5795 Ell‘ledis,
2516 5734 2668 5788 infra.

2176 5806 2203 5847 ⁸
2245 5809 2335 5865 Sic
2366 5806 2590 5875 antiqui,
2625 5816 2788 5861 recte.

3218 5902 3295 5965 19
