4220 6464
570 301 667 358 587
1249 300 1450 356 ΒΕΠᾸΕ
1494 300 1945 358 \‘ENEIlABIIdS
1984 301 2133 357 OPP.

637 412 748 468 Nec
781 427 953 478 mora,
989 412 1245 481 veriloqui
1276 411 1612 480 complentur
1638 411 1688 465 in
1725 412 1911 467 ordine
1940 411 2101 467 dicta.

572 503 823 558 Ecclesia
849 502 1033 572 jussis,
1056 502 1324 572 precibus,
1356 501 1709 572 lacrymisque
1731 515 1971 568 coactus,

572 594 717 648 Vatis
747 604 799 649 et
821 594 933 661 ipse
960 607 1123 663 genas
1155 593 1297 646 luctu
1330 593 1569 660 perfusus
1600 608 1798 655 amaro,

572 686 823 740 Dulcibus
852 686 1150 740 extrahitur
1177 685 1417 751 latebris,
1450 686 1765 754 populisque
1796 685 2044 753 regendis

570 778 876 842 Prailicitur,
903 777 1078 831 modio
1108 777 1266 830 lateat
1295 791 1359 831 ne
1390 786 1526 830 tecta
1558 777 1795 843 lucerna,

567 871 671 926 Sed
693 872 850 941 jnbar
877 874 1182 925 a'ticomutn
1216 869 1422 923 Domini
1464 869 1723 922 diffundat
1754 868 1804 921 in
1838 868 2038 931 sedem;

569 963 858 1017 Ecclesiam
886 962 1100 1031 gemino
1131 965 1217 1030 qui
1248 962 1385 1015 rexit
1412 960 1689 1029 episcopus
1722 974 1883 1025 anno,

568 1054 635 1109 Et.
657 1053 845 1119 priscis
875 1052 1181 1122 properavit
1206 1065 1371 1103 ovans
1402 1065 1461 1103 se
1484 1050 1705 1103 reddere
1732 1059 1754 1084 ⁸⁸
1780 1048 1984 1102 lustris.

642 1140 818 1211 thue
840 1141 968 1195 satis
999 1142 1149 1193 tieret
1174 1140 1307 1194 vatis
1333 1155 1426 1208 per
1452 1140 1656 1210 singula
1680 1139 1859 1205 dictis,

572 1235 664 1291 Sol
692 1249 943 1303 magnum
974 1234 1209 1303 explevit
1231 1233 1401 1287 solitis
1428 1234 1525 1285 sub
1558 1232 1829 1286 mensibus
1852 1246 2073 1296 annum,

564 1324 836 1380 Pictorum
868 1324 1060 1378 infesto
1095 1324 1221 1377 dum
1252 1322 1481 1377 concidit
1511 1322 1783 1392 Ecgfridus
1823 1336 1971 1385 ense,

566 1416 634 1472 Et
664 1418 859 1472 nothus
891 1417 943 1471 iii
975 1417 1122 1485 regni
1146 1414 1173 1454 ι)
1209 1416 1372 1469 frater
1410 1417 1669 1469 successit
1698 1415 1979 1478 honorem,

564 1510 866 1565 Scottorum
896 1510 983 1577 qui
1017 1523 1138 1562 cum
1170 1519 1413 1563 versatus
1443 1519 1463 1544 ε
1498 1509 1550 1559 iu
1582 1507 1755 1559 incola
1782 1507 1939 1559 terris

566 1598 854 1655 (Itelestem
877 1599 931 1653 in
963 1606 1113 1653 tanto
1137 1598 1377 1667 spirabat
1402 1598 1566 1652 corde
1596 1597 1861 1665 sophiatn.

576 1688 708 1743 Nam
739 1690 921 1757 patriae
942 1688 1075 1742 fines
1101 1698 1153 1741 et
1177 1686 1349 1741 dulcia
1377 1687 1604 1755 liquerat
1634 1701 1789 1748 arva,

571 1780 804 1837 Sedulus
834 1788 892 1833 ut
920 1778 1129 1834 Domini
1154 1779 1410 1849 mysteria
1435 1779 1661 1833 disceret
1680 1775 1854 1831 exsul.

575 1872 741 1941 Hujus
770 1886 907 1926 nunc
940 1872 1104 1941 Tyrio
1133 1871 1441 1926 venerabile
1466 1870 1655 1940 pignus
1686 1868 1739 1922 in
1769 1876 1915 1921 ostro

570 1961 699 2017 lure
729 1963 879 2016 datas
910 1963 1081 2031 patrio
1110 1961 1306 2031 sceptri
1330 1960 1442 2031 jam
1468 1969 1659 2015 tractat
1684 1960 1941 2014 habenas.

570 2054 741 2123 thue
764 2068 933 2107 novus
962 2052 1105 2108 Josia
1134 2054 1344 2122 fideque
1372 2051 1656 2122 animoque
1684 2047 1852 2120 magis
1879 2066 2035 2118 quam

568 2142 737 2197 Annis
767 2153 1029 2207 maturus,
1063 2152 1306 2197 nostrum
1337 2140 1471 2210 regit
1501 2141 1732 2211 inclytus
1754 2141 1959 2193 orbem.

566 2251 791 2311 CAPUT
820 2252 1005 2310 XXIII.
1054 2253 1319 2318 Quomodo
1359 2254 1411 2306 in
1466 2254 1762 2323 episcOpattt
1814 2253 2150 2303 monasticam

1068 2340 1170 2377 non
1210 2325 1427 2376 deseruit
1461 2326 1635 2377 vitam.

639 2438 779 2507 Ergo
804 2438 1099 2493 sacerdotis
1119 2438 1312 2492 summi
1347 2437 1557 2507 fastigia
1587 2447 1796 2499 nactus,

568 2525 743 2581 Mente
772 2544 929 2583 manu
963 2526 1128 2598 fulget
1151 2527 1475 2580 Cuthbertus
1503 2536 1556 2581 et
1582 2543 1674 2581 ore
1704 2538 2007 2589 coruscus,‘

564 2615 1002 2688 Commissosque
1024 2632 1211 2686 greges
1241 2617 1489 2684 precibus
1520 2616 1843 2683 monitisque
1870 2625 2067 2669 tuetur.

564 2705 894 2776 Pauperibus
924 2709 1012 2776 qui
1039 2709 1206 2774 dives,
1234 2709 1388 2777 inops
1409 2708 1529 2773 sibi,
1560 2707 1788 2762 blandus
1817 2708 2038 2769 amaris,

566 2798 619 2851 In
651 2799 821 2853 turbis
848 2798 1141 2853 monachus
1167 2816 1181 2864 ;
1215 2813 1386 2867 neque
1412 2801 1555 2851 enim
1592 2798 1671 2851 vel
1703 2798 1931 2867 tegmina
1964 2804 2136 2859 sueta,

565 2887 727 2942 Arida
752 2889 835 2943 vel
856 2888 1021 2943 eremi
1052 2889 1241 2941 mutari
1269 2885 1469 2940 fercula
1492 2898 1663 2940 curat.

569 2981 833 3035 Virtutum
865 2980 1027 3034 titulis
1056 2993 1214 3049 auget
1243 2981 1495 3033 miracula
1529 2978 1741 3039 tuentis,

571 3074 699 3140 Quae
724 3073 889 3143 lyrieo
913 3073 1069 3126 liceat
1094 3074 1292 3127 cursim
1316 3072 1625 3141 contingere
1659 3072 1882 3138 plectro,

566 3164 644 3220 Ne
674 3164 846 3235 potior
873 3165 1025 3218 lassis
1054 3175 1274 3234 generet
1308 3164 1513 3217 fastidia
1544 3177 1748 3216 versus.

562 3276 787 3334 CAPUT
818 3275 1005 3332 XXIV.
1058 3278 1331 3343 Quomodo
1362 3292 1570 3329 uxorem
1599 3275 1797 3328 comitis
1818 3290 1910 3343 per
1939 3274 2146 3343 presby-

847 3356 1013 3401 terum
1041 3363 1188 3401 suum
1210 3364 1344 3417 aqua
1367 3348 1625 3399 benedicta
1650 3347 1870 3399 sanavit.

640 3458 833 3513 Doctor
856 3460 1050 3527 ubique
1083 3458 1195 3525 pius
1215 3456 1453 3513 cmlestia
1482 3455 1619 3510 dona
1650 3458 1985 3519 tuinistrans,

575 3549 674 3607 I‘er
699 3556 907 3605 comitis
939 3552 1057 3606 tulit
1086 3566 1211 3604 arva
1242 3551 1457 3618 gtadus,
1487 3567 1642 3618 quem
1679 3550 1923 3619 languida
1955 3549 2146 3618 coojnx

576 3641 842 3697 Tristabat
868 3657 1114 3712 perpessa
1144 3644 1282 3696 luem
1310 3642 1558 3709 letboque
1582 3644 1963 3708 propinquans.

570 3733 721 3785 Alma
751 3731 1039 3786 salutifera:
1058 3734 1145 3785 cui
1175 3732 1309 3784 vatis
1332 3746 1550 3784 munera
1585 3731 1834 3801 lymphas,

570 3822 888 3891 Presbytero
918 3821 1225 3887 famulante,
1252 3820 1413 3885 dedit,
1450 3820 1731 3889 tabentque
1769 3819 1996 3873 removit
2028 3837 2039 3869 :

577 3916 802 3983 Moxque
832 3913 906 3966 illi
938 3911 1249 3982 obsequium
1273 3913 1540 3982 praebebat
1562 3912 1752 3967 femina
1775 3927 1978 3979 sospes:

570 4006 792 4061 CAPUT
818 4005 982 4061 XXV.
1016 4007 1284 4071 Quomodo
1308 4008 1531 4073 puellam
1554 4006 1825 4058 chrismate
1851 4016 2144 4072 perunctum

841 4094 875 4130 a
912 4077 1089 4130 dolore
1118 4080 1301 4146 capitis
1346 4077 1618 4145 laterisque
1647 4077 1860 4127 curavit.

636 4167 900 4235 Tempore
930 4182 1037 4221 non
1064 4168 1168 4220 alio
1198 4168 1400 4221 laterali
1441 4176 1577 4220 tacta
1607 4167 1794 4219 dolore

566 4259 725 4327 Virgo
757 4260 1111 4328 premebatur,
1140 4258 1437 4327 capitisque
1464 4258 1749 4327 gravedine
1772 4256 1929 4318 fessa,

569 4350 731 4419 Atlgra
762 4351 851 4405 diu
882 4350 1116 4418 gemuit:
1149 4365 1300 4404 sacro
1322 4366 1478 4418 quam
1510 4350 1793 4403 chrismate
1823 4349 2035 4402 tinctam

564 4444 799 4498 Antistes
828 4439 1062 4495 rediviva
1098 4450 1255 4494 novat
1287 4456 1380 4508 per
1410 4440 1548 4492 dona
1576 4441 1784 4493 salutis.

566 4571 793 4629 CAPUT
831 4572 1023 4628 XXVI.
1054 4572 1197 4628 Pane
1224 4590 1254 4626 a
1281 4574 1388 4627 viro
1416 4572 1511 4625 Dei
1540 4572 1799 4626 benedicta
1828 4582 2038 4625 sanatur
2066 4572 2147 4624 in-

1256 4645 1455 4713 ﬁrmus.

643 4752 734 4807 Vir
770 4766 916 4823 pater
943 4754 1055 4823 ipse
1083 4754 1272 4808 domus
1301 4755 1488 4809 morbo
1517 4754 1799 4823 depressus
1829 4755 2022 4809 acerbo

569 4842 721 4912 Cogit
747 4848 1037 4899 amicorum
1069 4860 1314 4915 suprema
1339 4847 1403 4900 ad
1432 4847 1537 4901 lata
1566 4852 1833 4902 cohortes.

566 4936 904 4992 Conveniunt
939 4938 1155 5006 plures:
1187 4938 1270 4991 cui
1302 4940 1437 4993 forte
1468 4938 1537 4993 ibi
1571 4942 1791 5007 protulit
1820 4952 1955 4992 unus

563 5032 728 5096 Quem
756 5030 857 5085 sibi
881 5030 1148 5098 quondam
1172 5031 1296 5085 almi
1323 5032 1558 5086 doctoris
1580 5032 1763 5086 dextra
1797 5031 2004 5101 roganti

563 5122 811 5175 Sacrarat
835 5121 1160 5191 dederatque
1193 5122 1279 5191 pio
1310 5138 1406 5192 pro
1431 5137 1653 5177 munere
1683 5137 1897 5190 panem.

568 5209 837 5282 Iutingunt
860 5212 1090 5283 lymphis
1113 5214 1421 5283 potandum,
1450 5214 1671 5282 suscipit
1699 5228 1860 5281 teger,

563 5302 783 5372 Moxque
810 5302 1121 5358 medelifero
1151 5303 1319 5357 morbi
1346 5318 1560 5357 cessere
1591 5302 1686 5357 sub
1719 5301 1928 5363 haustu,

564 5395 894 5464 Laxatosque
924 5394 1066 5447 salus
1099 5394 1329 5447 rediviva
1358 5393 1621 5448 subintrat
1648 5394 1699 5446 in
1724 5404 1891 5447 artus.

629 5542 653 5566 °
684 5532 736 5585 Id
762 5537 866 5591 est,
891 5533 1073 5585 antris.

628 5601 652 5637 δ
689 5600 978 5657 Aldfridus.
1010 5602 1164 5653 infra.

631 5682 651 5706 ε’
679 5673 781 5723 I’ro
804 5672 971 5721 incola
995 5671 1046 5721 in
1079 5676 1244 5725 terris.

627 5743 650 5775 α
679 5741 831 5792 lteris
861 5744 1086 5806 jiO>lItllll
1116 5758 1212 5810 pro
1251 5743 1470 5810 itineris,
1502 5750 1557 5798 et
1597 5740 1811 5811 quidem
1858 5750 2023 5808 recte,
2056 5741 2137 5796 in-

2180 301 2353 357 PARS
2393 302 2478 358 III.
2511 333 2577 343 -—
2619 304 3076 361 PARIENETICA
3726 311 3836 365 583

2174 420 2221 478 Λ
2249 412 2474 470 CAPUT
2506 414 2715 469 XXVII.
2756 417 2994 471 Oblatttm
3039 419 3094 471 in
3140 420 3317 473 itinere
3352 421 3587 490 juvenem
3618 426 3839 477 moritu-

2570 503 2685 539 rum
2708 490 2935 542 oratione
2970 492 3217 543 revocavit
3245 492 3313 541 ad
3340 493 3514 546 vitam.

2322 594 2449 649 Nam
2474 597 2753 651 commissa
2778 599 2899 664 vigil
2927 599 3050 653 dum
3086 601 3277 655 lustrat
3298 602 3455 655 ovilia
3488 613 3690 672 pastor,

2254 686 2387 739 Ecce
2414 685 2436 723 tl
2470 688 2613 741 iteris
2646 689 2820 742 medio
2846 691 3060 758 juvenis
3090 691 3349 760 torpentia
3380 693 3517 747 lecto

2253 778 2486 831 lletnbra
2520 782 2716 845 ferunt,
2747 797 2887 850 :rgre
2909 784 3133 850 suspiria
3159 800 3296 837 szeva
3330 786 3619 856 trahentes,

2256 868 2319 923 Ut
2340 870 2586 941 iuejuvet
2618 874 2865 926 miserum
2901 876 3152 944 rogitant.
3182 878 3279 942 Qui
3310 881 3551 947 protinus
3571 896 3765 935 omnes

2255 961 2426 1025 fiiicit,
2454 972 2507 1014 et
2538 965 2784 1029 precibus
2810 968 3119 1033 languentes
3147 970 3371 1040 impiger
3408 982 3553 1026 artus

2252 1049 2416 1119 Erigit
2442 1061 2496 1106 et
2532 1056 2780 1109 comitem
2810 1057 2971 1109 sociis
3003 1059 3317 1116 mirantibus
3345 1063 3510 1117 addit.

2250 1183 2473 1240 CAPUT
2505 1186 2734 1242 XXVIII.
2772 1190 3015 1272 Tempore
3044 1195 3687 1272 mortalitatismorientem
3714 1214 3844 1265 pne-

2658 1276 2769 1312 rttut
2794 1267 2948 1314 matri
2974 1280 3153 1316 sanum
3184 1267 3420 1317 restituit.

2320 1388 2584 1454 Tempore
2606 1406 2710 1460 quo
2737 1396 2899 1460 pestis
2931 1396 3173 1448 vastabat
3195 1395 3308 1449 dira
3341 1397 3641 1465 Britannos,

2253 1477 2400 1530 Dona
2432 1494 2585 1532 sacer
2606 1483 2843 1537 ctelestia
2874 1484 3073 1553 spargit
3103 1487 3295 1556 ubique
3323 1489 3529 1543 salutis.

2253 1567 2413 1622 Ferre
2444 1571 2587 1624 videt
2618 1585 2864 1627 maestum
2893 1578 2999 1628 nati
3033 1579 3285 1630 moritura
3314 1591 3585 1646 parentem
3617 1598 3631 1633 :

2253 1660 2455 1716 Funera
2484 1666 2770 1719 setninecis
2799 1682 3108 1739 compassus
3133 1680 3180 1721 et
3212 1670 3323 1736 ipse
3345 1671 3545 1726 dolenti

2180 1776 2226 1836 Β
2256 1751 2403 1807 Dasia
2433 1754 2526 1807 dat
2556 1771 2742 1823 puero,
2778 1769 3103 1827 matremque
3134 1761 3323 1814 affatur
3358 1778 3588 1816 amaram
3614 1781 3628 1817 :

2253 1842 2459 1914 Linque
2490 1857 2687 1900 metum
2723 1851 3109 1920 larrymasque,
3144 1870 3271 1919 puer
3298 1858 3569 1908 sanabitur
3592 1858 3708 1922 iste,

2254 1935 2318 1988 Et
2350 1946 2434 1989 tua
2467 1946 2572 1990 tota
2605 1940 2793 1993 domus
2826 1946 3009 1997 m0ttis
3042 1943 3143 1997 Itac
3166 1956 3310 1999 sorte
3336 1948 3554 2001 carebit.

2250 2025 2413 2094 Cujus
2440 2028 2581 2082 diota
2611 2032 2750 2083 salus
2787 2034 3037 2102 puerique
3065 2035 3358 2103 domusque
3386 2050 3561 2092 secuta
3592 2050 3696 2096 est.

2250 2159 2475 2217 CAPUT
2522 2163 2708 2219 XXIX.
2764 2166 2910 2231 Quod
2956 2171 3309 2251 omnidgesta
3354 2173 3495 2226 illius
3544 2179 3832 2229 enumrrari

2862 2256 2959 2291 non
3007 2252 3221 2307 possint.

2324 2366 2509 2422 Dicere
2533 2369 2657 2435 quid
2687 2386 2851 2425 coner
2873 2388 2990 2440 qua:
3015 2377 3155 2428 nullo
3182 2375 3391 2430 edicere
3414 2393 3564 2430 versu

2251 2458 2560 2514 Sufficiam?
2585 2464 2805 2527 Quoties
2838 2466 3145 2533 languorum
3170 2467 3289 2521 tabe
3319 2483 3533 2535 peresus

2254 2552 2615 2623 Invalidosque
2647 2567 2834 2624 potens
2858 2557 2968 2625 jam
3001 2559 3166 2612 verbo
3188 2562 3417 2614 erexerit
3442 2569 3610 2624 artus,

2250 2650 2492 2712 Quotque
2520 2645 2665 2698 focos
2694 2646 2855 2699 febris
2882 2663 3028 2701 sacra
3055 2652 3367 2717 represserit
3395 2652 3531 2703 unda
3556 2691 3571 2713 ,

2250 2735 2486 2801 Qualiter
2505 2747 2715 2806 egestas
2738 2739 2956 2792 fontano
2986 2756 3016 2793 e
3047 2742 3252 2809 gurgite
3283 2741 3523 2811 lymphas

2252 2826 2457 2881 Fecerit
2479 2827 2531 2881 iii
2561 2830 2733 2882 ltettun
2761 2830 2865 2883 vitii
2895 2832 3119 2885 transire
3145 2846 3387 2899 saporem
3416 2833 3429 2884 Ξ

2253 2915 2544 2981 Spirituum
2576 2922 2779 2986 quoties
2814 2933 2905 2986 per
2935 2920 3084 2974 devia
3117 2921 3308 2990 fugerit
3334 2920 3539 2987 horror,

2251 3006 2523 3060 Cuthberti
2554 3018 2806 3061 consueta
2841 3010 2998 3062 minis
3025 3024 3083 3063 se
3116 3012 3355 3077 linquere
3379 3010 3552 3066 fassus

2175 3121 2218 3184 ρ
2255 3097 2493 3161 Pectora,
2529 3110 2582 3154 et
2611 3100 2900 3169 iguivomas
2932 3101 3164 3155 barathri
3194 3104 3293 3156 sub
3315 3106 3495 3172 cogier
3524 3106 3768 3173 umbras,

2249 3189 2602 3260 Absentisque
2628 3194 2787 3244 etiam
2821 3193 2992 3260 pthiiS
3020 3208 3079 3247 se
3110 3195 3334 3262 plcetier
3359 3197 3489 3249 atris
3514 3197 3528 3250 ε

2255 3278 2587 3349 Virtutesque
2614 3285 2749 3335 sacri
2784 3299 3004 3337 numero
3033 3286 3160 3354 quid
3196 3288 3459 3351 prendere
3488 3296 3691 3344 certem

2248 3370 2414 3423 Tanta
2445 3372 2769 3439 proiilietalis
2800 3391 2958 3443 quem
2989 3380 3154 3445 gratia
3188 3379 3335 3432 fulsit
3362 3379 3579 3433 honoris

2247 3464 2365 3518 Jam
2399 3480 2633 3534 puroque
2665 3467 2768 3535 poli
2801 3471 2888 3536 qui
2924 3472 3164 3536 pervolat
3191 3472 3393 3525 aethera
3420 3474 3569 3526 visu?

2248 3595 2472 3651 CAPUT
2516 3598 2677 3675 XXX.
2735 3599 3004 3654 littet'itum
3048 3602 3283 3673 Ecgfridi
3331 3616 3377 3658 et
3425 3608 3600 3660 militis
3638 3607 3821 3675 ipsius,

2319 3685 2461 3736 quem
2512 3673 2818 3739 pra-dixerat
2869 3676 3136 3740 futurum,
3192 3681 3245 3727 tu
3304 3678 3487 3745 spiritu
3542 3673 3673 3731 videt
3732 3679 3824 3729 ub-

2319 3751 2526 3791 δεηιρηι.

2320 3875 2584 3929 Pictorum
2612 3878 2810 3934 interea
2843 3889 3113 3948 premeret
3136 3882 3260 3935 dum
3290 3898 3446 3947 regna
3478 3880 3656 3935 duello

2251 3966 2550 4034 Ecgfridus,
2584 3980 2789 4023 atroces
2816 3971 3014 4025 misero
3042 3972 3151 4041 jam
3186 3972 3289 4025 fine
3315 3971 3522 4025 furores

2248 4061 2452 4118 Cedere
2484 4075 2661 4119 metite
2692 4064 2814 4135 vigil
2849 4068 2979 4122 satis
3009 4067 3313 4135 prOSpexit;
3344 4077 3397 4121 et
3420 4085 3513 4120 ora

2250 4152 2500 4207 Perfusus
2530 4155 2795 4225 lacrymis,
2832 4159 3061 4224 SIISjlll'Ia
3090 4156 3311 4211 fundere
3343 4158 3529 4211 crebra

2252 4246 2565 4315 Ingeminat,
2595 4266 2733 4304 nunc
2758 4266 2881 4304 arva
2916 4264 3153 4305 tremens
3178 4266 3319 4305 nunc
3345 4254 3545 4305 aethera
3569 4266 3820 4308 cernens.

2251 4339 2473 4403 Forsan,
2506 4341 2599 4407 ait,
2632 4354 2813 4399 noster
2838 4348 3082 4401 conlecto
3106 4347 3259 4401 miles
3290 4363 3455 4416 agone

2171 4471 2221 4529 υ
2248 4435 2475 4488 ὃηντιίιυτ
2510 4437 2733 4492 Domino
2762 4439 3030 4494 decretum
3054 4438 3237 4509 judice
3268 4442 3450 4496 finem.

2256 4524 2464 4578 Planius
2498 4529 2635 4583 hunc
2666 4532 2897 4600 rogitant
2924 4546 3174 4587 eventum
3208 4534 3391 4587 dit-ere
3420 4547 3633 4602 pugnae,

2253 4618 2441 4683 Agnita
2470 4620 2558 4686 qui
2590 4619 2745 4672 dubia
2772 4622 2848 4674 sic
2878 4624 3017 4675 celat
3050 4638 3178 4675 voce
3213 4622 3431 4690 pericla.

2332 4708 2572 4774 Cernite,
2599 4710 2767 4773 filioli,
2800 4728 2964 4765 novus
2996 4723 3051 4765 ut
3076 4722 3260 4781 stupor
3288 4728 3409 4767 aera
3445 4711 3647 4773 turbat,

2257 4796 2387 4850 Nam
2422 4800 2625 4854 Domini
2656 4815 2856 4857 secreta
2891 4806 3052 4858 latent
3083 4820 3298 4869 arcana,
3334 4818 3430 4859 nec
3455 4804 3596 4861 ullus

2249 4888 2458 4945 Sufficit
2488 4892 2773 4947 Altitlironi
2806 4895 3021 4964 vestigia
3050 4896 3310 4963 prendere
3334 4894 3519 4963 Regis.

2251 4991 2365 5044 Non
2399 4987 2548 5042 multi
2590 4988 2793 5042 ﬂuxere
2821 4989 2960 5054 dies,
2992 5004 3110 5042 cum
3143 4987 3254 5042 dira
3285 4987 3573 5044 nefandam

2258 5079 2418 5135 Fama
2450 5093 2639 5134 necem
2670 5089 2887 5134 caneret
2916 5080 3089 5148 plebis
3121 5079 3497 5149 procerisque,
3528 5079 3625 5132 sub
3648 5077 3736 5131 illa

2248 5172 2555 5226 Coniectare
2588 5184 2823 5227 mterens
2851 5186 2957 5240 qua
2988 5170 3123 5223 vatis
3149 5169 3365 5225 dixerat
3394 5173 3546 5236 hora,

2250 5265 2539 5317 Absentem
2568 5280 2799 5318 cernens
2826 5277 2985 5332 quam
3016 5271 3271 5316 creverat
3300 5272 3421 5316 ante
3448 5261 3702 5323 futuram,

2250 5358 2489 5410 Rectoris
2515 5371 2637 5409 cum
2670 5358 2822 5427 virgo
2853 5368 3050 5425 rogans
3083 5369 3209 5425 perq
3225 5357 3426 5411 uireret
3452 5367 3647 5408 aevum.

2243 5534 2355 5608 quit
2414 5532 2612 5586 Nonius
2672 5534 2945 5588 Marcellus
3003 5531 3116 5608 (De
3182 5544 3372 5589 mutata
3429 5527 3825 5608 declinatione).

2243 5606 2450 5671 Quippe
2477 5619 2598 5657 cum
2650 5616 2861 5657 veteres
2910 5604 3215 5671 promiscue
3267 5608 3585 5667 usurparent
3632 5603 3728 5651 iter
3774 5603 3830 5671 et

2241 5668 2411 5739 itiner,
2443 5689 2507 5726 ex
2540 5674 2737 5728 notatis
2766 5691 2844 5731 su;
2868 5668 2922 5728 ra
2950 5692 2962 5728 :
2996 5678 3061 5727 ab
3101 5684 3193 5730 iter
3226 5675 3521 5729 formabant
3549 5670 3712 5732 iteris,
3755 5668 3824 5717 ab

2240 5746 2388 5799 itiner
2417 5745 2635 5797 itineris.
