4220 6458
1559 207 1580 236 \

521 322 654 406 '59:
1284 348 1483 404 usus
1523 347 1974 406 VENERABILIS
2015 348 2160 404 ora.

561 465 772 522 lnsidiis
800 464 1055 537 agitabat,
1093 472 1147 520 et
1177 464 1290 517 hinc
1319 463 1478 518 modo
1505 465 1742 534 quinque
1767 465 1975 519 dierum

557 557 737 620 Pugna
770 555 922 610 dolos
951 563 1162 622 superat
1188 556 1439 609 transacti
1469 557 1723 624 temporis
1752 571 1960 610 omnes.

561 647 664 701 Sed
692 646 847 702 facile
878 645 1100 711 infandi,
1136 645 1349 701 Christo
1379 645 1537 712 duce,
1564 647 1665 701 tela
1691 647 1945 716 repressi,

560 737 693 790 Cum
726 753 823 791 nec
853 751 1008 804 parva
1030 735 1130 790 cibi
1162 744 1387 803 potusve
1415 736 1666 790 alimenta
1689 735 1966 798 darentur,

561 831 782 884 'l‘abenti
817 829 936 884 licet
968 830 1066 883 ista
1101 829 1216 882 loco
1249 843 1352 883 nec
1377 829 1612 882 membra
1646 843 1939 883 moverem.

561 921 667 974 Vos
693 935 904 991 quoque
935 920 1102 986 celsa,
1131 935 1346 986 precor,
1371 923 1596 974 servetis
1617 920 1738 986 jura
1761 933 2049 988 perennes,

558 1013 807 1067 (Imlestis
839 1011 1050 1066 Patrum
1081 1011 1232 1065 vobis
1262 1027 1380 1082 quae
1408 1013 1591 1080 regula
1623 1011 1784 1077 cavit,

566 1105 682 1173 Ipse
699 1105 778 1159 vel
797 1103 1003 1174 exiguis
1030 1104 1232 1158 fueram
1258 1121 1375 1172 quas
1405 1120 1648 1173 promere
1676 1105 1858 1163 dictis.

565 1198 698 1251 Ilum
730 1207 844 1250 sata
873 1212 991 1266 quin
1024 1211 1270 1266 proceres
1301 1197 1494 1250 summi
1524 1212 1742 1249 seruere
1773 1197 2020 1264 rigarem.

567 1289 872 1353 Quamlibet
900 1298 952 1342 et
978 1287 1175 1356 rapidis
1198 1297 1444 1355 assurgat
1472 1287 1628 1339 turbo
1664 1285 1930 1351 procellis,

563 1381 754 1436 Omnia
791 1381 925 1436 ferte
953 1381 1076 1447 fide,
1102 1381 1248 1448 regni
1283 1381 1329 1434 vi
1360 1383 1615 1450 quaeritur
1643 1380 1786 1432 aula.

569 1473 899 1540 Fundatique
929 1480 1074 1540 petra
1109 1473 1363 1542 gravibus
1391 1489 1456 1526 ne
1486 1472 1660 1525 cedite
1688 1470 1889 1524 nimbis
1916 1488 1926 1522 :

563 1564 882 1618 Torrentum
912 1565 1097 1629 furias,
1134 1565 1424 1633 Aquilones
1453 1563 1673 1618 temnite
1701 1577 1894 1623 Stevos,

576 1655 770 1708 Ultima
799 1655 1016 1724 jamque
1039 1653 1208 1708 Patris
1235 1663 1445 1708 maneat
1473 1653 1732 1709 sententia
1762 1653 1933 1707 cordi.

577 1743 798 1811 Expedit
831 1743 981 1798 istius
1006 1742 1192 1810 patrita
1220 1758 1314 1795 vos
1355 1742 1592 1811 linquere
1621 1741 1772 1806 lines,

582 1834 777 1888 Limite
803 1849 962 1903 quam
988 1833 1225 1901 trepidos
1252 1843 1484 1887 mentem
1516 1831 1802 1887 deﬂectere
1834 1830 1902 1884 ab
1927 1830 2041 1896 illo,

577 1929 747 1992 Quem
773 1939 921 1980 sacra
952 1925 1146 1978 divinis
1175 1925 1411 1992 depinxit
1443 1926 1614 1978 littera
1643 1924 1862 1977 chartis.

573 2015 682 2070 Nec
706 2015 826 2086 quia
864 2015 1147 2070 multorum
1176 2017 1382 2071 cineres
1411 2018 1558 2070 locus
1587 2017 1690 2070 isre
1720 2015 1976 2083 sepultet,

580 2111 752 2162 Aurea
777 2109 1022 2176 ﬂagranti
1052 2116 1294 2176 peterent
1321 2107 1407 2176 qui
1437 2108 1608 2162 sidera
1633 2122 1810 2172 cursu,

582 2199 689 2253 Vos
722 2201 871 2254 favor
901 2211 992 2254 aut
1020 2215 1201 2255 vacuat
1241 2211 1408 2256 tentet
1432 2215 1559 2269 vaga
1590 2201 1756 2270 gloria
1790 2199 1976 2253 laudis.

579 2291 658 2346 Illi
689 2307 814 2346 nam
842 2293 1049 2347 meritis
1071 2292 1305 2359 gaudent
1341 2306 1502 2362 super
1533 2301 1674 2346 astra
1706 2291 1941 2346 coronis.

578 2384 726 2438 Ilaud
757 2383 912 2438 aliter
943 2385 1141 2438 nostris
1169 2383 1342 2438 stadio
1367 2399 1464 2436 nos
1501 2398 1722 2437 currere
1755 2383 1952 2452 plantis

578 2473 856 2539 Convenit,
890 2482 944 2528 et
972 2474 1201 2543 propriis
1243 2471 1483 2528 bravium
1515 2472 1904 2542 comprendere
1947 2471 2154 2541 palmis.

585 2566 692 2621 Nec
716 2567 829 2622 loca
861 2577 1077 2636 prepter
1118 2567 1277 2620 homo
1303 2565 1492 2620 merito
1522 2565 1838 2620 venerabilis
1864 2573 2060 2628 exstat,

581 2659 686 2713 Sed
716 2659 866 2714 locus
893 2660 962 2713 ob
991 2658 1235 2712 homines
1265 2667 1440 2710 exstat
1471 2657 1793 2712 venerabilis
1817 2657 2012 2708 almus.

584 2751 771 2821 Meque
797 2764 930 2804 mea:
955 2751 1127 2819 rogito
1157 2763 1300 2802 nunc
1325 2749 1488 2802 indite
1519 2747 1784 2802 nitentibus
1807 2746 1974 2810 urbis,

592 2841 758 2896 Instat
777 2840 923 2895 enim
953 2848 1163 2910 tempus
1193 2839 1367 2894 carnis
1396 2838 1536 2908 quod
1567 2836 1744 2891 debita
1771 2837 2000 2899 solvam,

586 2952 814 3008 CAPUT
855 2951 1096 3006 XXXVI.
1141 2951 1409 3017 Quomodo
1440 2949 1724 3002 ministrum
1775 2963 1928 3000 suum
1975 2964 2005 2999 a
2037 2962 2161 3015 pro-

1036 3025 1190 3092 ﬂuvio
1217 3022 1404 3075 ventris
1434 3020 1707 3075 sanaverit.

593 3231 784 3286 Saucia
815 3229 1034 3286 secretis
1064 3227 1258 3284 condat
1285 3242 1352 3282 ne
1379 3227 1615 3282 membra
1651 3227 1867 3284 latebris
1897 3247 1908 3282 :

589 3325 693 3380 Sed
724 3323 852 3379 letbi
877 3331 931 3376 (ιι
959 3323 1076 3376 vita:
1101 3319 1332 3376 confinia
1363 3335 1570 3374 summa
1608 3328 1882 3375 tenentem

589 3415 851 3469 Fraterno
881 3427 1064 3467 coram
1097 3411 1298 3465 relevet
1328 3409 1592 3464 solamine
1617 3409 1910 3464 ﬂammam.
1995 3402 1998 3407 ’

587 3506 681 3560 Vel
711 3519 860 3559 sacra
891 3502 1146 3570 suscipiat
1171 3502 1360 3555 saltem
1391 3502 1490 3554 sub
1522 3510 1657 3555 tecta
1701 3500 2030 3566 ministrum,

589 3597 690 3664 Qui
719 3595 977 3663 obsequio
1009 3591 1220 3656 fragiles
1251 3601 1500 3660 procuret
1529 3592 1748 3646 sedulus
1775 3602 1942 3645 artus.

681 3688 774 3740 llis
803 3695 980 3739 motus
1006 3685 1163 3736 vertit
1184 3683 1308 3736 dum
1341 3683 1536 3736 lumina
1569 3683 1759 3737 blanda
1801 3698 1893 3752 per
1924 3698 2129 3748 omnes,

594 3776 878 3848 Aspiciens
910 3776 1128 3830 fratrem
1157 3776 1312 3843 longa
1344 3775 1427 3828 cui
1461 3775 1612 3829 clade
1640 3786 1863 3843 gravato

593 3869 792 3925 'I'abida
826 3867 1132 3922 marcebant
1155 3866 1416 3921 exhausto
1446 3865 1653 3920 viscere
1685 3866 1924 3919 membra
1952 3882 1964 3917 :

598 3955 732 4026 Ilic,’
753 3960 798 4015 si
829 3957 1002 4022 vultis,
1032 3957 1125 4023 ait,
1158 3957 1346 4011 subeat
1375 3971 1491 4010 mea
1537 3963 1698 4021 tecta,
1736 3956 1970 4024 mihique

607 4057 751 4112 Lahe
780 4055 881 4110 sub
910 4053 1009 4108 hac
1039 4052 1179 4107 fesso
1212 4052 1468 4106 solamina
1500 4061 1715 4118 pra-stet
1754 4051 1975 4104 amoris.

606 4151 707 4218 Qui
738 4157 914 4203 vatem
939 4147 1222 4200 comitatus
1245 4143 1355 4198 adit
1381 4159 1501 4197 mox
1535 4143 1718 4196 limina
1742 4158 1894 4196 sacra

600 4244 928 4307 Uccurrens,
971 4238 1185 4306 inopina
1227 4236 1369 4290 salus
1408 4235 1784 4304 complectitur
1821 4250 2041 4304 aegrum,

605 4330 834 4400 Depulso
873 4329 1129 4397 languore
1151 4327 1320 4390 sinus,
1345 4326 1674 4396 dignumque
1692 4335 1717 4363 α
1749 4327 1935 4381 salutis

597 4421 804 4478 Cedere
829 4436 934 4474 non
963 4433 1118 4473 ausos
1151 4426 1435 4488 penetrare
1457 4417 1558 4471 sub
1581 4419 1720 4472 edita
1744 4419 1985 4470 morbos.

600 4513 709 4569 Nec
731 4527 876 4567 mora
907 4524 1094 4578 sospes
1124 4510 1236 4562 abit
1271 4510 1358 4578 qui
1397 4509 1688 4562 intraverat
1715 4523 1882 4579 aeger,
1910 4521 1965 4563 et
1998 4510 2107 4565 illic

605 4606 986 4675 Presbyterum
1013 4601 1251 4655 immittit
1279 4599 1436 4670 digne
1463 4599 1809 4669 Cutltbertus,
1836 4613 1890 4653 ut
1913 4601 2002 4656 illo

598 4699 789 4757 Sidera
816 4705 952 4752 teste
979 4703 1147 4766 petat,
1181 4709 1287 4764 quo
1311 4695 1475 4747 vitam
1508 4702 1644 4748 teste
1672 4693 1912 4764 regebat.

597 4810 825 4868 CAPUT
895 4806 1155 4865 XXXVII.
1220 4805 1469 4875 Percepto
1530 4807 1715 4860 viatico
1761 4847 1776 4868 ,

989 4879 1231 4933 orationis
1270 4880 1508 4945 spiritum
1550 4879 1802 4932 reddidit.

1835 4807 1968 4861 inter
2030 4807 2180 4859 verba

673 4997 898 5066 Jamque
925 5003 1171 5063 soporata
1202 4996 1484 5061 torpebant
1513 4993 1689 5048 omnia
1725 5003 1903 5055 nocte,
1973 4988 1994 5009 '

606 5087 862 5144 Excubiis
889 5085 1075 5157 vigiles
1104 5093 1373 5153 premeret
1400 5084 1524 5138 dum
1560 5083 1733 5137 Farne
1764 5085 2033 5147 tenebras,

606 5183 827 5252 Quaque
854 5192 1042 5249 preces
1068 5184 1320 5233 resonant
1349 5175 1599 5242 modulis,
1635 5174 1816 5229 fremit
1845 5174 2018 5228 insula
2043 5173 2184 5242 psal-

2023 5263 2147 5335 [mis
2169 5281 2182 5328 ;

608 5341 761 5402 Vatis
790 5350 844 5397 et
872 5342 985 5412 ipse
1014 5356 1125 5396 suae
1157 5347 1485 5408 prmgustans
1516 5336 1701 5404 gaudia
1735 5335 1947 5405 palmae,

615 5434 887 5488 Aitliereis
915 5431 1168 5500 expandit
1196 5443 1359 5483 ovans
1391 5428 1489 5481 sub
1523 5426 1764 5481 laudibus
1795 5427 2030 5479 umbras.

615 5529 714 5577 Ast
743 5522 835 5576 ubi
867 5520 1249 5575 ﬂammicomos
1279 5519 1567 5572 ardescens
1595 5514 1779 5570 lucifer
1807 5524 1954 5569 ortus

609 5614 818 5676 Attulit,
849 5626 975 5666 ecce
1001 5626 1150 5666 sacer
1182 5609 1423 5665 residens
1451 5609 1672 5662 antistes
1700 5607 1765 5659 ad
1795 5605 1932 5659 altar

610 5703 802 5757 Pocula
830 5703 1074 5772 degustat
1103 5702 1246 5762 vita),
1279 5700 1585 5770 Christique
1615 5698 1866 5768 supinum

691 5829 716 5856 “
748 5818 943 5890 Supple
972 5817 1086 5886 fuit.

2208 347 2384 403 PARS
2422 346 2511 402 Ill.
2554 376 2622 387 —
2663 345 3142 402 PAR/ENETICA.
3723 354 3835 408 599

2174 471 2221 523 A
2255 462 2526 532 Sanguine
2556 463 2727 517 munit
2758 463 2882 528 iter,
2917 462 3207 531 vultusque
3231 461 3297 516 ad
3331 463 3505 518 sidera
3535 475 3588 519 et
3619 465 3794 522 almas

2259 553 2504 608 Sustollit
2533 554 2774 624 gaudens
2807 553 3027 622 palmas,
3060 553 3400 622 animamque
3425 556 3678 623 supernis

2259 643 2526 698 Laudibus
2557 645 2816 699 intentam
2853 645 3160 698 laetantibus
3186 643 3379 698 indidit
3409 647 3589 701 aStris.

2247 757 2473 813 CAPUT
2507 757 2790 812 XXXVIII.
2829 759 3097 825 Quomodo
3111 760 3269 827 juxta
3292 759 3614 829 praphrtiam
3648 765 3845 829 psalmi

2317 845 2466 898 quem
2495 847 2552 881 eo
2591 831 2837 881 moriente
2879 839 3230 894 cantaverunt,
3267 831 3711 898 Lindisfarnenses
3740 837 3842 888 sint

2318 901 2624 969 impugnati,
2657 901 2746 952 sed
2785 899 3004 952 Domino
3021 899 3237 968 juvan'e
3267 903 3504 970 protecti.

2320 988 2608 1058 Presbyter
2638 990 2924 1059 egrediens
2953 991 3089 1042 vatis
3121 994 3202 1058 pia
3237 988 3422 1045 funera
3456 997 3664 1048 ηιαξειίς

2252 1078 2530 1147 Depromit
2555 1081 2738 1147 sociis,
2769 1089 2878 1134 tum
2913 1080 3054 1136 forte
3082 1083 3398 1136 canentibus
3431 1085 3684 1154 bymnum

2254 1175 2405 1229 llunc
2428 1176 2650 1245 querula
2677 1175 2778 1230 sub
2811 1175 2966 1229 laude
2995 1193 3007 1227 :
3053 1175 3194 1230 Deus
3225 1192 3323 1229 nos
3353 1178 3493 1232 alme
3526 1181 3794 1247 repellens

2258 1267 2498 1320 Destruis
2529 1267 2720 1332 iratus,
2751 1268 3035 1336 salvasque
3067 1268 3325 1320 misertus
3353 1269 3421 1321 ab
3452 1268 3626 1328 hos'e.

2254 1358 2396 1408 Arva
2428 1371 2630 1422 moves,
2665 1335 2950 1424 turbasque
2982 1367 3188 1424 potens,
3217 1369 3270 1410 et
3303 1358 3488 1411 territa
3519 1374 3676 1412 sanas

2259 1447 2626 1517 Propinasque
2657 1448 2764 1502 tuis
2796 1450 3081 1518 prtetristia
3113 1461 3285 1504 musta
3313 1467 3328 1515 ;
3361 1451 3453 1503 sed
3483 1451 3652 1502 hostis

2256 1539 2331 1592 'l‘e
2360 1539 2493 1592 duce
2520 1541 2658 1592 bella
2691 1549 2876 1606 ruunt,
2910 1551 2963 1594 tu
3006 1541 3162 1592 noxia
3192 1542 3502 1608 comprimis
3531 1556 3700 1607 arma,

2263 1629 2458 1683 Libera
2491 1639 2548 1683 ut
2575 1631 2729 1684 electi
2765 1633 3031 1698 potiantur
3064 1635 3182 1685 luce
3211 1647 3305 1698 per
3330 1647 3525 1688 arvum.

2261 1723 2433 1776 Indice
2458 1733 2568 1776 tum
2601 1723 2814 1776 ﬂamma
2847 1722 3366 1778 Lindisfarnensibus
3393 1725 3536 1777 illam

2192 1815 2238 1877 Β
2266 1812 2376 1878 Qua
2410 1813 2530 1881 vigil
2558 1827 2588 1866 e
2619 1813 2850 1879 speculis
2883 1829 3083 1880 pernox
3118 1798 3424 1867 servaverat
3452 1819 3660 1877 horam,

2265 1903 2549 1959 Etherias
2580 1904 2819 1973 pandunt
2853 1915 3024 1960 vatem
3061 1917 3368 1974 penetrasse
3389 1910 3490 1960 sub
3515 1923 3694 1958 auras.

2263 1994 2364 2060 Qui
2388 1994 2498 2064 jam
2532 2006 2810 2050 nocturna:
2842 2005 2950 2050 tum
2981 1995 3118 2049 forte
3149 1997 3250 2049 sub
3277 1999 3465 2050 ordine
3499 1997 3672 2050 laudis

2266 2084 2366 2152 Ipsi
2398 2086 2558 2140 etiam
2591 2085 2783 2140 mirum
2815 2087 3061 2152 ejusdem
3093 2086 3453 2141 modulamine
3483 2089 3668 2156 psalmi

2270 2174 2500 2230 Verbera
2529 2189 2720 2230 mor-sta
2749 2177 2900 2246 sequi
2929 2177 3138 2232 Domini
3172 2179 3256 2246 pia
3287 2179 3424 2232 dona
3450 2180 3733 2234 canebant.

2263 2267 2369 2323 Nec
2395 2278 2644 2335 suspecta
2674 2266 2765 2322 diu
2799 2267 3010 2322 tardant
3037 2271 3315 2337 prmsagia,
3345 2284 3465 2323 nam
3497 2285 3614 2322 mox

2273 2357 2426 2412 Vatis
2457 2357 2756 2412 honorifico
2787 2357 3111 2413 mandantur
3135 2369 3191 2411 ut
3215 2359 3354 2413 alma
3380 2360 3627 2428 sepulcro

2269 2451 2465 2503 Alteris
2490 2449 2682 2503 dextro
2712 2450 2812 2504 sub
2834 2450 3048 2504 condita
3081 2466 3346 2506 marmore
3376 2453 3610 2506 membra
3639 2467 3654 2512 ;

2277 2539 2532 2594 Insisleus
2562 2540 2776 2609 Aquilo,
2810 2541 2978 2594 niveis
3006 2540 3239 2595 Confisus
3271 2544 3320 2595 in
3351 2543 3535 2609 armis,

2267 2633 2401 2686 Ilinc
2426 2643 2585 2702 atque
2609 2633 2733 2686 hinc
2760 2633 2893 2687 adeo
2925 2632 3303 2687 Lindisfarnaaa
3339 2636 3541 2701 perosis

2265 2723 2426 2777 Tecta
2454 2724 2625 2792 quatit
2653 2723 2856 2788 ﬂabris,
2895 2734 2950 2776 ut
2980 2723 3171 2778 nobilis
3202 2725 3286 2778 illa
3322 2736 3600 2792 parentum

2267 2811 2554 2882 Progenies
2587 2815 2729 2868 fesso
2759 2813 3012 2868 titubaret
3042 2816 3273 2869 stamine
3304 2831 3500 2868 rerum.

2264 2907 2471 2962 Cedere
2498 2907 2721 2976 jamque
2751 2909 2869 2962 loco
2897 2890 3054 2978 quam
3079 2918 3318 2964 extrema
3347 2909 3525 2964 subire
3556 2909 3735 2978 pericli

2268 2997 2505 3067 Eligeret
2535 3014 2548 3060 ;
2578 2998 2806 3067 necjam
2842 2999 3054 3069 longum
3087 3012 3265 3053 manet
3297 3002 3393 3065 ira,
3421 3001 3512 3054 sed
3545 3003 3735 3055 almam

2271 3089 2642 3144 Eadherchtus
2669 3100 2889 3143 renovat
2917 3091 3106 3145 sedato
3127 3090 3336 3144 turbine
3357 3106 3562 3156 pacem,

2267 3273 2530 3328 Prmscius
2557 3284 2612 3328 et
2639 3274 2806 3344 lyr-ieo
2835 3273 3120 3328 resonabat
3142 3284 3198 3327 ut
3220 3274 3407 3327 ordine
3438 3274 3707 3342 psalmus,

2269 3365 2580 3420 Pontilicale
2607 3367 2778 3421 decus
2803 3367 3076 3436 plebisque
3109 3368 3369 3421 instaurat
3393 3369 3668 3420 honorem.

2271 3492 2496 3548 CAPUT
2525 3492 2766 3547 XXXIX.
2802 3492 3068 3558 Quomodo
3099 3511 3280 3563 corpus
3307 3496 3465 3564 ipsius
3490 3505 3599 3562 post
3629 3494 3858 3548 undecim

2545 3568 2608 3616 sit
2639 3580 2800 3618 annos
2830 3567 2940 3617 sine
2964 3577 3286 3636 corruptione
3317 3578 3593 3633 repertam.

2344 3700 2746 3769 Conspicuique
2768 3713 2921 3754 Sacer
2952 3701 3088 3756 solio
3120 3698 3292 3754 Patris
3321 3701 3515 3754 inditus
3540 3701 3732 3760 haeres,

2282 3790 2562 3847 Undecimi
2597 3802 2873 3861 postquam
2901 3808 3113 3846 cursum
3144 3793 3543 3846 transcenderat
3567 3796 3715 3857 anni,

2280 3883 2618 3954 Complacnit
2645 3885 2854 3938 cineres
2881 3885 3071 3938 tumuli
3102 3885 3168 3938 de
3191 3886 3318 3938 sede
3343 3886 3478 3938 beati

2283 3975 2467 4029 Elatos
2491 3989 2668 4028 coram
2697 3976 2903 4044 gremio
2934 3974 3066 4028 levis
3093 3975 3303 4030 iuderet
3325 3983 3458 4027 arte.

2284 4067 2389 4121 Sed
2419 4067 2564 4120 canit
2587 4077 2642 4120 ut
2674 4068 2933 4136 psalmus,
2966 4068 3085 4135 quia
3115 4080 3260 4120 mors
3289 4067 3519 4136 pretiosa
3550 4066 3754 4133 piorum

2279 4164 2417 4212 Ante
2442 4157 2628 4222 Deum,
2667 4155 2693 4194 lt
2730 4158 2923 4212 retinet
2949 4158 3168 4210 calicem
3194 4158 3282 4224 qtti
3313 4156 3524 4211 h-iurire
3553 4156 3737 4210 salutis

2279 4248 2666 4316 (:ontrepidant
2696 4250 2822 4303 celsi
2857 4249 3005 4301 tutati
3037 4250 3251 4302 nomine
3281 4247 3459 4317 Regis.

2286 4341 2489 4394 ltursus
2520 4349 2572 4395 et
2603 4349 2660 4393 ut
2682 4355 2893 4393 summo
2920 4349 3136 4394 resonat
3163 4339 3272 4408 lyra
3303 4341 3524 4409 mystica
3550 4350 3706 4392 cantu

2287 4433 2393 4487 Nec
2421 4445 2663 4488 sanctum
2694 4433 2868 4495 dabis,
2903 4433 3044 4495 Alte,
3077 4443 3221 4484 tuum
3251 4443 3501 4499 corrupta
3537 4432 3718 4483 videre

2207 4513 2258 4572 D
2289 4524 2464 4577 Aurea
2497 4522 2726 4576 luciﬂua:
2758 4523 2948 4591 pandis
2975 4522 3059 4575 cui
3087 4522 3316 4575 culmina
3347 4521 3492 4580 vitv,

2292 4615 2547 4668 Ilumatiis
2570 4612 2750 4667 divina
2783 4615 2951 4667 nitent
2979 4615 3226 4667 miracula
3256 4613 3506 4666 membris

2285 4706 2349 4758 Et
2380 4705 2586 4758 Domini
2611 4705 2756 4759 celso
2786 4704 2951 4773 fulget
2975 4721 3093 4772 qua:
3118 4703 3243 4772 jure
3277 4715 3510 4770 potestas

2284 4793 2512 4863 Paricipi
2543 4795 2662 4847 fidis
2693 4795 2923 4848 donatur
2952 4810 3173 4848 munere
3203 4795 3390 4847 servis.

2287 4887 2608 4940 lntetnerata
2639 4901 2792 4939 sacro
2817 4897 3133 4956 promuntur
3161 4888 3395 4939 membra
3429 4887 3694 4954 sepulcro,

2285 4979 2472 5032 Nescia
2501 4995 2658 5044 quam
2691 4994 2842 5031 noxa:
2877 4988 2980 5031 tam
3009 4979 3137 5031 dine
3170 4979 3420 5031 immunia
3451 4979 3604 5032 labis.

2287 5071 2394 5125 Nec
2420 5070 2615 5126 durum
2643 5085 2705 5123 ac
2733 5071 2961 5140 rigidum
2991 5085 3131 5124 satva
3159 5085 3252 5124 seu
3285 5081 3454 5124 morte
3485 5077 3789 5138 gravatum,

2287 5163 2394 5218 Sed
2426 5163 2592 5218 veluti
2626 5163 2890 5231 placidum
2916 5163 3134 5231 capiunt
3161 5162 3284 5214 dum
3319 5172 3529 5228 pectora
3563 5173 3832 5222 somnum,

2288 5257 2489 5311 Flexile
2509 5255 2621 5326 jam
2652 5263 2760 5308 tota
2786 5270 2981 5324 corpus
3012 5269 3264 5323 compage
3293 5255 3523 5307 videtur.

2288 5351 2395 5405 Nec
2415 5351 2586 5404 minor
2614 5349 2823 5403 eximite
2851 5349 3111 5402 renitebat
3143 5347 3312 5416 gratia
3343 5353 3506 5400 vestis

2293 5445 2599 5511 lncorrupta
2624 5441 2740 5495 solo
2767 5441 2938 5496 sancti
2963 5455 3080 5511 quae
3105 5447 3312 5494 texerat
3342 5449 3511 5491 artus.

2291 5541 2441 5596 Ilanc
2473 5539 2602 5593 findi
2634 5538 2834 5608 placuit
2859 5537 3090 5594 medium
3117 5535 3201 5604 pia
3237 5532 3474 5588 membra
3505 5537 3804 5598 receptant.

2291 5631 2547 5685 Servatur
2572 5625 2807 5682 medium
2838 5626 2974 5694 signi
3009 5620 3369 5679 memorabilis
3400 5618 3576 5674 iudex.

2423 5803 2530 5867 Al.,
2562 5802 2794 5856 retinent.
