4220 6466
450 327 553 383 593

1226 323 1420 379 SEC'I'.
1467 325 1555 379 ΙΙΙ.
1597 354 1664 364 -
1703 324 2033 380 CAliMlNA.
2074 353 2143 363 —-
2188 324 2348 380 VITA
2389 326 2446 380 S.
2488 321 2899 381 CUTHBERTI.

3596 321 3697 377 59‘

446 444 675 500 CAPUT
708 444 817 497 XL.
871 443 1139 505 Quomodo
1184 456 1371 506 corpus
1424 440 1666 493 Eadberti
1712 439 1937 506 episcopi
1965 441 2017 492 iu
2052 439 2097 495 Δ
2124 438 2323 493 Servus
2350 438 2490 493 enim
2530 436 2686 491 celsa:
2710 435 2951 489 induerat
2977 445 3130 487 sacra
3158 430 3295 487 dona
3326 432 3546 488 medela:
3575 452 3589 497 ;

516 516 711 567 tmnnlo
738 515 831 567 viri
861 513 957 567 Dei
1000 520 1257 581 ponentes,
1302 511 1672 581 sweep/rogum
1701 512 1841 565 illius
1873 511 2021 563 desu-

518 602 607 652 per
634 594 929 653 posuerunt.

520 698 855 752 Eadberhtus
887 706 1169 765 postquam
1196 711 1372 751 rerum
1406 696 1655 750 miracula
1685 696 1860 767 dignis

450 790 716 843 Laudibus
745 788 1025 851 extulerat,
1057 803 1212 842 versu
1243 787 1575 841 memorabar
1605 797 1660 841 ut
1690 788 1815 840 olim

448 883 591 936 Illius
618 880 864 951 egregios
890 881 1128 934 referens
1155 878 1406 932 antistitis
1437 889 1607 940 actus,

451 971 709 1025 Febribus
735 969 1073 1039 excoquitur,
1108 971 1475 1039 placidumque
1503 970 1568 1023 ad
1599 969 1773 1023 sidera
1806 968 1989 1023 flatum

450 1063 734 1127 Emittens,
762 1061 988 1130 patriam
1024 1061 1333 1115 conscendit
1363 1074 1587 1127 corpore
1615 1059 1820 1115 sedem.

449 1154 689 1220 Desuper
719 1160 773 1205 at
799 1154 954 1206 celsae
980 1152 1235 1219 splendor
1265 1152 1600 1219 componitur
1630 1165 1770 1204 arcae

452 1250 757 1304 lmmortale
784 1250 968 1314 decus,
999 1248 1256 1303 enhibens
1282 1264 1400 1316 qua:
1426 1249 1678 1318 martyris
1707 1248 1830 1301 almi

450 1341 740 1410 Praefulgct
768 1340 962 1394 mirum
990 1339 1297 1393 coelestibus
1329 1338 1521 1408 inclyta
1560 1337 1746 1405 signis.

449 1435 756 1490 Morborum
784 1435 987 1503 fugiunt
1015 1434 1184 1497 labes,
1217 1433 1365 1487 furor
1391 1432 1586 1500 impius
1617 1432 1718 1486 atri

451 1524 752 1588 Daeumnis;
781 1522 983 1577 assistit
1009 1523 1301 1590 viveusque
1327 1521 1532 1576 solebat
1565 1532 1619 1575 ut
1652 1530 1777 1574 ante

451 1615 737 1682 Signurum
770 1624 1067 1668 monstrare
1092 1613 1269 1681 jubar,
1299 1613 1459 1665 modo
1488 1613 1564 1666 sic
1593 1626 1803 1681 quoque
1833 1610 2029 1680 passim

451 1706 728 1775 Spargitur
757 1716 809 1760 et
836 1706 1042 1759 functos
1069 1704 1236 1758 virtus
1265 1703 1502 1757 miranda
1529 1717 1622 1772 per
1648 1712 1818 1756 artus.

2129 528 2299 593 Fecit,
2327 537 2383 583 et
2412 527 2623 582 interno
2655 523 2877 580 firmatis
2907 522 3101 578 robore
3129 523 3307 576 nervis

2127 619 2350 688 Palpitat
2380 620 2584 674 alterno
2615 618 2731 671 lazta
2756 617 2894 670 inter
2931 615 3140 669 somnia
3168 628 3374 684 gressu,

2126 710 2359 779 .Eqnore
2388 709 2585 764 deserti
2618 709 2803 762 ludunt
2828 722 2925 762 ceu
2964 707 3142 761 littore
3174 708 3371 773 pisces.

2128 801 2399 870 Evigilans
2426 799 2615 853 baculo
2641 798 2904 853 redivivos
2931 796 3084 866 erigit
3114 806 3286 866 artus,

2128 894 2202 945 Ae
2232 892 2521 949 matutinas
2548 888 2740 943 stando
2772 888 3074 956 persolvere
3105 888 3286 943 laudes

2129 982 2336 1050 Incipit,
2365 992 2419 1034 et
2447 981 2623 1049 prisco
2650 977 2908 1033 solidatus
2936 978 3173 1032 membra
3202 980 3383 1049 vigore

2129 1073 2367 1126 Divinam
2397 1071 2665 1125 collaudat
2694 1084 2872 1138 opem,
2900 1069 3177 1139 justasque
3209 1071 3436 1126 Tonanti

2129 1165 2294 1221 Offert
2319 1166 2529 1219 sidereo
2557 1179 2718 1220 sanus
2752 1178 2847 1231 pro
2878 1178 3098 1217 munere
3123 1173 3321 1232 grates.

2129 1277 2354 1334 CAPUT
2385 1277 2541 1332 XLV.
2577 1278 2723 1343 Quod
2752 1278 2968 1347 tegmine
3012 1278 3224 1346 parietis
3248 1281 3361 1349 ejus
3390 1277 3584 1349 inﬁrmi
3612 1297 3702 1334 cu-

2815 1358 3007 1400 rentur.

2202 1461 2309 1517 Nec
2337 1470 2579 1517 sanctum
2610 1463 2831 1517 aetherio
2862 1473 3119 1519 vacuatur
3152 1479 3369 1521 munere
3397 1473 3624 1531 tectum,
3703 1462 3709 1533 ἐ

2133 1554 2252 1620 Quo
2280 1568 2434 1608 sacer.
2463 1562 2605 1606 astra
2631 1564 2820 1621 petens
2848 1569 3041 1624 corpus
3070 1570 3348 1625 exsangue
3365 1558 3598 1627 reliquit.

2138 1645 2290 1698 Nunc
2318 1660 2529 1713 quoque
2560 1645 2653 1699 sed
2680 1646 2905 1700 solitam.
2924 1648 3151 1713 partitur
3179 1649 3374 1715 ubique
3402 1650 3687 1717 medelam,

2134 1737 2364 1807 Altaque
2392 1739 2651 1792 mirentur
2677 1738 2853 1806 proles
2881 1739 3128 1793 Davidica
3158 1741 3361 1810 templi.

450 1816 674 1870 CAPUT
706 1815 838 1898 ἕως
864 1790 869 1793 Δ
896 1815 1034 1898 ιῗιιςν
1080 1816 1423 1898 ιίίιετηοηὶᾳειιε
1475 1815 1625 1898 Ῑηιηιε)
1655 1816 1739 1867 συί
1772 1814 2030 1898 ιανςιτνυυι
2062 1787 2107 1847 Β
2133 1787 2293 1883 Tecta
2319 1829 2422 1892 sui;
2453 1787 2959 1898 gemmisrquoniam
2991 1787 3332 1886 stellantibus
3364 1832 3586 1888 aethram

519 1889 746 1957 corporis
775 1889 882 1958 ejus
913 1886 1141 1955 infusum
1168 1895 1274 1939 erat
1305 1887 1357 1938 in
1384 1902 1517 1954 aqua
1541 1888 1694 1939 missa
1717 1894 1955 1939 sanatur.

536 2000 627 2054 Vir
657 2000 867 2066 quidam
899 1999 1009 2053 nati
1041 1998 1232 2053 misere
1260 2013 1416 2066 quem
1447 2012 1585 2051 caeca
1620 1996 1797 2051 furore

456 2088 723 2142 Daemonis
748 2089 824 2142 ira
857 2099 1036 2142 terens
1064 2102 1233 2141 smvas
1261 2087 1533 2141 effundere
1561 2102 1718 2141 voces

453 2180 746 2248 Compulit,
772 2191 825 2235 et
850 2180 1094 2249 proprios
1117 2194 1437 2233 consumere
1468 2178 1730 2232 morsibus
1759 2186 1927 2242 artus,

454 2269 686 2325 Membra
720 2286 811 2339 per
839 2272 1101 2325 almorum
1132 2270 1369 2339 rogitans
1403 2283 1550 2323 sacra
1582 2269 1729 2323 busta
1766 2268 1993 2329 ferebat,

454 2361 694 2417 Pendere
721 2377 819 2416 nec
849 2363 1068 2429 petitam
1092 2360 1261 2416 sancti
1287 2360 1506 2415 voluere
1535 2359 1789 2425 salutem,

455 2449 755 2506 Cuthberto
779 2452 951 2521 potior
980 2452 1147 2506 virtus
1172 2461 1231 2505 ut
1257 2450 1399 2505 celsa
1431 2450 1671 2504 micaret.

459 2540 594 2595 Tum
626 2540 776 2609 pueri
804 2542 1017 2611 quidam
1047 2542 1202 2596 fletus
1230 2541 1571 2610 vagitumque
1600 2540 1925 2609 perhorrens

456 2632 535 2687 Ad
567 2631 739 2685 Patris
762 2632 1012 2686 auxilium
1046 2632 1177 2685 fidus
1199 2632 1468 2686 concurrit
1495 2632 1684 2695 amati,

455 2721 687 2776 Noverat
713 2723 851 2777 alma
883 2722 1018 2776 sacri
1051 2722 1258 2777 functos
1283 2737 1399 2789 quae
1424 2723 1628 2775 laverat
1655 2731 1805 2775 artus

457 2812 671 2867 Patroni
701 2813 992 2880 quondam,
1029 2813 1186 2867 terris
1214 2812 1304 2867 ubi
1336 2813 1538 2866 reddita
1570 2811 1782 2880 lympha
1814 2820 1915 2866 est.

458 2902 585 2959 Inde
609 2904 747 2971 rapit
773 2903 1030 2971 grandem
1066 2903 1276 2957 modico
1309 2902 1376 2957 de
1403 2911 1427 2937 ⁸
1459 2915 1583 2955 rure
1609 2901 1854 2967 salutem,

458 2994 724 3049 lmmiscet
753 2994 914 3060 latici,
944 2994 1100 3049 dictis
1130 3004 1433 3049 sacraverat
1461 2994 1617 3049 almis
1642 3011 1659 3048 :

460 3085 556 3138 Dat
581 3096 759 3154 potum
786 3101 971 3153 puero,
1001 3086 1200 3141 stridor
1229 3102 1351 3140 mox
1383 3086 1523 3141 cedit
1548 3101 1785 3150 amarus,

455 3172 565 3228 Nec
596 3190 742 3228 mora
768 3177 917 3241 plena
949 3175 1093 3229 salus
1127 3176 1283 3230 redit.
1316 3177 1435 3242 Ipse
1465 3192 1691 3243 superna
1725 3186 1973 3232 vcreutcr

460 3264 678 3318 Munera
711 3265 1001 3330 collaudat,
1044 3265 1270 3335 latoque
1297 3282 1391 3335 per
1418 3266 1595 3319 omnia
1625 3281 1783 3332 passu

456 3356 731 3411 Cuthberti
761 3358 966 3411 cunctis
997 3358 1192 3413 donum
1219 3359 1519 3414 venerabile
1550 3359 1753 3428 pandit.

457 3465 680 3523 CAPUT
734 3468 890 3523 XLII.
937 3468 1190 3539 lEgrotus
1243 3470 1319 3591 (ad
1380 3471 1633 3525 tumulum
1670 3472 1781 3543 ejus
1837 3472 2035 3525 orando

1112 3556 1237 3591 sana
1264 3556 1347 3591 ur.

1112 3556 1347 3595 sanatur.

528 3651 674 3704 Alter
696 3652 986 3717 morbigeni
1016 3662 1361 3721 consumptus
1384 3652 1451 3706 ab
1478 3652 1599 3721 igne
1627 3654 1821 3709 camini

463 3740 560 3793 Vix
593 3740 804 3793 fatuulis
834 3742 1075 3793 manibus
1100 3753 1338 3794 sanctam
1368 3743 1647 3795 deducitur
1676 3744 1765 3796 alti

459 3829 699 3899 Martyris
721 3832 784 3881 ad
817 3832 1072 3896 ttnnbam,
1102 3848 1238 3900 genu
1270 3848 1472 3900 ponens
1502 3834 1750 3888 obsecrat
1773 3834 1878 3888 illis

462 3920 660 3989 Eripiat
685 3922 869 3975 vinclis
900 3925 1029 3975 tanti
1059 3940 1156 3977 vox
1190 3924 1330 3977 alma
1358 3927 1587 3993 patroni.

458 4012 637 4080 Surgit
659 4022 732 4075 et,
764 4013 970 4068 aetherii
1004 4015 1243 4069 firmatus
1277 4032 1496 4070 munere
1528 4018 1675 4082 doni,

463 4099 647 4153 Libera
677 4102 963 4170 εοερίιὶὺιιε
990 4106 1132 4170 ponit
1164 4106 1380 4174 vestigia
1412 4108 1624 4175 plantis,

460 4190 664 4261 Perque
696 4191 810 4246 dies
840 4195 1028 4261 prisca:
1059 4198 1249 4263 recipit
1275 4196 1385 4265 jam
1416 4198 1554 4251 dona
1585 4199 1794 4253 salutis.

459 4304 684 4360 CAPUT
714 4304 891 4360 XLllf.
929 4308 1115 4359 Oculos
1135 4309 1346 4376 quidam
1378 4311 1675 4387 languentes
1701 4313 1872 4366 orario
1895 4313 2037 4367 illius

1024 4386 1244 4432 attactu:
1267 4386 1483 4431 sanavit.

532 4486 790 4557 Tegmina
818 4490 943 4557 quin
973 4490 1130 4543 ctiam
1160 4492 1427 4546 consortia
1459 4494 1701 4562 corporis
1730 4496 1855 4550 almi

465 4577 681 4632 Munere
713 4580 951 4647 participi
985 4581 1185 4635 medica
1213 4581 1409 4636 virtute
1439 4583 1750 4638 redundant.

468 4670 684 4724 Lumina
725 4688 845 4725 nam
876 4672 1082 4726 cuidam
1109 4672 1262 4728 dolor
1292 4682 1348 4727 et
1373 4675 1544 4744 caligo
1574 4691 1856 4744 pererrans

462 4762 595 4815 Dum
632 4773 919 4830 premeret,
946 4764 1113 4818 sancti
1136 4764 1406 4833 accipiens
1433 4767 1603 4820 oraria
1631 4768 1765 4821 vatis

464 4853 554 4906 llis
584 4855 742 4909 orbes
782 4857 949 4923 tangit
978 4856 1243 4923 geminos,
1276 4858 1635 4926 reducemque
1665 4860 1821 4913 saluti

464 4945 584 4997 lllux
610 4946 784 5014 aperit
811 4949 1003 5001 callem
1032 4948 1349 5002 veneranda:
1377 4951 1543 5019 gratia
1569 4951 1748 5004 vestis.

460 5056 684 5111 CAPUT
712 5056 894 5112 κων.
926 5057 1255 5128 Parafyticus
1275 5061 1627 5113 calceamentis
1654 5064 1766 5131 ejus
1793 5070 2030 5115 sanatur.

530 5150 625 5201 Ast
655 5148 791 5201 alius
820 5150 1052 5204 resoluta
1083 5151 1227 5216 gr'avi
1259 5153 1339 5205 cui
1367 5152 1605 5221 pondere
1634 5154 1875 5207 membra

460 5237 664 5293 Officiis
688 5238 908 5307 jacuere
938 5240 1049 5294 suis
1079 5241 1315 5308 deserta,
1347 5241 1538 5311 cuique

464 5329 612 5384 Irrita
639 5331 906 5400 longaevos
931 5334 1078 5387 auxit
1107 5334 1369 5389 medicina
1392 5335 1625 5399 dolores,

464 5418 832 5499 Calceamenta
858 5436 1038 5476 sacras
1060 5423 1271 5479 tandem
1295 5438 1414 5493 quae
1436 5424 1681 5495 Martyris
1700 5424 1831 5478 alm'r

470 5507 765 5563 Vestierant
793 5512 1002 5579 plantas
1030 5513 1226 5584 plantis
1254 5515 1599 5569 circumdedit
1622 5515 1799 5585 aegris.

464 5602 577 5656 Mox
607 5604 802 5671 primas
830 5604 1004 5661 suavis
1029 5607 1272 5661 tenebras
1300 5607 1579 5663 mitescere
1605 5622 1845 5661 somnus.

537 5745 560 5772 ⁸
592 5738 645 5791 ld
675 5748 774 5801 est,
809 5749 961 5793 terra.

2136 1918 2481 1988 Eqniparent,
2512 1918 2773 1987 fulvisque
2804 1919 3001 1975 micent
3030 1921 3274 1976 redimita
3307 1921 3513 1991 figuris.

2135 2009 2260 2064 Plus
2289 2009 2381 2063 sed
2413 2024 2512 2077 ego
2542 2010 2679 2063 vatis
2711 2009 2899 2064 humili
2928 2011 3028 2064 sub
3055 2011 3271 2066 domate
3300 2013 3463 2068 mirer

2136 2100 2464 2167 l’ellieulam,
2497 2111 2712 2154 sanctus
2741 2100 2981 2166 fragilem
3010 2116 3109 2170 qua
3141 2110 3343 2157 texerat
3364 2102 3600 2171 anglum,

2134 2191 2210 2246 Ne
2239 2192 2414 2260 pluvia
2445 2202 2534 2245 aut
2564 2192 2749 2247 Borea:
2772 2193 3097 2261 penetrabile
3129 2193 3295 2262 frigus
3317 2195 3548 2251 adurens

2136 2282 2373 2335 lnrueret
2402 2283 2616 2350 passim,
2649 2284 3003 2352 precibusque
3027 2285 3274 2338 ardentia
3308 2286 3475 2340 castis

2134 2373 2306 2426 Corda
2337 2373 2582 2442 fatigaret
2611 2392 2625 2441 ;
2663 2389 2763 2430 nec
2792 2391 2879 2431 me
2907 2376 3169 2431 sententia
3204 2376 3357 2431 fallit.

2133 2462 2372 2526 Namque
2396 2478 2531 2531 opus
2560 2464 2662 2519 hoc
2688 2464 2939 2520 Salomon
2970 2465 3110 2521 fulvo
3139 2467 3281 2535 quod
3307 2466 3503 2521 fecerat
3532 2482 3685 2533 auro,

2133 2556 2366 2610 Chaldea
2395 2565 2661 2626 petrarum
2693 2557 2914 2623 obtexit,
2944 2559 3045 2612 heu
3068 2559 3085 2612 ι
3112 2558 3324 2613 flamma
3348 2559 3532 2614 ruinis.

2136 2650 2204 2703 At
2227 2664 2376 2703 sacra
2406 2649 2681 2704 Cuthberti
2711 2648 2966 2718 appendit
2987 2663 3106 2717 qua:
3132 2649 3349 2705 dextera
3379 2652 3531 2719 vela,

2134 2741 2351 2796 Munera
2379 2741 2615 2809 Felgeldi
2645 2742 2885 2810 patulum
2911 2740 3076 2794 divisa
3105 2755 3201 2810 per
3227 2741 3409 2796 orbem

2135 2833 2315 2887 Latius
2345 2832 2560 2903 ingeniti
2593 2832 2825 2887 fundunt
2854 2833 3205 2888 medicamina
3243 2835 3371 2891 doni
3398 2853 3413 2900 ;

2132 2922 2494 2993 Clarescitque
2518 2923 2741 2992 chalybs
2773 2922 2946 2994 libyco
2978 2923 3268 2994 pretiosior
3297 2940 3453 2991 auro,

2138 3016 2300 3071 Pellis
2326 3028 2379 3072 et
2414 3017 2540 3072 Eois
2565 3015 2829 3086 praecellit
2855 3015 3052 3087 fulgida
3080 3018 3328 3087 gemmis.

2059 3134 2108 3193 υ
2140 3111 2351 3167 'l'ertius
2377 3111 2461 3166 hic
2492 3111 2732 3180 proceris
2762 3118 2939 3165 servat
2967 3125 3109 3165 nunc
3134 3120 3331 3177 castra,
3358 3112 3570 3167 beatum

2141 3203 2263 3255 Alta
2290 3210 2570 3256 secuturus
2595 3201 2765 3255 [neres
2791 3200 2856 3254 ad
2884 3216 3047 3271 regna
3072 3200 3375 3257 Parentem.

2137 3322 2363 3380 CAPUT
2389 3322 2571 3377 XLVI.
2626 3321 2881 3388 Quantum
2925 3320 3285 3376 (Edefwoldus
3314 3338 3573 3377 successor
3618 3323 3714 3377 viri

2439 3393 2533 3446 Dei
2563 3393 2766 3446 virtutes
2794 3408 2917 3445 sua:
2946 3394 3107 3445 cefm'e
3136 3392 3406 3447 studuerit.

2215 3503 2326 3557 llos
2354 3518 2473 3556 nam
2508 3503 2649 3556 inter
2678 3500 2886 3556 medius
2916 3501 3076 3556 sociis
3108 3518 3210 3555 non
3259 3502 3472 3571 segnior
3497 3502 3671 3569 almis,

2137 3592 2493 3656 OEdilwalde,
2525 3606 2703 3646 sacras
2728 3593 2911 3646 rexisti
2945 3591 3190 3659 providus
3221 3606 3372 3646 arces

2138 3686 2303 3750 Quem
2332 3698 2452 3738 raro
2481 3682 2724 3753 proprias
2752 3685 2900 3737 aiunt
2926 3682 3154 3737 voluisse
3183 3683 3426 3752 cuiquam

2142 3776 2380 3830 Pandere
2410 3777 2653 3839 virtutes,
2686 3779 2929 3844 torvlque
2957 3783 3173 3830 cruenta
3204 3774 3445 3846 chelydri

2140 3867 2266 3920 Tela
2299 3866 2490 3935 quibus
2521 3865 2693 3919 victor
2723 3866 3042 3935 confregerit
3069 3865 3258 3919 obvius
3288 3866 3472 3919 armis.

2139 3958 2292 4013 Unde
2322 3967 2500 4011 manet
2529 3958 2746 4025 longum
2782 3956 3147 4011 memorabilis
3180 3957 3266 4010 illa
3297 3957 3465 4011 beatis

2139 4050 2353 4104 Incaute
2385 4049 2631 4116 prolapsa
2659 4048 2825 4101 semel
2857 4047 3118 4101 sententia
3142 4045 3326 4099 labris.

2144 4139 2182 4194 F
2187 4150 2302 4194 orte
2331 4154 2479 4193 sacer
2511 4139 2669 4191 fidam
2709 4138 2925 4190 monitis
2954 4136 3260 4192 caelestibus
3287 4150 3491 4191 aurem-

2144 4230 2275 4284 Dum
2306 4227 2460 4297 rigat,
2491 4226 2684 4296 accipit
2717 4227 2811 4280 bas
2836 4226 2981 4280 socio
3009 4227 3075 4280 de
3102 4235 3314 4295 pectore
3341 4240 3538 4280 voces:

2141 4322 2290 4389 Quae,
2322 4333 2471 4388 rogo,
2499 4332 2658 4372 causa
2686 4328 2775 4370 tuo
2808 4315 2961 4370 toties
2987 4316 3129 4385 quod
3163 4316 3231 4369 ab
3259 4331 3354 4372 ore
3384 4317 3633 4372 fluentem

2146 4413 2496 4478 Perrumpant
2520 4410 2834 4478 varientque
2862 4408 3072 4464 silentia
3102 4410 3289 4464 crebra
3318 4411 3602 4480 loquelam,

2064 4471 2119 4531 Β
2145 4501 2209 4555 Ει
2234 4471 2420 4556 mediis
2442 4508 2641 4554 statuat
2669 4471 2835 4554 metas
2862 4498 3063 4555 oblivio
3092 4498 3296 4553 dictis?

2140 4591 2239 4645 Cui
2268 4605 2525 4660 responsa
2552 4590 2667 4657 pius
2691 4588 2874 4658 paucis
2903 4590 2971 4642 ita
3004 4588 3233 4671 reddidit
3258 4588 3415 4643 heros
3442 4606 3456 4643 ε

2142 4682 2252 4736 lloc
2292 4692 2362 4749 te,
2397 4681 2567 4735 dulcis
2597 4694 2768 4746 amor,
2800 4679 2904 4734 fixo
2927 4678 3255 4747 memorique
3281 4693 3570 4748 perennem

2137 4774 2311 4829 Corde
2340 4783 2521 4828 tenere
2550 4771 2725 4836 decet,
2750 4770 2965 4825 studeat
3007 4769 3109 4824 nisi
3130 4770 3353 4839 quisque
3376 4770 3645 4827 bidentum

2141 4866 2398 4923 Funditus
2426 4863 2671 4928 alloquiis
2696 4872 2941 4916 avertere
2970 4862 3190 4917 sedulus
3216 4876 3396 4926 aures,

2140 4959 2251 5013 Non
2276 4967 2434 5025 queat
2459 4956 2712 5011 aetherias
2740 4956 2880 5010 inter
2916 4954 3044 5012 dare
3066 4957 3229 5013 verba
3256 4965 3523 5025 catervas,

2140 5051 2377 5106 Pandere
2398 5064 2498 5105 nec
2527 5049 2663 5104 laetis
2688 5048 2809 5105 caeli
2841 5050 3188 5105 concentibus
3214 5065 3393 5107 aures.

2207 5140 2444 5205 Dixerat,
2474 5150 2528 5194 et
2555 5139 2763 5209 trepido
2786 5140 3059 5209 perculsus
3087 5140 3248 5196 corda
3277 5141 3485 5211 timore,

2138 5231 2379 5299 Singultu
2407 5228 2655 5295 afficitur,
2689 5230 2899 5285 fervens
2930 5244 2993 5285 ac
3019 5240 3236 5299 pectora
3272 5233 3459 5301 pugnis

2137 5320 2292 5375 Casta
2320 5320 2460 5387 ferit,
2493 5319 2810 5389 tandemque
2836 5334 3054 5389 gemens
3085 5323 3320 5391 erumpit
3341 5321 3393 5377 in
3422 5322 3578 5378 istam

2140 5410 2389 5465 Perfusus
2414 5410 2663 5481 lacrymis
2694 5420 2811 5480 post
2833 5421 3019 5466 maesta
3047 5411 3262 5466 silentia
3285 5428 3468 5469 vocem
3495 5432 3508 5468 :

2138 5503 2373 5556 Obsecro
2400 5510 2452 5557 te
2475 5502 2693 5572 supplex
2723 5503 2915 5556 summi
2944 5517 3036 5571 per
3064 5513 3271 5572 sceptra
3301 5505 3560 5561 Tonantis

2139 5595 2261 5650 llam
2282 5593 2487 5649 cunctis
2516 5603 2572 5649 ut
2595 5592 2733 5649 dicta
2762 5601 2930 5664 tegas,
2964 5593 3282 5651 moribunda
3315 5614 3607 5669 quousque
