4220 6454
514 322 619 376 5υὸ

1198 314 1400 369 υευιε
1444 310 1897 366 VENERAUILIS
1935 308 2083 363 OPP.
2128 305 2327 362 PARS.
2369 305 2455 359 Ill.
2496 334 2564 344 -
2604 300 3089 359 PARA'INETICA.

3669 298 3781 353 596

516 436 747 492 Membra
780 436 896 492 solo
924 434 1157 496 reddam,
1193 432 1510 499 gradiarqne
1539 429 1590 482 in
1620 429 1754 481 calle
1784 436 2082 492 parentum.
2116 429 2161 480 Α
2195 422 2285 474 ille
2316 422 2452 473 citus
2477 419 2658 472 dextra
2688 418 2931 488 lymphas
2956 418 3261 485 abstergere
3296 431 3495 471 curans

517 532 605 585 Sic
635 545 731 583 sua
762 544 968 581 summa
1000 542 1151 579 sacer
1179 523 1518 577 conclavibus
1545 522 1741 575 abdere
1766 520 2009 588 quamvis

518 622 718 683 Mallet,
749 622 814 673 ab
841 619 1061 672 aetherio
1093 615 1391 684 panduntur
1420 631 1638 667 tnunera
1671 624 1826 666 teste.

590 716 657 764 At
689 712 769 780 pia
804 711 1122 765 Culhht'rtns
1149 722 1453 761 memorans
1480 721 1620 774 saepe
1644 715 1757 759 acta
1794 704 2048 771 priorum,

516 804 755 859 JEtheria
790 804 888 855 sub
916 803 1067 854 laude
1098 801 1176 854 sui
1206 815 1417 868 quoque
1451 799 1697 851 Christus
1722 795 1909 863 agonis

518 895 581 947 Ut
612 894 765 947 fuerit
792 896 989 955 socius,
1022 893 1190 944 fuerat
1223 891 1538 944 subnectere
1570 888 1768 957 paucis.

516 986 706 1052 Sicque
728 986 860 1038 duos
892 984 1039 1037 v-uiu
1060 984 1165 1052 jam
1198 998 1419 1035 munere
1446 981 1662 1048 Spiritus
1696 979 1834 1031 idem

515 1076 782 1131 Lustravit
806 1091 899 1143 per
925 1077 1061 1128 dona
1092 1077 1256 1137 viros,
1287 1086 1445 1143 atque
1475 1072 1693 1125 :etlieris
1725 1072 1815 1123 alti

514 1168 752 1223 Tramite
778 1168 948 1221 diviso
981 1183 1199 1235 regnum
1234 1167 1470 1235 provexit
1490 1166 1554 1219 ad
1582 1180 1769 1218 unum.

509 1280 734 1336 CAPUT
763 1279 963 1333 XLVII.
999 1278 1229 1341 Qualiter
1254 1276 1561 1329 anachoreta
1604 1273 1879 1341 Felgeldus
1907 1273 2091 1325 ibidem

866 1350 928 1403 ait
958 1368 987 1402 a
1011 1349 1180 1401 vultus
1207 1358 1404 1399 tumore
1426 1348 1719 1398 mundatus.

585 1467 720 1537 Ergo
747 1482 864 1536 age.
896 1465 1172 1534 Felgeldus
1202 1464 1417 1531 largitor
1448 1461 1683 1515 muneris
1710 1459 1837 1512 almi

514 1558 687 1612 Prima
716 1558 970 1612 salutiferi
1000 1558 1115 1624 ipse
1143 1557 1287 1621 capit
1318 1556 1633 1608 documenta
1664 1550 1885 1620 vigoris.

515 1649 612 1705 Cui
646 1648 849 1716 pridem
885 1647 1046 1701 facies
1077 1646 1289 1700 informi
1317 1656 1452 1698 tacta
1486 1655 1715 1703 tumore.

513 1742 798 1810 Sqmlens,
839 1752 893 1794 at
925 1740 1091 1811 rigido
1120 1742 1243 1793 dum
1273 1739 1418 1792 solus
1450 1737 1498 1789 in
1522 1738 1733 1789 abditur
1768 1744 1945 1797 antro,

516 1835 698 1889 Latior
728 1834 961 1897 ingenito
992 1832 1162 1899 surgit
1190 1832 1257 1885 de
1286 1828 1469 1883 fomite
1502 1830 1735 1892 ﬂamma,
1812 1822 1818 1829 ’

514 1929 686 1994 Atque
725 1941 890 1993 genas
924 1924 1141 1977 maculis
1175 1924 1309 1976 livor
1339 1923 1603 1989 respergit
1632 1922 1883 1973 adurens.

513 2019 611 2084 Qui
643 2033 777 2069 nova
807 2032 900 2083 pro
927 2016 1091 2070 veteri
1125 2014 1250 2068 dum
1274 2014 1505 2066 culmina
1540 2021 1791 2081 pangeret
1812 2011 1948 2072 aede,

513 2109 647 2163 Illud
679 2124 844 2162 ovans
872 2106 1014 2161 fesso
1035 2107 1301 2176 direptum
1328 2122 1356 2159 a
1390 2106 1593 2174 pariete
1621 2104 1796 2157 velum

514 2202 703 2256 Partiri
734 2201 915 2255 dor-uit
944 2202 1061 2255 lidie
1088 2216 1208 2268 spes
1237 2210 1380 2254 certa
1413 2198 1625 2251 salutis.

520 2297 797 2366 Primaque
827 2298 951 2348 dum
979 2294 1207 2365 lymphis
1232 2292 1455 2361 corrigia
1491 2290 1747 2355 tinguitur
1776 2288 1952 2352 almis,

516 2391 699 2444 Pervia
730 2388 1011 2456 cornigero
1040 2394 1215 2453 pateat
1242 2399 1351 2454 quo
1382 2384 1570 2437 semita
1604 2382 1765 2443 ferro,

517 2480 781 2536 Exsiliens
808 2480 999 2533 lasciva
1026 2492 1180 2531 sacro
1209 2476 1275 2529 de
1304 2475 1511 2545 gurgite
1536 2483 1677 2542 gutta

517 2573 736 2627 Lumina
768 2572 1024 2640 respersit
1046 2568 1236 2632 sancti,
1268 2570 1573 2635 vultumque
1604 2564 1903 2618 rubentem.

582 2713 609 2742 ι
636 2706 799 2762 Labes

2190 517 2406 570 Miratur
2429 526 2630 583 pestem
2660 515 2986 582 stupefactus
3009 513 3206 577 abisse,
3242 512 3491 580 foresque

2193 606 2428 659 Pandere
2450 605 2559 674 jam
2590 604 2767 656 reduci
2800 617 2927 655 sana
2958 602 3058 655 sub
3082 601 3261 654 fronte
3291 600 3533 654 medelze.

2191 700 2254 753 Et
2278 715 2343 753 ne
2374 700 2507 752 forte
2540 706 2687 765 putet
2714 694 2963 749 mendum
2994 712 3079 747 me
3109 695 3287 747 dicere
3316 694 3623 761 quisquam,

2188 792 2349 843 Teste
2379 791 2482 841 Deo
2510 788 2702 846 dit-am,
2732 788 2852 854 quia
2877 788 3153 855 presbyter
3184 785 3279 837 ista
3318 784 3486 837 fidelis

2193 882 2466 936 Pandebat
2497 882 2629 933 vatis
2659 882 2819 933 fidam
2850 880 2933 931 cui
2968 879 3104 930 fatus
3132 879 3183 929 in
3213 892 3419 930 aurem.

2197 974 2295 1037 lin,
2324 972 2515 1039 inquit,
2549 971 2685 1023 nosti
2718 968 2903 1023 faciem
2932 970 3049 1036 quia
3082 968 3334 1035 presserit
3366 966 3493 1019 olim

2193 1060 2350 1115 Labis
2380 1071 2404 1098 ι
2433 1062 2624 1114 acerba
2653 1075 2847 1122 meam,
2878 1060 2973 1113 sed
3007 1060 3110 1125 iam
3138 1058 3295 1111 modo
3319 1058 3485 1127 gratia
3515 1055 3716 1113 Christi

2192 1151 2467 1205 Cuthberti
2499 1151 2701 1205 meritis
2733 1150 2960 1218 placavit
2989 1150 3159 1202 tristia
3191 1150 3373 1217 ﬂagta.

2193 1241 2339 1296 Mitte
2369 1258 2603 1306 manum,
2634 1252 2684 1295 et
2716 1250 2937 1305 tangens
2966 1257 3050 1293 me
3076 1241 3254 1293 dicere
3280 1256 3399 1291 vera
3435 1238 3681 1308 probato.

2191 1332 2413 1385 Clausus
2444 1346 2671 1397 namque
2702 1331 2841 1383 oculi
2876 1346 2979 1382 non
3009 1329 3189 1396 quibat
3214 1330 3456 1382 aeutnine
3493 1328 3664 1393 cerui,

2197 1423 2417 1475 Fecerat
2445 1431 2500 1476 et
2530 1422 2758 1490 priscam
2790 1422 2977 1473 morbo
3010 1420 3240 1486 fugiente
3268 1421 3522 1475 salutem.

2197 1512 2390 1567 Adfore
2422 1512 2751 1580 temporibus
2784 1514 3044 1579 persensit
3069 1513 3136 1565 ab
3166 1514 3367 1565 aethere
3394 1519 3628 1566 sanctus.

2577 1624 2755 1675 Uratt'o
2784 1622 2935 1677 Beda:
2966 1624 3095 1676 beati
3125 1623 3420 1693 presbyteri.

2268 1737 2389 1789 Haic
2421 1738 2535 1800 tibi,
2567 1747 2881 1789 cunctorum
2914 1736 3137 1804 largitor
3158 1738 3367 1791 Christe
3398 1738 3679 1804 bonorum,

2200 1829 2342 1881 Dona
2378 1830 2449 1881 tui
2482 1830 2773 1882 obtulimus
2802 1846 3009 1884 summo
3035 1830 3101 1886 de
3130 1847 3349 1885 munere
3375 1830 3523 1894 doni,

2197 1924 2489 1992 Magnaque
2516 1940 2610 1991 pro
2637 1925 2862 1977 modicis
2894 1924 3118 1977 libantes
3150 1925 3336 1992 gaudia
3379 1925 3535 1978 dictis

2194 2013 2509 2069 Sanctorum
2538 2016 2812 2083 attigimus
2839 2015 3139 2068 certamina
3170 2016 3311 2068 celsa
3345 2024 3553 2069 tuorum
3588 2032 3603 2068 :

2197 2108 2483 2175 Sperantes
2513 2107 2612 2160 illis
2636 2107 3029 2168 exoratoribus,
3056 2118 3108 2159 ut
3135 2118 3211 2171 tu,

2198 2197 2416 2252 Sidereo
2445 2198 2632 2266 dignos
2662 2199 2750 2266 qtti
2782 2198 2953 2265 justus
2982 2198 3031 2250 in
3069 2213 3167 2250 axe
3197 2213 3453 2267 coronas,

2101 2308 2111 2317 ο
2198 2288 2426 2356 Indignis
2456 2288 2597 2341 mitis
2629 2288 2774 2341 laxes
2806 2288 2884 2342 vel
2916 2288 3091 2340 debita
3123 2288 3295 2343 nobis.

2198 2376 2391 2430 Ultima
2422 2378 2689 2430 sufficiunt
2720 2378 2862 2430 illius
2893 2378 2943 2429 in
2971 2378 3176 2429 antibus
3214 2378 3350 2430 aulre

2197 2469 2440 2531 Prmmizl,
2466 2484 2565 2537 qua
2598 2478 2817 2521 cunctos
2849 2478 2933 2519 tua
2972 2468 3102 2519 visio
3125 2511 3137 2533 ,
3169 2468 3397 2533 Christe,
3432 2468 3630 2531 beabit,

2198 2562 2310 2615 Vita
2345 2578 2561 2617 titaneus
2589 2563 2749 2616 castis
2777 2564 3060 2630 lumenque
3085 2560 3334 2628 salusque
3375 2576 3469 2629 per
3500 2577 3691 2614 aevum.

521 2832 3775 2863 ..ἡ-*Μοᾙῆ

1214 2939 1569 3015 PASSIO
1633 2938 1995 3015 SANCTI
2067 2939 2481 3017 JUSTINI
2546 2942 3088 3016 MARTYRIS.

586 3094 808 3163 Quando
835 3091 1112 3157 Christus,
1158 3092 1298 3147 Deus
1328 3101 1542 3159 noster,
1575 3103 1728 3146 natus
1764 3101 1846 3147 est
1879 3107 1943 3146 ex
1975 3091 2091 3146 Vir-
2124 3094 2167 3155 C
2202 3090 2309 3146 Nec
2340 3095 2501 3159 ipsam
2534 3092 2745 3147 haurire
2775 3109 2963 3161 aquam
2994 3093 3216 3146 dabatur
3244 3096 3446 3147 licentia
3472 3132 3491 3161 ,

1911 3198 2021 3247 me,

515 3277 755 3333 Edictum
788 3275 1066 3345 imperiale
1096 3289 1192 3344 per
1221 3273 1475 3329 mundum
1500 3276 1769 3341 insonuit,
1852 3182 1904 3254 [8

517 3370 785 3437 Quatenus
817 3369 974 3421 totius
1002 3367 1145 3419 orbis
1184 3366 1337 3419 ﬁeret
1376 3366 1667 3432 descriptio
1696 3381 1709 3418 :

519 3459 773 3514 Nimirum
800 3458 919 3528 quia
951 3458 1002 3512 in
1029 3472 1187 3513 carne
1220 3467 1345 3511 tunc
1368 3458 1452 3510 ille
1481 3460 1727 3525 apparuit
1751 3503 1764 3525 ,

516 3553 614 3616 Qui
642 3552 690 3605 in
721 3552 857 3604 caelo
884 3549 1162 3603 universos
1188 3550 1387 3604 electos
1417 3548 1738 3609 ascriberet.

515 3644 655 3710 QuOs
679 3656 842 3695 sacrae
869 3638 1356 3694 commendavisset
1381 3638 1501 3692 lidei
1545 3639 1828 3707 professio.

513 3739 685 3804 Quam
717 3736 805 3805 qui
832 3735 988 3801 digne
1014 3733 1372 3795 observarint,
1402 3748 1524 3786 cum
1556 3733 1708 3787 bouis
1730 3735 1981 3800 operibus
2007 3778 2021 3799 ,

513 3829 643 3894 Quae
665 3834 788 3878 sunt
812 3826 955 3879 velut
985 3822 1197 3891 quidam
1228 3837 1422 3877 census
1448 3822 1668 3876 domino
1696 3826 1985 3893 amabiles,

516 3914 758 3969 Civitatis
787 3914 1161 3969 describuntur
1188 3914 1427 3967 caelestis
1452 3914 1768 3978 municipes.

514 4008 660 4072 Quos
689 4019 882 4059 census
914 4014 1134 4072 uterque
1160 4019 1341 4067 sexus,
1369 4006 1545 4057 ninnis
1567 4014 1697 4056 tetas
1722 4004 1958 4070 exhibet,

517 4099 585 4154 Ut
615 4107 834 4153 testatur
857 4097 1204 4166 plurimorum
1238 4106 1530 4167 martyrum
1563 4099 1831 4152 exercitus
1862 4118 1873 4151 :

512 4189 627 4245 Non
658 4189 828 4243 solum
854 4199 1104 4242 constans
1132 4204 1194 4241 ex
1229 4187 1377 4251 viris,
1411 4204 1591 4240 verum
1624 4198 1677 4240 et
1705 4203 1768 4242 ex
1799 4188 2012 4242 feminis
2039 4206 2052 4253 ;

514 4280 621 4334 Nec
646 4294 760 4332 aevo
788 4288 989 4333 tantum
1020 4286 1225 4331 mature
1253 4278 1506 4331 Subihant
1533 4282 1873 4348 martyrium,

516 4367 622 4421 Sed
652 4376 707 4422 et
726 4366 920 4419 multos
948 4376 1161 4433 propter
1188 4364 1454 4417 Christum
1482 4376 1536 4419 et
1566 4367 1720 4421 [idem
1744 4368 2084 4436 catholicam,

521 4458 771 4528 Legimus
801 4456 957 4510 fuisse
982 4470 1165 4523 passos
1190 4454 1242 4507 in
1270 4463 1426 4508 astate
1454 4464 1633 4509 tenera
1664 4475 1676 4508 :

521 4552 601 4606 Ex
631 4549 821 4619 quibus
847 4559 1062 4602 sanctus
1088 4547 1346 4610 Justinus,
1374 4548 1632 4601 novennis
1664 4552 1935 4617 puerulus,

518 4646 754 4713 Qualiter
786 4659 876 4713 per
907 4644 1206 4713 passionem
1234 4643 1471 4713 migrarit
1500 4645 1564 4698 ad
1596 4644 1917 4709 Dominum,

518 4738 761 4809 Sequens
791 4746 963 4791 textus
992 4736 1382 4790 demonstrabit
1408 4737 1547 4792 scire
1573 4738 1929 4805 cupientibus.

514 4831 651 4884 Dum
684 4829 911 4884 crudelis
944 4830 1295 4885 Diocletianus
1324 4830 1543 4883 Romani
1567 4830 1775 4898 imperii
1804 4833 1827 4859 ⁸

514 4922 685 4975 Simul
715 4937 834 4974 cum
866 4921 1181 4975 Maximiano
1204 4959 1222 4985 ,
1255 4932 1460 4975 teneret
1488 4921 1877 4987 monarchiam,

522 5014 667 5066 Talis
693 5023 775 5066 est
807 5014 857 5065 in
884 5013 1215 5067 Christianos
1245 5023 1383 5065 mota
1414 5013 1734 5078 persecutio.

519 5102 587 5158 Ut
614 5102 864 5157 darentur
888 5104 951 5156 ad
985 5116 1258 5170 poenarum
1290 5104 1532 5156 universa
1562 5116 1780 5171 genera,

518 5189 830 5257 Ubicunque
859 5192 1235 5259 comprehendi
1265 5192 1496 5260 aliquem
1515 5193 1883 5260 contingeret,

520 5283 686 5347 Quem
711 5282 866 5351 hujus
897 5282 1239 5350 professionis
1266 5283 1527 5351 obligaret
1556 5282 1758 5337 titulus.

522 5371 587 5425 Et
610 5386 675 5425 ue
696 5374 970 5442 quisquam
1003 5374 1261 5442 potuisset
1297 5374 1558 5430 euntutari
1588 5374 1802 5429 latebris
1822 5414 1840 5441 ,

521 5461 723 5530 Ubique
752 5467 1208 5533 componebantur
1250 5464 1349 5518 hoc
1377 5464 1534 5517 modo
1564 5465 1767 5519 insidia:
1786 5506 1800 5528 ,

518 5556 647 5619 Qua:
672 5566 859 5610 eomes
883 5556 1262 5624 compulissent
1294 5556 1344 5609 in
1370 5556 1453 5624 jus
1483 5556 1758 5611 idolatriaz.

518 5646 631 5701 Non
660 5647 765 5702 illis
791 5648 1003 5703 emendi
1032 5650 1314 5718 quidquam
1346 5661 1433 5701 aut
1462 5648 1723 5704 vendendi
1754 5651 1980 5720 copiam.

600 5764 623 5791 ³
668 5760 777 5813 Duo
808 5764 964 5825 pedes
995 5768 1044 5815 in
1076 5764 1172 5817 hoc
1198 5778 1350 5817 versu
1383 5761 1668 5816 abundant.

2200 3188 2494 3251 Antequam
2526 3186 2888 3239 llturiticarent
2924 3188 3245 3239 detestandis
3276 3187 3447 3240 idolis.

2202 3277 2269 3329 Ea
2297 3286 2607 3344 tempestate
2631 3277 2723 3329 fuit
2748 3279 2956 3344 quidam
2992 3278 3268 3344 praefectus
3295 3280 3345 3331 in
3370 3278 3536 3333 Gallia
3560 3284 3611 3342 δ,

2199 3366 2460 3429 Perlidns,
2495 3368 2670 3431 ferox,
2701 3367 2936 3431 immitis,
2968 3369 3163 3421 Christi
3194 3385 3385 3422 nomen
3415 3369 3635 3431 odiens.

2202 3458 2265 3509 Et
2296 3460 2345 3510 in
2378 3458 2709 3510 Christianos
2737 3458 2937 3525 furens,
2974 3460 3283 3513 lticiovarns
3307 3462 3560 3523 nomine;

2198 3555 2363 3614 Quem
2388 3566 2505 3603 cum
2532 3566 2687 3616 supra
2722 3552 2975 3605 nominati
3022 3554 3284 3620 principes
3309 3554 3596 3620 dirigerent
3624 3590 3641 3617 ,

2202 3640 2266 3693 Ut
2291 3653 2503 3693 sanctos
2535 3652 2941 3709 persequeretur
2970 3644 3166 3708 positos
3198 3644 3247 3695 in
3280 3644 3445 3695 Gallia
3466 3686 3482 3709 ,

2198 3732 2426 3799 Cupidus
2456 3733 2613 3785 mellis
2635 3742 2938 3786 sanctorum
2971 3735 3208 3800 protinus
3236 3732 3482 3787 efllcitur.

2199 3822 2263 3875 Et
2294 3822 2564 3891 ingressus
2592 3824 2883 3891 civitatem,
2910 3825 3170 3879 Basileam
3197 3827 3436 3891 numine,

2196 3917 2306 3981 Qua
2335 3930 2459 3969 suos
2485 3920 2742 3972 cursusin
2776 3919 3018 3973 Ilhenum
3053 3921 3212 3973 infert
3244 3922 3342 3974 Ara
3375 3922 3599 3987 ﬂuvius,

2199 4008 2390 4062 Multos
2421 4009 2488 4061 ibi
2522 4008 2851 4063 Christianos
2879 4011 3101 4081 dimergi
3151 4026 3493 4081 praseeperat.

2197 4100 2285 4150 Sic
2318 4114 2407 4164 per
2439 4101 2550 4151 loca
2582 4099 2822 4152 universa
2854 4102 3084 4156 edictum
3120 4104 3208 4155 dat
3246 4104 3500 4173 impium,

2200 4185 2265 4239 Ut
2292 4186 2465 4238 nullus
2496 4186 2919 4242 Christianorum
2950 4192 3219 4245 sineretur
3243 4192 3450 4259 vivere,

2196 4276 2395 4342 Quibus
2427 4279 2587 4330 vitam
2614 4280 2881 4333 statuebat
2911 4296 3001 4347 per
3033 4291 3297 4337 tormenta
3328 4284 3511 4339 adimi.

2201 4367 2322 4419 Erat
2352 4383 2411 4422 ea
2446 4376 2759 4437 tempestate
2792 4371 2843 4424 in
2884 4374 3225 4429 Autisiodoro

2122 4453 2171 4511 D
2199 4460 2417 4525 Quidam
2450 4461 2529 4515 vir
2559 4462 2726 4517 bonus
2753 4474 2805 4516 et
2824 4464 3016 4531 justus,
3044 4465 3321 4522 Matthams
3353 4468 3634 4535 vocabulo,

2198 4552 2377 4619 Illique
2408 4552 2730 4607 Justinianus
2760 4568 2811 4608 et
2839 4557 3082 4611 Justinus
3115 4559 3231 4613 lilii.

2196 4640 2299 4694 Sed
2330 4642 2657 4696 Justiuiatms
2685 4656 2804 4698 ortu
2831 4648 3027 4698 carnali
3059 4662 3432 4713 praecesserat:

2195 4730 2432 4784 Justinus
2462 4747 2586 4786 vero
2612 4744 2767 4788 aetate
2796 4751 3000 4788 morum
3029 4744 3307 4800 auteierat,

2199 4822 2297 4875 Per
2326 4824 2485 4875 vitam
2520 4824 2909 4879 immaculatam
2942 4839 3267 4883 senectutem
3306 4831 3550 4884 indueus.

2197 4913 2296 4977 Qui
2327 4914 2376 4967 in
2406 4915 2549 4969 brevi
2577 4928 2996 4981 consummatus.
3032 4923 3186 4989 longa
3215 4922 3393 4989 explet
3425 4934 3662 4993 tempora

2198 5002 2504 5059 Meritorum
2536 5005 2652 5075 ejus
2683 5006 2837 5062 laude
2870 5022 3118 5064 manente
3151 5014 3201 5063 in
3228 5013 3450 5065 saecula:

2195 5094 2324 5159 Quia
2355 5098 2615 5163 placuisse
2643 5098 2751 5153 Deo
2778 5098 2892 5167 ejus
2922 5112 3129 5155 constat
3159 5105 3412 5156 animam.

2197 5188 2292 5243 llic
2317 5204 2599 5259 antequam
2632 5202 2964 5261 nasceretur,
3000 5195 3166 5248 frater
3190 5197 3304 5263 ejus
3333 5198 3534 5263 senior,

2193 5279 2307 5334 Jatn
2331 5282 2503 5337 dictus
2532 5284 2881 5351 Justiniauus,
2904 5289 3111 5355 capitur
3131 5289 3198 5340 ab
3226 5289 3483 5353 hostibus,

2198 5378 2369 5441 Atque
2393 5387 2421 5425 a
2448 5372 2608 5427 domu
2636 5384 2852 5441 paterna
2878 5379 3083 5446 longius
3112 5380 3414 5435 abducitur.

2197 5464 2387 5518 Beatus
2418 5480 2543 5517 vero
2570 5466 2807 5521 Justinus
2838 5485 2957 5523 mox
2992 5487 3021 5523 a
3046 5472 3268 5540 pueritia

2198 5556 2372 5610 llebus
2396 5558 2630 5611 animum
2661 5559 2853 5613 divinis
2884 5562 3209 5617 incessanter
3238 5565 3479 5624 dederat.

2196 5646 2495 5701 Profectum
2523 5650 2883 5717 quotidianum
2916 5653 3075 5707 dante
3106 5654 3193 5707 Dei
3226 5656 3411 5723 gratia.

2266 5758 2291 5795 δ
2334 5760 2446 5814 Duo
2474 5762 2632 5830 pedes
2661 5765 2710 5818 in
2746 5763 2842 5819 hoc
2874 5780 3031 5820 versu
3059 5766 3329 5821 abundant
