4220 6496
462 352 564 408 597
1247 352 1441 410 SECT.
1484 354 1676 410 lll.~-—
1716 353 2047 411 CARMINA.
2091 386 2159 397 —-
2200 358 2439 417 PASSIO
2478 361 2537 416 S.
2579 360 2856 419 JUSTINI.
3622 369 3725 429 598

458 468 557 535 Qui
590 482 708 521 cum
743 466 967 535 polleret
992 465 1243 521 virtutum
1275 469 1427 523 donis
1455 471 1791 539 spiritalium,

462 560 603 612 Inter
631 567 824 612 caetera
858 558 958 613 hoc
988 558 1215 626 primum
1257 560 1330 615 illi
1368 562 1510 617 Dens
1538 564 1782 629 contulit,

456 647 525 702 Ut
556 649 776 704 haberet
806 648 1099 702 futurorum
1130 665 1271 719 saepe
1304 653 1712 716 prrescientiam.

456 740 589 793 Tum
623 756 715 806 per
746 740 1121 795 revelationem
1153 758 1180 794 a
1212 742 1318 795 Deo
1351 744 1627 799 instruitur

458 832 530 886 De
560 831 791 885 fraterna
821 835 1092 895 servitute,
1124 843 1175 887 et
1205 836 1269 887 de
1295 836 1410 904 ejus
1435 837 1675 902 domino,

454 925 554 987 Qui
584 925 950 993 appellabatur
976 925 1174 994 Lupus,
1204 928 1476 981 Ambianis
1505 930 1779 984 habitans:

458 1014 589 1067 Cum
620 1015 717 1068 hoc
747 1015 817 1069 illi
844 1015 1131 1069 revelatum
1166 1018 1349 1070 fuisset
1382 1035 1408 1070 a
1428 1018 1674 1082 Domino,

454 1107 594 1162 l’atri
627 1123 724 1162 suo
755 1108 856 1161 hoc
889 1125 1107 1164 narrare
1136 1111 1417 1165 confestim
1450 1113 1744 1181 studuerat,

451 1202 530 1254 Ad
568 1201 987 1267 redemptionem
1021 1202 1195 1255 fratris
1228 1204 1443 1257 hortans
1469 1202 1567 1258 iter
1592 1205 1789 1273 arripi;

449 1292 529 1347 Ad
557 1292 695 1361 quod
730 1293 801 1346 illi
831 1303 980 1361 pater
1006 1293 1121 1361 ejus
1154 1294 1327 1349 taliter
1355 1296 1741 1365 responderat:

448 1387 513 1448 0,
547 1386 736 1454 inquit,
766 1385 861 1453 fili,
891 1386 1079 1455 ignoro
1105 1402 1202 1446 una
1238 1390 1304 1440 sit
1332 1403 1397 1441 eo
1430 1391 1708 1452 transitus,

451 1475 517 1527 Et
548 1486 761 1545 pr0pter
793 1478 892 1530 hoc
922 1477 1048 1543 quid
1081 1492 1319 1545 agamus,
1345 1492 1432 1533 me
1458 1479 1663 1555 nescire
1696 1480 1883 1534 fateor.

447 1564 594 1619 Tunc
619 1576 833 1619 sanctus
866 1581 993 1632 puer
1018 1566 1257 1620 Justinus
1286 1568 1463 1620 animo
1493 1569 1825 1634 accenditur,

445 1659 621 1725 Atque
649 1674 861 1712 omnem
896 1661 1207 1728 peragrabat
1238 1675 1360 1714 mox
1385 1660 1808 1727 Autisiodorum,

446 1748 627 1803 Sicubi
670 1750 993 1819 reperiretur
1020 1751 1124 1803 dux
1161 1754 1238 1806 eis
1266 1754 1491 1809 itineris.

445 1843 547 1898 Sed
580 1858 697 1897 cum
727 1859 831 1898 non
863 1844 1188 1899 inveniretur
1212 1847 1299 1915 qui
1327 1848 1585 1917 quaesitus
1612 1849 1782 1904 fuerat

442 1935 709 1991 Reversus
739 1952 868 2005 puer
896 1937 1100 1999 beatus,
1131 1941 1231 1993 hoc
1257 1940 1391 2007 patri
1418 1941 1717 2004 annuntiat,

440 2027 632 2082 Dicens
663 2036 837 2083 tamen
866 2045 970 2082 non
998 2031 1313 2084 cessandum
1346 2046 1467 2085 esse
1495 2032 1561 2084 ab
1590 2033 1798 2088 itinere.

439 2117 566 2185 Nos,
592 2119 780 2189 inquit,
807 2134 1110 2189 pergamus,
1147 2131 1314 2189 pater,
1339 2122 1552 2177 Christo
1583 2123 1736 2177 nobis
1763 2124 1981 2187 comite,

438 2210 534 2273 Qui
569 2227 671 2262 non
703 2212 845 2266 sinet
875 2226 972 2264 nos
1004 2211 1236 2265 fraudari
1278 2223 1459 2266 nostro
1489 2212 1777 2279 desiderio,

436 2301 587 2366 Quod
614 2301 680 2354 de
711 2302 1014 2355 redimendo
1044 2301 1207 2357 fratre
1237 2304 1493 2358 habemus
1520 2305 1572 2357 in
1602 2304 1803 2359 animo.

437 2393 539 2444 Sed
570 2403 621 2446 et
654 2395 990 2449 ll'JnsetllidlB
1021 2395 1174 2449 nobis
1201 2393 1415 2449 Christo
1443 2395 1541 2449 viae
1572 2396 1840 2463 praeduce,

436 2486 572 2538 Nihil
607 2486 762 2541 nobis
788 2486 1122 2556 adversatur,
1157 2488 1226 2541 nil
1257 2489 1359 2542 erit
1386 2491 1738 2557 contrarium,

436 2578 571 2644 Quin
606 2578 754 2633 iiiiUSi
786 2579 1140 2646 ambulemus,
1175 2582 1453 2636 redeamus
1482 2584 1731 2649 sospites.

435 2668 515 2722 Ad
549 2669 646 2721 hos
677 2669 770 2723 filii
800 2669 1011 2736 aﬂ'atus,
1058 2672 1158 2725 ista
1189 2682 1338 2740 pater
1365 2672 1623 2727 reddidit:

437 2758 679 2823 Possem,
711 2761 801 2825 ait,
830 2775 929 2828 ego
960 2761 1160 2825 forsan,
1192 2779 1225 2815 ο
1250 2762 1317 2815 fili
1348 2762 1670 2827 dulcissime,

432 2851 707 2906 Sustinere
738 2851 837 2904 iter
866 2860 1093 2916 tantum,
1121 2851 1211 2920 qui
1238 2866 1355 2906 sum
1388 2851 1555 2907 fretus
1580 2854 1800 2908 viribus.

431 2941 548 2996 Tibi
579 2954 754 2998 autem
777 2957 895 2997 cum
922 2943 998 2996 sis
1025 2958 1174 3012 puer,
1207 2956 1261 2997 ut
1284 2959 1388 2999 non
1415 2945 1587 3013 possis
1612 2947 1794 3012 timeo,

430 3017 508 3086 Ne
537 3035 673 3089 forte
701 3034 997 3089 teneritudo
1030 3034 1152 3090 laesa
1182 3035 1255 3089 tui
1282 3037 1547 3104 corporis,

431 3122 728 3194 Fatigatum
762 3135 813 3179 te
835 3125 974 3195 quod
998 3126 1094 3181 abs
1126 3135 1177 3181 te
1201 3126 1355 3182 faciat
1383 3128 1632 3182 deficere.

433 3218 778 3285 Respondeas
815 3228 1029 3273 sanctus
1052 3218 1311 3285 Justinus,
1340 3221 1476 3286 putri
1504 3234 1603 3274 suo
1631 3222 1843 3275 retulit:

432 3310 703 3374 Famulus,
732 3311 822 3373 ait,
853 3324 969 3364 sum
992 3308 1213 3375 Christi,
1240 3312 1290 3363 in
1319 3326 1425 3380 quo
1456 3324 1543 3365 me
1569 3310 1860 3376 confidere,

433 3402 501 3455 Et
531 3417 617 3457 me
654 3401 728 3455 illi
758 3401 1136 3456 commendare
1165 3415 1378 3470 semper
1406 3410 1557 3470 pater
1590 3404 1826 3457 noveris.

430 3492 623 3547 Eamus
648 3506 783 3561 ergo
814 3494 867 3547 in
897 3492 1014 3561 ejus
1037 3492 1313 3547 adorando
1342 3493 1576 3557 nomine,

431 3582 507 3636 llli
537 3592 705 3637 totum
734 3583 1131 3638 committentes
1158 3583 1405 3638 effectum
1438 3583 1666 3652 itineris,

428 3673 494 3727 Et
520 3673 657 3742 quod
688 3674 760 3726 illi
803 3672 926 3727 inde
957 3674 1147 3742 placet,
1176 3675 1247 3728 sit
1276 3675 1431 3729 nobis
1469 3677 1719 3732 amabile.

428 3765 711 3834 Adquievit
738 3773 883 3834 pater
917 3764 1033 3820 istis
1064 3764 1415 3820 hortamentis
1444 3768 1559 3831 lilii,

428 3858 837 3926 Assumptisque
860 3860 926 3914 ad
956 3860 1058 3915 hoc
1086 3861 1188 3917 iter
1217 3862 1315 3917 sibi
1358 3863 1699 3930 necessariis,

428 3948 699 4003 Proficisci
732 3964 852 4003 mox
881 3960 1155 4020 cceperunt
1185 3954 1251 4007 de
1282 3953 1645 4009 Autisiodoro.

432 4039 642 4093 Etcum
676 4040 792 4094 dies
820 4041 1091 4097 declinare
1120 4045 1371 4112 coepisset
1400 4044 1465 4099 ad
1494 4059 1794 4114 vesperam,

428 4131 483 4185 In
513 4130 842 4187 Milidonensi
875 4145 1053 4189 castro
1082 4138 1280 4203 recepti
1314 4137 1563 4204 hospitio,

426 4222 758 4289 Quieverunt
799 4227 899 4281 sub
928 4225 1166 4296 ejusdem
1199 4229 1267 4283 ibi
1300 4231 1472 4286 noctis
1500 4233 1697 4297 epatio:

425 4314 626 4377 Quibus
644 4315 711 4369 ad
743 4326 946 4382 portam
978 4319 1186 4373 castelli
1220 4335 1424 4387 pauper
1451 4323 1666 4391 quidam
1698 4325 1897 4389 obviat,

427 4406 526 4464 Qui
556 4415 610 4459 et
636 4407 965 4463 claudicabat
993 4424 1200 4477 gressu,
1231 4420 1285 4466 et
1311 4412 1426 4466 visu
1453 4424 1717 4481 caruerat,

427 4497 595 4563 Quem
625 4510 737 4554 atra
769 4503 993 4554 vexabat
1024 4502 1208 4566 fames,
1243 4506 1440 4570 pariter
1469 4515 1523 4559 et
1552 4510 1792 4562 nuditas:

425 4590 517 4644 Cui
552 4601 608 4643 ut
636 4593 1001 4647 innotescebat
1029 4592 1224 4648 Justini
1257 4597 1559 4664 praesentia,

429 4684 783 4749 Mendicabat,
819 4694 877 4740 ut
908 4687 1135 4743 donaret
1163 4688 1237 4743 illi
1269 4690 1685 4762 eleemosynam,

426 4774 544 4839 Quo
576 4790 711 4841 pene
740 4787 1004 4830 extortam
1037 4778 1179 4833 fame
1208 4776 1476 4837 recrearet
1504 4785 1757 4839 animam.

426 4864 576 4919 Tunc
606 4868 786 4921 beatus
810 4883 945 4937 puer
972 4884 1069 4922 suo
1098 4871 1323 4939 genitori
1354 4874 1589 4943 suggerit

427 4955 751 5011 Alimentum
784 4960 895 5013 fore
924 4959 1155 5015 dandum
1194 4963 1367 5017 eidem
1398 4962 1665 5033 famelico,

424 5047 769 5117 Obtentoque
798 5065 826 5103 a
858 5062 1005 5119 patre
1035 5055 1175 5107 victu
1214 5056 1464 5111 emendat
1492 5060 1719 5113 esuriem
1744 5080 1755 5113 :

428 5137 544 5206 Ipse
572 5154 701 5194 vero
729 5156 823 5196 sua
852 5156 973 5199 sese
1000 5146 1171 5200 tunica
1200 5148 1536 5215 exspolians,

426 5227 732 5285 Nuditatem
766 5231 881 5301 ejus
913 5233 1065 5287 simul
1096 5236 1309 5304 operire
1337 5239 1565 5303 studuit,

426 5317 706 5375 Geminum
734 5323 979 5390 praebens
1011 5328 1187 5393 egenti
1216 5328 1393 5383 taliter
1421 5329 1703 5385 auxilium.

428 5406 577 5463 Tunc
605 5412 864 5466 adversus
889 5413 1035 5468 illum
1067 5426 1218 5484 pater
1240 5428 1415 5473 motus
1436 5420 1789 5489 aliquatenus,

430 5501 713 5569 lncrepare
740 5503 902 5572 erepit
931 5520 1074 5570 enm,
1107 5522 1271 5575 quare
1301 5508 1370 5563 ita
1404 5509 1608 5575 fecerit,

428 5592 658 5662 lijusque
686 5602 789 5647 tam
819 5596 961 5663 pium
990 5597 1187 5653 factum
1218 5601 1441 5656 vocabat
1471 5602 1829 5673 dispendium.

427 5684 559 5745 Non,
594 5686 761 5754 inquit
790 5698 1001 5745 sanctus
1029 5690 1290 5757 Justinus,
1318 5696 1417 5749 hoc
1446 5709 1571 5750 voca
1606 5696 1964 5767 dispendium,

501 5795 523 5823 ⁸
566 5796 645 5850 Al.
658 5837 671 5864 ,
704 5801 969 5868 pt'tcsagis.

2069 475 2113 531 Δ
2146 470 2367 542 Propter
2395 475 2532 542 quod
2566 476 2839 532 beatitudo
2873 476 3025 531 nobis
3057 480 3468 547 repromittitnr,

2141 565 2336 634 Spiritu
2365 576 2549 621 sancto
2575 568 2783 625 dicente
2813 585 2905 639 per
2935 570 3095 624 David
3139 573 3605 644 psalmographum
3631 598 3644 633 ε

2144 656 2289 711 Felix
2316 659 2403 728 qui
2431 675 2595 727 super
2622 675 2846 729 egenum
2894 662 3143 727 intendit,
3173 676 3228 719 et
3263 681 3575 733 pauperem,

2139 748 2416 812 Quomodo
2456 750 2507 803 in
2538 750 2624 805 die
2653 752 2786 805 mala
2823 752 2959 805 Deus
2988 769 3108 807 eum
3141 753 3349 809 liberat.

2139 843 2245 898 Sed
2274 859 2370 898 nec
2397 844 2463 898 ab
2486 844 2668 899 auditu
2693 845 2834 898 malo
2860 846 3048 901 timere
3078 848 3438 915 compellitur.

2140 935 2269 988 Mala
2303 935 2549 1002 reprobis
2581 946 2661 989 est
2689 934 2804 989 dies
2844 937 2894 989 in
2923 937 3008 990 die
3030 936 3244 1007 iudicii,

2134 1023 2267 1079 Cum
2305 1026 2371 1080 ad
2398 1037 2655 1081 :eternum
2687 1026 3007 1081 damnantur
3047 1044 3074 1080 a
3107 1028 3215 1083 Deo
3244 1029 3536 1093 interitum,

2136 1115 2320 1170 Arsuri
2356 1118 2475 1188 igne
2505 1128 2706 1174 :eterno
2736 1135 2835 1172 una
2866 1135 2986 1175 Ctnn
3017 1118 3251 1174 diabolo.

2136 1209 2177 1260 A
2206 1211 2347 1263 malo
2376 1211 2563 1265 timent
2594 1212 2798 1274 auditu,
2835 1213 3026 1282 quibus
3058 1211 3108 1267 in
3135 1210 3342 1283 judicio

2138 1298 2250 1353 Vox
2281 1315 2309 1353 a
2342 1301 2589 1357 tribunali
2616 1302 2812 1357 Christi
2842 1314 2999 1358 sonat
3029 1305 3363 1371 terribiliter,

2137 1392 2210 1448 Ite
2240 1408 2269 1446 a
2300 1410 2404 1460 me,
2432 1395 2720 1461 maledicti,
2754 1396 2805 1449 in
2837 1395 3011 1466 ignem
3043 1404 3377 1466 perpetuum.

2136 1484 2189 1540 In
2222 1485 2319 1540 hac
2347 1496 2522 1541 autem
2553 1489 2637 1542 die
2662 1488 2821 1552 mala,
2852 1504 2954 1558 qua
2984 1491 3304 1544 damnantur
3333 1489 3504 1561 impii,

2137 1574 2372 1631 Liberari
2412 1588 2767 1646 promeretur,
2793 1578 2881 1646 qui
2913 1578 3006 1633 dat
3035 1580 3448 1650 eleemosynam,

2138 1663 2203 1720 Ut
2230 1680 2333 1718 non
2363 1681 2481 1720 eum
2514 1668 2602 1721 ille
2633 1668 2804 1721 malus
2842 1668 3054 1721 auditus
3086 1662 3419 1734 perterrent?

2135 1752 2238 1807 Sed
2272 1757 2440 1825 magis
2468 1756 2676 1810 dicatur
2704 1756 2753 1811 ei
2784 1771 2878 1810 ore
2904 1757 3108 1812 Christi
3136 1756 3336 1827 judicis

2060 1826 2103 1885 Β
2133 1844 2198 1900 Ut
2226 1845 2445 1901 accedat
2472 1862 2634 1916 regno
2660 1847 2772 1913 Dei,
2808 1858 3024 1917 propter
3044 1826 3418 1921 eleemosynas

2127 1936 2403 1992 Fratribus
2431 1953 2562 2006 quas
2592 1938 2709 2007 ipse
2729 1936 2926 1992 Christi
2958 1939 3297 2008 impendebat
3326 1940 3577 1995 minimis.

2129 2028 2302 2093 Vides,
2336 2030 2525 2097 inquit,
2561 2038 2729 2099 pater,
2760 2042 2957 2100 quanto
2985 2032 3123 2084 bono
3149 2030 3612 2099 compensabimus
3640 2072 3657 2095 ,

2125 2119 2257 2171 Dum
2288 2135 2351 2174 ex
2385 2120 2464 2174 his
2493 2136 2613 2190 quae
2636 2136 2733 2174 nos
2761 2120 3018 2175 habemus
3047 2123 3391 2177 subvenimus
3418 2123 3582 2192 inopi,

2126 2210 2190 2264 Et
2220 2210 2415 2266 idcirco
2443 2211 2584 2282 quod
2615 2212 2859 2267 mendico
2881 2212 3061 2267 datum
3091 2223 3174 2269 est
3196 2229 3299 2268 non
3330 2228 3594 2286 quaerere.

2126 2303 2287 2367 Igitur
2313 2302 2365 2356 in
2399 2302 2651 2358 Milidone
2697 2314 2854 2358 noctu
2888 2303 3256 2372 requieverant
3278 2348 3293 2371 ,

2127 2393 2286 2448 Facto
2316 2410 2472 2449 mane
2502 2397 2601 2450 iter
2630 2410 2784 2450 suum
2817 2398 3057 2465 protinus
3094 2399 3415 2462 accelerant,

2124 2484 2189 2538 Et
2209 2482 2423 2539 Christo
2450 2501 2542 2540 eos
2570 2486 2820 2552 ducente,
2845 2498 3105 2543 venerunt
3131 2488 3417 2551 Parisium,

2124 2574 2223 2630 Ubi
2248 2590 2277 2629 a
2300 2577 2529 2646 quodam
2558 2578 2767 2647 excepti
2798 2580 3011 2635 nomine
3042 2580 3352 2653 Hippolyto,

2124 2665 2224 2729 Ipsi
2263 2680 2480 2721 omnem
2515 2668 2863 2736 prodiderunt
2891 2685 3106 2725 causam
3136 2686 3230 2740 pro
3257 2685 3357 2741 qua
3387 2680 3665 2737 venerant,

2121 2756 2358 2823 Scilicet,
2389 2760 2511 2828 quia
2538 2761 2805 2829 captivum
2840 2760 3057 2816 fratrem
3089 2778 3243 2816 suum
3270 2773 3593 2832 quzererent,

2118 2849 2352 2904 Proinde
2378 2850 2509 2905 satis
2536 2849 2798 2906 humanus
2826 2852 2881 2906 fit
2902 2853 2979 2907 eis
3005 2852 3339 2925 Hippolytus,

2124 2940 2337 2996 Etcum
2369 2956 2462 2997 eos
2488 2942 2786 3009 refecisset,
2819 2944 2869 2998 in
2902 2958 3031 3013 pace
3053 2944 3353 3013 dimiserat,
3390 3010 3396 3016 .

2123 3032 2190 3087 Ut
2208 3043 2443 3103 emptum
2471 3035 2569 3089 iter
2594 3036 2830 3104 egissent
2857 3050 2978 3090 cum
3004 3035 3097 3091 Dei
3126 3035 3347 3091 auxilio.

2120 3124 2270 3181 Tunc
2310 3126 2384 3180 illi
2415 3124 2655 3193 profecti,
2686 3126 2885 3182 ﬂumen
2912 3128 3249 3198 attingebant
3272 3126 3507 3192 lseram;

2037 3184 2084 3248 Ο
2118 3216 2184 3270 Et
2212 3217 2334 3271 dum
2364 3184 2593 3272 transire
2620 3232 2713 3285 per
2740 3219 2864 3271 illud
2898 3184 3371 3288 ipsosvoportuerit
3395 3262 3411 3286 ,

2113 3307 2228 3362 Non
2258 3308 2597 3363 inveniebant
2626 3307 2737 3363 illic
2767 3308 2999 3376 aliquam
3029 3310 3352 3363 naviculam.

2113 3397 2268 3465 Quod
2304 3413 2425 3452 cum
2458 3397 2684 3453 moleste
2725 3398 2936 3452 tulisset
2967 3409 3117 3465 pater
3143 3399 3315 3453 sancti
3345 3398 3518 3468 pueri,

2112 3491 2228 3558 Ipse
2254 3492 2438 3545 beatus
2460 3489 2696 3545 Justinus
2717 3492 3140 3544 demonstratum
3167 3491 3377 3545 coalitus

2112 3581 2441 3636 Conturbato
2463 3581 2693 3651 genitori
2725 3583 2946 3652 protulit
2977 3584 3315 3653 przesagium.

2114 3673 2390 3739 Quamvis,
2420 3674 2528 3737 ait,
2560 3689 2697 3728 nunc
2728 3673 2781 3728 in
2814 3684 3062 3743 promptu
3095 3689 3201 3729 non
3228 3674 3366 3730 adsit
3396 3674 3684 3747 navigium,

2116 3764 2228 3818 Non
2256 3772 2339 3819 est
2366 3773 2540 3820 tamen
2569 3765 2891 3819 anxiandum
2943 3765 3097 3820 nobis
3124 3766 3191 3820 de
3220 3765 3409 3822 itinere
3435 3785 3447 3819 :

2112 3857 2247 3922 Quia
2275 3855 2405 3910 mibi
2434 3864 2515 3912 est
2542 3872 2571 3909 a
2597 3854 2809 3911 Christo
2837 3866 3109 3912 ostensum
3136 3857 3408 3912 solatium.

2112 3948 2338 4014 Quidam
2368 3949 2510 4003 enim
2538 3947 2698 4003 homo
2723 3950 2877 4003 nobis
2904 3965 3023 4004 cum
3062 3950 3183 4004 navi
3213 3951 3519 4020 appr0piat,

2111 4038 2272 4107 Cujus
2303 4039 2455 4093 nobis
2484 4038 2816 4105 impendetur
2843 4041 3212 4094 incunctanter
3239 4040 3577 4095 commodum
3603 4081 3615 4104 ,

2115 4131 2181 4187 Ut
2211 4132 2437 4193 transire
2465 4131 2735 4185 valeamus
2765 4132 2901 4185 hunc
2926 4141 3244 4200 przesentem
3284 4131 3527 4187 fluvium.

2110 4219 2245 4273 Cum
2275 4220 2448 4274 adhuc
2485 4236 2614 4289 puer
2646 4222 2850 4290 parenti
2884 4222 3190 4290 loqueretur
3224 4222 3370 4287 talia,

2115 4309 2250 4364 Ecce
2275 4310 2487 4379 quidam
2521 4320 2676 4365 nauta
2710 4314 2852 4367 venit
2882 4326 3004 4367 cum
3037 4328 3132 4366 sua
3169 4313 3436 4378 navicula,

2109 4401 2258 4457 Sicut
2284 4409 2500 4456 sanctus
2525 4403 2847 4471 praedicebat
2874 4403 2928 4459 in
2962 4414 2988 4441 ⁸
3020 4419 3261 4475 ρτωεθεο
3284 4406 3495 4474 spiritu.

2034 4533 2091 4596 υ
2115 4493 2265 4549 Tunc
2293 4494 2608 4550 accedentes
2636 4496 2701 4550 ad
2733 4495 2883 4551 illum
2910 4500 2997 4568 qui
3026 4512 3147 4553 cum
3174 4499 3293 4553 navi
3324 4508 3566 4564 venerat,

2113 4590 2181 4643 Se
2213 4586 2467 4655 petebant
2490 4588 2729 4659 adjuvari
2764 4600 2822 4643 ut
2854 4591 3142 4645 transirent
3168 4590 3409 4656 fluvium,

2113 4684 2479 4755 Navigationis
2502 4684 2702 4752 justum
2734 4682 3018 4738 offerentes
3050 4684 3302 4752 pretium.

2116 4776 2283 4831 Nauta
2314 4776 2478 4847 igitur
2506 4774 2667 4844 petita
2694 4775 2825 4827 satis
2853 4783 3099 4843 prompte
3125 4778 3330 4840 annuit,

2113 4867 2242 4933 Ipsis
2272 4881 2398 4921 vero
2426 4864 2638 4918 naulum
2670 4863 2799 4917 dare
2825 4862 3062 4918 debitum
3095 4863 3393 4919 volentibus
3413 4903 3429 4929 ,

2111 4958 2224 5012 Non
2238 4957 2428 5026 accipit
2445 4956 2531 5011 ille
2552 4954 2859 5024 quidquam,
2876 4955 3038 5019 gratis
3056 4963 3311 5023 przestans
3323 4953 3687 5009 commodum.

2116 5049 2190 5101 Illi
2230 5056 2406 5103 autem
2438 5053 2804 5115 properantes,
2837 5044 3127 5100 Ambianos
3148 5044 3400 5107 veniunt,

2114 5138 2492 5208 lnquiruntque
2520 5136 2740 5192 domum
2770 5135 2925 5204 Lupi,
2957 5136 3134 5191 fratris
3160 5136 3241 5191 sui
3270 5135 3471 5192 domini
3497 5153 3513 5190 :

2109 5232 2221 5297 Qua
2250 5244 2371 5284 mox
2404 5230 2649 5293 inventa,
2683 5228 2749 5282 ad
2783 5228 2930 5283 illum
2963 5242 3147 5297 preces
3191 5227 3367 5283 ferunt
3394 5227 3683 5297 supplicos.

2112 5325 2278 5387 Quem
2309 5321 2455 5390 prior
2477 5329 2692 5375 sanctus
2716 5319 2956 5375 Justinus
2983 5319 3061 5373 his
3086 5318 3276 5373 affatur
3305 5318 3556 5372 vocibus:

2112 5408 2365 5466 Venimus
2396 5411 2460 5464 ad
2495 5420 2659 5473 tuam,
2690 5410 2859 5474 aiens,
2884 5424 2917 5464 ο
2948 5408 3112 5477 Lupe,
3147 5408 3522 5469 clementiam,

2120 5502 2185 5558 Ut
2212 5502 2474 5571 captivum
2516 5500 2731 5557 fratrem
2764 5511 3003 5555 nostrum
3032 5499 3222 5555 reddas
3252 5500 3403 5553 nobis
3436 5499 3681 5555 liberum.

2115 5594 2447 5663 Compertum
2484 5600 2565 5647 est
2590 5592 2729 5646 enim
2764 5590 2914 5647 nobis
2946 5592 3115 5659 ipsum
3147 5591 3246 5646 sub
3287 5601 3336 5646 te
3365 5592 3575 5662 degere.

2114 5685 2178 5739 Et
2203 5685 2268 5739 ad
2299 5684 2443 5739 illum
2476 5682 2845 5739 redimendum
2874 5693 3105 5737 nostram
3134 5682 3536 5737 substantiolam
