4220 6494
428 383 526 440 601

430 498 497 553 Ει
521 497 720 552 idcirco
752 507 936 564 pmnas
963 493 1064 562 pati
1098 507 1191 561 pro
1223 493 1313 548 illo
1339 510 1442 547 non
1469 495 1656 559 timeo,

431 593 631 646 Dilectn
662 588 780 660 ejus
813 589 1014 642 malens
1045 588 1177 641 mori
1211 603 1368 656 quam
1399 589 1601 645 oll'cnse
1638 591 1839 648 vivere.

428 683 578 747 Quod
605 697 735 734 vero
760 679 956 748 jnhetis
987 695 1014 731 a
1046 695 1132 733 me
1167 681 1313 747 prodi
1347 697 1494 736 meos
1524 698 1826 752 compares,

427 774 781 829 Nihilominus
809 771 910 826 hoc
935 782 1176 826 sanetum
1212 783 1356 828 vetat
1386 775 1755 840 Evangelinm,

427 867 546 928 Ipso
568 866 795 920 Domino
825 878 1158 920 monstrante
1187 867 1324 936 quod
1355 867 1454 921 hoc
1484 870 1650 922 nollet
1687 869 1824 925 ﬁeri.

423 958 554 1012 Nam
583 954 794 1025 quando
840 957 890 1008 in
922 956 1190 1024 passione,
1221 973 1379 1024 quam
1414 973 1511 1025 pro
1544 960 1698 1013 nobis
1729 962 1970 1030 pertulit,

425 1051 561 1105 Suos
583 1050 693 1115 ipse
714 1057 798 1104 est
822 1059 1050 1103 exactus
1080 1049 1302 1117 prodere
1332 1051 1653 1121 discipulos,

426 1140 637 1194 Minime
665 1156 848 1194 eorum
880 1140 1085 1195 delator
1112 1142 1274 1195 voluit
1303 1142 1570 1208 existere,

427 1235 488 1288 Et
518 1250 638 1288 cum
666 1234 1212 1302 comprehenderetur
1241 1251 1268 1287 a
1302 1238 1756 1304 persecutoribus,

425 1327 680 1396 Praecepit
707 1336 765 1380 ut
795 1327 1099 1381 sinerentur
1127 1327 1274 1380 abire
1302 1328 1576 1398 discipuli,

422 1419 497 1472 Ne
522 1417 867 1488 quemquam,
899 1427 953 1470 ttt
980 1419 1087 1485 jam
1118 1418 1382 1487 przrdixit,
1407 1436 1471 1474 ex
1501 1421 1702 1476 eisdem
1733 1424 2001 1491 perderet.

420 1511 570 1565 Nunc
600 1510 775 1579 itaque
802 1511 1079 1574 noveritis,
1111 1521 1356 1564 neutrum
1386 1527 1472 1565 me
1500 1521 1524 1548 α
1559 1513 1760 1568 facere.

423 1602 493 1658 Ut
515 1603 594 1658 vel
616 1602 814 1656 Christi
846 1617 1037 1656 nomen
1067 1611 1309 1656 sanctum
1339 1613 1480 1657 metu
1508 1605 1694 1659 mortis
1715 1607 2001 1678 ahnegem,

419 1695 676 1751 Sociosve
707 1709 853 1748 meos
882 1694 1102 1760 prodam
1134 1705 1316 1748 contra
1353 1694 1718 1763 Evangelium.

418 1788 718 1842 Adversum
749 1787 863 1840 hrec
903 1787 1222 1840 documenta
1257 1787 1558 1841 irascuntur
1588 1790 1784 1855 nuntii,

420 1879 706 1946 Mntnoque
735 1878 1017 1930 adhortatu
1050 1892 1234 1932 necem
1273 1891 1457 1932 sancto
1489 1890 1818 1948 prmparant,

418 1973 562 2032 Quos
586 1966 668 2021 vel
701 1981 881 2034 parum
912 1977 1221 2034 exspecmre
1252 1976 1387 2020 vetat
1421 1967 1722 2023 iracundia.

418 2059 601 2127 Itaque
630 2057 907 2126 evaginato
935 2057 1146 2111 demum
1174 2073 1309 2112 unus
1339 2057 1535 2126 gladio,

418 2148 730 2214 Amputavit
755 2158 915 2218 caput
943 2149 1079 2214 eius,
1109 2148 1316 2202 cmteris
1341 2149 1694 2204 hortantibus.

416 2238 504 2294 Sic
528 2254 648 2294 cum
677 2238 840 2306 gloria
869 2251 922 2292 et
951 2240 1111 2294 laude
1139 2249 1339 2308 martyr
1369 2241 1538 2296 ccelos
1568 2243 1755 2305 subiit,

417 2329 621 2400 Duplici
650 2331 973 2400 proprietate
1003 2332 1195 2400 duplex
1227 2331 1428 2386 habens
1453 2333 1716 2395 braviutn,

416 2425 564 2490 Quod
594 2433 648 2478 et
675 2422 727 2477 in
757 2422 1101 2479 confessione
1126 2423 1323 2478 Christi
1356 2423 1746 2492 perduraverit,

419 2515 486 2569 Et
511 2529 680 2586 usque
710 2516 776 2569 ad
805 2525 1036 2571 mortem
1065 2531 1191 2571 suos
1223 2517 1494 2584 proximos
1521 2516 1801 2572 dilexerit:

417 2605 471 2660 In
502 2606 618 2676 ipso
646 2607 924 2674 praeceptis
951 2607 1145 2661 Christi
1175 2608 1469 2662 delectatus
1496 2607 1766 2674 dulcibus,

415 2696 564 2764 Quod
595 2711 694 2752 nos
719 2697 878 2764 jussit
905 2705 1028 2751 ante
1058 2697 1176 2750 illos
1207 2697 1336 2750 nihil
1368 2697 1481 2750 iure
1512 2697 1748 2758 timidos.

414 2785 514 2851 Qui
543 2785 790 2840 occidunt
827 2801 1024 2854 corpus
1067 2787 1232 2851 istud,
1265 2795 1467 2842 textum
1497 2788 1648 2841 venis
1677 2787 1961 2856 languidis.

419 2874 475 2929 ln
507 2875 608 2929 hoc
636 2889 666 2928 a
696 2885 882 2928 sancto
909 2873 1116 2929 Joanne
1145 2890 1334 2930 snasus
1362 2876 1625 2943 apostolo,

413 2965 537 3030 Qui,
564 2966 700 3020 sicut
721 2964 965 3020 Christus
995 2981 1090 3034 pro
1117 2966 1269 3020 nobis
1299 2970 1530 3020 animam
1557 2976 1830 3033 posuerat,
1871 3018 1873 3020 ,

413 3053 502 3110 Sic
526 3055 655 3108 dicit
677 3063 734 3109 et
756 3069 854 3108 nos
876 3053 1072 3109 debere
1103 3053 1278 3108 facere
1302 3070 1396 3124 pro
1422 3055 1700 3110 fratribus.

415 3148 664 3212 Proinde,
692 3147 758 3202 ad
785 3147 1165 3203 declarandum
1197 3159 1407 3218 quantae
1436 3158 1578 3204 esset
1613 3149 1798 3216 glorias
1817 3189 1832 3214 ,

415 3239 557 3294 Idem
592 3240 928 3294 venerandus
969 3252 1170 3310 martyr
1198 3243 1406 3295 occiSns
1435 3255 1527 3308 pro
1555 3240 1781 3294 Domino

415 3331 714 3385 Cloriosum
745 3331 1146 3386 demonstratur
1174 3331 1416 3399 protinus
1447 3319 1780 3385 miraculum.

413 3421 700 3489 Amputato
725 3420 866 3475 enim
892 3420 1011 3490 ejus
1037 3433 1380 3476 sacrosancto
1406 3424 1600 3491 capite,

413 3507 618 3577 Corpus
649 3517 894 3562 truncum
927 3509 1029 3564 hoe
1059 3511 1110 3564 in
1140 3511 1253 3564 suis
1287 3513 1531 3566 inanibus
1561 3513 1850 3582 accipiens,

411 3604 549 3655 Ante
576 3602 770 3657 suimet
796 3602 1012 3657 lictores
1037 3611 1260 3660 steterat
1286 3604 1560 3660 immobile
1586 3624 1600 3659 :

411 3691 573 3760 Cujus
594 3707 716 3745 mox
745 3693 1097 3762 obstupefacti
1127 3705 1328 3749 terrore
1351 3696 1612 3764 prodigii,

413 3779 640 3848 Fugiunt
669 3793 1059 3850 persecutores,
1087 3800 1190 3838 non
1220 3786 1334 3840 ausi
1363 3787 1656 3842 subsistere
1675 3831 1690 3853 ,

411 3871 542 3925 Cum
576 3883 816 3928 sanctum
845 3874 1087 3930 viderent
1114 3888 1316 3932 tantum
1352 3878 1525 3934 facere
1560 3881 1900 3938 miraculum.

415 3964 668 4018 Parentes
693 3980 818 4019 vero
846 3966 1012 4034 ipsius
1039 3970 1240 4037 egressi
1285 3969 1352 4024 de
1384 3971 1597 4024 latebris
1618 4014 1634 4038 ,

415 4053 605 4109 Vident
633 4066 872 4110 sanctum
904 4072 1097 4127 corpus
1126 4059 1241 4127 ejus
1281 4064 1579 4118 consistens
1611 4064 1918 4131 immobile,

411 4143 688 4215 Miratique
713 4146 852 4216 quod
879 4149 1144 4203 abscisum
1175 4160 1332 4217 caput
1362 4151 1525 4208 ferret
1552 4155 1813 4210 manibus.

413 4235 566 4290 Varia
599 4237 649 4290 in
682 4249 858 4292 mente
881 4249 1099 4294 versant
1134 4241 1202 4296 de
1230 4243 1345 4310 ejus
1376 4247 1664 4313 martyrio,

416 4327 548 4382 Dum
576 4329 693 4384 talis
714 4331 762 4385 ei
793 4331 1025 4401 gaudere
1065 4335 1360 4388 censuisset
1389 4335 1554 4404 gloria
1580 4375 1598 4400 ,

417 4422 481 4476 Et
506 4438 716 4477 rursum
744 4424 869 4479 llere
896 4423 961 4479 de
987 4425 1078 4479 illo
1117 4437 1299 4480 natura
1350 4437 1699 4497 suggereret:

412 4515 635 4570 Maxime
663 4525 838 4572 tamen
867 4518 935 4573 de
964 4519 1058 4573 illo
1084 4519 1218 4573 fiunt
1243 4519 1365 4575 inde
1403 4519 1567 4584 anxii,

411 4608 522 4670 Qua
549 4607 915 4675 sepeliendum
955 4619 1097 4663 esset
1125 4619 1389 4664 sacratum
1420 4611 1790 4680 corpusculum
1814 4653 1829 4677 ,

411 4699 695 4766 Mntuaqtte
740 4701 862 4754 inde
899 4701 1000 4755 sibi
1043 4705 1328 4758 conferunt
1368 4705 1654 4770 colloquia.

407 4791 536 4856 Quae
572 4805 692 4844 cum
728 4802 968 4860 agerent,
1012 4793 1219 4848 diversa
1262 4798 1494 4851 motione
1537 4799 1702 4852 animi

411 4878 578 4946 Caput
609 4881 748 4934 beati
779 4880 995 4948 Justini,
1027 4883 1165 4951 quod
1195 4885 1436 4952 gestabat
1467 4889 1708 4943 manibus
1729 4931 1743 4955 ,

411 4969 599 5024 Mirum
629 4971 794 5037 dictu,
828 4973 991 5040 ccepit
1018 4974 1135 5028 illos
1159 4975 1401 5031 abSulute
1427 4978 1619 5046 alloqui
1637 5017 1653 5043 ,

413 5060 478 5112 Et
504 5060 702 5115 docens
730 5061 798 5117 de
826 5065 1093 5132 sepultura
1139 5066 1220 5120 sui
1262 5082 1354 5121 eos
1380 5070 1622 5138 corporis
1647 5086 1661 5122 :

412 5151 635 5217 Euntes,
665 5154 852 5224 inquit,
903 5157 967 5210 ad
1001 5158 1173 5212 locum
1216 5158 1305 5226 qui
1334 5159 1540 5228 Lupera
1587 5161 1779 5215 dicitur
1801 5202 1816 5228 ,

410 5248 583 5314 Atque
609 5261 787 5300 meum
812 5247 1036 5317 sepelite
1065 5250 1261 5306 ibidem
1291 5254 1666 5321 corpusculum
1690 5269 1706 5316 ;

411 5335 558 5390 Matri
592 5352 716 5392 vero
745 5353 877 5394 mea:
921 5350 1078 5409 caput
1117 5341 1220 5397 hoc
1260 5358 1436 5398 meum
1466 5344 1713 5401 advehite
1740 5386 1759 5414 ,

413 5426 479 5482 Ut
507 5429 800 5484 naturalem
829 5431 1073 5488 allectum
1107 5434 1158 5489 in
1187 5435 1313 5489 illttd
1348 5435 1630 5501 exhibeat,

413 5518 476 5572 Et
499 5521 696 5574 amoris
737 5523 841 5576 mei
885 5539 1068 5579 secum
1109 5525 1248 5580 istud
1285 5528 1474 5597 pignus
1501 5527 1729 5585 habeat:

411 5608 523 5678 Ipsa
569 5627 694 5666 vero
724 5614 767 5668 si
794 5623 1000 5670 tenetur
1041 5617 1146 5673 mei
1193 5617 1487 5682 desiderio,

411 5704 630 5760 Studeat
658 5707 708 5759 in
742 5708 982 5773 paradiso
1013 5725 1098 5766 me
1127 5712 1359 5766 locatum
1403 5713 1678 5783 subsequi,

1229 380 1414 438 SECT.
1457 382 1542 437 Ill.
1587 414 1654 426 —
1691 382 2020 439 CARMINA.

2062 411 2135 423 --
2175 385 2415 440 PASSIO
2455 387 2512 444 S.
2554 386 2837 445 JUSTINI.

2045 497 2095 556 Α
2123 496 2225 552 Ubi
2267 497 2458 551 anima:
2487 509 2790 554 sanctorum
2817 502 3096 570 quiescunt
3120 502 3372 559 feliciter.

2114 587 2264 643 Tunc
2292 591 2386 656 illi,
2419 601 2472 644 nt
2503 601 2716 646 sanctus
2747 604 2948 664 martyr
2973 595 3220 651 Justinus
3251 607 3578 664 praeceperat

2110 680 2437 736 Condienles
2466 698 2658 752 corpus
2685 685 2821 753 ejus,
2855 687 2925 740 ibi
2953 687 3295 754 sepelierant,

2112 771 2210 827 Ubi
2242 773 2358 842 ipse
2381 775 2552 828 locum
2581 776 2643 828 ad
2677 777 2775 831 hoc
2800 778 3027 847 signavit
3055 794 3118 834 ex
3148 780 3394 848 nomine;

2107 865 2279 931 Caput
2305 882 2432 921 Vero
2463 867 2582 937 ejus
2615 871 2768 922 matri
2799 871 2964 938 ipsius
2990 873 3313 928 attulerant:

2107 955 2258 1020 Quod
2289 956 2374 1010 illa
2405 958 2640 1026 gaudens
2671 960 2925 1027 suscepit,
2960 961 3071 1014 Deo
3097 977 3259 1031 agens
3289 965 3512 1033 gratias,

2107 1047 2236 1114 Quia
2277 1049 2611 1106 innocentem
2640 1051 2758 1120 ejus
2788 1053 3028 1106 animam
3054 1055 3332 1110 asciverit:

2106 1138 2248 1204 Tibi,
2276 1139 2480 1204 dicens,
2507 1141 2735 1207 Christe,
2771 1144 2960 1208 honor,
2991 1145 3103 1199 laus
3130 1154 3188 1200 et
3208 1147 3474 1215 juhilatio,

2106 1231 2236 1296 Quia
2268 1232 2512 1301 dignatus
2541 1249 2600 1288 es
2632 1234 2790 1288 istum
2826 1251 3048 1303 puerum
3081 1251 3379 1305 assumere,

2108 1322 2167 1374 Et
2195 1324 2466 1377 associare
2491 1325 2592 1378 tuis
2617 1324 2786 1379 beatis
2812 1328 3156 1396 martyribus.

2111 1412 2182 1465 At
2214 1422 2288 1472 tu,
2323 1413 2474 1466 beate
2503 1413 2729 1479 Jnstine,
2763 1417 2835 1470 lili
2868 1419 2938 1470 mi
2967 1418 3300 1484 dulcissime,

2107 1503 2205 1568 Qui
2235 1503 2431 1557 Christi
2460 1520 2678 1573 regnum
2705 1505 2912 1560 intrasti
2941 1523 3059 1562 cum
3089 1511 3262 1572 palma
3285 1514 3543 1580 victoriae,

2109 1590 2181 1644 lbi
2215 1591 2318 1645 mei
2348 1609 2552 1646 memor
2580 1605 2697 1647 esto
2737 1597 2787 1648 in
2823 1599 2924 1650 tuis
2952 1599 3244 1668 suffragiis.

2108 1682 2232 1736 [hec
2259 1683 2426 1752 ipsius
2452 1685 2715 1754 genitrice
2743 1697 2930 1743 orante
2961 1705 3080 1744 eum
3115 1695 3388 1764 lacrymis,

2107 1775 2226 1829 Mox
2257 1775 2590 1846 resplenduit
2627 1779 2714 1832 lux
2756 1780 2944 1851 ingens
2973 1796 3131 1852 super
3162 1784 3549 1852 habitaculum,

2030 1845 2078 1905 Β
2110 1866 2164 1920 In
2196 1882 2302 1938 quo
2327 1845 2571 1923 sanctum
2601 1879 2760 1940 caput
2789 1845 2906 1940 ejus
2934 1845 3230 1930 habebatur
3258 1879 3506 1944 positum.

2109 1956 2231 2010 llaec
2259 1965 2436 2011 autem
2464 1957 2548 2012 lux
2577 1960 2990 2032 circumquaque
3019 1976 3207 2020 cuncta
3239 1968 3619 2038 illustraverat,

2109 2048 2182 2102 lza
2211 2058 2267 2102 ut
2300 2049 2693 2105 admirarentur
2716 2055 2806 2120 qui
2840 2055 2892 2107 iit
2923 2055 3055 2110 urbe
3085 2057 3335 2112 aderant:

2110 2138 2236 2192 Erat
2264 2148 2441 2194 autem
2469 2155 2596 2206 nox,
2630 2156 2749 2196 cum
2782 2143 2922 2198 istud
2952 2148 3105 2200 tieret
3135 2148 3476 2205 miraculum.

2107 2227 2158 2279 In
2192 2227 2296 2282 illis
2324 2229 2512 2284 diebus
2540 2231 2722 2286 sedem
2753 2231 2807 2286 in
2843 2235 3198 2290 Autisiodnrn

2107 2323 2340 2378 Rexerat
2369 2325 2751 2394 episcOpalem,
2781 2338 2991 2383 amator
3019 2329 3101 2384 vir
3133 2331 3370 2401 Domini,

2108 2413 2273 2480 Quem
2301 2413 2598 2470 divinorum
2631 2417 2895 2472 ornabant
2922 2435 3143 2474 munera
3171 2421 3574 2477 charismatum.

2105 2505 2199 2560 llic
2226 2505 2352 2560 dum
2385 2507 2592 2562 coalitus
2624 2507 2878 2562 emissum
2913 2509 3258 2578 splendorem
3287 2513 3644 2582 conspiceret,

2108 2593 2187 2648 Ire
2216 2595 2281 2647 ad
2313 2594 2528 2648 deruunt
2561 2597 2790 2650 Matthaei
2821 2599 2981 2666 jussit
3012 2609 3120 2653 tres
3154 2602 3518 2671 presbyteros,

2103 2683 2201 2750 Qui
2227 2685 2294 2738 de
2325 2684 2443 2750 ipso
2469 2686 2712 2740 studiose
2744 2697 2992 2756 portento
3025 2689 3378 2758 inquirerent.
3529 2761 3531 2763 _

2100 2778 2180 2843 Qu
2206 2777 2303 2830 bus
2333 2777 2507 2829 omnia
2542 2778 2820 2830 Matthaans
2853 2780 3032 2833 retulit
3063 2796 3156 2846 per
3185 2781 3454 2847 ordinent,

2106 2867 2172 2921 Ut
2201 2882 2259 2922 se
2289 2867 2355 2921 de
2385 2880 2570 2921 saneto
2591 2868 2802 2923 Justinn
2830 2885 2914 2924 res
2945 2881 3090 2936 gesta
3126 2871 3404 2935 habuerat,

2104 2959 2195 3013 Vel
2228 2961 2292 3013 de
2323 2962 2569 3029 passione
2596 2961 2737 3030 ejus,
2775 2962 2856 3015 vel
2892 2964 3106 3030 sepulto
3140 2978 3402 3032 corpore;

2099 3050 2385 3119 Snbjungit
2413 3059 2467 3105 et
2495 3052 2560 3104 de
2589 3053 2752 3105 allato
2786 3053 2942 3107 matri
2975 3053 3092 3122 ejus
3117 3057 3315 3122 capite,

2103 3141 2449 3208 Qualiterque
2475 3141 2562 3195 lux
2595 3142 2661 3195 de
2695 3144 2831 3197 caelo
2861 3144 2991 3197 hora
3019 3146 3191 3198 noctis
3217 3149 3372 3201 tertia

2026 3207 2069 3268 C
2106 3229 2329 3284 Domum
2357 3230 2526 3298 ipsam
2554 3232 2728 3299 inqua
2752 3241 2868 3284 erat
2891 3247 3102 3286 omnem
3135 3234 3510 3290 illustraverit.

2102 3323 2226 3378 lla-c
2250 3324 2547 3393 presbyteri
2575 3325 2638 3376 ad
2662 3339 2815 3376 suum
2841 3324 3078 3379 referunt
3100 3327 3430 3395 pontiﬁcem,

2102 3412 2202 3478 Qui
2233 3413 2422 3466 adesse
2453 3427 2665 3465 onmem
2689 3414 2892 3467 clerum
2921 3415 3159 3480 protinus
3182 3426 3508 3485 praaceperat

2099 3504 2309 3558 Gratias
2339 3503 2705 3570 Omnipotenti
2757 3515 2925 3575 agunt
2952 3521 3048 3574 pro
3077 3508 3359 3562 miraculo.

2106 3597 2346 3665 Denique
2374 3598 2698 3651 clarificatur
2729 3597 2829 3652 hoc
2853 3598 3050 3652 factum
3085 3615 3178 3669 per
3209 3600 3502 3668 populum:

2097 3675 2436 3747 Concurrunt
2463 3707 2650 3766 omnes
2684 3693 2998 3761 gaudentes,
3029 3703 3322 3762 martyrem
3359 3693 3683 3764 glorificent,

2100 3782 2211 3836 lino
2241 3783 2546 3844 Dominum,
2582 3781 2671 3852 qui
2703 3783 2849 3835 illum
2884 3783 2960 3837 sic
2985 3783 3382 3838 mirificaverat.

2099 3873 2334 3938 Interim,
2363 3871 2582 3940 jubente
2612 3883 2793 3927 sancto
2817 3881 3055 3927 amatore
3083 3873 3330 3941 praesule,

2098 3966 2267 4034 Caput
2301 3947 2548 4018 sanctum
2578 3966 2898 4018 coilocatum
2929 3966 3191 4034 condigne
3222 3963 3273 4018 in
3308 3965 3508 4020 feretro

2107 4057 2232 4110 Cum
2266 4056 2469 4110 honore
2502 4065 2664 4122 atque
2693 4055 2908 4122 hymnis
2940 4054 3108 4108 fertur
3134 4056 3201 4107 ad
3231 4054 3540 4120 ecclesiam,

2101 4151 2165 4206 Et
2195 4152 2248 4205 in
2280 4151 2397 4204 loco
2427 4165 2582 4219 quem
2616 4150 2818 4217 paravit
2846 4149 3060 4204 sibimet
3089 4152 3395 4219 cpiscopus,

2105 4243 2174 4296 lbi
2205 4243 2334 4297 illud
2360 4253 2675 4298 veneranter
2706 4243 2921 4297 recondi
2951 4243 3284 4311 providerat:

2103 4333 2202 4388 Ubi
2233 4333 2382 4401 plttra
2416 4344 2618 4401 martyr
2657 4343 2874 4387 sanctus
2906 4342 3122 4401 prmstat
3151 4333 3429 4388 beneficia.

2100 4425 2234 4480 Nam
2267 4424 2333 4478 ad
2361 4424 2808 4491 cornprnhantlant
2839 4425 2956 4492 ejus
2981 4441 3104 4478 cum
3129 4425 3238 4481 Deo
3261 4425 3576 4496 potentiam,

2021 4558 2072 4616 D
2102 4519 2270 4571 Sacro
2303 4516 2461 4587 capiti
2494 4515 2621 4568 dum
2643 4516 2830 4586 dignas
2855 4517 3131 4586 celebrant
3160 4518 3466 4586 exsequias,

2104 4609 2282 4664 Puella
2309 4626 2426 4679 qua:
2455 4624 2592 4664 caeca
2625 4609 2790 4676 venit,
2823 4611 2967 4664 clare
2993 4611 3180 4666 videns
3206 4611 3396 4675 rediit;

2099 4703 2226 4768 Quae
2248 4716 2369 4756 cum
2395 4711 2540 4757 esset
2568 4701 2618 4754 in
2641 4709 2820 4763 aetate.
2846 4701 3048 4756 habens
3070 4715 3239 4755 annos
3263 4700 3518 4766 sedecim,

2101 4796 2240 4866 Inter
2269 4795 2518 4864 martyris
2548 4792 2780 4846 delatum
2810 4793 3029 4847 veniens
3057 4793 3400 4862 obsequium:

2100 4887 2326 4954 Adjuva,
2357 4886 2547 4954 inquit,
2581 4885 2734 4938 beate
2768 4896 2970 4955 martyr
2993 4885 3212 4952 Christi,
3246 4886 3460 4956 adjuva,

2102 4982 2167 5037 Ut
2193 4984 2359 5034 visum
2391 4981 2477 5032 diu
2510 4989 2755 5046 negatum
2789 4987 2876 5034 tuo
2905 4979 3224 5048 patrocinio,

2097 5077 2320 5131 Domino
2347 5076 2556 5130 Christo
2589 5083 2894 5144 praestante,
2928 5075 3146 5144 adipisci
3180 5091 3407 5141 merear,

2093 5172 2210 5238 Quo
2238 5169 2477 5223 laudetur
2509 5183 2700 5221 nomen
2732 5167 2848 5236 ejus
2878 5169 2928 5222 in
2955 5180 3043 5223 tuo
3073 5171 3353 5240 martyrio.

2097 5258 2260 5324 Dixit,
2292 5269 2472 5328 atque,
2499 5273 2678 5313 coram
2702 5259 2846 5312 omni
2873 5260 3085 5329 p0pnlo,
3113 5260 3364 5315 continuo

2097 5349 2378 5412 Restituto,
2400 5357 2457 5403 ut
2491 5349 2722 5418 petebat,
2747 5350 3020 5405 oculorum
3052 5351 3271 5416 lmnine,

2096 5440 2148 5494 In
2180 5439 2565 5510 gloriﬁcatione
2598 5439 2851 5509 martyris
2882 5440 3159 5509 tripttdiat.

2097 5533 2289 5588 lterum
2331 5531 2479 5599 plebs
2511 5529 2687 5584 omnis
2716 5531 2954 5600 gaudens
2981 5531 3178 5601 gratias
3207 5531 3565 5602 congeminat,

2099 5611 2326 5678 Laudem
2355 5620 2539 5674 dicens
2565 5618 2828 5674 Salvatori
2853 5619 2979 5676 Jesu
3001 5620 3214 5676 Christo
3244 5621 3491 5688 Domino,

2098 5711 2190 5769 Cui
2219 5714 2289 5767 sit
2317 5711 2485 5764 honor
2512 5717 2567 5764 et
2606 5719 2837 5779 potestas
2879 5725 2972 5782 per
3001 5720 3196 5767 acterna
3229 5713 3442 5768 saecula.
3479 5716 3650 5770 Amen

3598 398 3704 452 60?.

480 5822 507 5851 ⁸
532 5818 742 5888 Syllaba
769 5820 837 5878 ad
862 5831 1088 5879 metrum
1118 5824 1284 5882 deest.
1317 5826 1475 5882 Forte
1507 5827 1785 5898 legendum
1821 5845 1832 5883 :
1863 5826 2112 5883 Neutrum
2145 5828 2238 5882 hoc
2266 5841 2342 5880 mc
2370 5829 2558 5898 facere.
