4220 6470
561 314 665 370 603
1269 313 1471 369 BEDJZ
1514 314 1967 375 VENERABILIS
2008 319 2158 373 UPI‘.
2202 316 2380 374 I'ABS
2420 318 2507 373 Ill.
2557 350 2620 359 —
2660 318 3140 377 PARASNETICA.
3726 322 3839 379 σοι

568 481 3833 511 _____.______..________.______________________________

1425 595 2321 675 MARTYROLOGIUM
2384 597 2945 674 POETICUM.

1168 750 1545 808 rnomcus.
2171 766 2221 820 Α

1488 755 1545 808 S.
2171 766 2221 820 Λ
2930 767 3149 806 Αριιιιιε.

636 838 853 893 Bissena
882 839 1141 893 mensium
1178 844 1435 911 vertigine
1466 845 1691 899 volvitur
1720 861 1922 911 annus;
2243 842 2532 898 Carnifices
2563 844 2719 897 nonis
2748 844 2899 897 illam
2923 843 3168 897 vincente
3199 842 3471 898 Kalendis.

564 932 881 995 Septimanis
910 932 1088 985 decies
1117 934 1293 1001 quinis
1321 935 1477 989 simul
1510 949 1667 1005 atque
1695 938 1917 1002 duabus,
2245 938 2416 1005 Atque
2446 936 2703 1004 Georgius
2729 936 2851 989 hinc
2882 945 3097 989 evectus
3128 937 3191 988 ad
3232 944 3371 989 astra
3395 936 3619 1003 volavit,

564 1032 588 1058 ⁸
622 1021 726 1075 Ter
754 1023 992 1076 centenis
1023 1022 1206 1091 bisque
1237 1025 1453 1088 lrigenis
1474 1030 1707 1095 quinque
1737 1029 1944 1084 diebus.
2250 1028 2508 1096 Egberlus
2538 1027 2693 1095 digna
2722 1027 2972 1079 virtutum
3005 1026 3163 1080 laude
3190 1040 3465 1091 coruscus,

564 1114 662 1179 Qui
693 1116 859 1168 ternis
888 1115 1077 1181 gaudet
1106 1112 1134 1153 δ
1160 1114 1343 1169 divisis
1372 1130 1513 1171 stare
1541 1120 1837 1182 columnis;
2250 1119 2558 1175 Aslriferum
2588 1119 2787 1173 octavis
2821 1128 3135 1171 veneranter
3163 1118 3372 1171 scandit
3393 1117 3698 1189 Olympum.

564 1202 782 1257 Scilicet
815 1204 989 1257 Idibus
1014 1213 1067 1257 et
1097 1204 1256 1257 Nonis
1287 1208 1439 1259 simul
1470 1218 1627 1276 atque
1659 1210 1929 1265 Kalendis.
2246 1209 2466 1279 Quoque
2493 1210 2578 1261 die
2611 1208 2802 1277 praesul
2830 1208 3130 1275 penetravit
3158 1205 3439 1263 Will'ridus
3460 1210 3621 1273 alma,

570 1304 594 1331 ε
625 1294 754 1347 Nam
779 1295 992 1362 quadris
1019 1306 1223 1347 constat
1255 1296 1417 1350 Nonis
1447 1313 1767 1354 concurrere
1790 1317 2001 1356 menses
2250 1300 2502 1367 Angelico
2526 1310 2707 1353 vectus
2732 1306 2875 1351 (εωιιι
2905 1308 3051 1351 trans
3072 1298 3311 1351 cnlmilta
3336 1297 3455 1370 ea)“
3482 1314 3497 1353 τ

568 1381 786 1443 Omnes,
820 1393 1041 1450 excepto
1072 1383 1236 1437 Marte
1265 1394 1317 1437 et
1347 1386 1497 1450 Maio,
1529 1389 1767 1455 sequitur
1804 1407 1936 1460 quos
2249 1389 2495 1457 Septenis
2519 1388 2689 1457 major
2719 1387 2917 1442 mundo
2951 1387 3182 1441 [.mtania
3205 1387 3391 1442 claret.

566 1473 754 1535 Julius,
778 1473 1037 1537 October;
1067 1476 1210 1527 senis
1239 1477 1335 1529 soli
1370 1478 1420 1529 hi
1456 1481 1814 1537 moderantur.
2254 1481 2504 1534 Ecclesiae
2532 1480 2732 1547 quintis
2757 1480 3031 1534 Dedicatio
3056 1479 3197 1532 alma
3226 1479 3469 1545 colenda,

567 1565 812 1632 Septeuis
844 1575 987 1633 patet
1017 1567 1113 1618 hos
1143 1567 1341 1633 paritcr
1367 1568 1602 1635 ﬂagitare
1628 1570 1895 1631 Kalendis.
2252 1571 2465 1623 Sanctis
2491 1580 2543 1623 et
2564 1571 2781 1623 Christo
2812 1571 2916 1623 ciet
2944 1584 3151 1639 sequam
3181 1571 3233 1623 in
3256 1570 3448 1624 macula
3476 1569 3712 1625 laudem.

569 1654 596 1694 ἀ
624 1656 946 1724 Octonisque
976 1656 1129 1709 simul
1161 1672 1310 1722 pares
1341 1667 1465 1711 sunt
1497 1659 1672 1713 Idibus
1704 1676 1909 1725 omnes,
2260 1659 2531 1713 Wilfridus
2562 1660 2726 1713 ternis
2748 1674 2997 1727 superam
3027 1658 3320 1727 penetravit
3349 1659 3398 1712 in
3426 1657 3624 1726 aulam,

573 1748 737 1802 Janus
759 1758 812 1803 et
841 1749 1107 1815 Augustus
1135 1764 1347 1817 semper
1378 1754 1679 1817 mensisque
1710 1754 2005 1809 December
2261 1751 2524 1817 Tempore
2553 1750 2839 1818 posterior,
2873 1763 2977 1802 non
3011 1763 3218 1803 morum
3247 1747 3380 1804 ﬂore
3405 1749 3696 1823 secundus.

578 1839 871 1895 Volvuntur
898 1838 1050 1892 denis
1077 1849 1280 1892 tantum
1314 1842 1570 1908 nouisque
1593 1844 1861 1899 Kalendis.
2966 1854 3143 1894 IAIUS.

573 1928 845 1983 Sexdenas
876 1936 1016 1996 patet
1044 1929 1138 1981 hos
1169 1930 1357 1995 pariter
1388 1932 1625 2000 ﬂagitare
1655 1936 1937 1990 Kalendas.
2264 1933 2494 1987 Jacobus
2525 1933 2684 1986 frater
2714 1930 2923 1985 Domini
2955 1932 3093 1999 pius,
3124 1939 3282 1999 atque
3311 1929 3586 1999 Philippus

574 2027 642 2075 At
667 2031 852 2075 contra
883 2034 1096 2075 currunt
1131 2022 1210 2075 his
1244 2030 1266 2057 ε
1298 2022 1459 2078 Nonis
1487 2027 1586 2080 rite
1618 2024 1637 2064 ί
1670 2030 1964 2097 quaternis,
2264 2024 2485 2077 Mirifico
2515 2023 2675 2075 Maias
2699 2031 3017 2075 venerantur
3048 2020 3249 2075 honore
3270 2018 3555 2075 Kalendas.

578 2122 602 2158 κ
630 2111 840 2177 Junius,
870 2112 1084 2179 Aprilis,
1117 2112 1431 2177 September
1456 2126 1509 2169 ct
1536 2116 1644 2185 ipse
1669 2118 1981 2175 November.
2194 2139 2233 2195 Β
2263 2115 2491 2169 Sanctus
2512 2123 2565 2167 et
2587 2114 2809 2167 antistes
2836 2112 3013 2166 Nonas
3036 2112 3179 2164 volat
3204 2112 3343 2165 alma
3372 2110 3608 2167 Joannes

517 2272 523 2278 _
574 2204 801 2259 Sedenis
824 2201 853 2240 ιι
883 2203 1123 2259 Februus
1150 2207 1254 2259 cito
1284 2206 1428 2259 solus
1459 2208 1525 2259 ab
1554 2210 1800 2263 omnibus
1825 2222 1985 2265 errat.
2264 2206 2350 2259 Bis
2380 2206 2516 2259 binis
2546 2205 2785 2272 sequitur
2814 2204 3084 2258 Pancratis
3116 2201 3297 2258 Idibus
3321 2202 3531 2257 insons.

576 2298 812 2353 BisSenis
837 2299 913 2352 sic
941 2313 1169 2367 namque
1197 2309 1401 2354 rotatur
1429 2303 1698 2356 mensibus
1729 2320 1921 2369 annus,
2259 2296 2363 2351 Ter
2392 2296 2569 2365 quiuis
2600 2296 2803 2350 Marcus
2834 2294 3025 2349 meruit
3056 2295 3265 2362 pulsare
3294 2294 3567 2350 Kalendis.

576 2391 676 2445 Per
702 2390 900 2454 Nonas,
936 2390 1054 2444 ldus
1078 2391 1367 2444 decurrens
1390 2402 1549 2461 atque
1572 2394 1855 2459 Kalendas,
2957 2398 3153 2437 IUNIO!-

578 2484 840 2552 l‘estaque
863 2497 981 2551 qua:
1004 2480 1197 2549 passim
1230 2492 1533 2537 sanctorum
1567 2487 1816 2555 inscripta
1852 2488 2115 2556 leguntur,
2259 2494 2444 2549 Junius
2471 2496 2522 2549 in
2552 2505 2578 2543 ρ
2607 2495 2809 2548 mundo
2838 2494 3001 2549 Nonis
3025 2496 3249 2548 miratur
3277 2493 3526 2563 adeptum

576 2576 688 2630 Sub
717 2576 873 2630 certis
901 2590 1017 2643 qua:
1045 2575 1154 2627 sint
1180 2573 1304 2626 anui
1334 2575 1651 2629 celebranda
1676 2579 1882 2631 diebus.

2264 2588 2326 2640 Et
2356 2597 2383 2636 ιι
2411 2586 2606 2641 summi
2634 2586 2906 2641 Lantberli
2935 2585 3167 2640 animam
3192 2595 3338 2639 trans
3368 2586 3545 2640 sidera
3580 2585 3735 2640 verti.

1222 2681 1523 2720 MNUAmUS-
2265 2689 2285 2716 τ
2320 2680 2369 2731 In
2402 2678 2616 2742 quosvis
2644 2678 2861 2745 quadris
2894 2677 3187 2730 Barnabam
3220 2676 3396 2730 Idibus
3426 2686 3626 2744 aequat.

576 2754 753 2809 Prima
775 2756 888 2810 dies
910 2757 1028 2813 Jani
1060 2764 1142 2809 cst
1171 2771 1273 2820 qua
1314 2757 1704 2811 circumciditur
1736 2758 1939 2828 Agnus,
2261 2769 2555 2822 Gervasius
2585 2767 2741 2821 denis
2772 2766 2965 2835 patitur
2996 2768 3269 2836 ternisque
3294 2765 3565 2820 Kalendis.

576 2852 800 2901 Uctavas
824 2848 943 2901 ldus
963 2849 1155 2901 colitur
1182 2848 1525 2913 TlteOphauia
1549 2849 1764 2904 Christi.
2263 2860 2537 2914 Ρτοωείυε
2562 2860 2659 2913 sim
2672 2860 2719 2913 ul
2751 2860 2801 2913 in
2827 2872 3046 2927 regnum
3076 2872 3313 2926 perenne
3339 2857 3512 2911 vocati
3542 2877 3555 2910 :

579 2936 788 2991 Deserti
814 2947 1030 3003 quartas
1059 2938 1259 3001 primus
1287 2939 1424 3004 capit
1450 2939 1629 2992 accola
1664 2938 1875 2995 Paulus.

1868 2984 1875 2994 -
2266 2961 2287 2989 ·
2325 2952 2389 3006 Et
2408 2952 2625 3006 Joannis
2653 2952 2733 3005 bis
2757 2950 2972 3019 quadris
2999 2951 3233 3021 Baptista
3261 2948 3534 3005 Kalendis.

578 3028 889 3084 Sedecimas
916 3029 1177 3083 Antonius
1199 3029 1399 3084 obtinet
1430 3041 1586 3101 atque
1610 3030 1892 3089 Kalendas.
2262 3044 2462 3099 Natalis
2495 3045 2711 3112 pulchre
2742 3043 2860 3097 festi
2894 3042 3182 3112 plaudente
3210 3056 3429 3096 corona.

580 3122 1031 3191 Tredecimasqne
1055 3122 1397 3177 Sebastianus
1431 3126 1662 3180 tenuisse
1689 3128 1935 3182 refertur.
2265 3136 2515 3203 Mai-tyrio
2540 3145 2594 3188 et
2624 3134 2816 3188 Paulus
2846 3134 2979 3189 lenis
3008 3143 3132 3188 ovat
3159 3142 3320 3202 atque
3344 3133 3601 3190 Joannes.

584 3213 833 3268 Bisseuas
858 3215 1059 3267 meritis
1092 3214 1287 3267 mundo
1328 3212 1647 3285 fulgentibus
1671 3221 1866 3287 Agnes.
2267 3228 2518 3282 Doctores
2547 3227 2730 3280 Petrus
2758 3225 2913 3280 simul
2940 3234 2995 3280 et
3026 3225 3222 3279 Paulus
3254 3226 3418 3279 ternis
3448 3234 3750 3279 servantur.

580 3302 831 3374 Martyrio
880 3304 1187 3358 undecimas
1225 3303 1239 3341 ί
1275 3314 1328 3360 et
1378 3308 1687 3362 Anastasius
1720 3309 1732 3359 i
1769 3321 2153 3366 memorantur.
2264 3318 2487 3372 Maxima
2515 3332 2648 3387 quos
2679 3318 2847 3386 palma
2872 3316 3040 3370 clarat
3067 3316 3167 3370 sibi
3197 3315 3397 3370 lumina
3422 3314 3677 3371 mundus.

588 3392 611 3432 ll
645 3396 870 3450 Octavas
902 3398 1091 3451 merito
1120 3398 1310 3465 gaudet
1344 3400 1633 3454 Conversio
1664 3402 1829 3457 l’auli.

1196 3506 1539 3545 renovamus.
2192 3497 2239 3559 ε

584 3577 759 3631 Prima
791 3578 903 3632 dies
936 3579 1125 3632 Fehrui
1158 3589 1239 3633 est
1262 3580 1369 3647 jam
1402 3597 1501 3649 qua
1532 3582 1730 3649 patitur
1759 3583 2097 3653 Polycarpus.

584 3670 649 3724 Et
677 3681 889 3739 quartas
916 3670 1090 3723 Nonas
1113 3670 1355 3724 Christus
1382 3673 1579 3741 templo
1611 3675 1950 3729 offerebatur.

584 3763 959 3831 Nonarumque
996 3760 1011 3799 ι
1056 3762 1196 3816 diem
1229 3761 1422 3817 festum
1452 3766 1786 3821 celebramus
1817 3768 2055 3837 Agatha’,

590 3857 762 3926 Atque
794 3855 1055 3909 Valentini
1086 3854 1300 3911 sedenis
1330 3856 1464 3910 forte
1494 3856 1764 3911 Kalendis.

586 3950 679 4003 Sic
708 3946 915 4002 Juliana
950 3960 1002 4002 et
1033 3958 1068 3983 σι
1102 3948 1429 4015 bisseptenas
1456 3958 1611 4002 ornat
1642 3950 1862 4003 honore.

2962 3442 3159 3482 JULIUS.

2276 3544 2293 3579 ⁸
2329 3542 2538 3596 Martini
2564 3542 2615 3595 in
2646 3554 2862 3611 quartas
2886 3538 3063 3595 Nonas
3095 3540 3367 3595 Dedicatio
3392 3538 3577 3610 fulget.

2268 3633 2438 3688 Julius
2469 3633 2519 3685 in
2542 3632 2760 3699 quadris
2791 3632 2871 3686 bis
2894 3631 3089 3701 gaudet
3114 3630 3252 3685 ferre
3279 3630 3533 3686 Kalendis

2268 3725 2524 3780 Jacobum
2559 3732 2586 3758 τι
2617 3723 2943 3791 fratremque
2971 3722 3199 3779 Joannis
3227 3736 3378 3777 more
3405 3723 3707 3789 colendum,

2267 3816 2580 3870 Samsonem
2606 3815 2817 3885 quintas
2841 3814 3176 3869 celebramus
3196 3814 3263 3867 ab
3288 3813 3417 3867 orbe
3450 3812 3737 3879 Kalendas,

2272 3906 2614 3963 Sanctificant
2642 3904 2795 3960 Abdo
2821 3914 2874 3961 et
2899 3904 3106 3960 Sennes
3136 3915 3320 3958 ternas
3348 3904 3673 3958 venerando.

586 4048 613 4075 ιι
650 4039 712 4093 Et
740 4039 946 4109 Cephas
970 4039 1159 4093 merito
1188 4040 1386 4095 octavis
1411 4040 1643 4094 tenuisse
1672 4038 1997 4103 cathedram,
2926 4029 3214 4071 aucusws.

587 4132 665 4185 Ac
693 4145 848 4185 senas
881 4131 1053 4184 meriti
1089 4131 1308 4184 Mathias
1331 4128 1525 4186 virtute
1549 4130 1777 4185 dicabat.
2273 4132 2556 4188 Ilachabaei
2591 4128 2814 4201 Augusti
2835 4139 2862 4167 ν
2894 4138 3219 4184 coronantur
3250 4128 3447 4182 mensis
3476 4130 3526 4181 in
3552 4136 3669 4182 ortu
3700 4145 3710 4176 :

1210 4214 1213 4215 ⁷
1252 4236 1500 4274 manus.
2272 4226 2634 4293 Sanctumque
2660 4231 2713 4276 et
2744 4222 2968 4293 Xystum
3016 4222 3220 4275 octavis
3250 4227 3399 4274 tenet
3428 4219 3603 4273 Idibus
3630 4220 3855 4272 almum.

592 4312 726 4365 llinc
753 4311 873 4364 ldus
905 4310 1085 4365 Martis
1113 4322 1327 4379 quartas
1358 4312 1647 4379 Gregorius
1676 4323 1851 4376 ornat,
2278 4313 2363 4367 Bis
2387 4312 2531 4366 senis
2560 4312 2730 4366 victor
2754 4322 2969 4380 superat
2997 4309 3314 4363 Laurentius
3349 4308 3548 4363 hostes.

597 4404 795 4456 Doctor
822 4402 1183 4470 Apostolicus,
1214 4411 1513 4455 sanctorum
1544 4402 1743 4467 lumen,
1772 4412 1825 4457 et
1853 4414 2073 4457 astrum.
2273 4404 2467 4461 Sancta
2501 4402 2591 4457 Dei
2615 4402 2852 4457 Genitrix
2878 4416 3035 4455 senas
3064 4410 3145 4455 ter
3173 4410 3385 4453 constat
3412 4400 3559 4454 adire

595 4530 613 4542 ρ
692 4529 710 4546 .
786 4530 803 4547 .
882 4531 897 4546 .
978 4530 993 4545 .
1072 4531 1086 4546 .
1163 4491 1345 4560 (Deest
1384 4500 1609 4563 versus.)
1686 4532 1703 4549 .
1778 4533 1796 4550 .
1878 4537 1889 4548 .
1970 4534 1983 4549 .
2063 4531 2075 4547 .
2158 4535 2172 4549 .
2278 4496 2558 4565 AngeEicos
2598 4504 2745 4547 vecta
2780 4494 2919 4547 inter
2946 4503 3119 4547 cmtus
3148 4494 3297 4561 virgo
3326 4490 3610 4545 Kalendas.

596 4582 854 4639 Patricius
886 4584 1097 4637 Domini
1130 4599 1317 4638 servus
1339 4587 1651 4639 conscendit
1682 4588 1745 4639 ad
1770 4587 1968 4651 aulam,
2278 4591 2403 4646 Inde
2426 4589 2736 4643 Timotheus
2764 4588 3072 4642 undecimas
3101 4598 3245 4641 tenet
3275 4585 3461 4640 ordine
3486 4585 3665 4656 digno.

595 4678 916 4733 Cutlthertus
943 4678 1107 4732 denas
1136 4678 1303 4732 tenuit
1332 4688 1617 4748 ternasque
1645 4680 1925 4745 Kalendas,
2280 4692 2306 4719 ι
2334 4689 2504 4752 Atque
2526 4681 2683 4734 simul
2708 4691 2905 4751 martyr
2932 4680 3155 4732 sortitur
3184 4676 3607 4748 Symphorianus

598 4772 833 4826 Bissenis
856 4785 1067 4825 sanctus
1102 4781 1216 4839 post
1241 4779 1265 4807 ο
1298 4786 1454 4842 quem
1484 4772 1719 4840 sequitur
1750 4772 2082 4839 Benedictus,
2279 4774 2508 4827 Octonas
2534 4782 2748 4825 sanctus
2779 4771 2995 4823 sortitur
3020 4768 3464 4833 Bartholomaaus,

596 4860 809 4915 Octavls
832 4863 1018 4917 merito
1047 4862 1240 4929 gaudet
1268 4862 1557 4933 Conceplio
1576 4862 1794 4918 Christi.
2206 4854 2258 4914 Ι)
2287 4862 2373 4917 Bis
2402 4862 2542 4915 binis
2570 4873 2757 4929 passus
2782 4859 2975 4912 colitur
3004 4859 3234 4927 Baptista
3262 4858 3516 4912 Joannes.

673 5008 699 5036 ι
728 4996 835 5062 AL,
869 4998 1108 5051 tricentis.
2361 4993 2375 5031 1
2413 4997 2518 5061 AL,
2552 4995 2769 5048 dierum.

671 5068 698 5105 δ
730 5067 836 5127 ΑΙ..
869 5068 1081 5120 divisus.

2356 5077 2392 5103 η’
2427 5068 2532 5131 AL,
2566 5066 2804 5130 septenis.

676 5151 697 5174 ε
726 5138 980 5201 A|.,jant.
2357 5147 2381 5173 η
2415 5141 2501 5190 Al.
2534 5152 2643 5189 om.
2680 5138 2817 5188 hunc
2840 5149 3073 5189 versum.

672 5210 697 5247 ει
731 5211 1006 5262 Uctonis...
1030 5208 1267 5279 ﬂagitare
1291 5204 1412 5258 Kal.
1434 5204 1518 5261 Al.
1543 5221 1651 5263 om.
1679 5220 1904 5276 quatuor
1932 5210 2030 5263 ltus
2062 5223 2179 5263 ver-
2361 5216 2385 5241 °
2417 5208 2525 5270 AL,
2556 5223 2773 5279 quem...
2803 5204 3125 5279 Benedictus.

602 5296 713 5335 sus.
1032 5276 1037 5277 ⁷
1108 5276 1122 5279 ⁷
2365 5288 2390 5325 P
2420 5278 2528 5339 AL,
2564 5277 2730 5329 Nonis
2753 5276 2960 5327 mundo.

678 5363 699 5386 ι’
732 5350 836 5413 AL,
868 5347 1059 5403 Nonw.
1420 5400 1423 5401 ,

1420 5400 1423 5401 ,
2368 5358 2392 5395 τι
2425 5350 2531 5411 ΑΙ.,
2559 5346 2715 5399 sumis
2737 5344 3016 5398 Thatberti.

676 5422 693 5456 ί
731 5422 835 5479 AL.
868 5420 1119 5486 quaterni.
2364 5428 2383 5455 τ
2413 5417 2524 5481 AL,
2545 5418 2693 5486 inque
2714 5416 2838 5469 suis.

677 5495 698 5528 ἓ
734 5491 840 5551 AL,
869 5484 1061 5539 Julius.
2365 5496 2384 5521 ⁸
2422 5488 2529 5550 AL,
2555 5484 2882 5540 estloannis.

678 5552 699 5627 ξι
736 5563 841 5619 .-\t.,
877 5559 1124 5611 Februus.
2369 5560 2385 5593 ί
2421 5558 2505 5611 Al.
2529 5572 2639 5611 om.
2670 5555 2810 5611 hunc
2831 5569 3063 5611 versum.

683 5635 691 5699 '1
737 5631 817 5680 Al.
846 5643 929 5678 0111
963 5642 1026 5679 et.
2364 5638 2389 5664 υ
2424 5627 2505 5678 AI.
2536 5640 2645 5681 om.
2674 5641 2791 5699 que.

680 5696 692 5743 Ι
740 5703 845 5760 AL,
877 5708 1206 5748 mcmnralur.
2366 5707 2392 5736 ν
2423 5699 2529 5761 AL,
2560 5696 2809 5750 coronati.

680 5766 699 5802 ιι
734 5770 813 5820 Al.
836 5755 959 5820 'otn.
994 5768 1129 5822 hunc
1154 5784 1382 5822 versuta.
2368 5778 2389 5804 ι
2420 5755 2668 5838 Atque...
2696 5765 3114 5821 Bart/aolomartts.
3145 5766 3227 5821 Al.
3259 5755 3365 5822 om.
3400 5766 3494 5822 ltos
3521 5781 3733 5823 versus.
