4220 6464
357 330 465 387 605

989 465 1323 509 ΒΕΡΤΕΙΒΕΚ.

361 537 480 591 ldtts
505 539 835 605 Septembris
861 557 1017 597 senas
1048 548 1327 601 dedicabat
1353 548 1580 615 honore,

357 631 489 699 Quis
520 634 714 686 meruit
746 636 893 688 nasci
928 636 1049 689 felix
1074 637 1182 705 jam
1217 639 1364 701 virgo
1395 642 1580 697 Maria.

360 727 419 778 υ(
440 738 584 778 tavas
613 727 848 780 decimas
876 728 1155 783 Cornelius
1193 732 1315 785 inde
1348 733 1614 789 Kalendas

355 815 667 878 Consecrat,
698 826 749 869 et
781 816 1082 887 Cyprianus
1114 822 1269 875 simul
1304 824 1490 879 ordine
1520 828 1700 893 digno.

357 904 653 971 Euphemia
687 916 738 960 at
765 923 921 960 senas
950 909 1185 965 decimas
1214 920 1357 966 tenet
1386 914 1722 980 intemerata,

359 995 679 1051 Undecimus
704 1000 843 1067 capit
870 1009 925 1052 at
949 1001 1227 1057 Mattlneus
1256 1006 1442 1059 doetor
1471 1021 1739 1075 alumnus,

358 1086 640 1142 Mauricius
670 1090 906 1144 decimas
935 1102 1137 1161 martyr
1161 1110 1280 1147 cum
1312 1097 1545 1149 millibus
1574 1113 1697 1163 una,

361 1174 561 1242 Quinas
588 1180 808 1231 sortitur
836 1179 1059 1234 Cosmas
1087 1183 1186 1235 sibi
1211 1198 1329 1237 cum
1367 1185 1641 1239 Damiano.

355 1270 625 1325 Michaelis
658 1283 834 1326 ternas
864 1275 1045 1342 templi
1076 1275 1338 1329 dedicatio
1370 1288 1569 1339 saeral,

357 1362 530 1431 Atque
561 1364 726 1418 bonus
751 1368 918 1433 pridie
950 1369 1109 1420 micat
1136 1370 1399 1436 interpres
1427 1369 1766 1437 Jeronytnns.

1021 1477 1282 1514 thTﬂHER.

356 1546 547 1601 Sextas
573 1549 816 1603 Octobris
848 1552 1010 1605 Nunis
1049 1556 1178 1606 Bosa
1214 1566 1361 1622 Optat
1396 1555 1591 1609 habere

354 1639 633 1694 Solemnes
664 1643 840 1704 terris,
873 1658 1082 1695 suouuo
1112 1646 1199 1713 qui
1231 1646 1425 1711 gtudot
1450 1648 1700 1717 Olympo.

356 1730 419 1783 Et
447 1731 642 1799 gemini
666 1734 840 1801 quiuis
876 1735 1073 1787 EWaIdi
1101 1746 1243 1789 sorte
1274 1739 1544 1794 eoluntur.

356 1823 604 1878 Paulinus
628 1840 788 1879 senas
822 1840 963 1881 tenet
998 1829 1114 1881 ldus
1140 1830 1260 1897 jure
1290 1830 1560 1895 Magister,

359 1916 551 1971 Doctor
582 1930 661 1972 ter
687 1920 856 1987 quinis
882 1921 1047 1975 Lucas
1072 1938 1323 1976 succurre
1348 1923 1619 1979 Kalendis.

356 2008 587 2063 Simonis
615 2013 792 2080 quinis
820 2024 871 2067 et
897 2012 1045 2070 Juda:
1080 2027 1198 2069 tota
1234 2015 1487 2073 feramus.

429 2129 453 2155 ⁸
484 2124 592 2186 AL,
623 2125 815 2178 t'tttilt‘l.

428 2188 453 2227 δ
485 2195 593 2256 AL,
628 2198 809 2249 meriti.

429 2273 450 2299 ε
480 2264 592 2328 AL,
628 2264 826 2319 Octavi.

366 2405 625 2424 _

1405 343 1597 398 SECT.
1644 346 1730 401 Ill.
1770 380 1843 392 —-
1880 350 2207 408 CARMINA.
2249 384 2318 394 -
2360 355 2574 411 IIYMNI

3539 358 3644 417 606

2702 487 2999 527 Νονεκβει.

2057 558 2325 628 Multiplici
2351 569 2375 596 ⁸
2406 560 2579 613 rutilat
2604 577 2809 629 gemma
2840 579 2934 617 ceu
2968 566 3017 617 in
3046 565 3218 620 fronte
3245 562 3549 620 November

2055 652 2377 704 Cunctorum
2408 652 2571 721 fulget
2600 664 2902 708 sanctorum
2933 656 3085 711 laude
3112 656 3342 712 decoris.

2056 743 2309 797 Martinus
2338 746 2505 798 ternis
2538 746 2744 799 scandit
2784 763 2947 814 super
2978 749 3157 802 Idibus
3188 762 3350 804 astra.

2054 834 2346 898 Quindenis
2371 835 2527 888 vitam
2560 836 2730 889 finivit
2752 836 2944 890 Thecla
2972 839 3242 893 Kalendis.

2054 925 2247 977 (Iecilia
2271 922 2295 959 δ
2332 928 2524 980 merito
2547 926 2770 979 decimis
2800 941 2919 980 eum
2954 929 3107 982 laude
3132 929 3392 997 migravit.

2051 1014 2341 1069 Clementis
2372 1015 2471 1069 Ireti
2504 1032 2819 1071 veneramur
2853 1017 2980 1071 festa
3008 1023 3248 1076 novenis.

2057 1114 2078 1141 ε
2106 1106 2313 1159 Octavis
2346 1108 2722 1177 Chrysogonus
2751 1120 2875 1164 ovat
2908 1110 3154 1165 vitalibus
3183 1113 3345 1168 arvis.

2052 1201 2292 1252 Andreas
2322 1200 2515 1264 pridies
2542 1202 2683 1268 juste
2716 1211 2997 1255 veneratur
3021 1203 3088 1256 ab
3114 1222 3162 1256 ot
3182 1206 3262 1257 be.

2706 1309 3007 1349 DECEMBER.

2051 1378 2155 1433 Ter
2176 1381 2410 1435 decimas
2437 1382 2650 1436 Daciani
2676 1383 2909 1453 lguatius
2937 1400 3088 1452 atque
3116 1384 3385 1440 Kalendis.

2052 1472 2139 1525 Bis
2177 1475 2320 1525 senis
2349 1476 2543 1527 coelum
2570 1479 2734 1541 etrapit
2764 1478 3131 1531 conscendere
3159 1478 3408 1531 Thomas.

2048 1567 2258 1619 Octavis
2282 1579 2432 1618 natus
2457 1567 2709 1619 Dominus
2735 1569 2800 1621 de
2826 1571 3026 1637 virgine
3057 1582 3221 1623 casta.

2048 1655 2309 1727 Martyrio
2333 1656 2637 1723 Stephanus
2669 1658 2903 1721 septenis
2926 1658 3064 1711 alma
3098 1658 3302 1726 petivit,

2048 1745 2137 1800 Bis
2168 1750 2332 1800 ternis
2363 1750 2706 1820 evangelieus
2732 1750 2960 1816 scriptor
2987 1751 3282 1817 penetravit

1980 1828 2026 1886 B
2053 1840 2306 1907 Angelico
2331 1852 2511 1894 vectUs
2537 1843 2790 1895 tutatuine
2816 1846 2960 1912 virgo
2983 1838 3238 1896 Joannes.

2051 1932 2302 2001 Martyrio
2334 1943 2511 1987 tenera
2542 1944 2879 2002 prostrautur
2910 1936 3063 1989 Millia
3089 1935 3289 2004 quinis,

2052 2018 2077 2058 δ
2100 2024 2410 2078 Silvestrum
2437 2025 2633 2093 pridias
2662 2026 2996 2081 celebramus
3018 2027 3082 2080 ab
3107 2028 3234 2080 orbe
3265 2038 3287 2065 ο
3320 2025 3618 2084 colendum.

2124 2135 2149 2174 ἀ
2180 2137 2289 2205 AL,
2323 2136 2638 2193 Silvestrem.

2128 2218 2150 2243 υ
2178 2207 2289 2274 AL,
2314 2207 2583 2264 Kalendis.

636 2411 3605 2448 —_.___._____.__________________________.

1497 2521 1835 2599 HYMNI
1897 2474 2449 2600 TREDECIM.

842 2692 1119 2747 IIYMNUS
1157 2695 1425 2751 PRIMUS.

830 2782 907 2835 De
931 2785 1127 2837 ratione
1152 2796 1458 2855 temporum.

349 2873 533 2925 Annus
559 2874 689 2927 solis
712 2876 1013 2929 continetur
1038 2886 1267 2943 quatuor
1294 2884 1645 2950 temporibus,

348 2968 423 3018 Ac
447 2965 639 3021 deinde
668 2967 987 3035 adimpletur
1012 2970 1293 3024 dllOdet'illl
1327 2975 1621 3029 mensibus.

346 3056 732 3127 Quinquaginta
763 3068 817 3112 et
845 3060 1053 3115 duabus
1075 3063 1243 3115 currit
1267 3064 1708 3135 hebdomadibus,

344 3148 688 3205 'frecentents
717 3153 987 3222 sexaginta
1018 3164 1175 3222 atque
1201 3159 1435 3225 quinque
1462 3160 1667 3214 diebus.

345 3240 449 3293 Sed
472 3252 691 3308 excepta
722 3252 906 3310 quarta
939 3254 1088 3313 parte
1121 3248 1291 3301 noctis
1318 3258 1477 3317 atque
1498 3250 1628 3315 diei,

345 3334 472 3399 Quae
492 3333 698 3388 dierum
732 3350 1015 3404 superesse
1042 3340 1279 3393 cernitur
1308 3342 1491 3396 seriei.

352 3424 425 3478 De
444 3434 737 3493 quadrante
766 3436 883 3493 post
910 3443 1168 3482 annorum
1199 3430 1280 3484 bis
1308 3432 1553 3487 binorum
1580 3437 1895 3499 terminum.

344 3515 678 3570 Calculantes
706 3518 1063 3589 colligendum
1095 3522 1450 3579 decreverunt
1474 3527 1788 3585 bissextum.

352 3607 482 3661 Hinc
506 3623 762 3662 annorum
792 3610 1129 3665 diversantur
1158 3615 1325 3682 longa:
1360 3616 1666 3673 latitudines

353 3699 586 3764 Quorum
612 3701 825 3763 quidam
858 3703 1182 3771 cmbolismi,
1209 3708 1422 3775 quidam
1450 3709 1582 3763 fiunt
1602 3728 1933 3767 communes.

350 3790 535 3844 Brevis
563 3791 758 3859 quippe
782 3792 871 3862 qui
903 3804 1121 3849 vocatur
1140 3801 1442 3854 communis
1470 3801 1767 3870 lunaribus,

346 3881 488 3937 Solis
510 3898 723 3951 semper
750 3885 1011 3941 duodenis
1040 3890 1357 3945 terminatur
1386 3895 1678 3949 mensibus.

348 3972 561 4045 Longus
591 3986 767 4029 autem
798 3977 887 4045 qui
910 3980 1129 4032 omnino
1153 3983 1507 4039 embolismus
1530 3985 1741 4051 dicitur,

347 4066 510 4123 Luna:
539 4068 705 4125 tribus
734 4080 893 4141 atque
918 4072 1102 4127 decem
1130 4076 1376 4131 cursibus
1406 4078 1699 4148 colligitur,

348 4160 613 4219 Brevioris
641 4164 763 4220 anni
797 4173 938 4220 totus
966 4167 1282 4223 terminatur
1311 4171 1564 4233 circulus.

344 4250 687 4310 Trecentenis
710 4256 1119 4326 quinquaginta,
1146 4275 1209 4314 ac
1231 4271 1458 4327 quatuor
1484 4262 1699 4320 diebus.

347 4348 560 4418 Longus
596 4364 726 4403 vero
760 4351 900 4404 lunae
930 4366 1102 4405 annus
1131 4351 1182 4405 in
1209 4352 1414 4406 dierum
1442 4357 1690 4417 termino,

344 4438 663 4493 Continetur
689 4449 1021 4509 trecenteno,
1051 4451 1334 4510 octegeno.
1365 4454 1648 4509 quaterno.

346 4527 463 4583 Uno
498 4544 690 4598 nempe
717 4539 876 4598 atque
900 4530 1084 4585 decem
1114 4531 1300 4586 diebus
1332 4532 1382 4585 in
1414 4533 1627 4599 ordine,

347 4619 529 4675 Brevis
554 4636 729 4675 annus
753 4624 876 4675 anni
915 4623 1043 4676 solis
1072 4633 1359 4692 superatur
1386 4626 1617 4694 agmine.

345 4712 544 4766 Novem
575 4726 705 4767 vero
734 4713 1082 4767 embolismus
1107 4726 1269 4785 atque
1298 4715 1484 4769 decem
1515 4716 1727 4783 diebus,

346 4801 655 4857 Pervidetur
675 4804 798 4857 anni
824 4806 953 4859 solis
973 4806 1216 4861 eminere
1243 4805 1510 4861 cursibus.

343 4896 420 4949 Ac
450 4908 543 4963 per
574 4900 725 4951 istam
756 4898 835 4950 sui
868 4912 1080 4964 semper
1110 4898 1422 4955 incrementi
1450 4902 1683 4969 copiam,

343 4987 656 5042 Breviorum
688 4988 955 5058 longiores
981 5000 1333 5057 compensant
1358 4993 1611 5059 in0piatn.

346 5080 548 5136 Dehinc
576 5080 760 5135 decent
791 5092 950 5152 atque
981 5099 1170 5137 novem
1197 5099 1459 5139 annorum
1483 5086 1760 5141 statuitur.

344 5173 577 5239 Tempus
599 5182 806 5226 certum
839 5188 943 5242 quo
968 5175 1171 5229 lunaris
1204 5177 1464 5232 terminus
1491 5177 1795 5246 porrigitur,

344 5263 397 5318 In
420 5280 529 5334 quo
558 5270 693 5319 lunae
719 5264 1049 5333 replicantur
1077 5282 1235 5321 cursu
1268 5269 1499 5336 quodam
1522 5268 1725 5329 subtili,

344 5357 429 5410 itis
457 5357 671 5410 centeni
704 5366 891 5425 terque
915 5356 1040 5410 deni
1067 5360 1232 5410 semel
1266 5358 1409 5425 quini
1441 5358 1647 5413 circuli.

344 5447 475 5501 Ilinc
504 5457 560 5501 et
591 5449 711 5501 inde
743 5458 798 5499 nt
819 5448 984 5516 exigit
1012 5450 1398 5515 perseveranda
1434 5449 1587 5513 ratio,

340 5538 408 5595 Se
442 5555 537 5608 per
569 5548 745 5608 partes
771 5540 888 5592 dies
918 5540 1086 5593 saltus
1116 5538 1386 5594 interserit
1410 5542 1602 5609 spatio.

344 5632 480 5683 Intra
506 5644 718 5699 quoque
746 5646 901 5696 supra
933 5630 1130 5683 dictum
1166 5632 1361 5683 habent
1389 5646 1604 5697 semper
1633 5631 1885 5699 spatium,

344 5724 463 5777 Dies
494 5725 624 5777 solis
649 5733 807 5792 atque
837 5726 974 5777 luna:
1014 5739 1219 5791 arquum
1255 5725 1462 5791 pondus
1497 5725 1745 5791 partium.

344 5817 507 5887 llujus
538 5817 670 5887 t'ycli
702 5832 820 5886 pars
851 5825 1067 5873 vocatur
1097 5816 1294 5885 ogrluas
1326 5816 1579 5883 anterior,

2043 2706 2118 2757 Ac
2146 2702 2339 2756 deinde
2365 2703 2661 2770 appellatur
2693 2704 2959 2757 hendeeas
2991 2706 3231 2759 ulterior.

2038 2793 2274 2862 Ogdoadi
2303 2794 2624 2861 deputantur
2645 2802 2767 2847 octo
2794 2798 2914 2847 anni
2944 2795 3169 2863 priores,

2040 2883 2357 2938 llendecade
2384 2884 2709 2951 reliquorum
2741 2884 3041 2938 destinatur
3067 2884 3251 2938 series.

2038 2976 2091 3028 In
2135 2975 2233 3027 hoc
2259 2990 2417 3029 cursu
2448 2975 2579 3027 [inut
2608 2976 2732 3027 anni
2770 2976 3042 3029 breviores
3074 2976 3380 3040 duodecies,

2037 3067 2174 3118 Anni
2208 3080 2335 3120 vero
2360 3066 2629 3134 longiores
2660 3076 3013 3133 supputantur
3044 3067 3268 3134 septies.

1961 3150 2006 3209 C
2037 3158 2180 3212 Talis
2206 3159 2402 3227 quippe
2431 3174 2549 3212 cum
2577 3173 2841 3211 annorum
2872 3159 3103 3211 circulus
3131 3159 3457 3219 extenditur.

2038 3248 2101 3307 lo
2122 3250 2369 3303 eumdem
2400 3249 2536 3301 lunae
2562 3262 2775 3300 cursum
2800 3247 3029 3301 circulus
3060 3248 3366 3301 revertitur.

2037 3338 2178 3394 Solis
2205 3353 2331 3392 vero
2352 3338 2404 3391 in
2439 3339 2487 3391 id
2520 3338 2692 3407 ipsum
2724 3354 2827 3390 non
2857 3339 3081 3392 recurrit
3112 3341 3307 3402 series,

2039 3430 2216 3485 Donec
2244 3432 2366 3485 auiti
2398 3432 2738 3485 revolvantur
2769 3430 2937 3483 octies
2968 3441 3019 3484 et
3051 3431 3241 3498 vigies.

2036 3524 2343 3588 Aditnpleto
2368 3536 2497 3576 sane
2524 3521 2651 3574 solis
2681 3522 3044 3588 suprascripto
3071 3531 3330 3590 tempore,

2038 3613 2343 3667 Rectioatur
2368 3613 2567 3681 absque
2591 3612 2699 3664 ullo
2731 3612 2998 3665 resistenti
3028 3627 3273 3667 rancore.

2040 3704 2132 3757 llis
2162 3704 2338 3772 itaque
2369 3703 2658 3772 reciprocis
2694 3702 2957 3756 alternata
2987 3702 3254 3768 cursibus,

2038 3796 2178 3851 Solis
2212 3799 2349 3851 Iuntl:
2376 3798 2715 3851 diversantur
2743 3806 2986 3865 tempora
3018 3798 3365 3865 temporibus.

2037 3890 2141 3943 Sed
2168 3889 2231 3942 ad
2258 3889 2422 3958 prima
2457 3898 2575 3956 post
2602 3903 2862 3943 annorum
2891 3900 3166 3943 recurrent
3200 3888 3373 3953 initia,

2038 3980 2453 4047 Quingentorum
2477 3994 2539 4033 ac
2569 3979 2779 4047 triginta
2802 3988 2961 4047 atque
2983 3978 3144 4032 duum
3174 3982 3365 4045 spatia,

2040 4072 2094 4124 lu
2122 4072 2216 4125 hos
2242 4073 2393 4141 cyclo
2424 4087 2516 4139 per
2542 4085 2858 4124 concursum
2882 4070 2997 4124 cmli
3033 4070 3393 4134 luminariunt,

2041 4163 2316 4217 Manifesta
2346 4163 2475 4215 fiunt
2499 4162 2629 4215 festa
2661 4163 2867 4215 dierum
2894 4161 3241 4231 paschalium.

2038 4256 2138 4320 Qui
2172 4266 2443 4320 porrectus
2473 4269 2564 4322 per
2591 4266 2867 4308 extensam
2906 4269 3169 4308 annorum
3209 4255 3542 4325 vertiginem,

2042 4347 2094 4400 In
2127 4346 2368 4400 eamdem
2405 4346 2484 4410 (ut
2515 4344 2754 4415 praedixi)
2787 4344 3012 4399 recurrit
3041 4344 3325 4414 originem.

2042 4440 2263 4495 Pascha;
2296 4456 2423 4494 vero
2454 4439 2661 4507 longos,
2693 4440 2900 4503 breves,
2935 4439 3209 4493 intellectu
3242 4442 3442 4505 varios,

1967 4513 2015 4572 Ῐ)
2041 4531 2149 4585 Hoc
2180 4541 2403 4599 excepto
2432 4531 2581 4584 multi
2615 4530 2790 4597 plures
2818 4531 3251 4597 conscripserunt
3282 4530 3529 4584 circulos.

2038 4623 2183 4689 Quos
2210 4624 2436 4692 dispono
2468 4624 2739 4693 praeterire
2769 4625 3049 4680 brevitatis
3080 4625 3274 4694 gratia,

2038 4716 2274 4780 Quorum
2304 4718 2456 4770 nobis
2486 4731 2693 4770 necnon
2726 4726 2847 4769 nota
2882 4718 3084 4770 numeri
3115 4717 3321 4783 peritia.

2040 4812 2215 4863 Altum
2242 4810 2439 4865 cmlum
2464 4811 2551 4878 qui
2581 4809 2783 4862 creavit
2811 4818 2981 4862 terras
3011 4818 3169 4877 atque
3200 4822 3440 4878 (equom,

2038 4904 2181 4957 [)oxa
2213 4904 2319 4972 regi
2352 4918 2447 4972 per
2475 4912 2672 4957 aeterna
2705 4902 2813 4955 Deo
2842 4902 3193 4955 soli'stecula.
3224 4906 3417 4956 Amen.

2640 4994 2915 5048 IIYMNUS
2955 4994 3019 5047 ΙΙ.

2348 5086 2419 5139 De
2448 5086 2732 5139 celebritate
2766 5098 2985 5154 quatuor
3014 5097 3315 5153 temporum.

2108 5175 2459 5244 Temporibus
2481 5192 2559 5229 ce:
2577 5177 2641 5229 tis
2664 5177 2899 5229 excurrit
2927 5185 3181 5243 quattuor
3208 5190 3403 5228 annus.

2043 5268 2282 5334 Explicat
2308 5274 2363 5321 et
2392 5283 2604 5321 menses
2635 5267 2931 5332 triplicatus
2951 5265 3184 5321 calculus
3213 5265 3374 5320 idem.

2036 5358 2169 5410 llinc
2197 5369 2406 5412 constat
2432 5371 2610 5413 ternos
2639 5359 2919 5427 conplecti
2949 5356 3155 5427 singula
3189 5372 3401 5411 menses

2035 5448 2320 5517 Tempora,
2350 5449 2440 5516 qui
2470 5452 2643 5502 votiva
2678 5450 2786 5503 Deo
2809 5449 3005 5517 jejunia
3034 5448 3194 5515 prisci

2034 5540 2317 5597 Instituere
2346 5552 2521 5611 patres
2552 5542 2712 5594 ternis
2741 5542 3058 5595 celebranda
3088 5541 3302 5597 diebus.

2034 5635 2229 5688 llorutn
2264 5652 2347 5690 me
2370 5650 2557 5689 causas
2588 5637 2883 5700 absitlvere,
2910 5636 3094 5703 cltare,
3136 5638 3333 5705 petiSIi.

2033 5727 2135 5781 Sed
2168 5726 2331 5795 magis
2356 5741 2417 5779 ex
2451 5726 2568 5779 aliis
2599 5735 2649 5778 te
2680 5725 2799 5779 talia
2833 5742 3070 5792 quaerere
3102 5729 3315 5791 vellem,

2032 5818 2201 5873 Edere
2226 5817 2496 5887 multiplici
2522 5818 2607 5887 qui
2642 5818 2823 5872 ωιωξς
2852 5834 3096 5873 sermone
3127 5821 3386 5875 valerem.
