4220 6460
603 310 704 365 607
1304 311 1502 364 ΒΕΒᾸΞ
1545 311 1993 368 νΕΝΕΙὶέὶΒΙΙΛΞ
2030 312 2179 367 OPP.
2226 314 2397 367 PARS
2436 314 2520 366 ΙΙΙ.
2560 345 2621 354 -
2663 309 3139 367 ΡΑΙὶίΕΝΕΤῙΟᾹ.

2204 429 2250 486 Α
2354 426 2489 479 Anni
2520 427 2833 494 principium
2864 443 2980 492 ver,
3013 425 3324 493 principium
3356 441 3565 496 quoque
3594 428 3801 482 mundi.

601 428 731 481 Nam
760 424 886 480 mihi
917 424 1183 479 sermonis
1208 438 1304 478 nec
1332 426 1481 491 eopia
1509 426 1741 493 suppetit
1772 427 1898 488 ulla,

601 519 863 570 Arcanum
895 529 1064 581 neque
1084 516 1206 582 quid
1235 530 1423 567 sensus
1448 518 1736 569 scrutarier
1758 517 1917 570 istud.
2000 528 2007 533 ‘

600 610 772 673 Atque
797 609 953 659 etiam
984 605 1027 657 si
1059 604 1181 672 quid
1211 605 1338 658 recti
1362 606 1566 672 garrire
1589 607 1849 673 videmur,
1929 643 1935 649 η

603 699 840 763 ltidelur,
873 696 1151 761 fastiditur,
1184 697 1410 763 Spnitur,
1439 698 1719 751 laceratur.

602 787 746 841 Unde
773 802 871 853 ego
899 787 1105 838 decrevi
1132 785 1197 839 de
1226 786 1415 839 talibus
1445 802 1562 840 esse
1591 787 1874 842 silendum.

599 879 708 928 Non
742 885 915 945 ignota
947 884 1119 927 tamen
1155 884 1354 943 perstat
1382 874 1637 939 Sapientia
1664 878 1858 930 summi

596 964 817 1027 Judicis,
848 972 1133 1016 exacturus
1161 966 1261 1016 erit
1289 963 1375 1031 qui
1405 964 1601 1017 credita
1631 963 1777 1017 verbi

598 1057 729 1109 Cum
755 1058 921 1120 luero,
954 1057 1169 1111 veniens
1201 1056 1250 1108 in
1283 1057 1580 1124 majestate,
1612 1058 1828 1111 talenta.

597 1148 763 1200 Lucra
796 1156 1127 1213 reportantes
1160 1146 1509 1211 penetrabunt
1536 1147 1723 1214 gaudia
1755 1147 1924 1216 regni.

593 1241 795 1294 Servus
825 1239 965 1294 iners
999 1240 1241 1293 tenebras
1268 1239 1503 1293 tradetur
1534 1241 1585 1293 in
1615 1244 1930 1295 exteriores.

596 1332 646 1382 Id
673 1341 938 1396 reputans,
966 1346 1151 1384 vereor
1176 1331 1350 1385 celare
1378 1331 1515 1399 quod
1540 1332 1932 1400 Ornnipotentis

594 1420 770 1474 Gratia
814 1420 1100 1474 multorum
1136 1420 1354 1489 largitur
1381 1422 1444 1472 ad
1478 1422 1776 1476 utilitatem.

595 1510 791 1576 Accipe
820 1518 1143 1578 quapropter
1171 1525 1457 1580 prognosse
1483 1511 1625 1578 quod
1656 1511 1930 1567 instituisti

592 1601 861 1663 Quaerere,
892 1608 943 1651 et
974 1609 1028 1651 ut
1058 1614 1199 1652 rt’Cte
1225 1598 1425 1653 dictum
1457 1600 1545 1664 sit,
1578 1600 1791 1655 sedulus
1820 1616 1938 1657 ora.

666 1690 880 1757 Singula
919 1688 1193 1755 complecti
1228 1696 1404 1742 ternos
1432 1689 1539 1756 jam
1567 1700 1801 1757 tempora
1824 1704 2055 1759 menses,

594 1780 754 1833 Fatus
783 1794 949 1843 eram,
987 1788 1270 1845 lentosque
1291 1778 1407 1831 dies
1439 1779 1711 1833 celebrare
1732 1788 1826 1847 per
1852 1792 2035 1838 unum.

592 1872 848 1939 Quodque
880 1870 977 1923 cibi
1012 1879 1269 1937 potusque
1298 1869 1665 1936 superﬂuitate
1693 1868 1883 1924 recisa.

592 1960 725 2014 'I‘res
748 1960 900 2028 igitur
921 1974 1131 2011 menses
1160 1958 1377 2011 totidem
1406 1974 1666 2027 compone
1688 1958 1897 2013 diebus.

592 2049 661 2105 Ut
691 2064 784 2117 pro
812 2063 992 2102 mense
1023 2049 1136 2101 dies
1166 2063 1269 2101 uno
1301 2048 1617 2115 respondeat
1648 2065 1806 2103 unus.

592 2141 704 2194 Non
737 2139 906 2207 primo
930 2148 1101 2191 tamen
1131 2148 1220 2191 ant
1248 2147 1489 2192 extremo
1518 2140 1772 2207 temporis
1798 2141 1893 2194 ista

595 2231 773 2284 Mense
800 2228 1156 2291 celebrantur,
1188 2230 1393 2283 medius
1422 2230 1513 2283 sed
1537 2230 1602 2283 ad
1636 2231 1734 2283 ista
1760 2230 1987 2285 dicatus.

596 2322 727 2374 llinc
754 2321 851 2374 sibi
876 2329 1195 2373 transactum
1227 2318 1556 2390 conglutiuat
1578 2321 1697 2374 inde
1727 2330 2033 2391 sequentem

593 2412 658 2467 Ut
687 2412 1090 2481 circutnpositos
1116 2414 1293 2467 vicino
1324 2422 1539 2467 nectare
1569 2413 1775 2482 perﬂet.

593 2502 829 2556 Forsitan
856 2516 907 2556 et
936 2518 1143 2556 iueuses
1172 2505 1261 2572 qui
1287 2505 1395 2557 sint
1426 2514 1477 2557 et
1510 2513 1747 2571 tempora
1776 2516 2007 2571 quzeras.

591 2596 806 2649 Talibus
827 2596 1012 2649 officiis
1038 2596 1176 2663 quod
1205 2595 1407 2647 sanctio
1439 2596 1611 2661 prisca
1638 2593 1842 2661 relegat

590 2683 875 2753 Tempora,
898 2700 1009 2749 ver,
1030 2696 1203 2748 armas,
1230 2692 1539 2748 autumnus,
1568 2682 1841 2749 hiemsque
1885 2690 2158 2736 vocantur.

663 2798 999 2865 Temperiem
1036 2799 1175 2852 veris
1205 2796 1636 2866 sacrantjejunia
1669 2797 1866 2861 Martis,

597 2888 974 2957 Florigeroque
1005 2888 1171 2941 nitent
1195 2890 1351 2940 veluti
1385 2890 1655 2941 vernantia
1685 2899 1863 2942 sexto.

591 2978 778 3031 Junius
803 2978 1004 3032 aestatis
1034 2978 1129 3030 hac
1158 2993 1341 3031 cauma
1372 2978 1649 3046 refrigerat
1677 2980 1838 3032 unda.

594 3069 871 3138 Temporis
900 3070 1161 3124 incentiva
1189 3071 1347 3123 simul
1375 3072 1654 3139 carnisque
1685 3071 1976 3125 refrenans.

596 3166 709 3227 Quo
742 3163 910 3230 potius
938 3163 1104 3216 fructu
1137 3164 1343 3217 cmteris
1370 3179 1524 3232 quam
1556 3173 1709 3217 canet
1734 3164 1929 3217 aristis.

596 3258 914 3306 Autumnum
945 3252 1098 3306 simili
1129 3253 1435 3321 September
1466 3255 1663 3322 opimat
1683 3270 1893 3311 amoeno

598 3344 809 3397 Munere
836 3358 989 3410 quam
1024 3344 1211 3397 Bacchi
1244 3343 1378 3399 festo
1402 3345 1686 3412 jucundior
1717 3346 1837 3399 isto.

592 3433 761 3501 Fruge
787 3447 1009 3486 monens
1030 3431 1139 3501 jam
1168 3433 1391 3487 collecta
1421 3433 1639 3488 laudare
1670 3434 1933 3488 datorem.

593 3524 815 3576 Ultimus
843 3537 875 3578 e
906 3537 1127 3577 numero
1154 3540 1345 3577 nomen
1378 3525 1599 3578 sortitus
1628 3534 1681 3577 et
1708 3525 1882 3579 imbri.

592 3616 783 3669 Mensis
812 3614 996 3669 eodem
1031 3614 1249 3668 hiberna
1275 3624 1517 3669 venustat
1549 3627 1784 3685 tempora
1811 3626 1971 3671 serto.

594 3706 657 3758 Et
684 3721 980 3773 quanquam
1013 3706 1193 3771 rigidis
1222 3706 1539 3775 constringit
1567 3721 1685 3759 rura
1719 3706 1941 3773 pruinis,

587 3795 835 3849 Creditur
864 3795 962 3847 hoc
989 3806 1133 3848 certe
1159 3796 1353 3850 ctelttm
1385 3810 1625 3850 reserare
1658 3811 1872 3851 sereno.

587 3885 1007 3953 ’l‘errigcnasqne
1037 3896 1214 3941 monet
1241 3887 1449 3943 Christo
1477 3903 1728 3943 accusare
1758 3889 1949 3959 piatos.

590 3978 698 4030 lloc
727 3978 884 4031 etiam
914 3979 1102 4031 malum
1130 3978 1362 4047 jucundo
1397 3995 1516 4035 rore
1545 3983 1795 4050 rigatum.

591 4070 824 4123 Nubibus
854 4070 1098 4123 almilluis
1120 4072 1320 4140 justum
1351 4073 1575 4127 distillat
1602 4076 1651 4127 in
1683 4076 1845 4129 arvis.

594 4161 657 4213 lit
688 4162 884 4215 nullum
915 4164 1082 4216 brutis
1113 4166 1338 4217 fructum
1364 4166 1689 4234 parientibus
1718 4166 1861 4219 arvis

596 4253 723 4304 Viva
752 4252 1080 4306 salutiferam
1114 4255 1265 4309 tellus
1299 4256 1546 4323 producit
1574 4262 1599 4288 ³
1631 4258 1843 4327 ltichyn.

598 4342 661 4392 Et
692 4340 814 4394 licet
848 4342 930 4394 bis
954 4346 1183 4395 animam
1212 4343 1432 4413 dapibus
1458 4348 1806 4416 pinguescere
1834 4347 2032 4404 scimus

592 4429 656 4480 Et
686 4430 803 4483 vita:
830 4446 988 4484 causa
1019 4434 1143 4484 fiant
1168 4433 1281 4489 haec
1303 4446 1490 4489 cuncta
1525 4439 1732 4493 futurzn.

590 4521 753 4574 Nemo
785 4531 963 4575 tamen
994 4536 1223 4589 coeptum
1260 4529 1455 4592 pOteris
1489 4543 1799 4596 percurrere
1828 4530 2037 4597 collem,

588 4614 641 4667 Si
679 4614 851 4667 desint
877 4615 1125 4667 alimenta
1153 4617 1273 4680 vite,
1301 4627 1643 4686 sumptusque
1670 4618 1883 4683 laboris,

585 4702 693 4758 Nec
724 4714 895 4758 tamen
927 4706 1039 4758 haec
1067 4707 1277 4760 aliunde
1301 4708 1395 4760 nisi
1425 4711 1519 4761 abs
1546 4717 1761 4762 auctore
1793 4710 2040 4777 petenda,

589 4794 696 4847 Nec
726 4803 866 4847 vetat
897 4796 1007 4848 haec
1034 4810 1063 4848 a
1095 4810 1152 4848 se
1184 4812 1278 4849 nos
1310 4812 1548 4864 posCere,
1588 4800 1664 4853 sic
1698 4808 1872 4854 tamen
1907 4802 2019 4855 istis

588 4885 810 4940 Utamur
836 4887 1041 4951 mediis,
1078 4888 1215 4940 veris
1248 4898 1301 4939 ut
1330 4890 1379 4941 in
1411 4890 1609 4943 retinere
1640 4893 1898 4944 fruamur.

588 4976 805 5029 Talibus
832 4992 957 5042 ergo
988 4978 1155 5029 modis
1183 4978 1481 5031 animarum
1514 4980 1793 5032 commoda
1827 4982 2049 5048 primum

590 5070 898 5136 Quaerantur
933 5078 1052 5137 post
1080 5072 1191 5123 lta'c
1222 5072 1497 5138 przesentis
1527 5086 1600 5124 seu
1618 5071 1663 5124 ia
1697 5072 1839 5124 vitm.

591 5163 721 5227 Quis
749 5163 865 5215 sine
891 5177 993 5214 non
1027 5162 1162 5229 potis
1194 5162 1480 5214 humanum
1505 5162 1793 5216 subsistere
1820 5176 2032 5231 corpus.
2088 5152 2089 5155 i

588 5253 675 5305 Illa
709 5259 884 5304 tamen
915 5252 1107 5319 quibus
1134 5267 1164 5303 a
1192 5251 1397 5317 superis
1429 5267 1531 5303 non
1559 5250 1584 5288 δ
1617 5251 1989 5317 impediamur.

590 5349 649 5397 tit
681 5346 801 5414 quia
830 5345 1155 5412 temporibus
1184 5342 1399 5397 veniunt
1426 5343 1537 5395 hate
1566 5342 1771 5410 singula
1803 5344 1987 5408 certis,

589 5437 939 5504 Temporibus
968 5451 1175 5505 quoque
1208 5436 1423 5504 largitor
1453 5436 1747 5488 laudandus
1777 5436 2003 5501 eisdem,

597 5532 821 5585 Maxime
850 5530 965 5584 laus
994 5530 1232 5596 quamvis
1261 5528 1375 5597 ejus
1400 5544 1665 5598 nunquam
1696 5528 1987 5583 reticenda.

660 5672 683 5699 ε
714 5665 824 5715 lloc
853 5663 1066 5714 verbum
1101 5678 1195 5715 nec.
1224 5662 1441 5729 intelligi
1472 5677 1565 5716 nec
1598 5661 1789 5730 corrigi
1823 5666 2017 5729 potest.

658 5737 679 5772 υ
709 5736 789 5787 ΑΙ.
804 5776 815 5791 ,
842 5732 1124 5798 impediunt.

3751 314 3861 369 608

2279 515 2488 570 Semina
2520 527 2826 570 cunctarum
2852 517 3058 587 frugum
3084 532 3173 571 ver
3201 518 3362 571 trudit
3383 517 3449 569 ab
3475 518 3643 581 arvis,

2281 607 2493 662 Fronde
2525 623 2713 661 neruus
2746 612 2923 671 vesut,
2956 610 3200 663 tellurem
3233 610 3455 663 ﬂoribus
3482 621 3659 663 (nutat.

2275 697 2390 751 Jatn
2424 699 2558 751 la'ta:
2594 700 2715 751 vitis
2743 709 2955 767 turgent
2983 700 3033 754 in
3067 701 3285 767 palmite
3316 717 3565 771 genuum.

2276 785 2425 841 Tunc
2450 798 2687 841 armenta
2722 804 2895 843 mares
2926 800 3175 857 repetunt
3204 800 3259 843 ct
3283 793 3520 859 gramina
3551 790 3796 857 tondent,

2279 876 2470 929 Usibus
2501 878 2613 933 htl‘C
2641 879 2834 931 nostris
2857 881 3015 946 jussit
3042 884 3243 935 servire
3270 884 3513 937 Creator.

2274 968 2482 1021 Serviat
2509 985 2634 1038 ergo
2663 971 2901 1025 Creatori
2927 972 3139 1027 devotio
3170 977 3314 1028 servi

2274 1059 2370 1115 Cui
2401 1062 2555 1115 dedit
2578 1063 2691 1116 haec
2719 1064 2862 1117 arvis
2892 1074 3092 1119 aeterna
3120 1066 3340 1121 daturus
3371 1069 3423 1120 in
3453 1069 3632 1122 astris.

2345 1152 2527 1207 Estas
2558 1153 2693 1208 bella
2722 1156 2850 1222 ciet,
2880 1166 3063 1223 gentes
3092 1168 3274 1213 astate
3306 1170 3604 1215 moventur.

2277 1243 2369 1297 llis
2402 1254 2454 1298 ut
2480 1247 2800 1311 compressis
2830 1248 3105 1317 tranquilla
3139 1266 3265 1318 pace
3297 1251 3555 1317 fruamur,

2274 1333 2618 1405 Liberiusque
2647 1338 2755 1392 Deo
2790 1353 2978 1393 secura
3008 1349 3187 1394 mente
3216 1357 3486 1396 vacemus.

2276 1425 2528 1481 Ecclesiae
2559 1428 2729 1496 pietas
2755 1445 2849 1497 pro
2882 1430 3019 1483 natis
3049 1432 3232 1485 sedula
3263 1434 3452 1499 poscit.

2272 1518 2456 1575 Nubila
2488 1531 2675 1576 cuncta
2724 1523 2909 1591 fugatis
2950 1534 3110 1579 testas
3142 1528 3506 1595 mundumque
3553 1542 3838 1594 serenans,

2274 1607 2428 1662 Prata
2459 1619 2621 1675 secat,
2649 1610 2912 1665 frumenta
2940 1612 3203 1676 recondit,
3236 1626 3256 1652 ο
3280 1622 3335 1666 et
3362 1616 3550 1667 horrea
3582 1618 3802 1685 rumpit.

2276 1696 2377 1751 Pro
2405 1698 2597 1766 quibus
2626 1700 2828 1753 auctori
2855 1710 3032 1769 grates
3063 1701 3141 1755 fas
3170 1703 3393 1757 reddere
3421 1720 3679 1760 summas.

2199 1757 2247 1817 Β
2343 1789 2641 1842 Autumnus
2672 1790 2907 1857 placidas
2940 1792 3183 1860 praztexit
3212 1792 3434 1846 collibus
3465 1809 3619 1859 uvas,

2272 1874 2396 1929 Visu
2419 1875 2705 1946 jucundas,
2738 1894 2830 1932 esu
2864 1890 3116 1949 tactuque
3143 1898 3353 1936 suaves.

2269 1968 2399 2033 Quis
2432 1971 2626 2037 pressis
2656 1982 2860 2039 gratum
2890 1972 3149 2026 distillant
3178 1975 3336 2041 pratla
3368 1976 3650 2043 liquorem.

2271 2056 2475 2113 ArbOre
2506 2075 2659 2127 poma
2685 2060 2829 2130 lcgit,
2860 2078 2951 2131 per
2980 2064 3141 2117 cellas
3171 2080 3269 2117 una
3305 2069 3533 2133 reponit.

2270 2152 2391 2206 llaec
2419 2153 2612 2208 tellure
2641 2155 2864 2221 ferente,
2894 2157 2988 2210 sed
3018 2158 3393 2226 Omnipotente
3423 2159 3661 2229 jubente,

2268 2241 2606 2297 Immemores
2634 2242 2963 2311 Conditoris,
2992 2247 3239 2317 saaclique
3268 2250 3448 2305 futuri.

2270 2332 2337 2405 Et
2361 2334 2479 2401 quis
2506 2349 2629 2401 spes
2659 2336 2798 2389 nulla
2836 2345 2953 2405 post
2982 2338 3095 2392 haze
3122 2352 3313 2402 supera
3342 2341 3535 2394 aethera
3568 2350 3757 2407 restat,

2268 2423 2483 2477 Potibus
2507 2438 2665 2495 atque
2693 2427 2825 2481 cibis
2852 2427 3153 2483 distendant
3183 2430 3270 2484 ilia
3301 2431 3478 2499 largis.

2268 2514 2411 2567 llanc
2442 2515 2540 2569 sibi
2582 2530 2678 2584 pro
2702 2532 2912 2571 summo
2943 2527 3245 2585 reputantes
3274 2535 3492 2574 munere
3524 2529 3726 2588 partem

2264 2603 2611 2658 Christicolas
2638 2606 2841 2675 agitare
2869 2607 3022 2661 decet
3050 2609 3293 2662 convivia
3329 2626 3503 2677 parca.

2268 2694 2335 2747 Et
2354 2695 2562 2763 jugibus
2591 2699 2726 2750 votis
2758 2699 3105 2768 precibusque
3132 2702 3330 2756 instare
3358 2702 3611 2771 profusis,

2264 2787 2711 2856 Supplicibusque
2740 2788 2950 2843 Patrem
2989 2792 3218 2860 rogitare
3246 2794 3579 2860 precantibus
3606 2794 3822 2849 almum.

2266 2877 2580 2945 Adjumenta
2616 2880 2712 2933 vim
2742 2881 2876 2934 ferat
2909 2880 3041 2945 hac,
3073 2898 3176 2937 non
3204 2885 3420 2952 praemia
3451 2895 3632 2955 ponat.

2267 2972 2515 3027 Conferat
2545 2974 2642 3027 ista
2674 2977 2789 3030 solo
2818 2976 2988 3030 donec
3010 2975 3200 3030 horum
3232 2979 3428 3046 indiget
3456 2994 3598 3043 usus,

2189 3100 2232 3160 ε
2268 3064 2455 3118 Servet
2486 3074 2541 3117 at
2570 3065 2657 3119 illa
2692 3066 2835 3133 polo,
2870 3068 3059 3136 quibus
3087 3077 3169 3123 est
3197 3070 3312 3125 sine
3339 3086 3494 3125 nemo
3524 3072 3727 3137 beatus,

2269 3156 2485 3225 Frigore
2515 3156 2739 3212 brumali
2773 3159 2982 3213 tandem
3016 3161 3204 3216 tellure
3233 3162 3455 3231 rigente,

2264 3242 2522 3315 Frugibus
2552 3248 2835 3312 exhausta,
2864 3264 2961 3304 nec
2982 3250 3091 3319 jam
3125 3253 3357 3320 patiente
3384 3253 3633 3322 ligonem.

2262 3336 2448 3391 Nullus
2474 3340 2641 3392 honos
2669 3340 2893 3408 campis,
2926 3341 3116 3395 ﬂorum
3139 3343 3245 3410 jam
3273 3344 3415 3397 nulla
3439 3343 3465 3380 ἀ
3494 3354 3761 3415 venustas,

2264 3430 2557 3499 Torpentes
2582 3432 2766 3487 invitat
2798 3434 2968 3489 hiems
2996 3434 3221 3504 genialis
3247 3438 3313 3490 ad
3346 3438 3540 3505 ignem,

2262 3523 2400 3587 Otia,
2433 3524 2710 3592 luxuriem,
2743 3534 3030 3595 potumque
3052 3526 3333 3596 cibumque
3358 3529 3609 3584 suadens.

2261 3615 2518 3669 Convenit
2543 3616 2660 3670 haec
2687 3618 2931 3684 precibus
2962 3632 3121 3684 parco
3150 3626 3204 3673 et
3230 3634 3572 3685 compescere
3599 3621 3762 3687 victu,

2260 3705 2541 3760 lllecebras
2563 3708 2738 3761 carnis
2768 3708 2987 3777 castiget
3018 3708 3189 3763 inedia
3221 3711 3442 3765 ventris.

2330 3795 2679 3864 Temporibus
2707 3796 2935 3852 discreta
2963 3799 3073 3853 suis
3093 3799 3293 3868 jejunia
3323 3802 3455 3869 dixi,

2260 3886 2440 3941 Rebus
2467 3897 2524 3941 ut
2553 3888 2654 3943 hoc
2681 3890 2839 3943 etiam
2868 3890 3171 3946 observatio
3200 3903 3379 3947 sancta
3408 3895 3644 3961 caducis,

2258 3977 2533 4033 Conducat
2552 3981 2729 4034 carnis
2750 3980 2875 4035 dum
2904 3982 3161 4050 compede
3190 3983 3452 4039 nectimur
3481 3996 3623 4040 arcta

2258 4067 2443 4123 Restat
2470 4068 2645 4123 adhuc
2672 4070 2869 4139 aliquid
2899 4074 3157 4126 sacratius
3187 4073 3583 4128 insinuandum.

2258 4159 2507 4214 Ecclesiae
2529 4160 2790 4227 siquidem
2822 4161 2959 4215 haud
2990 4162 3110 4218 aliis
3139 4177 3351 4218 sacrare
3380 4165 3649 4217 ministros

2256 4248 2525 4304 Mensihus
2555 4264 2681 4304 usus
2711 4252 2893 4315 habet,
2926 4265 3132 4306 necnon
3161 4260 3216 4307 et
3242 4253 3441 4309 solibus
3470 4254 3663 4321 isdem,

2258 4337 2328 4393 Ut
2352 4353 2445 4407 per
2472 4350 2619 4409 grata
2642 4340 2753 4396 Deo
2777 4342 2976 4410 jejunia
3009 4343 3170 4398 corde
3203 4344 3352 4413 piati,

2182 4437 2227 4495 ο
2258 4430 2477 4501 Dignius
2504 4444 2779 4488 assumant
2805 4436 2987 4491 altaris
3015 4436 3195 4491 munia
3220 4438 3380 4492 sacri.

2261 4522 2395 4578 Usus
2422 4534 2477 4577 at
2506 4525 2604 4578 iste
2635 4534 2836 4589 tamen,
2866 4541 2968 4580 non
3000 4526 3227 4581 humana
3260 4537 3373 4581 arte
3403 4536 3664 4596 repertus,

2258 4615 2511 4669 Ecclesia:
2540 4630 2788 4684 proceres
2811 4617 2955 4671 illum
2984 4632 3134 4673 sacer
3163 4629 3320 4688 atque
3350 4628 3583 4687 senatus,

2254 4700 2442 4760 Coetus
2468 4705 2790 4775 apostolicus
2817 4708 2998 4762 divino
3031 4710 3318 4765 Pneumate
3348 4712 3555 4778 plenus.

2257 4796 2490 4850 Instituit
2518 4811 2834 4867 sacrumque
2861 4798 3057 4854 dehinc
3086 4804 3378 4856 transmisit
3403 4804 3699 4857 habendum

2255 4886 2450 4941 Paulus
2482 4890 2777 4958 apostolico
2804 4891 2999 4945 dudum
3029 4894 3319 4947 sacrandus
3351 4894 3574 4950 honore.

2256 4977 2505 5043 Auspicio
2537 4979 2626 5032 tali
2650 4979 2916 5034 Barnabas
2943 4996 3112 5036 necne
3142 4983 3367 5037 dicatur.

2254 5068 2385 5123 Nam
2414 5067 2684 5137 Scriptura
2716 5070 2877 5125 refert
2905 5085 3066 5125 verax
3094 5072 3355 5126 veraciter
3383 5071 3523 5137 illos,

2253 5160 2386 5215 Cum
2418 5162 2658 5229 precibus
2678 5161 2946 5230 jejunasse
2972 5162 3140 5229 prius,
3167 5164 3244 5217 sic
3273 5163 3338 5216 ad
3368 5164 3465 5216 ista
3493 5170 3715 5219 vocatos

2254 5251 2506 5321 Quosque
2535 5253 2645 5321 pari
2673 5263 2797 5306 voto
2823 5253 3071 5307 comitata
3097 5264 3311 5307 caterva
3336 5253 3564 5322 piorum,

2256 5341 2523 5409 Impositis
2554 5344 2819 5409 manibus,
2846 5344 3094 5398 doctores
3125 5344 3271 5397 misit
3296 5345 3347 5397 in
3376 5345 3579 5399 orbem.

2258 5434 2487 5502 Spiritus
2516 5434 2731 5488 :etheria
2762 5434 2981 5488 veniens
3010 5449 3219 5504 quoque
3246 5444 3462 5490 sanctus
3484 5435 3551 5489 ab
3579 5435 3698 5490 aula

2257 5524 2478 5594 Jejunos
2504 5538 2637 5592 quos
2666 5525 2862 5593 reperit
2890 5535 3207 5593 orantesque
3238 5527 3475 5595 replent.

2330 5668 2351 5695 °
2378 5657 2461 5710 ΑΙ.
2490 5672 2597 5711 om.
2628 5667 2693 5707 t‘l.

2324 5724 2350 5765 ά
2380 5727 2487 5789 ΛΙ.,
2516 5737 2752 5780 vetustus.
