4220 6454
362 325 467 381 609

366 437 505 503 Ergo
532 434 647 490 suis
674 433 836 488 simili
868 432 1007 486 hunc
1036 432 1197 485 etiam
1228 438 1250 465 ⁸
1284 432 1510 487 fratione
1544 428 1807 485 ministris

365 526 620 581 Ecclesia:
645 526 835 579 devota
861 524 991 578 fides
1018 532 1239 592 exoptat
1267 525 1476 578 adesse.

368 619 477 671 lloc
505 620 621 671 sine
650 632 844 685 nempe
870 617 978 671 Deo
999 616 1264 686 condigne
1296 632 1455 672 nemo
1489 614 1777 670 ministrat.

365 710 474 764 Nec
498 710 669 779 placet
697 710 800 761 ulla
836 708 944 762 Deo
976 710 1064 763 tali
1103 724 1206 763 non
1240 710 1361 777 igne
1391 717 1626 763 cremata

366 800 618 859 Victima.
650 815 746 855 nec
776 800 933 853 aliter
960 812 1166 871 gratum
1198 802 1296 855 sibi
1329 802 1495 869 spirat
1522 800 1765 853 odorem.

439 893 496 946 In
527 906 587 946 re
618 902 724 945 tam
751 906 959 947 summa
995 907 1094 946 nec
1124 893 1236 962 ipse
1270 907 1461 945 vacare
1490 891 1720 951 dierum,

385 986 637 1057 Mysterio
659 999 990 1053 numeroque
1019 999 1306 1038 coruscans
1335 985 1571 1037 creditur
1593 982 1744 1035 ordo.

373 1076 541 1143 Quam
565 1076 701 1130 bene
731 1090 826 1143 per
852 1086 1032 1129 ternos
1057 1075 1257 1144 jejnuia
1279 1075 1740 1135 Christicolarum,

370 1168 666 1223 Solvuntur
695 1167 858 1230 soles,
894 1168 1089 1221 trinum
1122 1167 1211 1235 qtti
1246 1182 1441 1219 liUrliCll
1472 1176 1526 1219 et
1557 1180 1739 1230 unum,

368 1260 591 1313 'l‘rinum
623 1260 891 1327 personis,
920 1274 1079 1312 unum
1110 1258 1307 1310 deitate
1334 1257 1565 1310 fatentur
1593 1274 1604 1307 :

375 1349 485 1405 Nec
512 1351 690 1405 minus
723 1358 777 1403 et
805 1364 959 1402 sacer
980 1358 1063 1403 est
1095 1349 1245 1401 lactis
1269 1350 1321 1399 in
1355 1348 1550 1401 talibus
1581 1346 1736 1400 ordo.

369 1440 605 1506 Quartus
636 1439 783 1493 enim
814 1448 1105 1507 sextusque
1134 1439 1247 1491 dies
1279 1454 1340 1492 ac
1371 1440 1630 1506 septimus
1659 1438 1775 1490 istis

369 1529 635 1583 Nonnulla
670 1530 877 1583 ratione
903 1530 1071 1583 sacris
1101 1538 1379 1598 reputatur
1404 1530 1648 1597 agendis,

374 1619 480 1673 Sed
512 1620 715 1689 primos
738 1632 925 1687 quarta
960 1618 1146 1673 feriam
1174 1631 1488 1685 sextamqne
1521 1631 1804 1685 vocantes,

369 1713 585 1768 Sabbati
610 1714 676 1766 ab
705 1716 918 1782 antiqua
950 1726 1257 1766 mutuamus
1292 1714 1408 1782 lege
1437 1728 1717 1775 vocamen,

372 1803 619 1857 Mercurii
653 1803 980 1867 Venerisque
1002 1802 1121 1857 dies
1148 1803 1245 1856 hos
1279 1805 1448 1870 prisca
1476 1804 1704 1857 vocabat

372 1894 548 1959 lEtas,
582 1890 837 1947 falsorum
865 1907 1127 1946 venerans
1151 1901 1394 1961 portenta
1421 1892 1667 1954 deorum,

370 1984 695 2051 Saturnique
727 1992 930 2050 patrem
962 1999 1117 2050 quem
1146 1984 1378 2036 credidit
1409 1998 1532 2037 esse
1559 1983 1806 2040 deorum.

440 2073 638 2140 Quarta
669 2088 862 2140 nempe
887 2074 974 2126 die
1003 2074 1337 2126 truculentus
1372 2074 1610 2138 proditor
1634 2074 1764 2126 olim

371 2164 551 2217 Ascita
585 2172 796 2231 pactum
831 2161 954 2215 fecit
979 2161 1075 2216 sibi
1106 2162 1262 2232 plebe
1292 2161 1542 2223 nefanda,

372 2254 632 2308 Traderet
660 2262 719 2307 ut
742 2253 1011 2308 Christum
1043 2268 1146 2322 quo
1178 2253 1463 2307 lactificavit
1493 2252 1721 2320 iniquos.

374 2346 504 2399 Cum
538 2346 735 2415 gaudet
763 2345 994 2398 mundus
1023 2360 1117 2414 par
1145 2354 1229 2399 est
1254 2360 1481 2400 moerere
1513 2345 1718 2398 fideles.

376 2436 580 2491 l‘tursus
604 2438 682 2492 eis
706 2438 1056 2507 gaudentibus
1088 2437 1184 2491 hos
1214 2452 1444 2492 moerere
1477 2450 1699 2491 necesse
1724 2445 1808 2491 est

376 2530 487 2583 llac
506 2529 695 2584 devota
718 2530 805 2583 die
830 2528 1038 2597 jejunet
1057 2530 1244 2583 concio
1271 2528 1496 2583 Christi.

376 2623 488 2686 Qua
517 2620 790 2687 conspirat
822 2620 998 2689 iniqua
1026 2619 1219 2674 cohors
1248 2620 1300 2673 in
1333 2622 1593 2689 sanguine
1623 2620 1821 2675 Christi

376 2714 595 2769 Certent
624 2714 677 2768 hi
707 2713 976 2783 precibus,
1006 2728 1127 2769 cum
1156 2723 1363 2769 certant
1392 2713 1671 2767 fraudibus
1703 2713 1800 2767 illi.

447 2803 694 2858 Condidit
724 2803 776 2857 in
806 2814 982 2869 sexto,
1012 2803 1329 2873 lapsumque
1357 2805 1569 2858 revexit
1600 2806 1906 2858 homonem.

375 2894 674 2963 Otnnigena
708 2894 794 2949 hic
821 2903 875 2948 et
904 2894 975 2947 ibi
1006 2894 1176 2948 factor
1206 2896 1402 2964 pietate
1433 2894 1762 2960 redundans,

377 2988 487 3043 Nec
514 3002 643 3043 vero
668 3002 927 3056 peccasse
955 2988 1042 3043 die
1072 2989 1311 3043 fortassis
1341 2989 1556 3055 eodem,

379 3081 458 3134 Ac
488 3080 817 3149 paradisiaca
844 3079 1154 3148 propulsum
1183 3080 1312 3135 sede
1342 3080 1605 3148 negarim,

379 3173 495 3238 Quo
523 3172 692 3241 magis
720 3186 849 3240 ergo
879 3173 967 3226 die
995 3171 1248 3226 frenanda
1277 3172 1441 3227 libido
1468 3172 1739 3237 ciborum,

380 3268 547 3332 Quam
577 3278 711 3320 nece
739 3279 846 3335 quo
869 3265 1057 3319 merita
1088 3276 1171 3319 est
1200 3267 1381 3333 punita
1413 3265 1582 3319 libido
1610 3265 1876 3332 ciborum,

384 3359 493 3412 llac
521 3372 735 3428 quoque
760 3358 1084 3412 mortiﬁcare
1108 3358 1265 3413 decet
1297 3370 1509 3412 terrena
1538 3359 1848 3427 redemptos

381 3452 617 3507 Membra
645 3452 732 3506 die
756 3466 857 3521 qua
885 3458 1059 3505 morte
1086 3450 1338 3504 Auctoris
1368 3449 1727 3503 vivificantur.

464 3542 700 3612 Septima
724 3556 848 3596 cum
882 3541 1127 3609 precibus
1153 3542 1354 3610 jejunis
1385 3551 1529 3595 casta
1558 3543 1811 3610 reposcit,

389 3632 501 3688 Huc
527 3632 725 3687 chorus
753 3631 842 3686 ille
871 3640 1110 3685 sacratus
1137 3630 1411 3699 apostolici
1441 3630 1643 3685 ordinis
1669 3630 1819 3695 olim,

394 3724 592 3793 lujusta
626 3738 721 3791 pro
750 3732 923 3775 morte
954 3720 1027 3789 pii
1059 3721 1287 3790 lugendo
1316 3723 1574 3790 magistri,

386 3814 440 3867 In
464 3828 672 3869 sacram
708 3814 1007 3882 protelabat
1030 3814 1230 3883 jejuuia
1264 3825 1501 3879 noctem,

387 3900 756 3961 Prtestolando
787 3916 1157 3976 resurgentem
1188 3915 1246 3959 ut
1276 3908 1594 3975 praedixerat
1622 3906 1754 3971 ipse,

388 3996 569 4051 Fluxit
591 3997 787 4051 abhinc
814 4012 929 4051 mos
957 3997 1350 4050 ecclesiasticus
1376 3998 1473 4049 iste
1500 3996 1735 4060 saluber,

386 4086 617 4141 Sabbata
639 4088 885 4157 jejuneut
914 4087 1109 4141 Christi
1138 4103 1231 4155 per
1259 4087 1463 4156 singula
1498 4090 1661 4153 servi,
1736 4112 1739 4115 ·

390 4180 824 4250 Exspectentque
853 4196 1008 4234 suum
1036 4181 1350 4235 redeuntem
1384 4198 1412 4232 a
1448 4182 1633 4233 funere
1659 4181 1875 4250 Regem,

396 4272 567 4328 Morte
594 4272 920 4340 triumphata
945 4272 1131 4338 spoliis
1161 4270 1479 4325 Acherontis
1507 4282 1779 4325 onustum.

397 4365 522 4420 Haec
550 4365 616 4420 de
643 4373 849 4419 sacrata
881 4365 1021 4418 serie
1052 4363 1250 4417 dixisse
1275 4364 1479 4416 dierum

398 4456 658 4517 Sufficiat,
691 4470 832 4510 nunc
859 4452 1114 4509 Ecclesiae
1144 4454 1281 4507 hanc
1307 4465 1490 4521 aptare
1513 4454 1801 4507 tuittistrisJ

404 4545 634 4600 Collibet
663 4546 746 4599 his
774 4546 863 4613 qui
889 4545 1040 4597 altari
1070 4545 1329 4597 accedunt
1355 4554 1497 4595 sorte
1529 4544 1739 4607 diebus,

401 4636 504 4694 Sex
535 4637 693 4705 hujus
717 4636 858 4691 saecli
891 4636 1193 4690 discurrunt
1222 4636 1408 4689 ordine
1433 4645 1580 4689 certo

402 4728 635 4794 Elates,
663 4745 888 4800 quarum
912 4741 1100 4799 quarta
1134 4731 1303 4800 legem
1336 4740 1490 4797 atque
1523 4729 1806 4798 prophetas

396 4824 669 4891 Pracipue
697 4833 907 4878 constat
942 4824 1199 4893 viguisse,
1228 4822 1447 4877 scientia
1481 4838 1707 4890 quorum

392 4915 591 4971 Altaris
619 4930 833 4985 semper
857 4917 1021 4971 debet
1046 4930 1230 4969 comes
1259 4930 1381 4970 esse
1416 4917 1698 4969 ministris.

393 5007 687 5063 l‘rovidere
718 5018 897 5077 patres
930 5011 1029 5062 Itoc
1063 5009 1237 5076 ipsum
1270 5008 1593 5077 significare.

397 5099 589 5153 Officio
620 5113 741 5152 nam
771 5108 825 5153 et
851 5101 921 5152 ob
946 5099 1045 5152 hoc
1072 5099 1372 5168 geminatur
1403 5098 1560 5151 lectio
1590 5097 1755 5150 sacris

397 5190 451 5244 In
483 5201 672 5261 quarta
702 5206 917 5261 semper
943 5191 1075 5246 feria
1109 5205 1201 5259 per
1232 5199 1471 5257 tempora
1502 5200 1711 5243 cuncta.

468 5282 630 5337 Sexta
656 5292 814 5337 aetate
840 5282 983 5335 Deus
1017 5283 1157 5334 hunc
1184 5281 1329 5334 venit
1356 5281 1534 5333 visere
1566 5278 1817 5330 mundum

412 5374 608 5429 Factus
635 5377 817 5439 homo,
844 5374 1025 5443 inquo
1045 5372 1372 5427 concordant
1394 5370 1475 5424 lex
1507 5380 1664 5437 atque
1688 5369 1979 5438 prOphetat,

403 5465 583 5526 Signat
612 5465 712 5521 hoc
739 5480 841 5519 una
871 5465 959 5520 die
990 5465 1186 5535 legitur
1211 5477 1329 5534 qua:
1358 5462 1520 5518 lectio
1548 5466 1721 5527 sexto,

485 5631 511 5659 ⁸
530 5622 638 5686 AL,
663 5622 882 5674 ratione.

482 5692 507 5728 ι’
531 5693 641 5755 AL,
669 5694 994 5760 canjunctus.

486 5773 507 5799 ο
538 5764 646 5831 AL,
677 5762 721 5815 si
743 5764 883 5816 bene.

1359 320 1557 376 SECT.
1603 316 1687 372 Ill.
1728 347 1798 357 —
1835 311 2170 367 CARMINA.
2210 340 2281 355 ——
2322 312 2563 368 IIYMNL

3519 316 3625 369 610

1971 428 2021 485 Α
2050 424 2286 493 Septima
2316 441 2435 480 eum
2460 441 2618 481 senas
2649 426 2862 492 habeat,
2895 429 3067 483 titnlat
3099 431 3397 485 duodenos.

2054 518 2291 571 Romana
2322 520 2461 587 quod
2493 521 2543 573 in
2576 521 2707 573 urbe
2735 532 2891 591 caput
2920 540 3037 591 «iure
3067 524 3263 577 dicitur
3288 524 3458 585 orbis,

2050 609 2131 661 0b
2154 609 2375 677 populos
2401 610 2529 661 varii
2563 613 2830 663 sermonis
2862 613 2912 664 in
2948 614 3077 665 urbe
3105 612 3355 675 ﬂuentes,

2050 698 2187 752 Tum
2220 700 2407 755 Grmco
2437 710 2547 753 tum
2574 700 2812 755 Romano
2843 718 3090 757 sermone
3122 707 3393 769 leguntur.

2051 790 2250 843 'l'aliter
2276 808 2339 842 ex
2370 794 2514 844 senis
2545 791 2655 845 fieri
2687 801 2899 844 cunstat
2925 796 3223 848 duodenos.

2052 880 2164 932 Non
2197 893 2357 933 sensu
2390 886 2554 941 vario,
2587 882 2680 935 sed
2712 892 2912 935 tantum
2944 884 3153 953 dispare
3186 887 3401 941 bombo.

2055 971 2161 1025 llac
2192 974 2350 1025 etiam
2392 972 2518 1026 feria
2550 974 2855 1028 benedictio
2884 979 3123 1043 praesulis
3146 995 3238 1033 ore

2051 1066 2362 1138 Confertur,
2394 1072 2595 1126 Christi
2630 1072 2852 1127 fortnam
2881 1087 3023 1128 tenet
3053 1078 3165 1144 ipse
3193 1079 3469 1145 sacerdos,

2053 1159 2236 1212 (Idaliis
2259 1165 2585 1226 apostolicus
2618 1166 2833 1219 totidem
2874 1169 2923 1219 in
2952 1168 3240 1221 lectoribus
3270 1179 3428 1236 astat,

2057 1248 2369 1303 l)ithtutletis
2394 1254 2557 1307 variis
2580 1256 2815 1310 cmlestia
2850 1260 3097 1322 dogmata
3129 1260 3343 1329 linguis.

2050 1338 2320 1403 Septimus
2340 1349 2502 1408 atque
2531 1344 2665 1406 dies,
2699 1346 2936 1399 divinum
2963 1349 3221 1417 Pneutua,
3258 1354 3475 1419 figuras,

2054 1425 2359 1483 Pneumatis
2391 1432 2554 1499 ipsius
2587 1444 2802 1501 septena
2834 1439 3158 1493 charismata
3187 1457 3414 1510 namque

2056 1519 2417 1589 llonionymus
2447 1525 2573 1578 Jesn
2605 1526 2860 1581 describit
2895 1532 2961 1583 ab
2993 1532 3115 1585 inde
3147 1535 3423 1600 propheta.

2057 1612 2195 1678 Ergo
2227 1629 2353 1665 suos
2383 1615 2627 1669 Christus
2656 1619 2978 1674 benedicens
3012 1624 3123 1689 ip~e
3156 1626 3451 1690 ministros,

2060 1703 2278 1757 Munere
2304 1706 2465 1758 corda
2498 1706 2715 1778 insignit
2745 1726 2927 1764 eorum
2960 1716 3242 1780 spirituali,
3328 1726 3329 1729 ‘

1985 1777 2029 1835 Β
2060 1796 2163 1849 Cnr
2193 1808 2367 1852 tamen
2398 1801 2496 1855 hoc
2524 1818 2748 1857 numero
2778 1805 3017 1872 signetur
3044 1806 3276 1876 Spiritus
3306 1800 3481 1862 alt-nus

2061 1887 2248 1941 lliccre
2279 1904 2381 1942 non
2410 1903 2632 1958 possunt
2664 1901 2865 1947 nostra:
2886 1896 3089 1964 jejnuia
3123 1898 3337 1965 linguai.

2056 1977 2160 2031 Sed
2191 1990 2365 2034 tamen
2396 1985 2507 2047 ipse
2533 1984 2667 2037 solet
2694 1985 2983 2039 rudentum
3012 1989 3220 2041 solvere
3253 1989 3459 2056 linguas

2058 2070 2350 2138 llnmanas,
2378 2086 2430 2126 ut
2460 2075 2558 2127 rite
2581 2087 2777 2143 queant
2805 2076 3047 2144 proferre
3076 2079 3333 2147 loquelas.

2055 2161 2246 2215 Omnia
2277 2177 2437 2231 quem
2472 2168 2683 2233 propria
2712 2167 3021 2219 collaudant
3052 2184 3180 2221 voce
3205 2178 3382 2223 creata
3404 2207 3420 2232 ,

2055 2253 2297 2320 Qualiter
2330 2257 2414 2309 hic
2445 2259 2603 2326 igitur
2631 2270 2843 2328 aptetur
2874 2262 3109 2315 calculus
3147 2265 3244 2327 illi,

2061 2347 2124 2401 Ut
2150 2348 2279 2402 mihi
2310 2348 2560 2418 dignetur
2586 2368 2826 2406 reserare
2864 2353 3091 2408 fideliter
3119 2356 3297 2408 edant.

2056 2436 2175 2507 Ipse
2215 2442 2410 2513 stylum
2457 2452 2656 2511 tamen,
2702 2446 2814 2512 ipse
2858 2461 3071 2500 manum
3102 2458 3272 2518 regat,
3299 2465 3415 2513 oro,
3451 2450 3639 2520 loque—

3312 2539 3569 2610 llamque,

2058 2619 2128 2675 L‘t
2150 2636 2210 2677 se
2240 2621 2399 2693 digne
2427 2634 2589 2694 queat
2621 2636 2803 2680 noster
2832 2626 3151 2694 depromere
3181 2644 3360 2685 sermo

2056 2714 2269 2769 Nullam
2299 2731 2464 2771 cerno
2490 2727 2666 2772 tamen
2690 2733 2849 2787 quem
2875 2720 3073 2773 dividat
3107 2720 3389 2786 heptadem
3422 2721 3640 2785 almam,

2058 2802 2291 2860 ludivisa
2322 2814 2523 2870 manet,
2559 2816 2737 2875 partes
2768 2810 2891 2876 quia
2921 2811 3127 2876 respuit
3157 2824 3359 2877 aequas.

2062 2896 2352 2952 Unanimes
2379 2912 2590 2967 quoque
2621 2897 2798 2954 reddit
2827 2914 2921 2953 eos
2948 2913 3086 2968 quos
3112 2900 3344 2968 Spiritus
3372 2900 3581 2970 implet.

2072 2991 2164 3045 Vel
2188 2992 2312 3061 quia
2341 2993 2577 3060 septenis
2603 2990 2911 3046 discurwnt
2937 2996 3094 3046 sa-cla
3118 2994 3329 3047 diebus.

2063 3082 2296 3152 Spiritus
2324 3084 2605 3151 omnigena
2638 3091 2967 3137 monstratur
2990 3085 3114 3139 dote
3142 3085 3372 3154 replere,

2067 3175 2346 3245 Maiestate
2372 3190 2466 3229 sua
2498 3188 2633 3244 quos
2652 3174 2846 3243 dignos
2872 3175 3071 3243 judical
3103 3191 3247 3234 esse.

2064 3270 2168 3323 Sed
2200 3268 2411 3322 tandem
2442 3268 2723 3321 redeamus
2753 3266 2815 3319 ad
2848 3268 3157 3320 intermissa
3191 3282 3501 3338 parumper,

2067 3359 2425 3427 D:camusque
2451 3359 2566 3412 dies
2597 3358 2746 3427 operi
2775 3373 2870 3411 cur
2899 3359 3125 3424 septima
3161 3368 3310 3412 tanto

2068 3450 2297 3503 Maxime
2323 3449 2596 3516 deligitur,
2632 3449 2711 3501 vel
2737 3448 2861 3516 quid
2896 3464 3150 3501 numerus
3182 3449 3307 3503 velit
3338 3448 3459 3505 iste.

2140 3539 2401 3604 Quattuor
2431 3547 2592 3606 atque
2622 3536 2791 3591 tribus
2821 3548 3024 3606 septem
3049 3550 3297 3593 constare
3326 3540 3592 3606 videmus,

2067 3632 2331 3696 Quattuor
2360 3646 2423 3686 ex
2452 3633 2670 3685 totidem
2702 3646 2896 3700 corpus
2926 3644 3260 3701 compactum
3291 3634 3594 3697 elementis,

2069 3721 2203 3776 Tres
2232 3726 2461 3776 animam
2490 3723 2705 3791 signant
2734 3724 2925 3791 triplici
2951 3723 3153 3778 ratione
3184 3727 3473 3778 eluentern.

2070 3815 2168 3866 Ast
2197 3816 2387 3867 anitum
2416 3812 2444 3851 ι’
2466 3816 2809 3881 coniunctum
2844 3832 3039 3884 corpus
3067 3816 3260 3869 format
3286 3818 3589 3871 homonem.

2071 3906 2331 3971 Quattuor
2361 3920 2487 3973 ergo
2514 3905 2680 3957 tribus
2715 3906 2981 3959 hominem
3014 3908 3258 3959 coeuntia
3296 3906 3541 3971 reddunt,

2074 3995 2177 4050 Sed
2211 3995 2310 4049 tria
2344 3996 2411 4048 de
2438 3996 2643 4062 superis
2676 3998 2943 4048 manantia
2975 4007 3227 4063 quattuor
3255 3998 3396 4049 imis.

2073 4090 2202 4156 Qum
2229 4089 2439 4156 superis
2473 4089 2692 4140 veniunt
2721 4097 2969 4155 vegetznit
2992 4097 3202 4141 terrena
3236 4098 3505 4154 potenter,

2072 4182 2223 4236 Tunc
2250 4193 2422 4234 tamen
2450 4184 2545 4233 ista
2574 4190 2595 4216 ε
2623 4184 2757 4233 bene
2786 4184 2827 4231 si
2857 4183 3043 4248 c0pu|a
3076 4197 3209 4234 nexa
3239 4182 3495 4245 emineret,

2080 4276 2145 4329 Et
2180 4274 2277 4327 tria
2309 4271 2601 4327 conficiunt
2631 4281 2834 4341 septem
2860 4272 3142 4342 conjuncta
3171 4277 3467 4343 quaternis.

2081 4366 2331 4419 Exterior
2361 4379 2480 4417 cunt
2508 4362 2690 4428 homo,
2722 4373 2775 4416 et
2798 4363 3020 4417 interior
3040 4359 3065 4399 ά
3097 4367 3339 4432 ronjurat
3367 4369 3558 4429 amice,

2084 4460 2150 4511 lit
2189 4470 2341 4511 mens
2370 4458 2591 4519 carnali,
2625 4456 2874 4508 vitiorum
2910 4466 3055 4523 peste
3086 4458 3325 4519 subacta,

2079 4552 2326 4616 Imperat,
2360 4562 2421 4600 ac
2445 4550 2640 4599 luteum
2669 4546 2936 4599 subservit
2966 4552 3028 4600 ad
3053 4548 3232 4600 omnia
3270 4562 3484 4615 corpus,

2078 4640 2173 4693 llic
2198 4637 2353 4692 θῆαι-ι
2380 4637 2597 4690 domino
2630 4637 2880 4689 libamina
2910 4646 3059 4703 grata
3092 4637 3354 4688 minister.

2148 4729 2280 4782 Tres
2310 4732 2469 4782 etiam
2502 4726 2619 4779 fidei
2648 4727 2982 4793 pnetendere
3011 4728 3254 4793 sytnbola
3288 4737 3530 4795 possunt,

2078 4820 2299 4875 Trinum
2333 4834 2524 4884 nempe
2548 4819 2773 4869 fatemur
2801 4827 2853 4869 et
2876 4833 3036 4870 unum
3062 4819 3286 4871 credere
3310 4829 3543 4887 nosmet,

2080 4913 2299 4966 'l'rinum
2334 4910 2580 4979 personis
2614 4924 2775 4961 uuttm
2805 4908 3006 4962 deitate
3038 4910 3283 4978 perenni,

2081 5004 2342 5069 Quattuor
2370 5010 2423 5053 at
2445 5002 2665 5053 totidem
2690 4999 2974 5053 virtutibus
3000 5000 3377 5067 astipulantur,

2081 5093 2213 5159 Quis
2238 5101 2416 5146 manet
2440 5092 2660 5159 insignis
2687 5089 3000 5159 cujusquam
3027 5090 3133 5143 vita
3167 5090 3359 5155 fidelis,

2082 5188 2346 5249 Quattuor
2370 5196 2497 5251 ergo
2524 5190 2741 5236 manent
2770 5181 2882 5235 fieri
2912 5180 3037 5252 quid
3059 5181 3253 5235 debeat
3280 5192 3436 5251 atque

2085 5276 2359 5330 Cultoretn
2390 5286 2645 5330 exercent
2676 5274 2799 5329 iidci
2822 5290 2887 5329 ne
2913 5283 3121 5343 torpeat
3141 5274 3271 5341 otio,

2084 5369 2155 5421 At
2184 5369 2281 5420 tria
2305 5375 2524 5435 propter
2548 5365 2677 5434 quid
2709 5364 2868 5420 ίθιείλι
2894 5365 3254 5434 quodcunque
3285 5365 3509 5433 laborat,

2087 5462 2348 5528 Quattuor
2371 5472 2500 5527 ergo
2517 5459 2709 5523 tribus,
2736 5459 2833 5514 tria
2861 5468 2884 5497 ο
2911 5468 3117 5515 constat
3141 5473 3301 5530 egere
3323 5459 3621 5531 quaternis.

2164 5620 2189 5659 ἰ
2219 5620 2325 5683 Al.,
2353 5635 2468 5673 cum
2489 5621 2633 5688 jurat
2659 5620 2857 5674 amica.

2170 5700 2192 5728 °
2219 5692 2329 5755 AL,
2358 5698 2613 5745 constant.
