4220 6486
540 316 643 369 6H

540 432 743 497 Nempe
768 430 871 484 fide
899 431 1012 484 sine
1043 444 1197 482 nemo
1228 428 1438 493 placere
1469 426 1576 479 Deo
1608 426 1745 476 valet
1777 438 2033 492 unquam,

539 522 651 576 Nec
681 522 853 587 placet
879 520 1016 572 hunc
1046 518 1283 586 quisquis
1311 516 1454 568 nudo
1482 530 1731 567 sermone
1765 514 1978 571 fatetur.

546 610 751 662 Mortua
781 612 978 678 quippe
1012 609 1160 669 fides,
1184 624 1340 675 quam
1367 621 1471 659 non
1500 603 1845 658 comitabitur
1876 613 2050 665 actus,

551 699 656 751 Sed
686 702 782 751 tria
807 700 1046 767 cognatis
1078 698 1352 751 socientur
1371 696 1491 763 jure
1515 706 1690 763 qua'er
1708 698 1809 753 nis,

551 794 701 846 Alma
736 792 867 844 fides
894 790 1037 857 operi
1075 789 1384 850 concordet,
1416 802 1653 854 opusque
1680 787 1819 849 lidei,

553 882 622 935 Ut
650 890 765 947 post
796 880 847 933 in
876 894 1137 932 summam
1172 880 1387 943 pulchra
1421 892 1679 945 compage
1708 877 1942 937 redacta,

555 972 839 1036 Septenam
872 971 1080 1038 pariant
1111 986 1204 1039 per
1233 970 1391 1022 saecla
1422 970 1594 1022 futura
1625 970 1879 1035 quietem,

552 1061 788 1128 Septima
821 1063 1019 1129 quippe
1042 1060 1155 1112 dies
1188 1060 1397 1128 requies
1428 1070 1507 1111 cst
1538 1060 1674 1113 dicta
1699 1060 1948 1121 creantis,

558 1153 701 1203 llaoc
725 1154 862 1205 sacri
893 1168 1105 1219 semper
1134 1152 1331 1206 debent
1358 1161 1544 1217 Optare
1567 1152 1815 1208 ministri.

555 1243 774 1297 Actibus
805 1255 963 1312 atque
998 1246 1099 1295 title
1120 1244 1390 1309 suspirent
1418 1258 1629 1309 semper
1656 1246 1723 1293 ad
1756 1243 1934 1305 istam,

557 1334 828 1386 Admonui
861 1348 1079 1399 semper
1109 1347 1451 1385 numerorum
1479 1334 1698 1386 cardine
1729 1347 1902 1386 sacro.

628 1426 790 1479 Debet
816 1427 1095 1496 apostolici
1127 1441 1339 1494 qucque
1362 1426 1624 1493 dogmatis
1655 1441 1775 1479 esse
1808 1424 2066 1492 minister,

559 1518 597 1571 ll
624 1520 705 1570 iud
734 1533 926 1587 expers
952 1534 1173 1572 numero
1201 1520 1343 1587 quod
1370 1518 1681 1582 designatur
1708 1518 1899 1573 eodem

560 1611 804 1664 Partibus
836 1612 924 1665 ille
953 1614 1065 1665 suis
1094 1613 1313 1664 alternat
1347 1612 1736 1678 multiplicatis.
1817 1618 1820 1622 “

554 1700 776 1753 (ΣιηΙίιιειι
808 1704 1083 1769 apostolici
1118 1702 1423 1755 duodenum
1448 1702 1623 1770 signat
1656 1702 1896 1763 ItOttOl‘is,

559 1794 682 1844 sive
712 1802 895 1859 quater
925 1794 1071 1845 dicas
1102 1802 1305 1857 ternos,
1338 1803 1418 1846 ter
1448 1794 1565 1846 sive
1593 1804 1904 1860 quaterntJS.

557 1885 794 1936 'l‘ramite
824 1885 1037 1938 diverso
1066 1884 1257 1935 callem
1286 1884 1612 1951 aggredieris
1644 1884 1919 1945 eumdem,

559 1975 831 2042 Septimus
860 1990 987 2041 ergo
1017 1975 1128 2027 suis
1148 1973 1453 2027 duodenum
1487 1974 1723 2040 partibus
1750 1974 1954 2040 explet,

562 2065 627 2115 I'It
660 2065 848 2117 merito
875 2072 897 2098 α
928 2064 1084 2117 modo
1116 2079 1220 2127 quo
1250 2075 1471 2130 septena
1502 2065 1822 2117 charismata
1857 2064 2055 2117 mundo

572 2154 911 2209 Excellenter
942 2155 1266 2222 apostolicus
1296 2158 1521 2221 primum
1552 2154 1719 2207 edidit
1744 2153 1877 2206 ordo

563 2247 703 2313 Ergo
728 2247 841 2298 dies
875 2248 1035 2300 rebus
1067 2248 1226 2299 tantis
1249 2247 1418 2299 electa
1446 2247 1720 2313 gerendis,

568 2336 821 2389 llortaiur
845 2336 1032 2405 dignos
1058 2351 1175 2391 sese
1201 2338 1437 2403 pra-bere
1469 2336 1761 2400 ministros,

565 2425 809 2481 DOCtrina
839 2428 957 2481 lidei
984 2442 1101 2480 cum
1126 2429 1250 2481 dote
1276 2426 1558 2493 Spit‘iluali.

639 2518 794 2572 Fessa
822 2535 1060 2575 eumcena
1089 2522 1264 2589 jugem
1297 2521 1512 2575 festinat
1541 2536 1789 2589 rumpere
1812 2522 1993 2595 linem,

565 2609 737 2663 Pauca
768 2612 1119 2665 reluctantem
1152 2624 1406 2667 revocant
1432 2614 1524 2665 sed
1549 2612 1677 2666 feria
1709 2622 1904 2679 vatem,

562 2702 776 2756 Sabbati
805 2704 975 2757 adhuc
999 2715 1209 2757 nosmet
1234 2720 1338 2757 non
1370 2705 1758 2759 contemnenda
1789 2713 2067 2759 morantur

564 2796 704 2858 Utia,
731 2810 846 2862 qua:
877 2808 1070 2865 cogunt
1100 2810 1288 2848 causas
1321 2810 1588 2864 exponere
1618 2805 1812 2860 tantas,

564 2885 671 2938 Cur
701 2900 803 2938 non
838 2901 935 2938 nos
956 2888 1074 2940 aliis
1100 2888 1256 2940 liceat
1278 2902 1491 2941 sacrare
1511 2888 1725 2951 diebus,

574 2976 739 3028 Error
762 2976 956 3043 quippe
989 2992 1153 3030 novus
1186 2990 1367 3031 nostro
1395 2979 1497 3032 sub
1525 2979 1737 3033 climate
1774 2995 1940 3051 nuper

573 3064 806 3119 Exortus
835 3066 1020 3135 serpit,
1054 3068 1135 3120 cui
1178 3070 1501 3136 respondere
1528 3079 1772 3124 coarctor
1803 3088 1814 3124 :

574 3153 703 3205 l'ont
733 3155 862 3207 lices
901 3156 1163 3223 siquidem
1193 3158 1356 3209 nostri
1387 3173 1493 3227 qua
1521 3157 1767 3213 Christus
1796 3161 2013 3215 Averno

569 3246 841 3313 Surrexit,
874 3247 1152 3302 celebrare
1192 3247 1281 3302 die
1316 3248 1430 3303 haec
1484 3252 1748 3306 solemnia
1794 3260 2034 3317 tentant,

565 3328 698 3397 Quis
734 3336 777 3386 si
821 3336 959 3387 nulla
995 3335 1132 3391 foret
1157 3354 1276 3405 quae
1309 3339 1456 3392 reddi
1485 3337 1644 3393 causa
1677 3342 1905 3406 valeret,

568 3420 757 3477 Debuit
783 3435 1056 3480 auctorata
1102 3438 1311 3492 patrum
1343 3430 1471 3483 satis
1497 3446 1617 3485 esse
1656 3442 1892 3488 vetustas
1914 3473 1931 3497 ,

563 3512 778 3566 Sabbati
821 3516 883 3567 ad
928 3516 1025 3569 ista
1074 3516 1215 3572 diem
1248 3534 1379 3586 quos
1395 3520 1576 3573 omnia
1593 3535 1803 3586 semper
1829 3523 2029 3591 agenda
2055 3566 2069 3590 ,

576 3602 858 3670 lielegasse
891 3606 1072 3673 liquet,
1107 3611 1468 3675 vespertinum
1500 3625 1713 3678 quoque
1736 3623 1962 3677 tempus.

565 3689 771 3746 Justum
799 3696 995 3764 quippe
1028 3707 1343 3763 putaverunt
1370 3699 1482 3752 bzec
1505 3702 1761 3766 temporis
1790 3701 1942 3754 hora.

563 3781 823 3836 Sacerdos
860 3787 1126 3838 tractanda
1157 3788 1347 3854 quibus
1377 3790 1455 3856 pia
1495 3791 1707 3844 victima
1751 3805 1996 3859 constat,

567 3870 828 3938 Tempore
857 3889 964 3942 quo
993 3886 1077 3930 est
1107 3878 1296 3930 eulem
1342 3889 1567 3932 mactata
1600 3882 1776 3936 crucis
1811 3898 1971 3951 super
1996 3902 2142 3941 aram

572 3960 819 4028 Victima,
852 3980 986 4033 quos
1026 3968 1145 4036 quia
1182 3966 1398 4037 jejunus
1428 3970 1542 4025 haec
1570 3988 1718 4025 sacra
1754 3988 2055 4043 repowunt.

565 4051 679 4106 Non
710 4063 835 4107 sunt
880 4056 978 4109 hac
1027 4058 1345 4111 celebranda
1379 4061 1464 4116 die
1492 4076 1593 4130 qua
1636 4065 1743 4116 vita
1785 4067 2008 4132 revixit,

562 4144 813 4211 Jejunare
844 4147 931 4200 die
965 4162 1078 4201 mos
1110 4151 1508 4205 ecclesiasticus
1543 4155 1663 4220 illo,

564 4237 698 4292 Nam
751 4238 996 4307 perlubet
1030 4242 1291 4310 quoniam
1339 4255 1491 4312 turpe
1537 4258 1617 4300 est
1659 4262 1888 4303 mtercre
1939 4252 2147 4305 redem-

1923 4351 2038 4405 pltis
2058 4384 2072 4406 ,

1500 4366 1507 4371 ‘
1923 4359 1937 4405 ι

568 4418 782 4472 Devicta
809 4435 932 4472 cum
963 4425 1133 4489 surgit
1173 4440 1359 4476 eorum
1393 4435 1562 4479 morte
1593 4340 1938 4497 RedemptoIr,

570 4509 803 4578 Vespere
827 4508 1041 4587 jejunos
1066 4514 1221 4581 igitur
1244 4530 1363 4568 cum
1400 4517 1518 4568 talia
1544 4529 1785 4583 poscant.

570 4601 901 4672 Prwfatoque
929 4604 1015 4657 die
1046 4609 1289 4673 cuiquam
1323 4606 1389 4659 sit
1416 4608 1844 4664 Christicolarum

566 4691 817 4762 Jejunare
844 4695 1015 4758 nefas,
1048 4697 1183 4748 alius
1216 4709 1486 4763 quaeratur
1512 4700 1574 4752 ad
1604 4702 1699 4753 ista
1720 4743 1734 4765 ,

569 4784 754 4847 Aptior
786 4799 848 4838 ac
890 4786 1069 4840 nullus
1100 4787 1228 4841 mihi
1263 4790 1599 4856 praecedente
1628 4794 1831 4847 videtur

570 4878 825 4939 Sabbato,
860 4879 910 4931 in
952 4878 1051 4933 hoc
1095 4881 1296 4933 etenim
1322 4882 1600 4950 vigilantes
1634 4898 1829 4938 censeo
1866 4900 2073 4950 servos,

574 4973 647 5023 Ac
674 4971 881 5023 sobrios
910 4988 922 5023 :
955 4970 1101 5040 larga
1142 4989 1352 5041 quoque
1390 4976 1691 5043 dapsilitate
1732 4978 1924 5045 piatos,

573 5059 839 5115 Victorem
866 5063 1160 5129 prazstolari
1198 5066 1263 5119 de
1305 5078 1595 5121 scammate
1625 5067 1890 5122 Christum
1917 5109 1930 5133 ,

574 5151 700 5219 Ejus
732 5151 782 5204 in
806 5166 1054 5221 occursu,
1083 5154 1377 5224 dignosque
1407 5172 1593 5225 parare
1617 5156 1909 5212 ministros.

642 5243 748 5297 Nec
774 5243 901 5298 illud
928 5260 1025 5299 nos
1053 5257 1356 5314 prietereat,
1389 5248 1529 5315 quod
1560 5249 1820 5314 septimus
1863 5250 1978 5303 istis

571 5335 695 5389 iure
722 5336 838 5389 dies
878 5337 1046 5390 sacris
1074 5337 1294 5406 antiquo
1318 5347 1400 5391 est
1431 5353 1581 5393 more
1610 5340 1835 5406 dicatus,

570 5423 700 5477 Nam
730 5427 977 5494 gradibus
1010 5427 1231 5481 totidem
1259 5428 1548 5496 reSpondet
1567 5429 1803 5485 calculus
1832 5431 1996 5497 idem,

645 5585 668 5647 ξ
704 5578 809 5641 ΑΙ..
838 5579 1109 5647 quomodo.

640 5643 664 5682 δ
702 5649 804 5710 AL,
836 5643 925 5716 qui
968 5659 1192 5716 propter.

640 5727 661 5752 ε
707 5720 810 5779 ΑΙ..
838 5730 880 5770 rt
913 5722 1043 5771 alter
1078 5719 1229 5773 idem.

1226 312 1427 366 ΜῖυίΕ
1474 309 1926 365 VENEllADlLlS
1964 307 2115 362 OPP.
2160 305 2337 363 PARS
2378 308 2461 360 lll.
2502 335 2571 346 —
2613 306 3093 363 PARAINETICA.

2150 424 2195 479 Α
2222 420 2435 487 Septem
2467 419 2661 489 quippe
2688 420 2882 489 gradus
2910 421 2963 473 hi
3001 429 3122 474 sunt
3150 436 3263 487 qu:e
3306 420 3406 475 hac
3432 421 3550 474 lure
3579 437 3802 475 sacran-

2174 4458 2223 4518 Ι)

3692 311 3800 364 6η

3568 510 3586 584 [
3611 523 3695 565 tur
3716 552 3733 575 ,

2224 599 2368 665 Quos
2398 600 2519 669 quia
2552 602 2864 670 perlongum
2895 610 2977 655 est
3003 617 3281 667 exponere
3326 603 3543 656 nomina
3571 611 3805 666 tantum.

2227 689 2476 744 Dicemus
2513 693 2763 759 quoniam
2791 692 2997 745 fastidia
3029 696 3177 759 longa
3210 708 3483 756 cavemus,

2225 779 2471 847 Claviger
2501 787 2557 833 et
2588 782 2776 843 lector,
2802 782 3087 843 exorcista,
3122 783 3528 851 acolythusque,

2229 867 2661 938 Hypodiaconus,
2692 880 2747 923 ct
2772 874 2923 923 levita
2966 882 3020 925 et
3047 875 3322 943 presbyter
3350 875 3479 941 ipse,

2302 961 2612 1013 Pontiltcein
2654 978 2783 1015 sane
2816 980 2918 1014 non
2951 964 3047 1016 ista
3082 966 3194 1029 lege
3222 968 3389 1017 teneri

2231 1053 2494 1120 Dicimus,
2527 1055 2649 1109 hinc
2676 1058 2873 1110 etenim
2900 1058 3084 1109 festiva
3123 1060 3238 1113 luce
3266 1060 3452 1121 dicari.

2230 1143 2455 1198 Maxime
2480 1161 2583 1213 qua
2615 1145 2859 1200 Christus
2903 1148 3026 1201 laeto
3064 1154 3296 1203 surrexit
3326 1159 3561 1218 Oportet,

2229 1234 2394 1301 Cujus
2440 1239 2489 1288 in
2524 1238 2761 1290 Ecclesia
2796 1254 3081 1306 personam
3119 1243 3257 1293 ferre
3292 1244 3518 1305 videtur,

2235 1326 2450 1380 flet-tius
2478 1342 2605 1394 ergo
2644 1330 2728 1381 die
2758 1345 2865 1397 quo
2904 1330 3278 1384 soblmahitur
3308 1333 3428 1394 iste,

2231 1419 2400 1483 Quam
2432 1434 2538 1485 quo
2570 1419 2813 1471 sublimis
2840 1421 2905 1473 de
2946 1430 3116 1475 morte
3149 1426 3436 1476 revertitur
3462 1424 3551 1479 ille
3578 1442 3593 1476 :

2234 1506 2303 1560 Ut
2331 1508 2406 1560 sic
2438 1509 2690 1561 Ecclesia:
2727 1511 2928 1562 relevet
2961 1526 3101 1565 nunc
3131 1512 3233 1565 iste
3264 1514 3522 1579 dolorem,

2236 1597 2383 1651 Sicut
2415 1600 2764 1664 apostolicum
2799 1608 2925 1656 tuoc
2949 1603 3151 1670 depulit
3180 1604 3271 1657 ille
3300 1606 3572 1671 timorem,

2239 1687 2301 1739 Et
2330 1689 2474 1741 velut
2507 1690 2591 1742 ille
2615 1706 2901 1758 resurgens
2931 1694 3253 1747 exhilaravit
3287 1695 3508 1759 amiCos,

2166 1764 2210 1822 Β
2239 1778 2325 1831 Sic
2354 1780 2452 1832 sibi
2481 1782 2798 1835 commissos
2832 1784 2916 1836 hic
2958 1801 3095 1837 nunc
3126 1788 3329 1839 soletur
3376 1790 3645 1851 alii-unus,

2235 1871 2619 1927 Constatenitn
2657 1880 2778 1943 quia
2807 1893 2925 1930 cum
2962 1880 3173 1933 decedit
3213 1883 3295 1947 cpi
3330 1898 3492 1949 copiis
3526 1883 3745 1949 isdiinc,

2237 1961 2501 2018 Abscessu
2532 1966 2719 2032 capitis
2744 1969 2942 2021 lrislari
2969 1972 3202 2023 membra
3235 1988 3454 2026 nercsse
3486 1984 3566 2027 est
3586 2016 3601 2039 ,

2236 2050 2475 2121 Cumque
2521 2056 2845 2110 reformatur
2871 2061 3046 2112 divina
3085 2070 3231 2114 sorte
3258 2078 3289 2112 v
3314 2072 3506 2126 reatus,

2242 2142 2377 2195 Ecce
2400 2145 2603 2199 alacres
2642 2148 2818 2200 cuncti
2854 2152 3027 2217 pusilo
3054 2166 3285 2206 ιιιωτοτθ
3310 2154 3599 2218 resultant,

2240 2236 2554 2300 Surgentem
2588 2238 2730 2290 velut
2771 2240 3042 2306 excipiant
3070 2244 3134 2295 de
3164 2243 3349 2298 funere
3389 2245 3679 2309 Christum,

2244 2323 2268 2361 δ
2299 2328 2633 2395 Οιιειρτονιει·
2668 2332 2910 2399 quisquis
2942 2335 3172 2387 defuncti
3204 2336 3254 2387 in
3285 2336 3412 2390 sede
3444 2341 3667 2401 locatur,

2244 2414 2352 2469 llac
2375 2418 2527 2470 nobis
2551 2422 2757 2473 ratione
2787 2422 2995 2477 videtur
3040 2437 3059 2463 ε
3096 2440 3146 2477 et
3176 2428 3310 2478 alter
3334 2438 3387 2478 et
3408 2427 3567 2481 idem.

2313 2507 2417 2562 Nec
2449 2509 2574 2563 illud
2609 2516 2814 2567 ratione
2846 2530 3001 2569 reare
3031 2531 3218 2572 carere
3241 2520 3355 2571 dies
3382 2520 3521 2587 quod

2244 2597 2452 2652 Primus
2475 2611 2529 2655 et
2557 2613 2776 2656 octavus
2807 2606 3036 2660 suffecto
3077 2624 3304 2674 praesule
3334 2611 3545 2675 gaudet,

2242 2689 2441 2743 Urdine
2477 2692 2570 2760 qui
2602 2702 2821 2747 octavus
2852 2706 3054 2763 peistat
3081 2698 3174 2751 sed
3212 2700 3445 2752 culmine
3485 2701 3708 2769 primus,

2244 2780 2457 2849 Septem
2500 2785 2697 2850 quippe
2723 2785 2921 2852 gradus
2955 2789 3205 2854 prmlatos
3228 2791 3446 2843 scandat
3473 2800 3706 2860 oportet.

2246 2877 2370 2931 Post
2399 2888 2545 2932 tanto
2575 2880 2832 2948 primatus
2862 2882 3113 2937 sublimet
3143 2893 3199 2937 ut
3228 2884 3449 2940 honore.

2246 2970 2384 3023 Ecce
2409 2977 2587 3039 typum
2617 2987 2829 3040 qucque
2860 2974 2963 3027 fert
2989 2984 3044 3028 et
3072 2976 3123 3027 in
3154 2976 3254 3028 hoc
3281 2979 3507 3029 antistes
3538 2976 3651 3030 Iesu
3671 3017 3685 3040 ,

2246 3057 2360 3112 Non
2391 3068 2593 3112 tantum
2621 3062 2760 3127 quod
2789 3071 2961 3117 morte
2984 3063 3072 3118 die
3101 3065 3197 3118 hac
3223 3068 3516 3119 surrexerit
3548 3066 3655 3127 ille.

2253 3148 2446 3203 Verum
2498 3151 2697 3204 idcirco
2724 3154 2811 3206 die
2840 3152 3084 3207 Christus
3122 3154 3353 3209 surrexit
3394 3159 3443 3210 in
3477 3159 3599 3220 ista,

2248 3241 2316 3295 Ut
2343 3238 2370 3277 ’³
2403 3252 2579 3309 pateat
2604 3243 2729 3311 quia
2752 3242 3069 3311 principium
3099 3246 3167 3298 sit
3192 3246 3311 3299 finis
3338 3255 3392 3300 et
3424 3250 3556 3313 ipse,

2246 3330 2322 3383 Es
2364 3346 2468 3401 quo
2512 3341 2703 3386 cuncta
2743 3334 2942 3400 ﬂuunt,
2984 3335 3050 3388 ad
3108 3337 3355 3390 eumdem
3395 3349 3582 3391 concta
3640 3354 3818 3392 recur-

3565 3428 3742 3501 [runt,

2250 3512 2462 3567 Primus
2492 3524 2540 3569 et
2572 3526 2813 3580 octavus,
2846 3518 2966 3586 qiiia
2993 3520 3248 3574 Conditor
3278 3532 3434 3585 atquc
3470 3522 3675 3576 Beator.

2248 3604 2362 3673 Ipse
2390 3606 2590 3661 creavit
2621 3609 2762 3660 enim
2815 3610 2928 3677 ipse
2960 3624 3143 3663 ()CIavn
3176 3624 3333 3666 aetate
3375 3616 3572 3669 beabit.

2320 3698 2425 3751 Vos
2448 3714 2600 3768 rogo,
2636 3708 2895 3766 pastores,
2928 3702 3196 3756 subtiliter
3241 3704 3581 3771 inspicientes

2250 3787 2303 3840 ln
2332 3799 2533 3856 quanto
2564 3805 2657 3843 vos
2676 3792 2922 3846 Christus
2952 3794 3155 3848 honore
3188 3796 3390 3861 locarit,
3421 3810 3474 3851 at
3505 3802 3674 3866 ipsum

2246 3878 2508 3933 Collatum
2531 3896 2716 3935 rursus
2752 3897 2857 3951 quo
2891 3885 3033 3938 fasce
3061 3898 3292 3954 gravant
3327 3892 3605 3946 honorent.

2248 3972 2336 4027 Sic
2364 3974 2537 4041 gregis
2562 3982 2676 4027 este
2700 3988 2879 4043 caput,
2912 3979 3107 4031 summi
3141 3991 3195 4031 ut
3231 3984 3254 4012 θ
3300 3980 3531 4035 Pastoris
3557 3983 3748 4039 adesse

2251 4065 2483 4117 Membra
2511 4068 2739 4133 queatis,
2766 4079 2824 4119 ut
2852 4085 2915 4121 ex
2948 4069 3052 4122 illis
3077 4085 3181 4124 non
3212 4084 3405 4139 vestra,
3430 4074 3522 4128 sed
3564 4075 3679 4144 ejus

2251 4156 2415 4208 Lucra
2436 4158 2770 4225 requirentes
2800 4157 2869 4211 ab
2902 4161 3090 4214 eodem
3124 4177 3318 4230 pascua
3347 4166 3469 4217 vitm

2249 4249 2473 4302 Sumere
2505 4251 2718 4316 possitis
2739 4291 2753 4315 ,
2795 4252 3083 4307 commissa
3118 4256 3271 4320 plelie
3296 4268 3567 4325 sequente,

2248 4338 2360 4391 Non
2385 4355 2477 4393 vos
2511 4342 2585 4393 ira
2617 4350 2793 4396 truces
2832 4346 3038 4408 reddat,
3076 4363 3178 4399 non
3222 4349 3385 4417 gratia
3433 4352 3641 4419 molles,

2249 4430 2392 4494 Quos
2413 4430 2653 4484 Christus
2680 4444 2865 4487 evocat
2888 4435 3029 4499 lano,
3064 4452 3157 4489 vos
3187 4440 3374 4492 solvite
3408 4441 3602 4496 vinclo.

2257 4518 2459 4571 Pascite
2490 4535 2624 4586 pane
2651 4537 2865 4591 gregem
2901 4525 3105 4579 Dcioini
3138 4543 3278 4583 nunc
3304 4532 3586 4598 spirituali,

2255 4609 2511 4677 Angelico
2538 4626 2632 4663 vos
2678 4628 2811 4679 pauc
2841 4613 2940 4667 frui
2968 4618 3225 4670 concedat
3255 4630 3313 4672 ut
3354 4620 3461 4685 ille,

2256 4697 2508 4768 Exemplo
2539 4717 2690 4769 mage
2734 4718 2891 4769 quam
2922 4719 3171 4761 sermone
3210 4710 3439 4777 gerenda
3476 4712 3677 4780 jubete,

2252 4790 2399 4845 'l'unc
2420 4804 2563 4847 recto
2588 4795 2653 4847 ad
2687 4794 2844 4848 vitam
2869 4796 3077 4851 ducetis
3105 4800 3238 4854 calle
3269 4803 3497 4856 futuram
3517 4844 3533 4867 ,

2248 4879 2303 4934 Si
2329 4880 2483 4937 factis
2514 4884 2658 4937 illam
2694 4888 2958 4941 moneatis
2986 4898 3043 4943 et
3068 4903 3163 4943 ore
3190 4894 3491 4957 petendam,

2250 4972 2433 5028 Gallus
2460 4976 2532 5029 uti
2564 4978 2791 5045 propriis
2820 4988 2990 5034 semet
3021 4983 3166 5049 prius
3194 4985 3388 5037 excitat
3425 4986 3544 5051 alis,

2249 5064 2338 5117 Sic
2368 5068 2579 5121 demum
2609 5084 2816 5123 aurora:
2855 5074 3118 5128 venientis
3146 5076 3385 5143 pra-ciunt
3413 5090 3610 5140 ortum,

2248 5156 2333 5209 Sic
2357 5158 2421 5209 ad
2452 5159 2651 5226 agenda
2703 5174 2917 5215 manum
2972 5169 3165 5231 praesul
3210 5185 3327 5235 qua:
3357 5168 3552 5222 dixerit
3592 5186 3705 5235 ore,

2251 5244 2449 5301 Exerat
2479 5250 2592 5319 ipse
2623 5253 2787 5319 prior,
2820 5253 2947 5307 mihi
2973 5265 3095 5310 tunc
3134 5262 3316 5313 audire
3346 5260 3545 5325 libebit,

2250 5337 2438 5393 Munus
2478 5341 2544 5393 ab
2574 5357 2668 5396 ore
2700 5360 2965 5415 manuque
2992 5357 3170 5417 patres
3215 5355 3561 5419 contemnite,
3592 5368 3815 5424 quzuo;

2251 5427 2533 5484 Excaecant
2559 5431 2719 5487 etiam
2746 5437 3011 5502 sapientes
3047 5442 3200 5495 xenia
3228 5443 3437 5507 crebra,

2318 5588 2343 5628 δ
2369 5591 2483 5658 AL,
2509 5605 2703 5658 pareat.

2319 5670 2345 5697 ⁸
2376 5665 2483 5729 ΛΙ.,
2508 5666 2718 5732 pastori.
