4220 6454
373 318 480 372 615

373 428 608 483 Simonis
640 427 882 492 exitium,
921 426 1119 492 lepram
1144 424 1309 476 vitate
1342 421 1467 485 lezi,

373 516 608 570 Callidus
640 517 740 569 iste
770 530 980 569 sacrum
1011 511 1110 566 sibi
1144 512 1374 565 Pneuma
1422 507 1618 576 putavit
1649 506 1953 572 emendum,

373 609 599 663 Cltarins
643 607 827 663 infelix
862 605 1002 675 qttod
1035 613 1215 673 posset
1254 603 1488 657 vendere
1516 598 1718 662 multis,

374 700 632 766 Quodque
662 698 799 753 Dens
824 697 989 764 gratis
1031 695 1209 759 offert,
1239 695 1421 746 venale
1449 693 1672 762 putavit,

378 792 526 849 Unde
550 793 712 845 miser
732 788 967 843 barathri
993 788 1255 840 dimersns
1300 785 1363 838 ad
1401 785 1504 837 ima
1536 781 1782 851 profurdi

376 882 654 946 Truditur,
684 876 893 932 inferno
920 876 1043 931 dum
1082 875 1441 944 prmcipitatur
1470 875 1537 926 ab
1562 874 1691 934 alto,

374 973 561 1027 Sidera
594 974 681 1040 qui
708 971 921 1024 levitate
947 977 1133 1035 petens
1163 967 1213 1019 in
1245 965 1461 1018 Tartara
1486 965 1707 1017 demens
1730 1005 1742 1025 ,

373 1062 588 1117 Corruit
608 1060 798 1115 ablatis
823 1057 1081 1127 nequiens
1104 1057 1337 1111 incidere
1368 1056 1584 1123 plantis,

377 1153 513 1209 Dom
548 1154 685 1206 male
709 1151 922 1203 collatis
951 1149 1115 1202 altum
1148 1147 1279 1216 petit
1310 1149 1508 1201 mtliera
1534 1146 1742 1214 pennis.

376 1248 530 1302 Alter
556 1258 604 1299 et
634 1245 746 1312 ipse
777 1258 955 1311 parem
972 1240 1195 1295 molitus
1223 1248 1405 1293 texere
1436 1237 1671 1290 fraudem
1691 1277 1705 1297 ,

378 1336 642 1393 Indultam
677 1336 816 1403 larga
863 1332 1071 1399 Domini
1104 1331 1302 1397 pietate
1332 1330 1555 1382 salutem

382 1429 622 1499 Accipio,
657 1426 827 1495 pretio
851 1425 975 1479 dum
1010 1424 1182 1494 gliscit
1209 1421 1434 1475 Vendere
1466 1420 1669 1481 morbo,

378 1522 498 1588 Quo
544 1520 714 1574 fuerat
743 1520 829 1587 qui
860 1516 1048 1585 dignus
1078 1523 1194 1569 erat
1220 1516 1486 1582 relevatus
1516 1512 1738 1572 eodem;

374 1612 626 1666 Multatur
658 1616 764 1664 tota
788 1623 907 1662 cum
936 1608 1245 1674 posteritate
1272 1603 1532 1657 misellus.

376 1702 501 1757 Iltec
526 1702 722 1771 iugiter
751 1699 1029 1753 metuenda
1065 1707 1243 1766 patres
1270 1694 1515 1763 exempla
1547 1701 1753 1756 cavete.

380 1794 554 1848 Munia
578 1793 694 1859 quis
723 1790 1008 1859 imponatis
1041 1788 1353 1858 perpendite
1380 1800 1553 1849 sacra,

373 1884 536 1939 Justis
560 1899 625 1938 ne
652 1882 1011 1937 subducentes
1040 1879 1289 1933 tribuatis
1326 1877 1521 1944 iniquis
1545 1916 1558 1939 ,

377 1980 530 2047 Saepe
569 1985 911 2031 recensentes
937 1988 1177 2028 summus
1206 1972 1344 2039 quod
1377 1970 1573 2024 doctor
1600 1969 1815 2021 alunmo

382 2070 647 2138 Praecipit,
681 2078 738 2121 ιιι
767 2068 895 2122 nulli
927 2067 1085 2121 citius
1111 2063 1445 2130 necdumque
1475 2063 1695 2129 probato

381 2159 708 2229 Imponenda
736 2172 927 2212 manus
974 2156 1147 2226 pravis
1175 2155 1534 2209 communicet
1565 2153 1719 2217 actis,

379 2255 467 2307 Sic
497 2262 550 2306 et
579 2267 672 2305 vos
705 2251 802 2304 nisi
828 2251 1088 2304 discussis
1118 2248 1365 2302 examine
1398 2246 1555 2312 longo

379 2348 541 2400 Sacra
566 2344 846 2398 ministerii
874 2343 1211 2397 committere
1230 2341 1349 2410 jura
1373 2350 1574 2394 cavete.

379 2438 455 2493 Ne
483 2437 611 2491 mibi
643 2444 977 2499 succensete,
1011 2449 1219 2504 precor,
1252 2444 1432 2502 patres
1455 2428 1761 2493 venerandi,

381 2528 618 2585 Morbida
652 2538 892 2594 pastores
918 2527 1056 2596 quod
1078 2527 1197 2580 ovis
1229 2538 1494 2590 prtesumo
1528 2536 1765 2574 monere.

381 2618 590 2686 Saepius
619 2616 967 2685 Omnipotens
989 2613 1290 2684 junioribus
1318 2612 1498 2666 abdita
1543 2610 1742 2678 pandit,

380 2709 518 2777 Lege
542 2721 640 2761 nec
665 2715 904 2761 arctatur
934 2705 1143 2758 divinus
1188 2703 1414 2771 Spiritus
1446 2701 1547 2754 ulla
1571 2742 1584 2762 ,

378 2798 671 2853 Consilium
702 2797 917 2851 domino
945 2810 1181 2863 persaepe
1206 2795 1293 2847 dat
1326 2794 1451 2846 utile
1487 2805 1673 2845 servus

379 2890 481 2945 Ista
508 2905 601 2957 per
629 2902 905 2943 excessum
931 2888 998 2940 de
1029 2886 1273 2956 prmsulis
1299 2886 1486 2937 ordine
1515 2883 1653 2936 dicta

379 2981 674 3045 Sufficiam,
728 2979 940 3033 tandem
976 2979 1259 3032 redeamus
1298 2976 1363 3029 ad
1399 2973 1721 3028 intermissa.

383 3073 673 3129 Dicendum
702 3070 828 3140 quid
855 3069 981 3124 velit
1007 3068 1107 3122 sibi
1135 3069 1293 3121 lectio
1334 3067 1534 3133 paucis.

382 3164 650 3232 Septimus
674 3162 774 3215 iste
797 3160 913 3215 dies
951 3159 1171 3213 sibimet
1200 3172 1360 3227 quam
1393 3155 1627 3209 vindicat
1657 3168 1815 3220 unus,

382 3253 532 3320 Quod
562 3264 764 3320 septem
795 3252 1031 3319 requiem
1079 3249 1359 3317 designent
1396 3261 1538 3314 same
1563 3246 1809 3307 relatum,

388 3352 482 3403 Ast
510 3348 656 3417 operi
684 3362 842 3401 senos
866 3355 1109 3414 aptamus
1140 3341 1538 3405 convenienter,

387 3441 497 3494 Iloc
529 3438 723 3493 etenim
780 3450 1004 3490 numero
1043 3434 1214 3487 bonus
1244 3431 1421 3485 omnia
1459 3429 1698 3485 condidit
1740 3430 1958 3491 Auctor,

384 3532 586 3588 Saecula
626 3532 995 3585 discreverunt
1025 3527 1171 3582 senis
1199 3526 1444 3579 aetatibus
1473 3525 1593 3588 ista,

398 3624 451 3677 In
480 3623 669 3693 quibus
696 3621 910 3676 assiduo
939 3617 1152 3688 requies
1173 3617 1434 3686 speranda
1464 3614 1682 3679 laboris,

390 3719 494 3770 [Nec
521 3730 651 3770 sane
673 3716 839 3769 series
869 3724 951 3767 est
982 3710 1369 3766 contemnenda
1405 3717 1666 3761 tomorum
1700 3723 1714 3759 :

387 3810 647 3874 Quattuor
673 3816 798 3860 ante
826 3819 978 3859 sacra
1007 3819 1162 3873 quam
1192 3802 1525 3857 consecratio
1553 3800 1673 3863 fiat;

388 3900 580 3967 Quinta
607 3898 706 3954 sub
731 3897 953 3952 articqu
979 3897 1281 3951 decurritur
1316 3894 1519 3949 ordinis
1545 3894 1693 3960 ipso;

390 3992 546 4045 Sexta
574 3988 762 4042 diurna
802 3996 1001 4051 manet,
1037 3987 1198 4041 solito
1220 4002 1335 4055 quae
1363 4000 1510 4039 more
1536 3985 1782 4038 refertur.

392 4084 654 4150 Quattuor
675 4096 768 4134 ore
794 4079 986 4149 gradus
1015 4080 1220 4132 monuit
1257 4077 1532 4129 l’salmista
1557 4089 1753 4129 canoro
1776 4115 1791 4138 ,

391 4171 660 4241 Prazcipua
684 4186 895 4239 semper
918 4169 1237 4223 benedicere
1261 4167 1415 4221 laude
1436 4166 1755 4230 Tonantem,

393 4263 553 4319 Israel
585 4264 871 4328 Aaronque
900 4262 1140 4326 domum,
1170 4259 1297 4312 Levi
1321 4272 1553 4326 quoque,
1581 4272 1789 4311 necnon

395 4354 783 4423 thuicunque
814 4351 1000 4405 timent
1044 4350 1325 4403 Dominum
1368 4350 1435 4401 de
1462 4347 1710 4415 gentibus
1737 4348 1859 4403 illis.

394 4448 550 4501 Israel
576 4446 794 4502 Hebraea
823 4447 998 4514 signat
1026 4443 1094 4497 de
1116 4443 1273 4511 plebe
1299 4450 1540 4505 vocatos,

394 4540 677 4593 Pontifices
702 4552 886 4591 sacros
915 4538 1091 4590 Aaron
1122 4534 1313 4588 domus
1340 4532 1535 4602 inclyta
1566 4532 1767 4599 pandit,

396 4628 661 4698 Exprimit
687 4639 742 4682 at
780 4628 1018 4696 reliquos
1068 4624 1191 4678 Levi
1222 4623 1414 4677 domus
1459 4621 1634 4689 ampla
1676 4619 1966 4684 ministros,

396 4728 461 4775 At
493 4721 774 4775 Dominum
808 4727 1050 4772 metuens
1082 4716 1345 4770 vocitatur
1374 4721 1567 4767 caetera
1617 4711 1797 4780 plebes

396 4814 616 4878 Omnis;
646 4812 697 4864 in
730 4809 811 4863 his
839 4817 1019 4862 autem
1051 4806 1297 4861 consistit
1327 4805 1482 4859 turba
1512 4804 1700 4866 fidelis,

402 4904 581 4958 Lectio
611 4903 751 4972 quod
778 4901 951 4972 signat
986 4899 1293 4968 praecedens
1322 4899 1421 4952 rite
1446 4906 1723 4965 quaterna.

406 4999 496 5050 lla:
519 5010 733 5065 quoque
760 5002 1032 5048 mutantur
1062 5007 1157 5061 per
1189 5002 1423 5060 tempora
1450 4997 1699 5058 quattuor
1718 4986 1863 5050 anni,

401 5088 865 5158 Temporibusque
889 5088 1138 5154 leguntur
1163 5084 1365 5140 eisdem
1388 5081 1791 5138 convenientes.

401 5180 591 5244 Quinta
615 5191 828 5245 semper
853 5176 1039 5231 eadem
1068 5175 1321 5230 recitatur
1349 5182 1405 5227 et
1426 5170 1617 5227 ordine
1642 5169 1864 5233 eodem;

406 5270 554 5325 Unde
576 5270 738 5339 liquet
767 5268 1019 5338 quoniam
1051 5267 1115 5321 ad
1158 5277 1367 5335 tempus
1391 5281 1494 5320 non
1521 5264 1622 5318 ista
1653 5264 1900 5318 refertur.

410 5359 550 5429 Ergo
580 5359 725 5414 viros
747 5365 956 5428 spectat
980 5357 1286 5426 specialiter
1314 5358 1411 5411 ista
1438 5354 1748 5421 sacrandus,

404 5452 652 5507 Ardentis
682 5465 928 5507 reserans
956 5450 1201 5505 incendia
1227 5464 1366 5504 satva
1394 5449 1608 5513 camini,

404 5543 722 5612 Quisjustos
752 5544 920 5597 hostis
952 5541 1473 5610 perstabatadurere
1494 5551 1692 5593 saevus.

404 5636 701 5705 Stinguitur
731 5636 871 5690 haud
900 5646 1080 5690 tamen
1122 5635 1205 5689 liis
1231 5633 1393 5688 divini
1417 5632 1599 5687 fervor
1625 5631 1843 5697 amoris,

407 5730 447 5781 Δ
477 5743 580 5796 quo
609 5728 749 5783 nulla
782 5726 893 5797 pios
937 5735 1148 5782 revocat
1180 5722 1453 5793 stipulatio
1483 5721 1664 5778 mundi
1694 5739 1709 5785 ;

1412 308 1600 363 SECT.
1645 306 1729 361 IlI.
1776 334 1842 345 ——
1881 302 2207 359 CARMINA.
2252 332 2322 343 —
2361 301 2592 357 IIYMNI.

3534 315 3636 368 (ΕΗ

1989 419 2029 472 Α
2064 412 2125 467 Et
2149 415 2390 484 quamvis
2435 415 2698 470 instanter
2726 432 2819 472 eos
2850 429 2969 473 trux
3002 432 3186 490 urgeat
3218 422 3407 487 hostis,

2066 505 2279 573 Ignibus
2311 506 2540 560 assiduis
2568 510 2818 562 vitiorum
2854 512 3035 566 fomite
3065 515 3247 582 pastis,

2063 596 2269 664 Quique
2300 597 2409 651 Deo
2431 596 2575 667 digni
2608 600 2848 655 existunt
2880 605 3133 673 illumque
3163 616 3465 676 precantur,

2063 684 2232 754 Ipsius
2264 688 2463 740 auxilio
2497 693 2676 754 procul
2704 691 2854 759 ignea
2882 697 2982 746 tela
3014 699 3311 763 repellunt;

2066 775 2129 828 Et
2159 776 2285 828 licet
2312 777 2399 830 ille
2427 778 2542 831 deis
2574 784 2837 834 cervicem
2866 784 3080 839 ﬂectere
3113 789 3256 841 falsis

2063 863 2315 930 Suadeat,
2350 878 2404 920 ut
2432 884 2572 922 nunc
2598 882 2846 925 narratur
2870 876 3060 930 fecisse
3089 890 3364 948 tyrannus.

2061 954 2266 1023 Cogere
2300 959 2363 1010 ad
2396 959 2532 1013 istttd
2557 976 2648 1015 eos
2681 964 2823 1016 nulla
2859 966 3062 1022 ratioiie
3089 981 3345 1037 potestur,

2067 1046 2128 1099 lit
2157 1063 2292 1117 quos
2324 1050 2464 1102 nulla
2496 1052 2594 1105 sibi
2636 1059 2923 1121 prosternit
2961 1059 3073 1114 dira
3103 1063 3310 1133 Cupido
3331 1108 3344 1130 ,

2062 1138 2168 1191 Nec
2194 1141 2463 1207 sculptum
2491 1144 2683 1224 blanda
2717 1158 3042 1203 venerantur
3084 1152 3312 1222 imagine
3343 1174 3641 1218 nummum.

2062 1229 2139 1280 Ail
2182 1230 2321 1294 quod
2372 1233 2688 1300 signandum
2721 1251 2835 1288 mos
2866 1247 2949 1291 est
2986 1240 3083 1295 Itac
3114 1244 3165 1295 in
3223 1261 3378 1309 prece
3407 1265 3642 1319 semper,

2065 1318 2137 1369 lix
2168 1319 2252 1371 illa
2285 1334 2403 1388 qua:
2431 1332 2513 1375 est
2542 1324 2709 1389 edita,
2738 1338 2855 1393 post
2895 1330 3149 1401 illamque
3182 1336 3429 1404 refertur,

2062 1404 2287 1462 Erectus
2316 1419 2479 1477 atque
2509 1425 2710 1469 Stantes
2737 1431 2891 1471 orare
2925 1419 3127 1486 fideles,

2062 1494 2167 1548 Nec
2187 1512 2357 1564 genua
2387 1501 2451 1553 ad
2500 1513 2693 1557 terram
2724 1517 2878 1561 curat
2908 1509 3178 1577 deponere
3205 1517 3511 1586 quisquam,

2060 1584 2189 1638 Cum
2222 1589 2444 1656 reliquis
2469 1595 2717 1648 studeant
2750 1598 2851 1652 ltoc
2882 1615 3209 1667 preconante
3228 1584 3500 1675 ministro,

2064 1675 2350 1744 Poplitibns
2378 1682 2531 1735 flexis
2566 1688 2825 1755 stratique
2859 1692 2976 1744 solo
3020 1704 3177 1747 tenus
3208 1701 3355 1753 omni

1992 1767 2032 1825 Β
2063 1765 2301 1835 Corpore
2330 1774 2564 1827 contrito
2592 1774 2870 1832 Dominum
2903 1797 3117 1851 quoque
3156 1790 3317 1843 corde
3345 1794 3573 1859 precari.

2062 1855 2130 1911 Ut
2159 1869 2334 1925 pateat
2355 1862 2609 1917 distantia
2638 1880 2835 1933 quanta
2866 1873 2935 1925 sit
2976 1876 3116 1929 inter
3143 1892 3327 1933 eorum

2060 1948 2385 2019 Illurnmque
2415 1969 2624 2023 preces,
2651 1960 2739 2027 qui
2771 1966 2989 2016 numina
3038 1967 3166 2021 falsa
3199 1984 3476 2041 verentur,

2058 2037 2190 2092 Cum
2222 2046 2486 2109 prosterni
2517 2048 2589 2100 illi
2623 2051 2894 2117 dicuntur,
2919 2066 3062 2110 stare
3089 2068 3271 2114 vo'unt
3310 2063 3382 2117 lti.

2065 2132 2170 2186 Sed
2194 2135 2315 2201 quia
2349 2135 2582 2193 fornacis
2613 2142 2671 2194 fit
2701 2147 2906 2199 mentio
2931 2164 3146 2213 semper
3177 2154 3227 2205 in
3257 2158 3392 2222 istis,

2060 2220 2348 2302 Ordinibus
2380 2228 2508 2284 libet
2529 2231 2807 2303 indignare
2831 2241 2970 2306 quod
3003 2243 3127 2296 inde
3151 2220 3411 2313 queamus

2063 2314 2312 2387 Elicere,
2365 2319 2506 2375 ltaud
2552 2333 2656 2377 tam
2706 2329 2899 2383 crebra
2952 2332 3164 2390 iteratio
3202 2352 3352 2394 cassa
3413 2344 3645 2409 putanda

2062 2498 2248 2554 Nullus
2272 2501 2339 2556 ad
2364 2503 2596 2560 officium
2627 2510 2793 2565 divini
2823 2515 3081 2570 accedere
3110 2520 3284 2573 cultus
3434 2431 3449 2503 [
3473 2443 3572 2488 εει.

2064 2588 2180 2679 Iiite
2213 2603 2387 2658 potest
2417 2610 2579 2664 quem
2616 2615 2719 2653 non
2754 2607 2978 2657 tentatio
3027 2606 3138 2660 (lira
3174 2611 3429 2679 probarit,

2064 2678 2187 2734 IIa'c
2217 2696 2321 2735 non
2357 2684 2627 2741 immerito
2653 2689 2881 2745 flammis
2907 2696 3113 2764 signata
3144 2700 3357 2763 camini,

2064 2775 2356 2826 Attestatur
2384 2777 2524 2828 idem
2566 2780 2855 2847 Scriptura:
2888 2789 3076 2852 pagina
3110 2802 3275 2843 Sacra:
3310 2808 3323 2843 :

2067 2860 2167 2915 Vas
2197 2864 2360 2917 veluti
2391 2866 2627 2922 Samium
2663 2872 2850 2926 fornax
2888 2880 3157 2933 examinat
3197 2897 3381 2947 urens,

2064 2951 2210 3005 Ilaud
2240 2956 2396 3009 aliter
2416 2958 2617 3026 justum
2648 2966 2873 3018 tentatio
2903 2982 3096 3037 purgat
3124 2973 3336 3035 acerba,

2066 3043 2172 3097 hec
2199 3046 2338 3113 quod
2360 3049 2522 3118 elegit
2546 3050 2804 3107 Dominus
2828 3059 3184 3114 succumbere
3212 3071 3428 3129 norunt,

1988 3126 2035 3189 C
2069 3132 2185 3200 Ipse
2216 3139 2413 3190 etenim
2448 3142 2585 3194 vires
2616 3143 2666 3194 in
2700 3158 2759 3196 se
2791 3146 3078 3201 fidentibus
3104 3150 3268 3214 addit,

2063 3224 2162 3289 Qui
2195 3240 2316 3279 cum
2347 3230 2576 3283 victores
2604 3231 2801 3287 fuerint
2824 3241 3158 3303 certaminis,
3189 3252 3237 3292 ut
3264 3242 3375 3310 jam

2066 3317 2276 3388 Ignibus
2305 3325 2576 3377 excelsum
2609 3328 2818 3381 valeant
2849 3330 3068 3386 laudare
3104 3335 3313 3401 Sopitis,

2061 3407 2464 3481 Jucnndumque
2497 3415 2605 3469 Deo
2633 3419 2761 3470 relio
2780 3434 2856 3473 ire
2885 3422 3110 3475 fideliter
3135 3424 3417 3492 hymnum.

2067 3498 2184 3555 Rite
2210 3503 2520 3557 ministeriis
2550 3517 2771 3573 possunt
2798 3512 3031 3577 aptarier
3065 3516 3240 3580 almis,

2065 3590 2238 3644 Munia
2275 3608 2378 3646 non
2421 3596 2524 3648 illis
2544 3597 2699 3651 aliter
2732 3602 3068 3657 committere
3101 3613 3243 3658 tanta

2067 3683 2303 3751 Censeo,
2340 3687 2391 3739 ni
2418 3689 2587 3741 valida
2620 3693 2778 3744 veluti
2823 3692 3040 3748 fornace
3068 3699 3293 3765 probati,

2071 3776 2170 3830 Per
2191 3779 2384 3831 multos
2414 3779 2621 3835 discant
2648 3786 2886 3838 cteieStia
2917 3788 3065 3841 adire
3096 3788 3328 3857 labores,

2067 3867 2343 3935 Quatenus
2371 3881 2575 3939 :eterno
2601 3876 2874 3928 socientur
2904 3877 2955 3929 in
2989 3880 3188 3933 aethere
3218 3881 3344 3949 liegi
3364 3922 3379 3945 ,

2068 3954 2232 4024 Cujus
2255 3957 2339 4012 hic
2368 3960 2641 4028 obsequiis
2664 3964 2862 4017 devoto
2884 3968 3046 4022 corde
3076 3970 3401 4039 ministrant,

2069 4046 2275 4118 Quique
2297 4067 2421 4104 suos
2451 4068 2631 4107 secum
2661 4054 2776 4108 fore
2805 4057 2943 4109 dixit
2973 4059 3023 4110 in
3058 4074 3181 4114 arce
3210 4062 3505 4128 ministros,

2073 4142 2242 4196 lnnuit
2274 4147 2375 4199 lioc
2400 4146 2502 4200 illis
2534 4161 2746 4215 semper
2770 4150 3042 4217 prtemissa
3073 4152 3290 4219 Catnini,

2072 4234 2300 4300 Metilio,
2331 4237 2520 4290 deinde
2559 4253 2793 4307 sequens
2819 4240 3068 4295 extinctis
3119 4244 3329 4312 ignibus
3368 4246 3652 4319 hymnum,

2074 4327 2169 4383 Hic
2199 4329 2335 4384 bene
2369 4342 2655 4396 certantes,
2683 4335 2790 4387 illic
2821 4344 3042 4390 cantare
3069 4339 3299 4405 quietos.

2143 4420 2400 4475 Omnibus
2439 4437 2560 4492 erga
2592 4424 2708 4477 illos
2753 4425 2910 4491 igitur
2938 4426 3048 4495 jam
3090 4430 3189 4484 rite
3239 4433 3491 4499 peractis,

2000 4484 2044 4541 Β
2076 4512 2317 4568 Fulmine
2348 4530 2469 4569 mox
2502 4517 2697 4573 Paulus
2727 4517 2848 4572 illos
2880 4523 3079 4573 tonitru
3111 4523 3328 4591 excipit,
3362 4534 3560 4594 etque

2070 4606 2186 4661 Sint
2212 4609 2514 4677 peragenda
2554 4608 2749 4663 dehinc
2777 4612 3105 4681 ltortansque
3149 4615 3466 4682 minansque
3512 4632 3653 4683 pra:-

3424 4706 3560 4761 fatur

3424 4706 3560 4761 fatur

2074 4790 2138 4843 Et
2170 4801 2312 4845 recte
2343 4792 2740 4846 Testamentum
2786 4794 2943 4848 Vetus
2985 4802 3111 4849 ante
3153 4701 3489 4859 sacranditm,
3563 4748 3583 4775 θ

2077 4882 2201 4937 Inde
2226 4883 2431 4938 Novum
2468 4886 2659 4953 legitur
2686 4884 2896 4940 Domini
2921 4887 3032 4955 jam
3078 4889 3128 4940 in
3156 4896 3302 4942 sorte
3326 4888 3585 4955 redactis,

2075 4974 2475 5029 Admoneantur
2505 4975 2580 5029 ttti
2614 4976 2775 5031 vitam
2808 4992 3093 5045 moresque
3120 4993 3339 5045 novare,

2076 5070 2249 5135 Atque
2274 5080 2465 5119 novum
2487 5076 2669 5121 vetere
2691 5070 2836 5122 exuti
2865 5077 3140 5123 sectentur
3162 5069 3477 5136 homonem,

2077 5155 2132 5210 In
2166 5164 2368 5211 sortem
2400 5158 2704 5228 quicunque
2735 5160 2826 5214 Dei
2861 5160 3086 5215 transire
3117 5171 3411 5216 merentur.

2146 5248 2255 5304 Nec
2283 5260 2437 5306 vacat
2460 5251 2562 5309 hoc
2593 5253 2800 5309 Veteris
2845 5254 2985 5324 quod
3039 5256 3268 5324 primum
3298 5257 3533 5324 quinque
3584 5256 3658 5307 le-

3362 5346 3587 5419 [gttntur

2079 5432 2239 5486 Sexta
2270 5432 2424 5497 Novi,
2451 5436 2544 5490 sed
2568 5437 2805 5507 quinque
2845 5437 3142 5500 sacrandis,
3167 5446 3314 5491 sexta
3340 5440 3584 5493 sacratis.

2082 5523 2287 5580 Aitates
2320 5540 2517 5593 pressa:
2545 5530 2769 5597 caligine
2799 5529 3031 5599 quinque
3065 5529 3298 5591 fuerunt,

2081 5616 2247 5674 Sexta
2276 5634 2413 5673 novo
2433 5629 2600 5675 totum
2629 5621 2885 5689 respersit
2931 5622 3125 5673 lumine
3157 5622 3429 5673 mundum.

2084 5715 2155 5769 Et
2177 5714 2476 5784 quicunque
2507 5712 2672 5767 sacris
2701 5713 2921 5768 Domino
2962 5714 3248 5767 miserante
3275 5712 3519 5766 dicantur
