  <div class='ocr_page' id='page_1' title='image "/cluster/home/n/w/nwhite01/storage/ocr_20150623/94/umn.31951002477387e/313.png"; bbox 0 0 4220 6450; ppageno 0'>
   <div class='ocr_carea' id='block_1_1' title="bbox 673 286 780 339">
    <p class='ocr_par' dir='ltr' id='par_1_1' title="bbox 673 286 780 339">
     <span class='ocr_line' id='line_1_1' title="bbox 673 286 780 339; baseline 0 0"><span class='ocrx_word' id='word_1_1' title='bbox 673 286 780 339; x_wconf 79' lang='grc'><strong>615</strong></span> 
     </span>
    </p>
   </div>
   <div class='ocr_carea' id='block_1_2' title="bbox 677 391 1827 463">
    <p class='ocr_par' dir='ltr' id='par_1_2' title="bbox 677 391 1827 463">
     <span class='ocr_line' id='line_1_2' title="bbox 677 391 1827 463; baseline -0.005 -14"><span class='ocrx_word' id='word_1_2' title='bbox 677 397 901 463; x_wconf 80' lang='lat' dir='ltr'><strong>Officiis,</strong></span> <span class='ocrx_word' id='word_1_3' title='bbox 929 394 1176 450; x_wconf 98' lang='lat' dir='ltr'><strong>tenebras</strong></span> <span class='ocrx_word' id='word_1_4' title='bbox 1210 394 1409 461; x_wconf 93' lang='lat' dir='ltr'><strong>pellant</strong></span> <span class='ocrx_word' id='word_1_5' title='bbox 1448 393 1650 449; x_wconf 90' lang='lat' dir='ltr'><strong>erroris</strong></span> <span class='ocrx_word' id='word_1_6' title='bbox 1674 391 1827 455; x_wconf 91' lang='lat' dir='ltr'><strong>aviti,</strong></span> 
     </span>
    </p>
   </div>
   <div class='ocr_carea' id='block_1_3' title="bbox 676 484 2252 556">
    <p class='ocr_par' dir='ltr' id='par_1_3' title="bbox 676 484 2252 556">
     <span class='ocr_line' id='line_1_3' title="bbox 676 484 2252 556; baseline -0.007 -14"><span class='ocrx_word' id='word_1_7' title='bbox 676 489 758 543; x_wconf 86' lang='lat' dir='ltr'><strong>Ad</strong></span> <span class='ocrx_word' id='word_1_8' title='bbox 808 490 1082 556; x_wconf 82' lang='lat' dir='ltr'><strong>lucemque</strong></span> <span class='ocrx_word' id='word_1_9' title='bbox 1113 502 1299 539; x_wconf 91' lang='lat' dir='ltr'><strong>novam</strong></span> <span class='ocrx_word' id='word_1_10' title='bbox 1349 486 1600 539; x_wconf 90' lang='lat' dir='ltr'><strong>studeant</strong></span> <span class='ocrx_word' id='word_1_11' title='bbox 1632 485 1861 552; x_wconf 90' lang='lat' dir='ltr'><strong>migrare</strong></span> <span class='ocrx_word' id='word_1_12' title='bbox 1900 494 2123 535; x_wconf 87' lang='lat' dir='ltr'><strong>necesse</strong></span> <span class='ocrx_word' id='word_1_13' title='bbox 2150 484 2252 533; x_wconf 87' lang='lat' dir='ltr'><strong>est.</strong></span> 
     </span>
    </p>
   </div>
   <div class='ocr_carea' id='block_1_4' title="bbox 674 576 1899 649">
    <p class='ocr_par' dir='ltr' id='par_1_4' title="bbox 674 576 1899 649">
     <span class='ocr_line' id='line_1_4' title="bbox 674 576 1899 649; baseline -0.004 -16"><span class='ocrx_word' id='word_1_14' title='bbox 674 579 917 649; x_wconf 86' lang='lat' dir='ltr'><strong>Quinque</strong></span> <span class='ocrx_word' id='word_1_15' title='bbox 948 595 1040 649; x_wconf 79' lang='lat' dir='ltr'><strong>per</strong></span> <span class='ocrx_word' id='word_1_16' title='bbox 1068 587 1251 632; x_wconf 73' lang='lat' dir='ltr'><strong>aetates</strong></span> <span class='ocrx_word' id='word_1_17' title='bbox 1282 577 1461 631; x_wconf 83' lang='lat' dir='ltr'><strong>servili</strong></span> <span class='ocrx_word' id='word_1_18' title='bbox 1488 576 1685 646; x_wconf 84' lang='lat' dir='ltr'><strong>quique</strong></span> <span class='ocrx_word' id='word_1_19' title='bbox 1708 576 1899 628; x_wconf 93' lang='lat' dir='ltr'><strong>timore</strong></span> 
     </span>
    </p>
   </div>
   <div class='ocr_carea' id='block_1_5' title="bbox 674 667 1945 737">
    <p class='ocr_par' dir='ltr' id='par_1_5' title="bbox 674 667 1945 737">
     <span class='ocr_line' id='line_1_5' title="bbox 674 667 1945 737; baseline -0.004 -13"><span class='ocrx_word' id='word_1_20' title='bbox 674 674 774 726; x_wconf 89' lang='lat' dir='ltr'><strong>Per</strong></span> <span class='ocrx_word' id='word_1_21' title='bbox 796 687 1007 727; x_wconf 87' lang='lat' dir='ltr'><strong>servum</strong></span> <span class='ocrx_word' id='word_1_22' title='bbox 1038 672 1195 723; x_wconf 88' lang='lat' dir='ltr'><strong>missa</strong></span> <span class='ocrx_word' id='word_1_23' title='bbox 1220 670 1523 723; x_wconf 81' lang='lat' dir='ltr'><strong>serviebant</strong></span> <span class='ocrx_word' id='word_1_24' title='bbox 1554 671 1668 737; x_wconf 88' lang='lat' dir='ltr'><strong>lege</strong></span> <span class='ocrx_word' id='word_1_25' title='bbox 1693 667 1945 729; x_wconf 84' lang='lat' dir='ltr'><strong>Tonanti,</strong></span> 
     </span>
    </p>
   </div>
   <div class='ocr_carea' id='block_1_6' title="bbox 676 760 1871 830">
    <p class='ocr_par' dir='ltr' id='par_1_6' title="bbox 676 760 1871 830">
     <span class='ocr_line' id='line_1_6' title="bbox 676 760 1871 830; baseline 0 -17"><span class='ocrx_word' id='word_1_26' title='bbox 676 764 729 817; x_wconf 90' lang='lat' dir='ltr'><strong>lu</strong></span> <span class='ocrx_word' id='word_1_27' title='bbox 761 772 906 816; x_wconf 83' lang='lat' dir='ltr'><strong>sexta</strong></span> <span class='ocrx_word' id='word_1_28' title='bbox 932 763 1036 815; x_wconf 91' lang='lat' dir='ltr'><strong>nati</strong></span> <span class='ocrx_word' id='word_1_29' title='bbox 1064 760 1174 830; x_wconf 89' lang='lat' dir='ltr'><strong>jam</strong></span> <span class='ocrx_word' id='word_1_30' title='bbox 1204 760 1433 814; x_wconf 87' lang='lat' dir='ltr'><strong>dicimur</strong></span> <span class='ocrx_word' id='word_1_31' title='bbox 1455 762 1871 829; x_wconf 88' lang='lat' dir='ltr'><strong>Omnipotentis,</strong></span> 
     </span>
    </p>
   </div>
   <div class='ocr_carea' id='block_1_7' title="bbox 675 853 1883 924">
    <p class='ocr_par' dir='ltr' id='par_1_7' title="bbox 675 853 1883 924">
     <span class='ocr_line' id='line_1_7' title="bbox 675 853 1883 924; baseline -0.005 -16"><span class='ocrx_word' id='word_1_32' title='bbox 675 858 737 908; x_wconf 54' lang='lat' dir='ltr'><strong>I&#39;Zt</strong></span> <span class='ocrx_word' id='word_1_33' title='bbox 767 855 943 924; x_wconf 79' lang='lat' dir='ltr'><strong>regale</strong></span> <span class='ocrx_word' id='word_1_34' title='bbox 980 870 1171 922; x_wconf 82' lang='lat' dir='ltr'><strong>genus,</strong></span> <span class='ocrx_word' id='word_1_35' title='bbox 1198 853 1377 921; x_wconf 79' lang='lat' dir='ltr'><strong>regale</strong></span> <span class='ocrx_word' id='word_1_36' title='bbox 1403 853 1883 919; x_wconf 76' lang='lat' dir='ltr'><strong>saecrtlotiutnque,</strong></span> 
     </span>
    </p>
   </div>
   <div class='ocr_carea' id='block_1_8' title="bbox 671 946 2110 1014">
    <p class='ocr_par' dir='ltr' id='par_1_8' title="bbox 671 946 2110 1014">
     <span class='ocr_line' id='line_1_8' title="bbox 671 946 2110 1014; baseline -0.001 -13"><span class='ocrx_word' id='word_1_37' title='bbox 671 949 905 1003; x_wconf 81' lang='lat' dir='ltr'><strong>Membra</strong></span> <span class='ocrx_word' id='word_1_38' title='bbox 945 949 1254 1003; x_wconf 79' lang='lat' dir='ltr'><strong>Sacerdotis</strong></span> <span class='ocrx_word' id='word_1_39' title='bbox 1281 947 1474 999; x_wconf 89' lang='lat' dir='ltr'><strong>summi</strong></span> <span class='ocrx_word' id='word_1_40' title='bbox 1507 946 1770 1014; x_wconf 82' lang='lat' dir='ltr'><strong>ltegisque</strong></span> <span class='ocrx_word' id='word_1_41' title='bbox 1794 961 1887 1013; x_wconf 91' lang='lat' dir='ltr'><strong>per</strong></span> <span class='ocrx_word' id='word_1_42' title='bbox 1914 947 2110 1000; x_wconf 90' lang='lat' dir='ltr'><strong>omnis.</strong></span> 
     </span>
    </p>
   </div>
   <div class='ocr_carea' id='block_1_9' title="bbox 674 1040 2029 1113">
    <p class='ocr_par' dir='ltr' id='par_1_9' title="bbox 674 1040 2029 1113">
     <span class='ocr_line' id='line_1_9' title="bbox 674 1040 2029 1113; baseline -0.004 -16"><span class='ocrx_word' id='word_1_43' title='bbox 674 1045 967 1113; x_wconf 87' lang='lat' dir='ltr'><strong>Participes</strong></span> <span class='ocrx_word' id='word_1_44' title='bbox 989 1054 1166 1097; x_wconf 90' lang='lat' dir='ltr'><strong>autem</strong></span> <span class='ocrx_word' id='word_1_45' title='bbox 1197 1042 1429 1097; x_wconf 76' lang='lat' dir='ltr'><strong>existant</strong></span> <span class='ocrx_word' id='word_1_46' title='bbox 1457 1041 1581 1094; x_wconf 91' lang='lat' dir='ltr'><strong>licet</strong></span> <span class='ocrx_word' id='word_1_47' title='bbox 1612 1041 1768 1107; x_wconf 80' lang='lat' dir='ltr'><strong>hujus</strong></span> <span class='ocrx_word' id='word_1_48' title='bbox 1792 1040 2029 1104; x_wconf 88' lang='lat' dir='ltr'><strong>honoris,</strong></span> 
     </span>
    </p>
   </div>
   <div class='ocr_carea' id='block_1_10' title="bbox 588 1132 2042 1205">
    <p class='ocr_par' dir='ltr' id='par_1_10' title="bbox 588 1132 2042 1205">
     <span class='ocr_line' id='line_1_10' title="bbox 588 1132 2042 1205; baseline -0.003 -16"><span class='ocrx_word' id='word_1_49' title='bbox 588 1160 603 1174; x_wconf 69' lang='grc' dir='ltr'>ι</span> <span class='ocrx_word' id='word_1_50' title='bbox 670 1135 876 1205; x_wconf 86' lang='lat' dir='ltr'><strong>Quique</strong></span> <span class='ocrx_word' id='word_1_51' title='bbox 903 1135 1067 1189; x_wconf 91' lang='lat' dir='ltr'><strong>Deum</strong></span> <span class='ocrx_word' id='word_1_52' title='bbox 1099 1134 1353 1189; x_wconf 86' lang='lat' dir='ltr'><strong>concordi</strong></span> <span class='ocrx_word' id='word_1_53' title='bbox 1378 1141 1557 1186; x_wconf 86' lang='lat' dir='ltr'><strong>mente</strong></span> <span class='ocrx_word' id='word_1_54' title='bbox 1587 1132 1819 1184; x_wconf 91' lang='lat' dir='ltr'><strong>fatentur</strong></span> <span class='ocrx_word' id='word_1_55' title='bbox 1846 1141 1899 1185; x_wconf 89' lang='lat' dir='ltr'><strong>et</strong></span> <span class='ocrx_word' id='word_1_56' title='bbox 1927 1146 2042 1194; x_wconf 92' lang='lat' dir='ltr'><strong>ore,</strong></span> 
     </span>
    </p>
   </div>
   <div class='ocr_carea' id='block_1_11' title="bbox 674 1223 2015 1294">
    <p class='ocr_par' dir='ltr' id='par_1_11' title="bbox 674 1223 2015 1294">
     <span class='ocr_line' id='line_1_11' title="bbox 674 1223 2015 1294; baseline -0.003 -16"><span class='ocrx_word' id='word_1_57' title='bbox 674 1226 945 1294; x_wconf 62' lang='lat' dir='ltr'><strong>Praecipue</strong></span> <span class='ocrx_word' id='word_1_58' title='bbox 975 1236 1148 1279; x_wconf 89' lang='lat' dir='ltr'><strong>tamen</strong></span> <span class='ocrx_word' id='word_1_59' title='bbox 1180 1224 1232 1277; x_wconf 95' lang='lat' dir='ltr'><strong>hi</strong></span> <span class='ocrx_word' id='word_1_60' title='bbox 1261 1225 1349 1292; x_wconf 88' lang='lat' dir='ltr'><strong>qui</strong></span> <span class='ocrx_word' id='word_1_61' title='bbox 1380 1223 1709 1290; x_wconf 87' lang='lat' dir='ltr'><strong>participare</strong></span> <span class='ocrx_word' id='word_1_62' title='bbox 1740 1230 2015 1275; x_wconf 89' lang='lat' dir='ltr'><strong>merentur</strong></span> 
     </span>
    </p>
   </div>
   <div class='ocr_carea' id='block_1_12' title="bbox 669 1312 1941 1383">
    <p class='ocr_par' dir='ltr' id='par_1_12' title="bbox 669 1312 1941 1383">
     <span class='ocr_line' id='line_1_12' title="bbox 669 1312 1941 1383; baseline -0.004 -13"><span class='ocrx_word' id='word_1_63' title='bbox 669 1317 912 1370; x_wconf 82' lang='lat' dir='ltr'><strong>Nominis</strong></span> <span class='ocrx_word' id='word_1_64' title='bbox 948 1327 1107 1383; x_wconf 90' lang='lat' dir='ltr'><strong>atque</strong></span> <span class='ocrx_word' id='word_1_65' title='bbox 1135 1316 1427 1368; x_wconf 83' lang='lat' dir='ltr'><strong>sacerdotis</strong></span> <span class='ocrx_word' id='word_1_66' title='bbox 1457 1314 1709 1366; x_wconf 90' lang='lat' dir='ltr'><strong>dicuntur</strong></span> <span class='ocrx_word' id='word_1_67' title='bbox 1734 1323 1785 1365; x_wconf 93' lang='lat' dir='ltr'><strong>et</strong></span> <span class='ocrx_word' id='word_1_68' title='bbox 1819 1312 1941 1379; x_wconf 74' lang='lat' dir='ltr'><strong>ipsi.</strong></span> 
     </span>
    </p>
   </div>
   <div class='ocr_carea' id='block_1_13' title="bbox 680 1403 1951 1473">
    <p class='ocr_par' dir='ltr' id='par_1_13' title="bbox 680 1403 1951 1473">
     <span class='ocr_line' id='line_1_13' title="bbox 680 1403 1951 1473; baseline -0.005 -12"><span class='ocrx_word' id='word_1_69' title='bbox 680 1408 740 1461; x_wconf 91' lang='lat' dir='ltr'><strong>lli</strong></span> <span class='ocrx_word' id='word_1_70' title='bbox 771 1418 953 1461; x_wconf 89' lang='lat' dir='ltr'><strong>vetere</strong></span> <span class='ocrx_word' id='word_1_71' title='bbox 982 1422 1044 1459; x_wconf 84' lang='lat' dir='ltr'><strong>ac</strong></span> <span class='ocrx_word' id='word_1_72' title='bbox 1070 1406 1248 1459; x_wconf 81' lang='lat' dir='ltr'><strong>servili</strong></span> <span class='ocrx_word' id='word_1_73' title='bbox 1274 1406 1434 1473; x_wconf 86' lang='lat' dir='ltr'><strong>igitur</strong></span> <span class='ocrx_word' id='word_1_74' title='bbox 1460 1404 1747 1457; x_wconf 84' lang='lat' dir='ltr'><strong>formidine</strong></span> <span class='ocrx_word' id='word_1_75' title='bbox 1778 1403 1951 1470; x_wconf 84' lang='lat' dir='ltr'><strong>pulsa,</strong></span> 
     </span>
    </p>
   </div>
   <div class='ocr_carea' id='block_1_14' title="bbox 672 1496 1885 1565">
    <p class='ocr_par' dir='ltr' id='par_1_14' title="bbox 672 1496 1885 1565">
     <span class='ocr_line' id='line_1_14' title="bbox 672 1496 1885 1565; baseline -0.002 -14"><span class='ocrx_word' id='word_1_76' title='bbox 672 1499 924 1552; x_wconf 81' lang='lat' dir='ltr'><strong>Natorum</strong></span> <span class='ocrx_word' id='word_1_77' title='bbox 949 1496 1152 1552; x_wconf 83' lang='lat' dir='ltr'><strong>servire</strong></span> <span class='ocrx_word' id='word_1_78' title='bbox 1186 1498 1355 1565; x_wconf 86' lang='lat' dir='ltr'><strong>magis</strong></span> <span class='ocrx_word' id='word_1_79' title='bbox 1384 1504 1658 1563; x_wconf 72' lang='lat' dir='ltr'><strong>gratentur</strong></span> <span class='ocrx_word' id='word_1_80' title='bbox 1679 1509 1885 1558; x_wconf 90' lang='lat' dir='ltr'><strong>amore,</strong></span> 
     </span>
    </p>
   </div>
   <div class='ocr_carea' id='block_1_15' title="bbox 672 1585 1896 1658">
    <p class='ocr_par' dir='ltr' id='par_1_15' title="bbox 672 1585 1896 1658">
     <span class='ocr_line' id='line_1_15' title="bbox 672 1585 1896 1658; baseline -0.007 -15"><span class='ocrx_word' id='word_1_81' title='bbox 672 1590 864 1658; x_wconf 84' lang='lat' dir='ltr'><strong>Sicque</strong></span> <span class='ocrx_word' id='word_1_82' title='bbox 885 1591 1195 1642; x_wconf 84' lang='lat' dir='ltr'><strong>sacerdotes</strong></span> <span class='ocrx_word' id='word_1_83' title='bbox 1224 1602 1283 1641; x_wconf 92' lang='lat' dir='ltr'><strong>se</strong></span> <span class='ocrx_word' id='word_1_84' title='bbox 1312 1587 1655 1640; x_wconf 78' lang='lat' dir='ltr'><strong>severissime</strong></span> <span class='ocrx_word' id='word_1_85' title='bbox 1687 1585 1896 1648; x_wconf 88' lang='lat' dir='ltr'><strong>norint,</strong></span> 
     </span>
    </p>
   </div>
   <div class='ocr_carea' id='block_1_16' title="bbox 673 1676 1905 1744">
    <p class='ocr_par' dir='ltr' id='par_1_16' title="bbox 673 1676 1905 1744">
     <span class='ocr_line' id='line_1_16' title="bbox 673 1676 1905 1744; baseline -0.006 -8"><span class='ocrx_word' id='word_1_86' title='bbox 673 1683 752 1736; x_wconf 82' lang='lat' dir='ltr'><strong>Ne</strong></span> <span class='ocrx_word' id='word_1_87' title='bbox 781 1692 957 1735; x_wconf 88' lang='lat' dir='ltr'><strong>tamen</strong></span> <span class='ocrx_word' id='word_1_88' title='bbox 989 1680 1112 1733; x_wconf 90' lang='lat' dir='ltr'><strong>hinc</strong></span> <span class='ocrx_word' id='word_1_89' title='bbox 1154 1680 1272 1732; x_wconf 91' lang='lat' dir='ltr'><strong>illos</strong></span> <span class='ocrx_word' id='word_1_90' title='bbox 1305 1679 1468 1731; x_wconf 85' lang='lat' dir='ltr'><strong>elatio</strong></span> <span class='ocrx_word' id='word_1_91' title='bbox 1498 1680 1669 1744; x_wconf 88' lang='lat' dir='ltr'><strong>pulset</strong></span> <span class='ocrx_word' id='word_1_92' title='bbox 1700 1676 1905 1737; x_wconf 87' lang='lat' dir='ltr'><strong>inanis.</strong></span> 
     </span>
    </p>
   </div>
   <div class='ocr_carea' id='block_1_17' title="bbox 675 1765 2259 1841">
    <p class='ocr_par' dir='ltr' id='par_1_17' title="bbox 675 1765 2259 1841">
     <span class='ocr_line' id='line_1_17' title="bbox 675 1765 2259 1841; baseline -0.003 -18"><span class='ocrx_word' id='word_1_93' title='bbox 675 1768 951 1841; x_wconf 85' lang='lat' dir='ltr'><strong>Quamque</strong></span> <span class='ocrx_word' id='word_1_94' title='bbox 988 1784 1175 1839; x_wconf 80' lang='lat' dir='ltr'><strong>graves</strong></span> <span class='ocrx_word' id='word_1_95' title='bbox 1206 1769 1541 1836; x_wconf 84' lang='lat' dir='ltr'><strong>humilesque</strong></span> <span class='ocrx_word' id='word_1_96' title='bbox 1588 1767 1885 1819; x_wconf 79' lang='lat' dir='ltr'><strong>ministeria</strong></span> <span class='ocrx_word' id='word_1_97' title='bbox 1936 1765 2033 1819; x_wconf 90' lang='lat' dir='ltr'><strong>ista</strong></span> <span class='ocrx_word' id='word_1_98' title='bbox 2083 1766 2259 1833; x_wconf 87' lang='lat' dir='ltr'><strong>requi-</strong></span> 
     </span>
    </p>
   </div>
   <div class='ocr_carea' id='block_1_18' title="bbox 2013 1856 2186 1927">
    <p class='ocr_par' dir='ltr' id='par_1_18' title="bbox 2013 1856 2186 1927">
     <span class='ocr_line' id='line_1_18' title="bbox 2013 1856 2186 1927; baseline -0.012 -17"><span class='ocrx_word' id='word_1_99' title='bbox 2013 1856 2186 1927; x_wconf 90' lang='lat' dir='ltr'><strong>[rant.</strong></span> 
     </span>
    </p>
   </div>
   <div class='ocr_carea' id='block_1_19' title="bbox 675 1948 2114 2020">
    <p class='ocr_par' dir='ltr' id='par_1_19' title="bbox 675 1948 2114 2020">
     <span class='ocr_line' id='line_1_19' title="bbox 675 1948 2114 2020; baseline 0.001 -22"><span class='ocrx_word' id='word_1_100' title='bbox 675 1949 773 2015; x_wconf 85' lang='lat' dir='ltr'><strong>Qui</strong></span> <span class='ocrx_word' id='word_1_101' title='bbox 799 1951 1041 2018; x_wconf 90' lang='lat' dir='ltr'><strong>sequitur</strong></span> <span class='ocrx_word' id='word_1_102' title='bbox 1069 1964 1256 2020; x_wconf 90' lang='lat' dir='ltr'><strong>presso</strong></span> <span class='ocrx_word' id='word_1_103' title='bbox 1280 1950 1453 2017; x_wconf 83' lang='lat' dir='ltr'><strong>signat</strong></span> <span class='ocrx_word' id='word_1_104' title='bbox 1482 1948 1842 2002; x_wconf 81' lang='lat' dir='ltr'><strong>modulamine</strong></span> <span class='ocrx_word' id='word_1_105' title='bbox 1891 1957 2114 2010; x_wconf 90' lang='lat' dir='ltr'><strong>tractus,</strong></span> 
     </span>
    </p>
   </div>
   <div class='ocr_carea' id='block_1_20' title="bbox 674 2040 2095 2108">
    <p class='ocr_par' dir='ltr' id='par_1_20' title="bbox 674 2040 2095 2108">
     <span class='ocr_line' id='line_1_20' title="bbox 674 2040 2095 2108; baseline -0.001 -17"><span class='ocrx_word' id='word_1_106' title='bbox 674 2041 825 2107; x_wconf 86' lang='lat' dir='ltr'><strong>Quod</strong></span> <span class='ocrx_word' id='word_1_107' title='bbox 860 2042 976 2093; x_wconf 88' lang='lat' dir='ltr'><strong>talis</strong></span> <span class='ocrx_word' id='word_1_108' title='bbox 1003 2042 1258 2093; x_wconf 88' lang='lat' dir='ltr'><strong>humilem</strong></span> <span class='ocrx_word' id='word_1_109' title='bbox 1288 2040 1486 2108; x_wconf 85' lang='lat' dir='ltr'><strong>pandat</strong></span> <span class='ocrx_word' id='word_1_110' title='bbox 1510 2040 1807 2091; x_wconf 86' lang='lat' dir='ltr'><strong>modulatio</strong></span> <span class='ocrx_word' id='word_1_111' title='bbox 1838 2048 2095 2101; x_wconf 89' lang='lat' dir='ltr'><strong>mentem,</strong></span> 
     </span>
    </p>
   </div>
   <div class='ocr_carea' id='block_1_21' title="bbox 672 2130 2153 2200">
    <p class='ocr_par' dir='ltr' id='par_1_21' title="bbox 672 2130 2153 2200">
     <span class='ocr_line' id='line_1_21' title="bbox 672 2130 2153 2200; baseline 0 -17"><span class='ocrx_word' id='word_1_112' title='bbox 672 2133 904 2185; x_wconf 76' lang='lat' dir='ltr'><strong>Plurima</strong></span> <span class='ocrx_word' id='word_1_113' title='bbox 937 2144 1060 2186; x_wconf 83' lang='lat' dir='ltr'><strong>sunt</strong></span> <span class='ocrx_word' id='word_1_114' title='bbox 1082 2134 1324 2200; x_wconf 84' lang='lat' dir='ltr'><strong>exempla</strong></span> <span class='ocrx_word' id='word_1_115' title='bbox 1353 2134 1593 2199; x_wconf 88' lang='lat' dir='ltr'><strong>quidem,</strong></span> <span class='ocrx_word' id='word_1_116' title='bbox 1623 2132 1714 2184; x_wconf 87' lang='lat' dir='ltr'><strong>sed</strong></span> <span class='ocrx_word' id='word_1_117' title='bbox 1748 2130 1946 2185; x_wconf 78' lang='lat' dir='ltr'><strong>sufficit</strong></span> <span class='ocrx_word' id='word_1_118' title='bbox 1972 2147 2153 2183; x_wconf 91' lang='lat' dir='ltr'><strong>unum.</strong></span> 
     </span>
    </p>
   </div>
   <div class='ocr_carea' id='block_1_22' title="bbox 674 2223 2151 2292">
    <p class='ocr_par' dir='ltr' id='par_1_22' title="bbox 674 2223 2151 2292">
     <span class='ocr_line' id='line_1_22' title="bbox 674 2223 2151 2292; baseline 0.003 -21"><span class='ocrx_word' id='word_1_119' title='bbox 674 2223 918 2277; x_wconf 72' lang='lat' dir='ltr'><strong>Vindicat</strong></span> <span class='ocrx_word' id='word_1_120' title='bbox 944 2229 1086 2277; x_wconf 85' lang='lat' dir='ltr'><strong>hunc</strong></span> <span class='ocrx_word' id='word_1_121' title='bbox 1114 2238 1328 2292; x_wconf 88' lang='lat' dir='ltr'><strong>semper</strong></span> <span class='ocrx_word' id='word_1_122' title='bbox 1358 2224 1460 2277; x_wconf 85' lang='lat' dir='ltr'><strong>sibi</strong></span> <span class='ocrx_word' id='word_1_123' title='bbox 1508 2224 1910 2292; x_wconf 83' lang='lat' dir='ltr'><strong>quadragesima</strong></span> <span class='ocrx_word' id='word_1_124' title='bbox 1938 2231 2151 2276; x_wconf 89' lang='lat' dir='ltr'><strong>cantum</strong></span> 
     </span>
    </p>
   </div>
   <div class='ocr_carea' id='block_1_23' title="bbox 671 2315 2077 2384">
    <p class='ocr_par' dir='ltr' id='par_1_23' title="bbox 671 2315 2077 2384">
     <span class='ocr_line' id='line_1_23' title="bbox 671 2315 2077 2384; baseline 0.001 -16"><span class='ocrx_word' id='word_1_125' title='bbox 671 2317 788 2383; x_wconf 90' lang='lat' dir='ltr'><strong>Quo</strong></span> <span class='ocrx_word' id='word_1_126' title='bbox 815 2315 1011 2369; x_wconf 82' lang='lat' dir='ltr'><strong>Christi</strong></span> <span class='ocrx_word' id='word_1_127' title='bbox 1040 2317 1266 2383; x_wconf 89' lang='lat' dir='ltr'><strong>populus</strong></span> <span class='ocrx_word' id='word_1_128' title='bbox 1296 2317 1442 2369; x_wconf 91' lang='lat' dir='ltr'><strong>nullo</strong></span> <span class='ocrx_word' id='word_1_129' title='bbox 1465 2330 1617 2383; x_wconf 80' lang='lat' dir='ltr'><strong>mage</strong></span> <span class='ocrx_word' id='word_1_130' title='bbox 1647 2326 1887 2384; x_wconf 88' lang='lat' dir='ltr'><strong>tempore</strong></span> <span class='ocrx_word' id='word_1_131' title='bbox 1911 2326 2077 2369; x_wconf 82' lang='lat' dir='ltr'><strong>semet</strong></span> 
     </span>
    </p>
   </div>
   <div class='ocr_carea' id='block_1_24' title="bbox 673 2406 2146 2475">
    <p class='ocr_par' dir='ltr' id='par_1_24' title="bbox 673 2406 2146 2475">
     <span class='ocr_line' id='line_1_24' title="bbox 673 2406 2146 2475; baseline 0.003 -20"><span class='ocrx_word' id='word_1_132' title='bbox 673 2406 968 2465; x_wconf 77' lang='lat' dir='ltr'><strong>Subinittit.</strong></span> <span class='ocrx_word' id='word_1_133' title='bbox 1000 2406 1292 2474; x_wconf 88' lang='lat' dir='ltr'><strong>jejunando</strong></span> <span class='ocrx_word' id='word_1_134' title='bbox 1326 2416 1485 2475; x_wconf 88' lang='lat' dir='ltr'><strong>atque</strong></span> <span class='ocrx_word' id='word_1_135' title='bbox 1526 2407 1791 2474; x_wconf 89' lang='lat' dir='ltr'><strong>precando</strong></span> <span class='ocrx_word' id='word_1_136' title='bbox 1823 2406 2146 2475; x_wconf 86' lang='lat' dir='ltr'><strong>benignum;</strong></span> 
     </span>
    </p>
   </div>
   <div class='ocr_carea' id='block_1_25' title="bbox 672 2498 1892 2557">
    <p class='ocr_par' dir='ltr' id='par_1_25' title="bbox 672 2498 1892 2557">
     <span class='ocr_line' id='line_1_25' title="bbox 672 2498 1892 2557; baseline 0.006 -7"><span class='ocrx_word' id='word_1_137' title='bbox 672 2498 819 2553; x_wconf 86' lang='lat' dir='ltr'><strong>More</strong></span> <span class='ocrx_word' id='word_1_138' title='bbox 843 2499 1035 2555; x_wconf 88' lang='lat' dir='ltr'><strong>dehinc</strong></span> <span class='ocrx_word' id='word_1_139' title='bbox 1065 2502 1222 2554; x_wconf 90' lang='lat' dir='ltr'><strong>solito</strong></span> <span class='ocrx_word' id='word_1_140' title='bbox 1248 2502 1379 2555; x_wconf 85' lang='lat' dir='ltr'><strong>fiunt</strong></span> <span class='ocrx_word' id='word_1_141' title='bbox 1402 2503 1663 2556; x_wconf 82' lang='lat' dir='ltr'><strong>solemnia</strong></span> <span class='ocrx_word' id='word_1_142' title='bbox 1694 2505 1892 2557; x_wconf 68' lang='lat' dir='ltr'><strong>missa‘.</strong></span> 
     </span>
    </p>
   </div>
   <div class='ocr_carea' id='block_1_26' title="bbox 670 2590 2257 2664">
    <p class='ocr_par' dir='ltr' id='par_1_26' title="bbox 670 2590 2257 2664">
     <span class='ocr_line' id='line_1_26' title="bbox 670 2590 2257 2664; baseline 0.004 -22"><span class='ocrx_word' id='word_1_143' title='bbox 670 2590 804 2643; x_wconf 73' lang='lat' dir='ltr'><strong>Cum</strong></span> <span class='ocrx_word' id='word_1_144' title='bbox 848 2591 948 2644; x_wconf 84' lang='lat' dir='ltr'><strong>sibi</strong></span> <span class='ocrx_word' id='word_1_145' title='bbox 978 2594 1301 2647; x_wconf 88' lang='lat' dir='ltr'><strong>conveniant</strong></span> <span class='ocrx_word' id='word_1_146' title='bbox 1339 2603 1529 2647; x_wconf 87' lang='lat' dir='ltr'><strong>cuncta</strong></span> <span class='ocrx_word' id='word_1_147' title='bbox 1562 2595 1675 2648; x_wconf 67' lang='lat' dir='ltr'><strong>haec</strong></span> <span class='ocrx_word' id='word_1_148' title='bbox 1708 2596 1928 2664; x_wconf 87' lang='lat' dir='ltr'><strong>pulchro</strong></span> <span class='ocrx_word' id='word_1_149' title='bbox 1953 2595 2144 2648; x_wconf 89' lang='lat' dir='ltr'><strong>ordine</strong></span> <span class='ocrx_word' id='word_1_150' title='bbox 2172 2610 2257 2649; x_wconf 86' lang='lat' dir='ltr'><strong>re-</strong></span> 
     </span>
    </p>
   </div>
   <div class='ocr_carea' id='block_1_27' title="bbox 2006 2686 2184 2759">
    <p class='ocr_par' dir='ltr' id='par_1_27' title="bbox 2006 2686 2184 2759">
     <span class='ocr_line' id='line_1_27' title="bbox 2006 2686 2184 2759; baseline 0.006 -20"><span class='ocrx_word' id='word_1_151' title='bbox 2006 2686 2184 2759; x_wconf 90' lang='lat' dir='ltr'><strong>[rutn.</strong></span> 
     </span>
    </p>
   </div>
   <div class='ocr_carea' id='block_1_28' title="bbox 673 2773 2017 2847">
    <p class='ocr_par' dir='ltr' id='par_1_28' title="bbox 673 2773 2017 2847">
     <span class='ocr_line' id='line_1_28' title="bbox 673 2773 2017 2847; baseline 0.003 -19"><span class='ocrx_word' id='word_1_152' title='bbox 673 2773 989 2844; x_wconf 86' lang='lat' dir='ltr'><strong>Judicioque</strong></span> <span class='ocrx_word' id='word_1_153' title='bbox 1015 2777 1096 2829; x_wconf 88' lang='lat' dir='ltr'><strong>bis</strong></span> <span class='ocrx_word' id='word_1_154' title='bbox 1124 2792 1284 2832; x_wconf 89' lang='lat' dir='ltr'><strong>nemo</strong></span> <span class='ocrx_word' id='word_1_155' title='bbox 1315 2779 1565 2832; x_wconf 79' lang='lat' dir='ltr'><strong>resistere</strong></span> <span class='ocrx_word' id='word_1_156' title='bbox 1587 2777 1815 2847; x_wconf 79' lang='lat' dir='ltr'><strong>quiverit</strong></span> <span class='ocrx_word' id='word_1_157' title='bbox 1843 2792 2017 2847; x_wconf 65' lang='lat' dir='ltr'><strong>aequo,</strong></span> 
     </span>
    </p>
   </div>
   <div class='ocr_carea' id='block_1_29' title="bbox 674 2868 1948 2938">
    <p class='ocr_par' dir='ltr' id='par_1_29' title="bbox 674 2868 1948 2938">
     <span class='ocr_line' id='line_1_29' title="bbox 674 2868 1948 2938; baseline 0.005 -21"><span class='ocrx_word' id='word_1_158' title='bbox 674 2869 941 2930; x_wconf 84' lang='lat' dir='ltr'><strong>Quantum</strong></span> <span class='ocrx_word' id='word_1_159' title='bbox 984 2868 1210 2937; x_wconf 88' lang='lat' dir='ltr'><strong>desipiat</strong></span> <span class='ocrx_word' id='word_1_160' title='bbox 1242 2869 1438 2937; x_wconf 90' lang='lat' dir='ltr'><strong>liquida</strong></span> <span class='ocrx_word' id='word_1_161' title='bbox 1471 2870 1678 2924; x_wconf 90' lang='lat' dir='ltr'><strong>rati0ne</strong></span> <span class='ocrx_word' id='word_1_162' title='bbox 1706 2872 1948 2938; x_wconf 84' lang='lat' dir='ltr'><strong>patescit,</strong></span> 
     </span>
    </p>
   </div>
   <div class='ocr_carea' id='block_1_30' title="bbox 672 2956 2019 3029">
    <p class='ocr_par' dir='ltr' id='par_1_30' title="bbox 672 2956 2019 3029">
     <span class='ocr_line' id='line_1_30' title="bbox 672 2956 2019 3029; baseline 0.004 -19"><span class='ocrx_word' id='word_1_163' title='bbox 672 2956 889 3010; x_wconf 84' lang='lat' dir='ltr'><strong>Judicat</strong></span> <span class='ocrx_word' id='word_1_164' title='bbox 920 2956 1033 3011; x_wconf 78' lang='lat' dir='ltr'><strong>haec</strong></span> <span class='ocrx_word' id='word_1_165' title='bbox 1063 2960 1169 3011; x_wconf 89' lang='lat' dir='ltr'><strong>alio</strong></span> <span class='ocrx_word' id='word_1_166' title='bbox 1210 2960 1515 3029; x_wconf 89' lang='lat' dir='ltr'><strong>quicunque</strong></span> <span class='ocrx_word' id='word_1_167' title='bbox 1552 2959 1640 3013; x_wconf 93' lang='lat' dir='ltr'><strong>die</strong></span> <span class='ocrx_word' id='word_1_168' title='bbox 1683 2960 2019 3026; x_wconf 83' lang='lat' dir='ltr'><strong>celebranda,</strong></span> 
     </span>
    </p>
   </div>
   <div class='ocr_carea' id='block_1_31' title="bbox 670 3046 2008 3115">
    <p class='ocr_par' dir='ltr' id='par_1_31' title="bbox 670 3046 2008 3115">
     <span class='ocr_line' id='line_1_31' title="bbox 670 3046 2008 3115; baseline 0.003 -17"><span class='ocrx_word' id='word_1_169' title='bbox 670 3046 766 3098; x_wconf 91' lang='lat' dir='ltr'><strong>lllo</strong></span> <span class='ocrx_word' id='word_1_170' title='bbox 791 3061 946 3115; x_wconf 92' lang='lat' dir='ltr'><strong>quem</strong></span> <span class='ocrx_word' id='word_1_171' title='bbox 978 3059 1210 3103; x_wconf 74' lang='lat' dir='ltr'><strong>statuere</strong></span> <span class='ocrx_word' id='word_1_172' title='bbox 1239 3049 1424 3104; x_wconf 86' lang='lat' dir='ltr'><strong>Patres</strong></span> <span class='ocrx_word' id='word_1_173' title='bbox 1453 3058 1652 3104; x_wconf 90' lang='lat' dir='ltr'><strong>temere</strong></span> <span class='ocrx_word' id='word_1_174' title='bbox 1683 3051 2008 3115; x_wconf 83' lang='lat' dir='ltr'><strong>intermisso,</strong></span> 
     </span>
    </p>
   </div>
   <div class='ocr_carea' id='block_1_32' title="bbox 670 3140 2069 3211">
    <p class='ocr_par' dir='ltr' id='par_1_32' title="bbox 670 3140 2069 3211">
     <span class='ocr_line' id='line_1_32' title="bbox 670 3140 2069 3211; baseline 0.005 -20"><span class='ocrx_word' id='word_1_175' title='bbox 670 3140 916 3192; x_wconf 82' lang='lat' dir='ltr'><strong>Officium</strong></span> <span class='ocrx_word' id='word_1_176' title='bbox 949 3141 1047 3193; x_wconf 91' lang='lat' dir='ltr'><strong>hoc</strong></span> <span class='ocrx_word' id='word_1_177' title='bbox 1077 3141 1212 3193; x_wconf 86' lang='lat' dir='ltr'><strong>alius</strong></span> <span class='ocrx_word' id='word_1_178' title='bbox 1237 3156 1357 3194; x_wconf 91' lang='lat' dir='ltr'><strong>cum</strong></span> <span class='ocrx_word' id='word_1_179' title='bbox 1388 3156 1491 3194; x_wconf 92' lang='lat' dir='ltr'><strong>non</strong></span> <span class='ocrx_word' id='word_1_180' title='bbox 1524 3142 1623 3195; x_wconf 89' lang='lat' dir='ltr'><strong>sibi</strong></span> <span class='ocrx_word' id='word_1_181' title='bbox 1650 3143 1881 3197; x_wconf 84' lang='lat' dir='ltr'><strong>vindicet</strong></span> <span class='ocrx_word' id='word_1_182' title='bbox 1912 3143 2069 3211; x_wconf 91' lang='lat' dir='ltr'><strong>ullus,</strong></span> 
     </span>
    </p>
   </div>
   <div class='ocr_carea' id='block_1_33' title="bbox 679 3230 1882 3302">
    <p class='ocr_par' dir='ltr' id='par_1_33' title="bbox 679 3230 1882 3302">
     <span class='ocr_line' id='line_1_33' title="bbox 679 3230 1882 3302; baseline 0.003 -21"><span class='ocrx_word' id='word_1_183' title='bbox 679 3230 743 3282; x_wconf 85' lang='lat' dir='ltr'><strong>Et</strong></span> <span class='ocrx_word' id='word_1_184' title='bbox 772 3239 969 3283; x_wconf 89' lang='lat' dir='ltr'><strong>statuta</strong></span> <span class='ocrx_word' id='word_1_185' title='bbox 999 3230 1211 3283; x_wconf 84' lang='lat' dir='ltr'><strong>Patrum</strong></span> <span class='ocrx_word' id='word_1_186' title='bbox 1245 3232 1382 3284; x_wconf 89' lang='lat' dir='ltr'><strong>nulla</strong></span> <span class='ocrx_word' id='word_1_187' title='bbox 1411 3234 1615 3287; x_wconf 86' lang='lat' dir='ltr'><strong>ratione</strong></span> <span class='ocrx_word' id='word_1_188' title='bbox 1646 3236 1882 3302; x_wconf 89' lang='lat' dir='ltr'><strong>priorum</strong></span> 
     </span>
    </p>
   </div>
   <div class='ocr_carea' id='block_1_34' title="bbox 682 3320 1943 3393">
    <p class='ocr_par' dir='ltr' id='par_1_34' title="bbox 682 3320 1943 3393">
     <span class='ocr_line' id='line_1_34' title="bbox 682 3320 1943 3393; baseline 0.007 -23"><span class='ocrx_word' id='word_1_189' title='bbox 682 3320 886 3374; x_wconf 79' lang='lat' dir='ltr'><strong>Vellere</strong></span> <span class='ocrx_word' id='word_1_190' title='bbox 920 3322 1225 3387; x_wconf 86' lang='lat' dir='ltr'><strong>conveniat,</strong></span> <span class='ocrx_word' id='word_1_191' title='bbox 1261 3324 1423 3376; x_wconf 87' lang='lat' dir='ltr'><strong>Paulo</strong></span> <span class='ocrx_word' id='word_1_192' title='bbox 1453 3323 1671 3378; x_wconf 91' lang='lat' dir='ltr'><strong>doctore</strong></span> <span class='ocrx_word' id='word_1_193' title='bbox 1693 3326 1943 3393; x_wconf 86' lang='lat' dir='ltr'><strong>jubente;</strong></span> 
     </span>
    </p>
   </div>
   <div class='ocr_carea' id='block_1_35' title="bbox 672 3414 1962 3489">
    <p class='ocr_par' dir='ltr' id='par_1_35' title="bbox 672 3414 1962 3489">
     <span class='ocr_line' id='line_1_35' title="bbox 672 3414 1962 3489; baseline 0.004 -25"><span class='ocrx_word' id='word_1_194' title='bbox 672 3414 906 3481; x_wconf 79' lang='lat' dir='ltr'><strong>Angelus</strong></span> <span class='ocrx_word' id='word_1_195' title='bbox 937 3416 1151 3468; x_wconf 84' lang='lat' dir='ltr'><strong>excelso</strong></span> <span class='ocrx_word' id='word_1_196' title='bbox 1183 3415 1399 3469; x_wconf 85' lang='lat' dir='ltr'><strong>veniens</strong></span> <span class='ocrx_word' id='word_1_197' title='bbox 1427 3417 1470 3470; x_wconf 90' lang='lat' dir='ltr'><strong>si</strong></span> <span class='ocrx_word' id='word_1_198' title='bbox 1506 3415 1684 3470; x_wconf 82' lang='lat' dir='ltr'><strong>forsan</strong></span> <span class='ocrx_word' id='word_1_199' title='bbox 1711 3419 1962 3489; x_wconf 85' lang='lat' dir='ltr'><strong>Olympo,</strong></span> 
     </span>
    </p>
   </div>
   <div class='ocr_carea' id='block_1_36' title="bbox 672 3503 1880 3576">
    <p class='ocr_par' dir='ltr' id='par_1_36' title="bbox 672 3503 1880 3576">
     <span class='ocr_line' id='line_1_36' title="bbox 672 3503 1880 3576; baseline 0.003 -21"><span class='ocrx_word' id='word_1_200' title='bbox 672 3503 740 3557; x_wconf 81' lang='lat' dir='ltr'><strong>Et</strong></span> <span class='ocrx_word' id='word_1_201' title='bbox 770 3505 919 3557; x_wconf 85' lang='lat' dir='ltr'><strong>vobis</strong></span> <span class='ocrx_word' id='word_1_202' title='bbox 949 3506 1092 3559; x_wconf 84' lang='lat' dir='ltr'><strong>aliud</strong></span> <span class='ocrx_word' id='word_1_203' title='bbox 1122 3507 1341 3572; x_wconf 87' lang='lat' dir='ltr'><strong>cupiens</strong></span> <span class='ocrx_word' id='word_1_204' title='bbox 1364 3507 1639 3575; x_wconf 84' lang='lat' dir='ltr'><strong>imponere</strong></span> <span class='ocrx_word' id='word_1_205' title='bbox 1665 3509 1880 3576; x_wconf 87' lang='lat' dir='ltr'><strong>dogma,</strong></span> 
     </span>
    </p>
   </div>
   <div class='ocr_carea' id='block_1_37' title="bbox 674 3595 1880 3664">
    <p class='ocr_par' dir='ltr' id='par_1_37' title="bbox 674 3595 1880 3664">
     <span class='ocr_line' id='line_1_37' title="bbox 674 3595 1880 3664; baseline 0.005 -17"><span class='ocrx_word' id='word_1_206' title='bbox 674 3595 871 3650; x_wconf 90' lang='lat' dir='ltr'><strong>Tentet</strong></span> <span class='ocrx_word' id='word_1_207' title='bbox 899 3600 966 3648; x_wconf 90' lang='lat' dir='ltr'><strong>ab</strong></span> <span class='ocrx_word' id='word_1_208' title='bbox 1000 3598 1100 3650; x_wconf 91' lang='lat' dir='ltr'><strong>hoc</strong></span> <span class='ocrx_word' id='word_1_209' title='bbox 1133 3598 1376 3651; x_wconf 88' lang='lat' dir='ltr'><strong>fidei.....</strong></span> <span class='ocrx_word' id='word_1_210' title='bbox 1409 3599 1697 3653; x_wconf 86' lang='lat' dir='ltr'><strong>deﬂectere</strong></span> <span class='ocrx_word' id='word_1_211' title='bbox 1727 3602 1880 3664; x_wconf 77' lang='lat' dir='ltr'><strong>callo,</strong></span> 
     </span>
    </p>
   </div>
   <div class='ocr_carea' id='block_1_38' title="bbox 670 3688 2158 3756">
    <p class='ocr_par' dir='ltr' id='par_1_38' title="bbox 670 3688 2158 3756">
     <span class='ocr_line' id='line_1_38' title="bbox 670 3688 2158 3756; baseline 0.003 -17"><span class='ocrx_word' id='word_1_212' title='bbox 670 3690 846 3753; x_wconf 82' lang='lat' dir='ltr'><strong>Quam</strong></span> <span class='ocrx_word' id='word_1_213' title='bbox 884 3701 977 3756; x_wconf 86' lang='lat' dir='ltr'><strong>per</strong></span> <span class='ocrx_word' id='word_1_214' title='bbox 1007 3702 1105 3741; x_wconf 90' lang='lat' dir='ltr'><strong>nos</strong></span> <span class='ocrx_word' id='word_1_215' title='bbox 1133 3688 1389 3742; x_wconf 90' lang='lat' dir='ltr'><strong>Dominus</strong></span> <span class='ocrx_word' id='word_1_216' title='bbox 1418 3690 1584 3743; x_wconf 91' lang='lat' dir='ltr'><strong>voluit</strong></span> <span class='ocrx_word' id='word_1_217' title='bbox 1608 3690 1907 3745; x_wconf 69' lang='lat' dir='ltr'><strong>diffundere</strong></span> <span class='ocrx_word' id='word_1_218' title='bbox 1935 3693 2158 3756; x_wconf 89' lang='lat' dir='ltr'><strong>mundo,</strong></span> 
     </span>
    </p>
   </div>
   <div class='ocr_carea' id='block_1_39' title="bbox 670 3778 2010 3850">
    <p class='ocr_par' dir='ltr' id='par_1_39' title="bbox 670 3778 2010 3850">
     <span class='ocr_line' id='line_1_39' title="bbox 670 3778 2010 3850; baseline 0.004 -20"><span class='ocrx_word' id='word_1_219' title='bbox 670 3784 749 3831; x_wconf 82' lang='lat' dir='ltr'><strong>Ac</strong></span> <span class='ocrx_word' id='word_1_220' title='bbox 778 3778 822 3831; x_wconf 88' lang='lat' dir='ltr'><strong>si</strong></span> <span class='ocrx_word' id='word_1_221' title='bbox 858 3778 1225 3846; x_wconf 84' lang='lat' dir='ltr'><strong>blasphemum</strong></span> <span class='ocrx_word' id='word_1_222' title='bbox 1257 3780 1458 3834; x_wconf 84' lang='lat' dir='ltr'><strong>laribus</strong></span> <span class='ocrx_word' id='word_1_223' title='bbox 1490 3783 1769 3850; x_wconf 83' lang='lat' dir='ltr'><strong>propellite</strong></span> <span class='ocrx_word' id='word_1_224' title='bbox 1797 3784 2010 3850; x_wconf 82' lang='lat' dir='ltr'><strong>vestris,</strong></span> 
     </span>
    </p>
   </div>
   <div class='ocr_carea' id='block_1_40' title="bbox 670 3868 2036 3939">
    <p class='ocr_par' dir='ltr' id='par_1_40' title="bbox 670 3868 2036 3939">
     <span class='ocr_line' id='line_1_40' title="bbox 670 3868 2036 3939; baseline 0.005 -17"><span class='ocrx_word' id='word_1_225' title='bbox 670 3868 779 3923; x_wconf 79' lang='lat' dir='ltr'><strong>Nec</strong></span> <span class='ocrx_word' id='word_1_226' title='bbox 800 3869 977 3922; x_wconf 92' lang='lat' dir='ltr'><strong>minus</strong></span> <span class='ocrx_word' id='word_1_227' title='bbox 1004 3870 1102 3923; x_wconf 86' lang='lat' dir='ltr'><strong>hoc</strong></span> <span class='ocrx_word' id='word_1_228' title='bbox 1132 3872 1292 3923; x_wconf 89' lang='lat' dir='ltr'><strong>etiam</strong></span> <span class='ocrx_word' id='word_1_229' title='bbox 1322 3872 1593 3939; x_wconf 87' lang='lat' dir='ltr'><strong>Scriptura</strong></span> <span class='ocrx_word' id='word_1_230' title='bbox 1628 3872 1821 3926; x_wconf 80' lang='lat' dir='ltr'><strong>fatetur</strong></span> <span class='ocrx_word' id='word_1_231' title='bbox 1849 3877 1991 3929; x_wconf 91' lang='lat' dir='ltr'><strong>avita</strong></span> <span class='ocrx_word' id='word_1_232' title='bbox 2022 3893 2036 3929; x_wconf 89' lang='lat'>:</span> 
     </span>
    </p>
   </div>
   <div class='ocr_carea' id='block_1_41' title="bbox 670 3962 1933 4035">
    <p class='ocr_par' dir='ltr' id='par_1_41' title="bbox 670 3962 1933 4035">
     <span class='ocr_line' id='line_1_41' title="bbox 670 3962 1933 4035; baseline 0.006 -21"><span class='ocrx_word' id='word_1_233' title='bbox 670 3962 931 4028; x_wconf 85' lang='lat' dir='ltr'><strong>Antiquos</strong></span> <span class='ocrx_word' id='word_1_234' title='bbox 958 3962 1089 4016; x_wconf 87' lang='lat' dir='ltr'><strong>lines</strong></span> <span class='ocrx_word' id='word_1_235' title='bbox 1113 3980 1180 4015; x_wconf 85' lang='lat' dir='ltr'><strong>tte</strong></span> <span class='ocrx_word' id='word_1_236' title='bbox 1212 3966 1601 4034; x_wconf 86' lang='lat' dir='ltr'><strong>transgrediare</strong></span> <span class='ocrx_word' id='word_1_237' title='bbox 1633 3976 1933 4035; x_wconf 86' lang='lat' dir='ltr'><strong>parentum.</strong></span> 
     </span>
    </p>
   </div>
   <div class='ocr_carea' id='block_1_42' title="bbox 742 4050 2251 4128">
    <p class='ocr_par' dir='ltr' id='par_1_42' title="bbox 742 4050 2251 4128">
     <span class='ocr_line' id='line_1_42' title="bbox 742 4050 2251 4128; baseline 0.006 -23"><span class='ocrx_word' id='word_1_238' title='bbox 742 4050 799 4105; x_wconf 88' lang='lat' dir='ltr'><strong>ltt</strong></span> <span class='ocrx_word' id='word_1_239' title='bbox 832 4053 1093 4106; x_wconf 89' lang='lat' dir='ltr'><strong>tumidum</strong></span> <span class='ocrx_word' id='word_1_240' title='bbox 1126 4054 1449 4126; x_wconf 83' lang='lat' dir='ltr'><strong>fragili_cnm</strong></span> <span class='ocrx_word' id='word_1_241' title='bbox 1484 4055 1644 4109; x_wconf 90' lang='lat' dir='ltr'><strong>lintre</strong></span> <span class='ocrx_word' id='word_1_242' title='bbox 1686 4059 2015 4111; x_wconf 88' lang='lat' dir='ltr'><strong>cucorrimus</strong></span> <span class='ocrx_word' id='word_1_243' title='bbox 2051 4074 2251 4128; x_wconf 75' lang='lat' dir='ltr'><strong>:equor,</strong></span> 
     </span>
    </p>
   </div>
   <div class='ocr_carea' id='block_1_43' title="bbox 670 4143 1978 4217">
    <p class='ocr_par' dir='ltr' id='par_1_43' title="bbox 670 4143 1978 4217">
     <span class='ocr_line' id='line_1_43' title="bbox 670 4143 1978 4217; baseline 0.005 -21"><span class='ocrx_word' id='word_1_244' title='bbox 670 4143 801 4209; x_wconf 69' lang='lat' dir='ltr'><strong>Qua:</strong></span> <span class='ocrx_word' id='word_1_245' title='bbox 826 4143 949 4197; x_wconf 85' lang='lat' dir='ltr'><strong>licet</strong></span> <span class='ocrx_word' id='word_1_246' title='bbox 983 4145 1117 4197; x_wconf 87' lang='lat' dir='ltr'><strong>illisa</strong></span> <span class='ocrx_word' id='word_1_247' title='bbox 1145 4148 1401 4213; x_wconf 83' lang='lat' dir='ltr'><strong>seopulis,</strong></span> <span class='ocrx_word' id='word_1_248' title='bbox 1436 4158 1686 4217; x_wconf 87' lang='lat' dir='ltr'><strong>quassata</strong></span> <span class='ocrx_word' id='word_1_249' title='bbox 1717 4151 1978 4217; x_wconf 82' lang='lat' dir='ltr'><strong>procellis,</strong></span> 
     </span>
    </p>
   </div>
   <div class='ocr_carea' id='block_1_44' title="bbox 673 4231 1835 4304">
    <p class='ocr_par' dir='ltr' id='par_1_44' title="bbox 673 4231 1835 4304">
     <span class='ocr_line' id='line_1_44' title="bbox 673 4231 1835 4304; baseline 0.006 -19"><span class='ocrx_word' id='word_1_250' title='bbox 673 4231 893 4286; x_wconf 88' lang='lat' dir='ltr'><strong>Litteris</strong></span> <span class='ocrx_word' id='word_1_251' title='bbox 923 4242 1100 4299; x_wconf 90' lang='lat' dir='ltr'><strong>optata</strong></span> <span class='ocrx_word' id='word_1_252' title='bbox 1134 4234 1344 4287; x_wconf 92' lang='lat' dir='ltr'><strong>tandem</strong></span> <span class='ocrx_word' id='word_1_253' title='bbox 1377 4237 1568 4289; x_wconf 88' lang='lat' dir='ltr'><strong>tellure</strong></span> <span class='ocrx_word' id='word_1_254' title='bbox 1597 4239 1794 4304; x_wconf 87' lang='lat' dir='ltr'><strong>potitur</strong></span> <span class='ocrx_word' id='word_1_255' title='bbox 1824 4259 1835 4292; x_wconf 89' lang='lat'>:</span> 
     </span>
    </p>
   </div>
   <div class='ocr_carea' id='block_1_45' title="bbox 676 4323 1917 4396">
    <p class='ocr_par' dir='ltr' id='par_1_45' title="bbox 676 4323 1917 4396">
     <span class='ocr_line' id='line_1_45' title="bbox 676 4323 1917 4396; baseline 0.007 -21"><span class='ocrx_word' id='word_1_256' title='bbox 676 4323 785 4377; x_wconf 82' lang='lat' dir='ltr'><strong>Nec</strong></span> <span class='ocrx_word' id='word_1_257' title='bbox 816 4338 943 4375; x_wconf 81' lang='lat' dir='ltr'><strong>vero</strong></span> <span class='ocrx_word' id='word_1_258' title='bbox 974 4325 1162 4376; x_wconf 90' lang='lat' dir='ltr'><strong>mirum</strong></span> <span class='ocrx_word' id='word_1_259' title='bbox 1193 4324 1497 4378; x_wconf 86' lang='lat' dir='ltr'><strong>discrimina</strong></span> <span class='ocrx_word' id='word_1_260' title='bbox 1532 4328 1679 4395; x_wconf 88' lang='lat' dir='ltr'><strong>plura</strong></span> <span class='ocrx_word' id='word_1_261' title='bbox 1713 4330 1917 4396; x_wconf 79' lang='lat' dir='ltr'><strong>tulisse,</strong></span> 
     </span>
    </p>
   </div>
   <div class='ocr_carea' id='block_1_46' title="bbox 672 4414 2003 4488">
    <p class='ocr_par' dir='ltr' id='par_1_46' title="bbox 672 4414 2003 4488">
     <span class='ocr_line' id='line_1_46' title="bbox 672 4414 2003 4488; baseline 0.005 -21"><span class='ocrx_word' id='word_1_262' title='bbox 672 4414 931 4468; x_wconf 89' lang='lat' dir='ltr'><strong>lntentata</strong></span> <span class='ocrx_word' id='word_1_263' title='bbox 959 4415 1102 4481; x_wconf 90' lang='lat' dir='ltr'><strong>prius</strong></span> <span class='ocrx_word' id='word_1_264' title='bbox 1126 4416 1447 4471; x_wconf 87' lang='lat' dir='ltr'><strong>sulcavimus</strong></span> <span class='ocrx_word' id='word_1_265' title='bbox 1474 4433 1691 4487; x_wconf 66' lang='lat' dir='ltr'><strong>aequora</strong></span> <span class='ocrx_word' id='word_1_266' title='bbox 1720 4422 1965 4488; x_wconf 86' lang='lat' dir='ltr'><strong>cuiquam</strong></span> <span class='ocrx_word' id='word_1_267' title='bbox 1990 4440 2003 4484; x_wconf 88' lang='lat'><strong>;</strong></span> 
     </span>
    </p>
   </div>
   <div class='ocr_carea' id='block_1_47' title="bbox 670 4504 1996 4580">
    <p class='ocr_par' dir='ltr' id='par_1_47' title="bbox 670 4504 1996 4580">
     <span class='ocr_line' id='line_1_47' title="bbox 670 4504 1996 4580; baseline 0.005 -22"><span class='ocrx_word' id='word_1_268' title='bbox 670 4504 800 4558; x_wconf 85' lang='lat' dir='ltr'><strong>Nam</strong></span> <span class='ocrx_word' id='word_1_269' title='bbox 827 4520 961 4574; x_wconf 90' lang='lat' dir='ltr'><strong>quos</strong></span> <span class='ocrx_word' id='word_1_270' title='bbox 993 4505 1243 4559; x_wconf 78' lang='lat' dir='ltr'><strong>Romana:</strong></span> <span class='ocrx_word' id='word_1_271' title='bbox 1272 4508 1479 4562; x_wconf 69' lang='lat' dir='ltr'><strong>extollit</strong></span> <span class='ocrx_word' id='word_1_272' title='bbox 1509 4512 1747 4564; x_wconf 82' lang='lat' dir='ltr'><strong>facundia</strong></span> <span class='ocrx_word' id='word_1_273' title='bbox 1782 4512 1996 4580; x_wconf 69' lang='lat' dir='ltr'><strong>lingute,</strong></span> 
     </span>
    </p>
   </div>
   <div class='ocr_carea' id='block_1_48' title="bbox 671 4594 1806 4667">
    <p class='ocr_par' dir='ltr' id='par_1_48' title="bbox 671 4594 1806 4667">
     <span class='ocr_line' id='line_1_48' title="bbox 671 4594 1806 4667; baseline 0.003 -17"><span class='ocrx_word' id='word_1_274' title='bbox 671 4594 915 4664; x_wconf 78' lang='lat' dir='ltr'><strong>Antiquis</strong></span> <span class='ocrx_word' id='word_1_275' title='bbox 948 4597 1070 4650; x_wconf 88' lang='lat' dir='ltr'><strong>trito</strong></span> <span class='ocrx_word' id='word_1_276' title='bbox 1098 4596 1338 4651; x_wconf 87' lang='lat' dir='ltr'><strong>nituntur</strong></span> <span class='ocrx_word' id='word_1_277' title='bbox 1368 4600 1577 4654; x_wconf 90' lang='lat' dir='ltr'><strong>tramite</strong></span> <span class='ocrx_word' id='word_1_278' title='bbox 1608 4601 1806 4667; x_wconf 87' lang='lat' dir='ltr'><strong>cuncti,</strong></span> 
     </span>
    </p>
   </div>
   <div class='ocr_carea' id='block_1_49' title="bbox 670 4687 2080 4761">
    <p class='ocr_par' dir='ltr' id='par_1_49' title="bbox 670 4687 2080 4761">
     <span class='ocr_line' id='line_1_49' title="bbox 670 4687 2080 4761; baseline 0.005 -22"><span class='ocrx_word' id='word_1_279' title='bbox 670 4687 942 4755; x_wconf 86' lang='lat' dir='ltr'><strong>Scylleum</strong></span> <span class='ocrx_word' id='word_1_280' title='bbox 978 4688 1194 4756; x_wconf 79' lang='lat' dir='ltr'><strong>pelagus</strong></span> <span class='ocrx_word' id='word_1_281' title='bbox 1226 4689 1371 4743; x_wconf 85' lang='lat' dir='ltr'><strong>Maro</strong></span> <span class='ocrx_word' id='word_1_282' title='bbox 1403 4690 1603 4760; x_wconf 85' lang='lat' dir='ltr'><strong>remige</strong></span> <span class='ocrx_word' id='word_1_283' title='bbox 1635 4693 1805 4745; x_wconf 76' lang='lat' dir='ltr'><strong>sulcat</strong></span> <span class='ocrx_word' id='word_1_284' title='bbox 1828 4693 2080 4761; x_wconf 90' lang='lat' dir='ltr'><strong>llomero,</strong></span> 
     </span>
    </p>
   </div>
   <div class='ocr_carea' id='block_1_50' title="bbox 670 4777 1819 4852">
    <p class='ocr_par' dir='ltr' id='par_1_50' title="bbox 670 4777 1819 4852">
     <span class='ocr_line' id='line_1_50' title="bbox 670 4777 1819 4852; baseline 0.009 -22"><span class='ocrx_word' id='word_1_285' title='bbox 670 4777 952 4832; x_wconf 81' lang='lat' dir='ltr'><strong>Pindarico</strong></span> <span class='ocrx_word' id='word_1_286' title='bbox 981 4788 1131 4834; x_wconf 91' lang='lat' dir='ltr'><strong>vates</strong></span> <span class='ocrx_word' id='word_1_287' title='bbox 1158 4780 1356 4835; x_wconf 88' lang='lat' dir='ltr'><strong>incedit</strong></span> <span class='ocrx_word' id='word_1_288' title='bbox 1385 4784 1520 4836; x_wconf 87' lang='lat' dir='ltr'><strong>calle</strong></span> <span class='ocrx_word' id='word_1_289' title='bbox 1552 4784 1819 4852; x_wconf 76' lang='lat' dir='ltr'><strong>Sabellus,</strong></span> 
     </span>
    </p>
   </div>
   <div class='ocr_carea' id='block_1_51' title="bbox 670 4870 1965 4945">
    <p class='ocr_par' dir='ltr' id='par_1_51' title="bbox 670 4870 1965 4945">
     <span class='ocr_line' id='line_1_51' title="bbox 670 4870 1965 4945; baseline 0.006 -20"><span class='ocrx_word' id='word_1_290' title='bbox 670 4870 927 4925; x_wconf 84' lang='lat' dir='ltr'><strong>Lucilium</strong></span> <span class='ocrx_word' id='word_1_291' title='bbox 958 4874 1195 4940; x_wconf 88' lang='lat' dir='ltr'><strong>sequitur</strong></span> <span class='ocrx_word' id='word_1_292' title='bbox 1216 4883 1407 4943; x_wconf 65' lang='lat' dir='ltr'><strong>satyrte</strong></span> <span class='ocrx_word' id='word_1_293' title='bbox 1440 4876 1703 4931; x_wconf 88' lang='lat' dir='ltr'><strong>mordacis</strong></span> <span class='ocrx_word' id='word_1_294' title='bbox 1731 4889 1965 4945; x_wconf 87' lang='lat' dir='ltr'><strong>amator,</strong></span> 
     </span>
    </p>
   </div>
   <div class='ocr_carea' id='block_1_52' title="bbox 670 4960 1956 5035">
    <p class='ocr_par' dir='ltr' id='par_1_52' title="bbox 670 4960 1956 5035">
     <span class='ocr_line' id='line_1_52' title="bbox 670 4960 1956 5035; baseline 0.009 -23"><span class='ocrx_word' id='word_1_295' title='bbox 670 4960 918 5013; x_wconf 76' lang='lat' dir='ltr'><strong>tlomicus</strong></span> <span class='ocrx_word' id='word_1_296' title='bbox 946 4962 1143 5015; x_wconf 83' lang='lat' dir='ltr'><strong>eximio</strong></span> <span class='ocrx_word' id='word_1_297' title='bbox 1175 4964 1377 5031; x_wconf 88' lang='lat' dir='ltr'><strong>regitur</strong></span> <span class='ocrx_word' id='word_1_298' title='bbox 1403 4964 1623 5021; x_wconf 90' lang='lat' dir='ltr'><strong>doctore</strong></span> <span class='ocrx_word' id='word_1_299' title='bbox 1645 4968 1956 5035; x_wconf 83' lang='lat' dir='ltr'><strong>Menandro,</strong></span> 
     </span>
    </p>
   </div>
   <div class='ocr_carea' id='block_1_53' title="bbox 674 5052 1989 5122">
    <p class='ocr_par' dir='ltr' id='par_1_53' title="bbox 674 5052 1989 5122">
     <span class='ocr_line' id='line_1_53' title="bbox 674 5052 1989 5122; baseline 0.009 -17"><span class='ocrx_word' id='word_1_300' title='bbox 674 5056 743 5105; x_wconf 82' lang='lat' dir='ltr'><strong>At</strong></span> <span class='ocrx_word' id='word_1_301' title='bbox 768 5063 1003 5106; x_wconf 88' lang='lat' dir='ltr'><strong>nostram</strong></span> <span class='ocrx_word' id='word_1_302' title='bbox 1030 5052 1219 5108; x_wconf 90' lang='lat' dir='ltr'><strong>ductor</strong></span> <span class='ocrx_word' id='word_1_303' title='bbox 1250 5057 1524 5122; x_wconf 64' lang='lat' dir='ltr'><strong>praecessit</strong></span> <span class='ocrx_word' id='word_1_304' title='bbox 1547 5073 1703 5112; x_wconf 90' lang='lat' dir='ltr'><strong>nemo</strong></span> <span class='ocrx_word' id='word_1_305' title='bbox 1726 5061 1989 5117; x_wconf 85' lang='lat' dir='ltr'><strong>Thaliam.</strong></span> 
     </span>
    </p>
   </div>
   <div class='ocr_carea' id='block_1_54' title="bbox 674 5142 1927 5219">
    <p class='ocr_par' dir='ltr' id='par_1_54' title="bbox 674 5142 1927 5219">
     <span class='ocr_line' id='line_1_54' title="bbox 674 5142 1927 5219; baseline 0.01 -25"><span class='ocrx_word' id='word_1_306' title='bbox 674 5142 726 5194; x_wconf 92' lang='lat' dir='ltr'><strong>In</strong></span> <span class='ocrx_word' id='word_1_307' title='bbox 759 5145 976 5197; x_wconf 87' lang='lat' dir='ltr'><strong>scabros</strong></span> <span class='ocrx_word' id='word_1_308' title='bbox 1009 5146 1223 5213; x_wconf 83' lang='lat' dir='ltr'><strong>impegit</strong></span> <span class='ocrx_word' id='word_1_309' title='bbox 1247 5148 1316 5199; x_wconf 88' lang='lat' dir='ltr'><strong>ob</strong></span> <span class='ocrx_word' id='word_1_310' title='bbox 1341 5146 1443 5201; x_wconf 90' lang='lat' dir='ltr'><strong>hoc</strong></span> <span class='ocrx_word' id='word_1_311' title='bbox 1476 5165 1697 5203; x_wconf 91' lang='lat' dir='ltr'><strong>erronea</strong></span> <span class='ocrx_word' id='word_1_312' title='bbox 1727 5163 1927 5219; x_wconf 87' lang='lat' dir='ltr'><strong>cautes,</strong></span> 
     </span>
    </p>
   </div>
   <div class='ocr_carea' id='block_1_55' title="bbox 672 5234 1930 5307">
    <p class='ocr_par' dir='ltr' id='par_1_55' title="bbox 672 5234 1930 5307">
     <span class='ocr_line' id='line_1_55' title="bbox 672 5234 1930 5307; baseline 0.006 -21"><span class='ocrx_word' id='word_1_313' title='bbox 672 5234 774 5287; x_wconf 77' lang='lat' dir='ltr'><strong>Sed</strong></span> <span class='ocrx_word' id='word_1_314' title='bbox 805 5234 1042 5299; x_wconf 88' lang='lat' dir='ltr'><strong>spirante</strong></span> <span class='ocrx_word' id='word_1_315' title='bbox 1071 5234 1177 5290; x_wconf 90' lang='lat' dir='ltr'><strong>Deo</strong></span> <span class='ocrx_word' id='word_1_316' title='bbox 1208 5235 1465 5307; x_wconf 80' lang='lat' dir='ltr'><strong>Zephyiis</strong></span> <span class='ocrx_word' id='word_1_317' title='bbox 1496 5238 1743 5294; x_wconf 83' lang='lat' dir='ltr'><strong>felicibus</strong></span> <span class='ocrx_word' id='word_1_318' title='bbox 1772 5251 1885 5294; x_wconf 83' lang='lat' dir='ltr'><strong>acta</strong></span> <span class='ocrx_word' id='word_1_319' title='bbox 1914 5283 1930 5306; x_wconf 93' lang='lat'><strong>,</strong></span> 
     </span>
    </p>
   </div>
   <div class='ocr_carea' id='block_1_56' title="bbox 672 5322 1955 5396">
    <p class='ocr_par' dir='ltr' id='par_1_56' title="bbox 672 5322 1955 5396">
     <span class='ocr_line' id='line_1_56' title="bbox 672 5322 1955 5396; baseline 0.013 -22"><span class='ocrx_word' id='word_1_320' title='bbox 672 5322 787 5378; x_wconf 81' lang='lat' dir='ltr'><strong>Jam</strong></span> <span class='ocrx_word' id='word_1_321' title='bbox 817 5338 999 5394; x_wconf 87' lang='lat' dir='ltr'><strong>portus</strong></span> <span class='ocrx_word' id='word_1_322' title='bbox 1024 5330 1180 5396; x_wconf 90' lang='lat' dir='ltr'><strong>pleno</strong></span> <span class='ocrx_word' id='word_1_323' title='bbox 1209 5332 1419 5385; x_wconf 88' lang='lat' dir='ltr'><strong>tandem</strong></span> <span class='ocrx_word' id='word_1_324' title='bbox 1444 5333 1589 5386; x_wconf 85' lang='lat' dir='ltr'><strong>subit</strong></span> <span class='ocrx_word' id='word_1_325' title='bbox 1618 5335 1787 5389; x_wconf 90' lang='lat' dir='ltr'><strong>bestia</strong></span> <span class='ocrx_word' id='word_1_326' title='bbox 1818 5340 1955 5392; x_wconf 88' lang='lat' dir='ltr'><strong>velo.</strong></span> 
     </span>
    </p>
   </div>
   <div class='ocr_carea' id='block_1_57' title="bbox 1260 5425 1666 5482">
    <p class='ocr_par' dir='ltr' id='par_1_57' title="bbox 1260 5425 1666 5482">
     <span class='ocr_line' id='line_1_57' title="bbox 1260 5425 1666 5482; baseline 0.01 -4"><span class='ocrx_word' id='word_1_327' title='bbox 1260 5425 1541 5482; x_wconf 83' lang='lat' dir='ltr'><strong>IlYMNUS</strong></span> <span class='ocrx_word' id='word_1_328' title='bbox 1581 5428 1666 5482; x_wconf 95' lang='lat' dir='ltr'><strong>lll.</strong></span> 
     </span>
    </p>
   </div>
   <div class='ocr_carea' id='block_1_58' title="bbox 1086 5512 1838 5588">
    <p class='ocr_par' dir='ltr' id='par_1_58' title="bbox 1086 5512 1838 5588">
     <span class='ocr_line' id='line_1_58' title="bbox 1086 5512 1838 5588; baseline 0.009 -22"><span class='ocrx_word' id='word_1_329' title='bbox 1086 5512 1163 5567; x_wconf 89' lang='lat' dir='ltr'><strong>De</strong></span> <span class='ocrx_word' id='word_1_330' title='bbox 1189 5517 1344 5568; x_wconf 75' lang='lat' dir='ltr'><strong>rariis</strong></span> <span class='ocrx_word' id='word_1_331' title='bbox 1375 5519 1598 5586; x_wconf 83' lang='lat' dir='ltr'><strong>computi</strong></span> <span class='ocrx_word' id='word_1_332' title='bbox 1626 5520 1838 5588; x_wconf 82' lang='lat' dir='ltr'><strong>regulis.</strong></span> 
     </span>
    </p>
   </div>
   <div class='ocr_carea' id='block_1_59' title="bbox 748 5596 2177 5680">
    <p class='ocr_par' dir='ltr' id='par_1_59' title="bbox 748 5596 2177 5680">
     <span class='ocr_line' id='line_1_59' title="bbox 748 5596 2177 5680; baseline 0.013 -31"><span class='ocrx_word' id='word_1_333' title='bbox 748 5596 1046 5654; x_wconf 87' lang='lat' dir='ltr'><strong>Adventum</strong></span> <span class='ocrx_word' id='word_1_334' title='bbox 1077 5602 1288 5660; x_wconf 89' lang='lat' dir='ltr'><strong>Domini</strong></span> <span class='ocrx_word' id='word_1_335' title='bbox 1320 5622 1424 5661; x_wconf 89' lang='lat' dir='ltr'><strong>non</strong></span> <span class='ocrx_word' id='word_1_336' title='bbox 1457 5618 1540 5663; x_wconf 89' lang='lat' dir='ltr'><strong>est</strong></span> <span class='ocrx_word' id='word_1_337' title='bbox 1565 5609 1838 5665; x_wconf 87' lang='lat' dir='ltr'><strong>celebrare</strong></span> <span class='ocrx_word' id='word_1_338' title='bbox 1866 5611 2177 5680; x_wconf 86' lang='lat' dir='ltr'><strong>Decembri,</strong></span> 
     </span>
    </p>
   </div>
   <div class='ocr_carea' id='block_1_60' title="bbox 677 5686 2101 5775">
    <p class='ocr_par' dir='ltr' id='par_1_60' title="bbox 677 5686 2101 5775">
     <span class='ocr_line' id='line_1_60' title="bbox 677 5686 2101 5775; baseline 0.015 -34"><span class='ocrx_word' id='word_1_339' title='bbox 677 5686 801 5743; x_wconf 84' lang='lat' dir='ltr'><strong>Post</strong></span> <span class='ocrx_word' id='word_1_340' title='bbox 832 5700 1011 5748; x_wconf 86' lang='lat' dir='ltr'><strong>ternas</strong></span> <span class='ocrx_word' id='word_1_341' title='bbox 1034 5711 1199 5752; x_wconf 86' lang='lat' dir='ltr'><strong>nonas</strong></span> <span class='ocrx_word' id='word_1_342' title='bbox 1229 5715 1403 5768; x_wconf 90' lang='lat' dir='ltr'><strong>neque</strong></span> <span class='ocrx_word' id='word_1_343' title='bbox 1432 5706 1643 5772; x_wconf 84' lang='lat' dir='ltr'><strong>quintas</strong></span> <span class='ocrx_word' id='word_1_344' title='bbox 1666 5715 1787 5761; x_wconf 87' lang='lat' dir='ltr'><strong>ante</strong></span> <span class='ocrx_word' id='word_1_345' title='bbox 1813 5704 2101 5775; x_wconf 81' lang='lat' dir='ltr'><strong>Kalendas,</strong></span> 
     </span>
    </p>
   </div>
   <div class='ocr_carea' id='block_1_61' title="bbox 1390 271 2277 336">
    <p class='ocr_par' dir='ltr' id='par_1_61' title="bbox 1390 271 2277 336">
     <span class='ocr_line' id='line_1_61' title="bbox 1390 271 2277 336; baseline -0.015 0"><span class='ocrx_word' id='word_1_346' title='bbox 1390 281 1593 336; x_wconf 71' lang='lat' dir='ltr'><strong>BENE</strong></span> <span class='ocrx_word' id='word_1_347' title='bbox 1632 275 2087 334; x_wconf 76' lang='lat' dir='ltr'><strong>VENEIlABILIS</strong></span> <span class='ocrx_word' id='word_1_348' title='bbox 2125 271 2277 326; x_wconf 84' lang='lat' dir='ltr'><strong>OPP.</strong></span> 
     </span>
    </p>
   </div>
   <div class='ocr_carea' id='block_1_62' title="bbox 2317 264 3251 324">
    <p class='ocr_par' dir='ltr' id='par_1_62' title="bbox 2317 264 3251 324">
     <span class='ocr_line' id='line_1_62' title="bbox 2317 264 3251 324; baseline -0.001 -3"><span class='ocrx_word' id='word_1_349' title='bbox 2317 266 2494 324; x_wconf 79' lang='lat' dir='ltr'><strong>PARS</strong></span> <span class='ocrx_word' id='word_1_350' title='bbox 2530 265 2619 323; x_wconf 82' lang='lat' dir='ltr'><strong>Ill.</strong></span> <span class='ocrx_word' id='word_1_351' title='bbox 2659 296 2730 307; x_wconf 94' lang='lat'><strong>——</strong></span> <span class='ocrx_word' id='word_1_352' title='bbox 2769 264 3251 321; x_wconf 62' lang='lat' dir='ltr'><strong>PARENETICA.</strong></span> 
     </span>
    </p>
   </div>
   <div class='ocr_carea' id='block_1_63' title="bbox 2287 379 3689 448">
    <p class='ocr_par' dir='ltr' id='par_1_63' title="bbox 2287 379 3689 448">
     <span class='ocr_line' id='line_1_63' title="bbox 2287 379 3689 448; baseline 0.001 -16"><span class='ocrx_word' id='word_1_353' title='bbox 2287 382 2337 441; x_wconf 78' lang='grc' dir='ltr'>Α</span> <span class='ocrx_word' id='word_1_354' title='bbox 2365 379 2567 434; x_wconf 86' lang='lat' dir='ltr'><strong>Pascha</strong></span> <span class='ocrx_word' id='word_1_355' title='bbox 2599 394 2699 435; x_wconf 91' lang='lat' dir='ltr'><strong>nec</strong></span> <span class='ocrx_word' id='word_1_356' title='bbox 2730 379 2970 433; x_wconf 88' lang='lat' dir='ltr'><strong>undenas</strong></span> <span class='ocrx_word' id='word_1_357' title='bbox 3003 381 3211 448; x_wconf 81' lang='lat' dir='ltr'><strong>Apriles</strong></span> <span class='ocrx_word' id='word_1_358' title='bbox 3243 388 3366 435; x_wconf 86' lang='lat' dir='ltr'><strong>ante</strong></span> <span class='ocrx_word' id='word_1_359' title='bbox 3386 379 3652 434; x_wconf 77' lang='lat' dir='ltr'><strong>Kalendas</strong></span> <span class='ocrx_word' id='word_1_360' title='bbox 3672 422 3689 443; x_wconf 87' lang='lat'><strong>,</strong></span> 
     </span>
    </p>
   </div>
   <div class='ocr_carea' id='block_1_64' title="bbox 2356 468 3701 538">
    <p class='ocr_par' dir='ltr' id='par_1_64' title="bbox 2356 468 3701 538">
     <span class='ocr_line' id='line_1_64' title="bbox 2356 468 3701 538; baseline 0.001 -15"><span class='ocrx_word' id='word_1_361' title='bbox 2356 468 2467 523; x_wconf 83' lang='lat' dir='ltr'><strong>Nec</strong></span> <span class='ocrx_word' id='word_1_362' title='bbox 2496 479 2613 538; x_wconf 90' lang='lat' dir='ltr'><strong>post</strong></span> <span class='ocrx_word' id='word_1_363' title='bbox 2632 481 2881 537; x_wconf 90' lang='lat' dir='ltr'><strong>septenas</strong></span> <span class='ocrx_word' id='word_1_364' title='bbox 2914 471 3077 524; x_wconf 80' lang='lat' dir='ltr'><strong>Maias</strong></span> <span class='ocrx_word' id='word_1_365' title='bbox 3111 472 3249 525; x_wconf 87' lang='lat' dir='ltr'><strong>valet</strong></span> <span class='ocrx_word' id='word_1_366' title='bbox 3279 487 3397 525; x_wconf 83' lang='lat' dir='ltr'><strong>esse</strong></span> <span class='ocrx_word' id='word_1_367' title='bbox 3430 472 3701 525; x_wconf 79' lang='lat' dir='ltr'><strong>Kalendas</strong></span> 
     </span>
    </p>
   </div>
   <div class='ocr_carea' id='block_1_65' title="bbox 2360 561 3658 631">
    <p class='ocr_par' dir='ltr' id='par_1_65' title="bbox 2360 561 3658 631">
     <span class='ocr_line' id='line_1_65' title="bbox 2360 561 3658 631; baseline 0.002 -18"><span class='ocrx_word' id='word_1_368' title='bbox 2360 561 2518 629; x_wconf 83' lang='lat' dir='ltr'><strong>Virgo</strong></span> <span class='ocrx_word' id='word_1_369' title='bbox 2547 563 2828 631; x_wconf 86' lang='lat' dir='ltr'><strong>puerperio</strong></span> <span class='ocrx_word' id='word_1_370' title='bbox 2858 562 3007 616; x_wconf 90' lang='lat' dir='ltr'><strong>dedit</strong></span> <span class='ocrx_word' id='word_1_371' title='bbox 3030 578 3173 615; x_wconf 90' lang='lat' dir='ltr'><strong>anno</strong></span> <span class='ocrx_word' id='word_1_372' title='bbox 3205 564 3353 630; x_wconf 89' lang='lat' dir='ltr'><strong>signa</strong></span> <span class='ocrx_word' id='word_1_373' title='bbox 3386 565 3621 616; x_wconf 85' lang='lat' dir='ltr'><strong>secundo</strong></span> <span class='ocrx_word' id='word_1_374' title='bbox 3641 603 3658 627; x_wconf 87' lang='lat'><strong>,</strong></span> 
     </span>
    </p>
   </div>
   <div class='ocr_carea' id='block_1_66' title="bbox 2359 656 3455 727">
    <p class='ocr_par' dir='ltr' id='par_1_66' title="bbox 2359 656 3455 727">
     <span class='ocr_line' id='line_1_66' title="bbox 2359 656 3455 727; baseline -0.001 -16"><span class='ocrx_word' id='word_1_375' title='bbox 2359 656 2501 711; x_wconf 90' lang='lat' dir='ltr'><strong>lllius</strong></span> <span class='ocrx_word' id='word_1_376' title='bbox 2532 659 2705 725; x_wconf 90' lang='lat' dir='ltr'><strong>magni</strong></span> <span class='ocrx_word' id='word_1_377' title='bbox 2738 658 2873 727; x_wconf 80' lang='lat' dir='ltr'><strong>cycli</strong></span> <span class='ocrx_word' id='word_1_378' title='bbox 2908 658 3065 711; x_wconf 86' lang='lat' dir='ltr'><strong>modo</strong></span> <span class='ocrx_word' id='word_1_379' title='bbox 3098 658 3177 710; x_wconf 90' lang='lat' dir='ltr'><strong>bis</strong></span> <span class='ocrx_word' id='word_1_380' title='bbox 3206 658 3455 721; x_wconf 85' lang='lat' dir='ltr'><strong>revolvit,</strong></span> 
     </span>
    </p>
   </div>
   <div class='ocr_carea' id='block_1_67' title="bbox 2358 748 3714 817">
    <p class='ocr_par' dir='ltr' id='par_1_67' title="bbox 2358 748 3714 817">
     <span class='ocr_line' id='line_1_67' title="bbox 2358 748 3714 817; baseline 0.001 -16"><span class='ocrx_word' id='word_1_381' title='bbox 2358 748 2699 817; x_wconf 83' lang='lat' dir='ltr'><strong>Trigintaque</strong></span> <span class='ocrx_word' id='word_1_382' title='bbox 2721 748 2854 801; x_wconf 88' lang='lat' dir='ltr'><strong>duos</strong></span> <span class='ocrx_word' id='word_1_383' title='bbox 2884 748 3204 817; x_wconf 90' lang='lat' dir='ltr'><strong>quingentos</strong></span> <span class='ocrx_word' id='word_1_384' title='bbox 3226 750 3313 817; x_wconf 90' lang='lat' dir='ltr'><strong>qui</strong></span> <span class='ocrx_word' id='word_1_385' title='bbox 3350 758 3493 803; x_wconf 90' lang='lat' dir='ltr'><strong>tenet</strong></span> <span class='ocrx_word' id='word_1_386' title='bbox 3523 764 3714 813; x_wconf 80' lang='lat' dir='ltr'><strong>annos,</strong></span> 
     </span>
    </p>
   </div>
   <div class='ocr_carea' id='block_1_68' title="bbox 2370 840 3654 910">
    <p class='ocr_par' dir='ltr' id='par_1_68' title="bbox 2370 840 3654 910">
     <span class='ocr_line' id='line_1_68' title="bbox 2370 840 3654 910; baseline 0.005 -21"><span class='ocrx_word' id='word_1_387' title='bbox 2370 840 2528 910; x_wconf 76' lang='lat' dir='ltr'><strong>Virgo</strong></span> <span class='ocrx_word' id='word_1_388' title='bbox 2560 841 2845 909; x_wconf 87' lang='lat' dir='ltr'><strong>puerperio</strong></span> <span class='ocrx_word' id='word_1_389' title='bbox 2872 842 3017 895; x_wconf 90' lang='lat' dir='ltr'><strong>dedit</strong></span> <span class='ocrx_word' id='word_1_390' title='bbox 3049 857 3190 894; x_wconf 91' lang='lat' dir='ltr'><strong>anno</strong></span> <span class='ocrx_word' id='word_1_391' title='bbox 3212 843 3360 910; x_wconf 91' lang='lat' dir='ltr'><strong>signa</strong></span> <span class='ocrx_word' id='word_1_392' title='bbox 3388 843 3654 904; x_wconf 87' lang='lat' dir='ltr'><strong>secundo,</strong></span> 
     </span>
    </p>
   </div>
   <div class='ocr_carea' id='block_1_69' title="bbox 2363 931 3479 1003">
    <p class='ocr_par' dir='ltr' id='par_1_69' title="bbox 2363 931 3479 1003">
     <span class='ocr_line' id='line_1_69' title="bbox 2363 931 3479 1003; baseline -0.001 -19"><span class='ocrx_word' id='word_1_393' title='bbox 2363 931 2513 985; x_wconf 83' lang='lat' dir='ltr'><strong>Illius</strong></span> <span class='ocrx_word' id='word_1_394' title='bbox 2542 932 2768 1002; x_wconf 85' lang='lat' dir='ltr'><strong>angelici</strong></span> <span class='ocrx_word' id='word_1_395' title='bbox 2799 932 2977 986; x_wconf 87' lang='lat' dir='ltr'><strong>dantis</strong></span> <span class='ocrx_word' id='word_1_396' title='bbox 3017 933 3291 1000; x_wconf 87' lang='lat' dir='ltr'><strong>paschalia</strong></span> <span class='ocrx_word' id='word_1_397' title='bbox 3323 932 3479 1003; x_wconf 70' lang='lat' dir='ltr'><strong>t&#39;ycli,</strong></span> 
     </span>
    </p>
   </div>
   <div class='ocr_carea' id='block_1_70' title="bbox 2362 1021 3717 1093">
    <p class='ocr_par' dir='ltr' id='par_1_70' title="bbox 2362 1021 3717 1093">
     <span class='ocr_line' id='line_1_70' title="bbox 2362 1021 3717 1093; baseline 0.002 -18"><span class='ocrx_word' id='word_1_398' title='bbox 2362 1021 2465 1089; x_wconf 88' lang='lat' dir='ltr'><strong>Qui</strong></span> <span class='ocrx_word' id='word_1_399' title='bbox 2497 1033 2707 1077; x_wconf 90' lang='lat' dir='ltr'><strong>constat</strong></span> <span class='ocrx_word' id='word_1_400' title='bbox 2733 1024 2886 1077; x_wconf 88' lang='lat' dir='ltr'><strong>denis</strong></span> <span class='ocrx_word' id='word_1_401' title='bbox 2915 1025 3069 1077; x_wconf 91' lang='lat' dir='ltr'><strong>annis</strong></span> <span class='ocrx_word' id='word_1_402' title='bbox 3098 1024 3254 1078; x_wconf 91' lang='lat' dir='ltr'><strong>simul</strong></span> <span class='ocrx_word' id='word_1_403' title='bbox 3282 1033 3440 1093; x_wconf 91' lang='lat' dir='ltr'><strong>atque</strong></span> <span class='ocrx_word' id='word_1_404' title='bbox 3473 1024 3717 1085; x_wconf 89' lang='lat' dir='ltr'><strong>novenis.</strong></span> 
     </span>
    </p>
   </div>
   <div class='ocr_carea' id='block_1_71' title="bbox 2359 1115 3739 1183">
    <p class='ocr_par' dir='ltr' id='par_1_71' title="bbox 2359 1115 3739 1183">
     <span class='ocr_line' id='line_1_71' title="bbox 2359 1115 3739 1183; baseline -0.001 -14"><span class='ocrx_word' id='word_1_405' title='bbox 2359 1115 2592 1169; x_wconf 87' lang='lat' dir='ltr'><strong>Octavus</strong></span> <span class='ocrx_word' id='word_1_406' title='bbox 2621 1116 2860 1171; x_wconf 91' lang='lat' dir='ltr'><strong>decimus</strong></span> <span class='ocrx_word' id='word_1_407' title='bbox 2893 1116 2994 1170; x_wconf 86' lang='lat' dir='ltr'><strong>fuit</strong></span> <span class='ocrx_word' id='word_1_408' title='bbox 3024 1126 3071 1170; x_wconf 91' lang='lat' dir='ltr'><strong>et</strong></span> <span class='ocrx_word' id='word_1_409' title='bbox 3106 1129 3229 1170; x_wconf 91' lang='lat' dir='ltr'><strong>tunc</strong></span> <span class='ocrx_word' id='word_1_410' title='bbox 3259 1118 3514 1183; x_wconf 86' lang='lat' dir='ltr'><strong>temporis</strong></span> <span class='ocrx_word' id='word_1_411' title='bbox 3542 1130 3739 1179; x_wconf 88' lang='lat' dir='ltr'><strong>annus,</strong></span> 
     </span>
    </p>
   </div>
   <div class='ocr_carea' id='block_1_72' title="bbox 2360 1208 3617 1280">
    <p class='ocr_par' dir='ltr' id='par_1_72' title="bbox 2360 1208 3617 1280">
     <span class='ocr_line' id='line_1_72' title="bbox 2360 1208 3617 1280; baseline -0.002 -17"><span class='ocrx_word' id='word_1_412' title='bbox 2360 1208 2587 1263; x_wconf 83' lang='lat' dir='ltr'><strong>Lttnaris</strong></span> <span class='ocrx_word' id='word_1_413' title='bbox 2617 1210 2750 1280; x_wconf 83' lang='lat' dir='ltr'><strong>cycli</strong></span> <span class='ocrx_word' id='word_1_414' title='bbox 2785 1226 2949 1279; x_wconf 86' lang='lat' dir='ltr'><strong>prope</strong></span> <span class='ocrx_word' id='word_1_415' title='bbox 2978 1211 3065 1279; x_wconf 88' lang='lat' dir='ltr'><strong>qui</strong></span> <span class='ocrx_word' id='word_1_416' title='bbox 3100 1227 3193 1276; x_wconf 83' lang='lat' dir='ltr'><strong>par</strong></span> <span class='ocrx_word' id='word_1_417' title='bbox 3221 1210 3525 1272; x_wconf 83' lang='lat' dir='ltr'><strong>versiﬁcali,</strong></span> <span class='ocrx_word' id='word_1_418' title='bbox 3604 1256 3617 1269; x_wconf 60' lang='grc'><strong>.,</strong></span> 
     </span>
    </p>
   </div>
   <div class='ocr_carea' id='block_1_73' title="bbox 2363 1297 3460 1369">
    <p class='ocr_par' dir='ltr' id='par_1_73' title="bbox 2363 1297 3460 1369">
     <span class='ocr_line' id='line_1_73' title="bbox 2363 1297 3460 1369; baseline -0.002 -16"><span class='ocrx_word' id='word_1_419' title='bbox 2363 1297 2562 1353; x_wconf 88' lang='lat' dir='ltr'><strong>Solaris</strong></span> <span class='ocrx_word' id='word_1_420' title='bbox 2593 1314 2763 1353; x_wconf 86' lang='lat' dir='ltr'><strong>nonus</strong></span> <span class='ocrx_word' id='word_1_421' title='bbox 2794 1300 2925 1369; x_wconf 87' lang='lat' dir='ltr'><strong>cycli</strong></span> <span class='ocrx_word' id='word_1_422' title='bbox 2959 1299 3055 1351; x_wconf 91' lang='lat' dir='ltr'><strong>fuit</strong></span> <span class='ocrx_word' id='word_1_423' title='bbox 3082 1307 3135 1352; x_wconf 88' lang='lat' dir='ltr'><strong>et</strong></span> <span class='ocrx_word' id='word_1_424' title='bbox 3168 1298 3460 1365; x_wconf 78' lang='lat' dir='ltr'><strong>bisse\tUs,</strong></span> 
     </span>
    </p>
   </div>
   <div class='ocr_carea' id='block_1_74' title="bbox 2361 1389 3638 1459">
    <p class='ocr_par' dir='ltr' id='par_1_74' title="bbox 2361 1389 3638 1459">
     <span class='ocr_line' id='line_1_74' title="bbox 2361 1389 3638 1459; baseline 0 -17"><span class='ocrx_word' id='word_1_425' title='bbox 2361 1389 2627 1458; x_wconf 85' lang='lat' dir='ltr'><strong>Tempore</strong></span> <span class='ocrx_word' id='word_1_426' title='bbox 2657 1402 2909 1459; x_wconf 72' lang='lat' dir='ltr'><strong>praeterea</strong></span> <span class='ocrx_word' id='word_1_427' title='bbox 2934 1392 3029 1445; x_wconf 89' lang='lat' dir='ltr'><strong>fuit</strong></span> <span class='ocrx_word' id='word_1_428' title='bbox 3060 1391 3159 1446; x_wconf 90' lang='lat' dir='ltr'><strong>hoc</strong></span> <span class='ocrx_word' id='word_1_429' title='bbox 3188 1392 3403 1444; x_wconf 89' lang='lat' dir='ltr'><strong>indictio</strong></span> <span class='ocrx_word' id='word_1_430' title='bbox 3429 1401 3638 1459; x_wconf 86' lang='lat' dir='ltr'><strong>quarta,</strong></span> 
     </span>
    </p>
   </div>
   <div class='ocr_carea' id='block_1_75' title="bbox 2364 1482 3685 1551">
    <p class='ocr_par' dir='ltr' id='par_1_75' title="bbox 2364 1482 3685 1551">
     <span class='ocr_line' id='line_1_75' title="bbox 2364 1482 3685 1551; baseline 0.001 -16"><span class='ocrx_word' id='word_1_431' title='bbox 2364 1482 2624 1548; x_wconf 85' lang='lat' dir='ltr'><strong>Quattuor</strong></span> <span class='ocrx_word' id='word_1_432' title='bbox 2654 1483 2893 1537; x_wconf 90' lang='lat' dir='ltr'><strong>undenas</strong></span> <span class='ocrx_word' id='word_1_433' title='bbox 2922 1487 3023 1547; x_wconf 89' lang='lat' dir='ltr'><strong>sol,</strong></span> <span class='ocrx_word' id='word_1_434' title='bbox 3060 1483 3180 1536; x_wconf 87' lang='lat' dir='ltr'><strong>luna</strong></span> <span class='ocrx_word' id='word_1_435' title='bbox 3210 1485 3420 1537; x_wconf 88' lang='lat' dir='ltr'><strong>tenebat</strong></span> <span class='ocrx_word' id='word_1_436' title='bbox 3448 1492 3685 1551; x_wconf 88' lang='lat' dir='ltr'><strong>epactas,</strong></span> 
     </span>
    </p>
   </div>
   <div class='ocr_carea' id='block_1_76' title="bbox 2365 1576 3400 1645">
    <p class='ocr_par' dir='ltr' id='par_1_76' title="bbox 2365 1576 3400 1645">
     <span class='ocr_line' id='line_1_76' title="bbox 2365 1576 3400 1645; baseline 0.001 -16"><span class='ocrx_word' id='word_1_437' title='bbox 2365 1576 2590 1629; x_wconf 87' lang='lat' dir='ltr'><strong>Lunaris</strong></span> <span class='ocrx_word' id='word_1_438' title='bbox 2614 1578 2722 1643; x_wconf 90' lang='lat' dir='ltr'><strong>jam</strong></span> <span class='ocrx_word' id='word_1_439' title='bbox 2752 1577 2863 1629; x_wconf 80' lang='lat' dir='ltr'><strong>vult</strong></span> <span class='ocrx_word' id='word_1_440' title='bbox 2890 1578 3009 1629; x_wconf 90' lang='lat' dir='ltr'><strong>luna</strong></span> <span class='ocrx_word' id='word_1_441' title='bbox 3041 1578 3222 1645; x_wconf 77' lang='lat' dir='ltr'><strong>cyclus</strong></span> <span class='ocrx_word' id='word_1_442' title='bbox 3250 1579 3400 1642; x_wconf 87' lang='lat' dir='ltr'><strong>oriri,</strong></span> 
     </span>
    </p>
   </div>
   <div class='ocr_carea' id='block_1_77' title="bbox 2367 1666 3658 1737">
    <p class='ocr_par' dir='ltr' id='par_1_77' title="bbox 2367 1666 3658 1737">
     <span class='ocr_line' id='line_1_77' title="bbox 2367 1666 3658 1737; baseline 0.004 -20"><span class='ocrx_word' id='word_1_443' title='bbox 2367 1668 2533 1719; x_wconf 82' lang='lat' dir='ltr'><strong>Annis</strong></span> <span class='ocrx_word' id='word_1_444' title='bbox 2562 1666 2650 1736; x_wconf 92' lang='lat' dir='ltr'><strong>qui</strong></span> <span class='ocrx_word' id='word_1_445' title='bbox 2680 1668 2833 1721; x_wconf 89' lang='lat' dir='ltr'><strong>denis</strong></span> <span class='ocrx_word' id='word_1_446' title='bbox 2864 1667 3195 1733; x_wconf 88' lang='lat' dir='ltr'><strong>protenditur</strong></span> <span class='ocrx_word' id='word_1_447' title='bbox 3224 1680 3383 1737; x_wconf 89' lang='lat' dir='ltr'><strong>atque</strong></span> <span class='ocrx_word' id='word_1_448' title='bbox 3412 1670 3658 1735; x_wconf 89' lang='lat' dir='ltr'><strong>novenis,</strong></span> 
     </span>
    </p>
   </div>
   <div class='ocr_carea' id='block_1_78' title="bbox 2289 1724 3508 1829">
    <p class='ocr_par' dir='ltr' id='par_1_78' title="bbox 2289 1724 3508 1829">
     <span class='ocr_line' id='line_1_78' title="bbox 2289 1724 3508 1829; baseline 0.002 -16"><span class='ocrx_word' id='word_1_449' title='bbox 2289 1724 2337 1786; x_wconf 76' lang='grc' dir='ltr'><strong>Β</strong></span> <span class='ocrx_word' id='word_1_450' title='bbox 2364 1759 2507 1829; x_wconf 79' lang='lat' dir='ltr'><strong>Cycli</strong></span> <span class='ocrx_word' id='word_1_451' title='bbox 2540 1724 2727 1814; x_wconf 74' lang='lat' dir='ltr'><strong>solaris</strong></span> <span class='ocrx_word' id='word_1_452' title='bbox 2756 1761 2812 1813; x_wconf 87' lang='lat' dir='ltr'><strong>fit</strong></span> <span class='ocrx_word' id='word_1_453' title='bbox 2842 1724 3022 1814; x_wconf 82' lang='lat' dir='ltr'><strong>lllartis</strong></span> <span class='ocrx_word' id='word_1_454' title='bbox 3051 1764 3201 1828; x_wconf 79' lang='lat' dir='ltr'><strong>origo</strong></span> <span class='ocrx_word' id='word_1_455' title='bbox 3235 1724 3508 1826; x_wconf 50' lang='lat' dir='ltr'><strong>lia&#39;lendis,</strong></span> 
     </span>
    </p>
   </div>
   <div class='ocr_carea' id='block_1_79' title="bbox 2361 1849 3575 1923">
    <p class='ocr_par' dir='ltr' id='par_1_79' title="bbox 2361 1849 3575 1923">
     <span class='ocr_line' id='line_1_79' title="bbox 2361 1849 3575 1923; baseline 0.006 -22"><span class='ocrx_word' id='word_1_456' title='bbox 2361 1849 2555 1919; x_wconf 86' lang='lat' dir='ltr'><strong>Pagina</strong></span> <span class='ocrx_word' id='word_1_457' title='bbox 2586 1850 2855 1918; x_wconf 87' lang='lat' dir='ltr'><strong>magnillui</strong></span> <span class='ocrx_word' id='word_1_458' title='bbox 2887 1868 3007 1920; x_wconf 61' lang='lat' dir='ltr'><strong>quae</strong></span> <span class='ocrx_word' id='word_1_459' title='bbox 3036 1852 3232 1906; x_wconf 89' lang='lat' dir='ltr'><strong>dicitur</strong></span> <span class='ocrx_word' id='word_1_460' title='bbox 3265 1869 3387 1907; x_wconf 89' lang='lat' dir='ltr'><strong>area</strong></span> <span class='ocrx_word' id='word_1_461' title='bbox 3418 1854 3575 1923; x_wconf 79' lang='lat' dir='ltr'><strong>cycli,</strong></span> 
     </span>
    </p>
   </div>
   <div class='ocr_carea' id='block_1_80' title="bbox 2363 1944 3619 2016">
    <p class='ocr_par' dir='ltr' id='par_1_80' title="bbox 2363 1944 3619 2016">
     <span class='ocr_line' id='line_1_80' title="bbox 2363 1944 3619 2016; baseline 0.003 -19"><span class='ocrx_word' id='word_1_462' title='bbox 2363 1944 2590 1999; x_wconf 78' lang='lat' dir='ltr'><strong>Phtebes</strong></span> <span class='ocrx_word' id='word_1_463' title='bbox 2610 1954 2665 1997; x_wconf 91' lang='lat' dir='ltr'><strong>et</strong></span> <span class='ocrx_word' id='word_1_464' title='bbox 2694 1945 2833 2000; x_wconf 90' lang='lat' dir='ltr'><strong>Solis</strong></span> <span class='ocrx_word' id='word_1_465' title='bbox 2864 1946 3028 2015; x_wconf 85' lang='lat' dir='ltr'><strong>cyclis</strong></span> <span class='ocrx_word' id='word_1_466' title='bbox 3059 1959 3334 2015; x_wconf 88' lang='lat' dir='ltr'><strong>compacta</strong></span> <span class='ocrx_word' id='word_1_467' title='bbox 3357 1950 3619 2016; x_wconf 85' lang='lat' dir='ltr'><strong>gemellis,</strong></span> 
     </span>
    </p>
   </div>
   <div class='ocr_carea' id='block_1_81' title="bbox 2360 2034 3805 2105">
    <p class='ocr_par' dir='ltr' id='par_1_81' title="bbox 2360 2034 3805 2105">
     <span class='ocr_line' id='line_1_81' title="bbox 2360 2034 3805 2105; baseline 0.007 -19"><span class='ocrx_word' id='word_1_468' title='bbox 2360 2035 2457 2099; x_wconf 88' lang='lat' dir='ltr'><strong>Qui</strong></span> <span class='ocrx_word' id='word_1_469' title='bbox 2482 2034 2582 2088; x_wconf 84' lang='lat' dir='ltr'><strong>sibi</strong></span> <span class='ocrx_word' id='word_1_470' title='bbox 2611 2044 2860 2103; x_wconf 88' lang='lat' dir='ltr'><strong>septenos</strong></span> <span class='ocrx_word' id='word_1_471' title='bbox 2882 2046 3069 2105; x_wconf 91' lang='lat' dir='ltr'><strong>quater</strong></span> <span class='ocrx_word' id='word_1_472' title='bbox 3099 2038 3162 2090; x_wconf 91' lang='lat' dir='ltr'><strong>ad</strong></span> <span class='ocrx_word' id='word_1_473' title='bbox 3196 2042 3422 2100; x_wconf 77' lang='lat' dir='ltr'><strong>Spatium</strong></span> <span class='ocrx_word' id='word_1_474' title='bbox 3452 2041 3597 2105; x_wconf 88' lang='lat' dir='ltr'><strong>capit</strong></span> <span class='ocrx_word' id='word_1_475' title='bbox 3626 2056 3805 2096; x_wconf 90' lang='lat' dir='ltr'><strong>annos</strong></span> 
     </span>
    </p>
   </div>
   <div class='ocr_carea' id='block_1_82' title="bbox 2361 2126 3661 2199">
    <p class='ocr_par' dir='ltr' id='par_1_82' title="bbox 2361 2126 3661 2199">
     <span class='ocr_line' id='line_1_82' title="bbox 2361 2126 3661 2199; baseline 0.006 -20"><span class='ocrx_word' id='word_1_476' title='bbox 2361 2126 2583 2181; x_wconf 79' lang='lat' dir='ltr'><strong>Confert</strong></span> <span class='ocrx_word' id='word_1_477' title='bbox 2608 2139 2866 2182; x_wconf 90' lang='lat' dir='ltr'><strong>centenos</strong></span> <span class='ocrx_word' id='word_1_478' title='bbox 2894 2130 3107 2199; x_wconf 82' lang='lat' dir='ltr'><strong>triginta</strong></span> <span class='ocrx_word' id='word_1_479' title='bbox 3143 2142 3354 2199; x_wconf 88' lang='lat' dir='ltr'><strong>tresque</strong></span> <span class='ocrx_word' id='word_1_480' title='bbox 3377 2134 3661 2197; x_wconf 81' lang='lat' dir='ltr'><strong>bissextus,</strong></span> 
     </span>
    </p>
   </div>
   <div class='ocr_carea' id='block_1_83' title="bbox 2366 2216 3678 2288">
    <p class='ocr_par' dir='ltr' id='par_1_83' title="bbox 2366 2216 3678 2288">
     <span class='ocr_line' id='line_1_83' title="bbox 2366 2216 3678 2288; baseline 0.008 -19"><span class='ocrx_word' id='word_1_481' title='bbox 2366 2216 2708 2285; x_wconf 85' lang='lat' dir='ltr'><strong>Trigintaque</strong></span> <span class='ocrx_word' id='word_1_482' title='bbox 2736 2219 2869 2273; x_wconf 89' lang='lat' dir='ltr'><strong>duos</strong></span> <span class='ocrx_word' id='word_1_483' title='bbox 2899 2221 3215 2288; x_wconf 85' lang='lat' dir='ltr'><strong>quingentos</strong></span> <span class='ocrx_word' id='word_1_484' title='bbox 3247 2225 3457 2278; x_wconf 53' lang='lat' dir='ltr'><strong>insimul</strong></span> <span class='ocrx_word' id='word_1_485' title='bbox 3486 2240 3678 2285; x_wconf 83' lang='lat' dir='ltr'><strong>annos.</strong></span> 
     </span>
    </p>
   </div>
   <div class='ocr_carea' id='block_1_84' title="bbox 2361 2306 3670 2379">
    <p class='ocr_par' dir='ltr' id='par_1_84' title="bbox 2361 2306 3670 2379">
     <span class='ocr_line' id='line_1_84' title="bbox 2361 2306 3670 2379; baseline 0.009 -20"><span class='ocrx_word' id='word_1_486' title='bbox 2361 2306 2712 2375; x_wconf 81' lang='lat' dir='ltr'><strong>Temporabis</strong></span> <span class='ocrx_word' id='word_1_487' title='bbox 2745 2311 2851 2363; x_wconf 92' lang='lat' dir='ltr'><strong>duo</strong></span> <span class='ocrx_word' id='word_1_488' title='bbox 2883 2322 2957 2364; x_wconf 91' lang='lat' dir='ltr'><strong>tot</strong></span> <span class='ocrx_word' id='word_1_489' title='bbox 2982 2312 3181 2379; x_wconf 79' lang='lat' dir='ltr'><strong>jejunio</strong></span> <span class='ocrx_word' id='word_1_490' title='bbox 3213 2316 3481 2369; x_wconf 78' lang='lat' dir='ltr'><strong>mensibus</strong></span> <span class='ocrx_word' id='word_1_491' title='bbox 3506 2317 3557 2371; x_wconf 92' lang='lat' dir='ltr'><strong>in</strong></span> <span class='ocrx_word' id='word_1_492' title='bbox 3592 2328 3670 2371; x_wconf 90' lang='lat' dir='ltr'><strong>tot</strong></span> 
     </span>
    </p>
   </div>
   <div class='ocr_carea' id='block_1_85' title="bbox 2361 2398 3710 2476">
    <p class='ocr_par' dir='ltr' id='par_1_85' title="bbox 2361 2398 3710 2476">
     <span class='ocr_line' id='line_1_85' title="bbox 2361 2398 3710 2476; baseline 0.008 -26"><span class='ocrx_word' id='word_1_493' title='bbox 2361 2398 2570 2452; x_wconf 85' lang='lat' dir='ltr'><strong>Menses</strong></span> <span class='ocrx_word' id='word_1_494' title='bbox 2602 2403 2951 2470; x_wconf 86' lang='lat' dir='ltr'><strong>temporibus,</strong></span> <span class='ocrx_word' id='word_1_495' title='bbox 2977 2403 3180 2471; x_wconf 86' lang='lat' dir='ltr'><strong>jejunia</strong></span> <span class='ocrx_word' id='word_1_496' title='bbox 3211 2410 3487 2461; x_wconf 83' lang='lat' dir='ltr'><strong>mensibus</strong></span> <span class='ocrx_word' id='word_1_497' title='bbox 3509 2410 3710 2476; x_wconf 80' lang='lat' dir='ltr'><strong>insunt,</strong></span> 
     </span>
    </p>
   </div>
   <div class='ocr_carea' id='block_1_86' title="bbox 2362 2492 3876 2571">
    <p class='ocr_par' dir='ltr' id='par_1_86' title="bbox 2362 2492 3876 2571">
     <span class='ocr_line' id='line_1_86' title="bbox 2362 2492 3876 2571; baseline 0.01 -27"><span class='ocrx_word' id='word_1_498' title='bbox 2362 2492 2424 2545; x_wconf 93' lang='lat' dir='ltr'><strong>lli</strong></span> <span class='ocrx_word' id='word_1_499' title='bbox 2448 2502 2570 2545; x_wconf 92' lang='lat' dir='ltr'><strong>sunt</strong></span> <span class='ocrx_word' id='word_1_500' title='bbox 2592 2493 2925 2560; x_wconf 82' lang='lat' dir='ltr'><strong>September.</strong></span> <span class='ocrx_word' id='word_1_501' title='bbox 2954 2497 3111 2560; x_wconf 84' lang='lat' dir='ltr'><strong>Mars,</strong></span> <span class='ocrx_word' id='word_1_502' title='bbox 3137 2498 3348 2564; x_wconf 82' lang='lat' dir='ltr'><strong>Junius,</strong></span> <span class='ocrx_word' id='word_1_503' title='bbox 3376 2514 3532 2571; x_wconf 89' lang='lat' dir='ltr'><strong>atque</strong></span> <span class='ocrx_word' id='word_1_504' title='bbox 3556 2503 3876 2571; x_wconf 88' lang='lat' dir='ltr'><strong>December,</strong></span> 
     </span>
    </p>
   </div>
   <div class='ocr_carea' id='block_1_87' title="bbox 2362 2582 3465 2658">
    <p class='ocr_par' dir='ltr' id='par_1_87' title="bbox 2362 2582 3465 2658">
     <span class='ocr_line' id='line_1_87' title="bbox 2362 2582 3465 2658; baseline 0.008 -24"><span class='ocrx_word' id='word_1_505' title='bbox 2362 2582 2577 2635; x_wconf 85' lang='lat' dir='ltr'><strong>Martius</strong></span> <span class='ocrx_word' id='word_1_506' title='bbox 2600 2600 2629 2637; x_wconf 87' lang='lat' dir='ltr'><strong>a</strong></span> <span class='ocrx_word' id='word_1_507' title='bbox 2661 2585 2792 2639; x_wconf 86' lang='lat' dir='ltr'><strong>feria</strong></span> <span class='ocrx_word' id='word_1_508' title='bbox 2827 2587 3000 2640; x_wconf 90' lang='lat' dir='ltr'><strong>titulat</strong></span> <span class='ocrx_word' id='word_1_509' title='bbox 3024 2588 3226 2657; x_wconf 85' lang='lat' dir='ltr'><strong>jejunia</strong></span> <span class='ocrx_word' id='word_1_510' title='bbox 3254 2603 3465 2658; x_wconf 86' lang='lat' dir='ltr'><strong>quarta,</strong></span> 
     </span>
    </p>
   </div>
   <div class='ocr_carea' id='block_1_88' title="bbox 2361 2672 3690 2751">
    <p class='ocr_par' dir='ltr' id='par_1_88' title="bbox 2361 2672 3690 2751">
     <span class='ocr_line' id='line_1_88' title="bbox 2361 2672 3690 2751; baseline 0.011 -25"><span class='ocrx_word' id='word_1_511' title='bbox 2361 2672 2550 2729; x_wconf 86' lang='lat' dir='ltr'><strong>Junius</strong></span> <span class='ocrx_word' id='word_1_512' title='bbox 2574 2676 2932 2731; x_wconf 83' lang='lat' dir='ltr'><strong>hebdomadas</strong></span> <span class='ocrx_word' id='word_1_513' title='bbox 2961 2693 2990 2731; x_wconf 87' lang='lat' dir='ltr'><strong>a</strong></span> <span class='ocrx_word' id='word_1_514' title='bbox 3023 2692 3226 2747; x_wconf 89' lang='lat' dir='ltr'><strong>septem</strong></span> <span class='ocrx_word' id='word_1_515' title='bbox 3263 2683 3343 2736; x_wconf 89' lang='lat' dir='ltr'><strong>bis</strong></span> <span class='ocrx_word' id='word_1_516' title='bbox 3373 2685 3690 2751; x_wconf 87' lang='lat' dir='ltr'><strong>numeratis,</strong></span> 
     </span>
    </p>
   </div>
   <div class='ocr_carea' id='block_1_89' title="bbox 2360 2766 3753 2841">
    <p class='ocr_par' dir='ltr' id='par_1_89' title="bbox 2360 2766 3753 2841">
     <span class='ocr_line' id='line_1_89' title="bbox 2360 2766 3753 2841; baseline 0.009 -20"><span class='ocrx_word' id='word_1_517' title='bbox 2360 2766 2584 2822; x_wconf 87' lang='lat' dir='ltr'><strong>Constat</strong></span> <span class='ocrx_word' id='word_1_518' title='bbox 2609 2780 2789 2825; x_wconf 88' lang='lat' dir='ltr'><strong>certus</strong></span> <span class='ocrx_word' id='word_1_519' title='bbox 2821 2772 2947 2825; x_wconf 90' lang='lat' dir='ltr'><strong>item</strong></span> <span class='ocrx_word' id='word_1_520' title='bbox 2972 2772 3270 2841; x_wconf 84' lang='lat' dir='ltr'><strong>Septembri</strong></span> <span class='ocrx_word' id='word_1_521' title='bbox 3296 2778 3552 2832; x_wconf 85' lang='lat' dir='ltr'><strong>terminus</strong></span> <span class='ocrx_word' id='word_1_522' title='bbox 3582 2780 3720 2833; x_wconf 92' lang='lat' dir='ltr'><strong>idem</strong></span> <span class='ocrx_word' id='word_1_523' title='bbox 3739 2822 3753 2841; x_wconf 89' lang='lat'><strong>,</strong></span> 
     </span>
    </p>
   </div>
   <div class='ocr_carea' id='block_1_90' title="bbox 2363 2860 3726 2925">
    <p class='ocr_par' dir='ltr' id='par_1_90' title="bbox 2363 2860 3726 2925">
     <span class='ocr_line' id='line_1_90' title="bbox 2363 2860 3726 2925; baseline 0.007 -10"><span class='ocrx_word' id='word_1_524' title='bbox 2363 2860 2471 2916; x_wconf 82' lang='lat' dir='ltr'><strong>Nec</strong></span> <span class='ocrx_word' id='word_1_525' title='bbox 2497 2862 2736 2917; x_wconf 90' lang='lat' dir='ltr'><strong>decimus</strong></span> <span class='ocrx_word' id='word_1_526' title='bbox 2772 2880 2938 2917; x_wconf 89' lang='lat' dir='ltr'><strong>nonas</strong></span> <span class='ocrx_word' id='word_1_527' title='bbox 2961 2864 3079 2919; x_wconf 81' lang='lat' dir='ltr'><strong>Jani</strong></span> <span class='ocrx_word' id='word_1_528' title='bbox 3112 2876 3261 2921; x_wconf 89' lang='lat' dir='ltr'><strong>notat</strong></span> <span class='ocrx_word' id='word_1_529' title='bbox 3284 2881 3408 2923; x_wconf 86' lang='lat' dir='ltr'><strong>ante</strong></span> <span class='ocrx_word' id='word_1_530' title='bbox 3437 2870 3726 2925; x_wconf 82' lang='lat' dir='ltr'><strong>Kalendas.</strong></span> 
     </span>
    </p>
   </div>
   <div class='ocr_carea' id='block_1_91' title="bbox 2440 2956 3515 3029">
    <p class='ocr_par' dir='ltr' id='par_1_91' title="bbox 2440 2956 3515 3029">
     <span class='ocr_line' id='line_1_91' title="bbox 2440 2956 3515 3029; baseline 0.008 -23"><span class='ocrx_word' id='word_1_531' title='bbox 2440 2956 2594 3007; x_wconf 81' lang='lat' dir='ltr'><strong>Anno</strong></span> <span class='ocrx_word' id='word_1_532' title='bbox 2624 2956 2787 3008; x_wconf 90' lang='lat' dir='ltr'><strong>solari</strong></span> <span class='ocrx_word' id='word_1_533' title='bbox 2822 2958 3061 3011; x_wconf 87' lang='lat' dir='ltr'><strong>tribuunt</strong></span> <span class='ocrx_word' id='word_1_534' title='bbox 3090 2958 3190 3013; x_wconf 91' lang='lat' dir='ltr'><strong>hac</strong></span> <span class='ocrx_word' id='word_1_535' title='bbox 3219 2971 3334 3013; x_wconf 89' lang='lat' dir='ltr'><strong>arte</strong></span> <span class='ocrx_word' id='word_1_536' title='bbox 3364 2963 3515 3029; x_wconf 89' lang='lat' dir='ltr'><strong>periti</strong></span> 
     </span>
    </p>
   </div>
   <div class='ocr_carea' id='block_1_92' title="bbox 2362 3045 3808 3123">
    <p class='ocr_par' dir='ltr' id='par_1_92' title="bbox 2362 3045 3808 3123">
     <span class='ocr_line' id='line_1_92' title="bbox 2362 3045 3808 3123; baseline 0.007 -23"><span class='ocrx_word' id='word_1_537' title='bbox 2362 3045 2468 3101; x_wconf 85' lang='lat' dir='ltr'><strong>&#39;l‘er</strong></span> <span class='ocrx_word' id='word_1_538' title='bbox 2489 3057 2696 3102; x_wconf 87' lang='lat' dir='ltr'><strong>centum</strong></span> <span class='ocrx_word' id='word_1_539' title='bbox 2730 3050 2981 3117; x_wconf 88' lang='lat' dir='ltr'><strong>spatium,</strong></span> <span class='ocrx_word' id='word_1_540' title='bbox 3010 3050 3185 3105; x_wconf 88' lang='lat' dir='ltr'><strong>decies</strong></span> <span class='ocrx_word' id='word_1_541' title='bbox 3208 3066 3319 3116; x_wconf 82' lang='lat' dir='ltr'><strong>sex,</strong></span> <span class='ocrx_word' id='word_1_542' title='bbox 3349 3056 3579 3123; x_wconf 82' lang='lat' dir='ltr'><strong>quinque</strong></span> <span class='ocrx_word' id='word_1_543' title='bbox 3600 3055 3808 3110; x_wconf 86' lang='lat' dir='ltr'><strong>dierum</strong></span> 
     </span>
    </p>
   </div>
   <div class='ocr_carea' id='block_1_93' title="bbox 2361 3136 3908 3216">
    <p class='ocr_par' dir='ltr' id='par_1_93' title="bbox 2361 3136 3908 3216">
     <span class='ocr_line' id='line_1_93' title="bbox 2361 3136 3908 3216; baseline 0.011 -27"><span class='ocrx_word' id='word_1_544' title='bbox 2361 3136 2753 3207; x_wconf 87' lang='lat' dir='ltr'><strong>Quinquaginta</strong></span> <span class='ocrx_word' id='word_1_545' title='bbox 2790 3140 2914 3194; x_wconf 88' lang='lat' dir='ltr'><strong>inde</strong></span> <span class='ocrx_word' id='word_1_546' title='bbox 2949 3140 3314 3197; x_wconf 84' lang='lat' dir='ltr'><strong>hebdomadas</strong></span> <span class='ocrx_word' id='word_1_547' title='bbox 3344 3145 3504 3199; x_wconf 88' lang='lat' dir='ltr'><strong>facies</strong></span> <span class='ocrx_word' id='word_1_548' title='bbox 3534 3148 3908 3216; x_wconf 75' lang='lat' dir='ltr'><strong>geminasque.</strong></span> 
     </span>
    </p>
   </div>
   <div class='ocr_carea' id='block_1_94' title="bbox 2365 3229 3774 3304">
    <p class='ocr_par' dir='ltr' id='par_1_94' title="bbox 2365 3229 3774 3304">
     <span class='ocr_line' id='line_1_94' title="bbox 2365 3229 3774 3304; baseline 0.006 -21"><span class='ocrx_word' id='word_1_549' title='bbox 2365 3229 2694 3286; x_wconf 80' lang='lat' dir='ltr'><strong>Concurrens</strong></span> <span class='ocrx_word' id='word_1_550' title='bbox 2727 3232 2926 3300; x_wconf 90' lang='lat' dir='ltr'><strong>primus</strong></span> <span class='ocrx_word' id='word_1_551' title='bbox 2956 3245 3133 3288; x_wconf 89' lang='lat' dir='ltr'><strong>manet</strong></span> <span class='ocrx_word' id='word_1_552' title='bbox 3162 3236 3254 3289; x_wconf 89' lang='lat' dir='ltr'><strong>ille</strong></span> <span class='ocrx_word' id='word_1_553' title='bbox 3284 3238 3585 3304; x_wconf 80' lang='lat' dir='ltr'><strong>superfluus</strong></span> <span class='ocrx_word' id='word_1_554' title='bbox 3615 3255 3774 3304; x_wconf 92' lang='lat' dir='ltr'><strong>unus,</strong></span> 
     </span>
    </p>
   </div>
   <div class='ocr_carea' id='block_1_95' title="bbox 2368 3322 3745 3396">
    <p class='ocr_par' dir='ltr' id='par_1_95' title="bbox 2368 3322 3745 3396">
     <span class='ocr_line' id='line_1_95' title="bbox 2368 3322 3745 3396; baseline 0.007 -23"><span class='ocrx_word' id='word_1_555' title='bbox 2368 3322 2619 3376; x_wconf 75' lang='lat' dir='ltr'><strong>Assumes</strong></span> <span class='ocrx_word' id='word_1_556' title='bbox 2649 3338 2809 3375; x_wconf 92' lang='lat' dir='ltr'><strong>unum</strong></span> <span class='ocrx_word' id='word_1_557' title='bbox 2841 3326 2917 3378; x_wconf 91' lang='lat' dir='ltr'><strong>sic</strong></span> <span class='ocrx_word' id='word_1_558' title='bbox 2943 3334 3375 3395; x_wconf 89' lang='lat' dir='ltr'><strong>unumquemque</strong></span> <span class='ocrx_word' id='word_1_559' title='bbox 3407 3344 3499 3396; x_wconf 89' lang='lat' dir='ltr'><strong>per</strong></span> <span class='ocrx_word' id='word_1_560' title='bbox 3522 3346 3745 3394; x_wconf 88' lang='lat' dir='ltr'><strong>annum,</strong></span> 
     </span>
    </p>
   </div>
   <div class='ocr_carea' id='block_1_96' title="bbox 2360 3410 3868 3491">
    <p class='ocr_par' dir='ltr' id='par_1_96' title="bbox 2360 3410 3868 3491">
     <span class='ocr_line' id='line_1_96' title="bbox 2360 3410 3868 3491; baseline 0.01 -28"><span class='ocrx_word' id='word_1_561' title='bbox 2360 3410 2490 3473; x_wconf 67' lang='grc' dir='ltr'><strong>ρυω</strong></span> <span class='ocrx_word' id='word_1_562' title='bbox 2517 3411 2675 3466; x_wconf 88' lang='lat' dir='ltr'><strong>cubat</strong></span> <span class='ocrx_word' id='word_1_563' title='bbox 2698 3412 2749 3466; x_wconf 90' lang='lat' dir='ltr'><strong>in</strong></span> <span class='ocrx_word' id='word_1_564' title='bbox 2780 3424 3006 3479; x_wconf 86' lang='lat' dir='ltr'><strong>septem,</strong></span> <span class='ocrx_word' id='word_1_565' title='bbox 3040 3427 3226 3470; x_wconf 89' lang='lat' dir='ltr'><strong>cautus</strong></span> <span class='ocrx_word' id='word_1_566' title='bbox 3257 3421 3631 3475; x_wconf 87' lang='lat' dir='ltr'><strong>transcendere</strong></span> <span class='ocrx_word' id='word_1_567' title='bbox 3662 3421 3830 3491; x_wconf 83' lang='lat' dir='ltr'><strong>legem</strong></span> <span class='ocrx_word' id='word_1_568' title='bbox 3850 3462 3868 3490; x_wconf 86' lang='lat'><strong>,</strong></span> 
     </span>
    </p>
   </div>
   <div class='ocr_carea' id='block_1_97' title="bbox 2364 3500 3638 3575">
    <p class='ocr_par' dir='ltr' id='par_1_97' title="bbox 2364 3500 3638 3575">
     <span class='ocr_line' id='line_1_97' title="bbox 2364 3500 3638 3575; baseline 0.007 -20"><span class='ocrx_word' id='word_1_569' title='bbox 2364 3500 2715 3557; x_wconf 86' lang='lat' dir='ltr'><strong>Succrescunt</strong></span> <span class='ocrx_word' id='word_1_570' title='bbox 2738 3506 2955 3573; x_wconf 90' lang='lat' dir='ltr'><strong>gemini.</strong></span> <span class='ocrx_word' id='word_1_571' title='bbox 2990 3517 3178 3575; x_wconf 90' lang='lat' dir='ltr'><strong>quarto</strong></span> <span class='ocrx_word' id='word_1_572' title='bbox 3203 3510 3406 3564; x_wconf 88' lang='lat' dir='ltr'><strong>ratione</strong></span> <span class='ocrx_word' id='word_1_573' title='bbox 3430 3510 3638 3566; x_wconf 78' lang='lat' dir='ltr'><strong>hisexti.</strong></span> 
     </span>
    </p>
   </div>
   <div class='ocr_carea' id='block_1_98' title="bbox 2431 3595 3711 3658">
    <p class='ocr_par' dir='ltr' id='par_1_98' title="bbox 2431 3595 3711 3658">
     <span class='ocr_line' id='line_1_98' title="bbox 2431 3595 3711 3658; baseline 0.008 -10"><span class='ocrx_word' id='word_1_574' title='bbox 2431 3595 2589 3648; x_wconf 80' lang='lat' dir='ltr'><strong>Anno</strong></span> <span class='ocrx_word' id='word_1_575' title='bbox 2614 3598 2880 3650; x_wconf 91' lang='lat' dir='ltr'><strong>communi</strong></span> <span class='ocrx_word' id='word_1_576' title='bbox 2905 3608 3006 3651; x_wconf 90' lang='lat' dir='ltr'><strong>stat</strong></span> <span class='ocrx_word' id='word_1_577' title='bbox 3036 3599 3251 3653; x_wconf 77' lang='lat' dir='ltr'><strong>PaSebze</strong></span> <span class='ocrx_word' id='word_1_578' title='bbox 3283 3603 3539 3657; x_wconf 82' lang='lat' dir='ltr'><strong>terminus</strong></span> <span class='ocrx_word' id='word_1_579' title='bbox 3569 3610 3711 3658; x_wconf 87' lang='lat' dir='ltr'><strong>omni</strong></span> 
     </span>
    </p>
   </div>
   <div class='ocr_carea' id='block_1_99' title="bbox 2360 3688 3635 3763">
    <p class='ocr_par' dir='ltr' id='par_1_99' title="bbox 2360 3688 3635 3763">
     <span class='ocr_line' id='line_1_99' title="bbox 2360 3688 3635 3763; baseline 0.008 -21"><span class='ocrx_word' id='word_1_580' title='bbox 2360 3688 2465 3742; x_wconf 82' lang='lat' dir='ltr'><strong>Sex</strong></span> <span class='ocrx_word' id='word_1_581' title='bbox 2489 3689 2833 3743; x_wconf 85' lang='lat' dir='ltr'><strong>ascendendo</strong></span> <span class='ocrx_word' id='word_1_582' title='bbox 2859 3693 3151 3745; x_wconf 88' lang='lat' dir='ltr'><strong>numeratis</strong></span> <span class='ocrx_word' id='word_1_583' title='bbox 3182 3697 3262 3746; x_wconf 91' lang='lat' dir='ltr'><strong>bis</strong></span> <span class='ocrx_word' id='word_1_584' title='bbox 3287 3694 3462 3749; x_wconf 89' lang='lat' dir='ltr'><strong>minus</strong></span> <span class='ocrx_word' id='word_1_585' title='bbox 3492 3714 3595 3751; x_wconf 88' lang='lat' dir='ltr'><strong>uno</strong></span> <span class='ocrx_word' id='word_1_586' title='bbox 3617 3739 3635 3763; x_wconf 94' lang='lat'><strong>,</strong></span> 
     </span>
    </p>
   </div>
   <div class='ocr_carea' id='block_1_100' title="bbox 2362 3778 3508 3850">
    <p class='ocr_par' dir='ltr' id='par_1_100' title="bbox 2362 3778 3508 3850">
     <span class='ocr_line' id='line_1_100' title="bbox 2362 3778 3508 3850; baseline 0.008 -19"><span class='ocrx_word' id='word_1_587' title='bbox 2362 3778 2586 3833; x_wconf 84' lang='lat' dir='ltr'><strong>Lunaris</strong></span> <span class='ocrx_word' id='word_1_588' title='bbox 2616 3787 2762 3833; x_wconf 89' lang='lat' dir='ltr'><strong>tanto</strong></span> <span class='ocrx_word' id='word_1_589' title='bbox 2792 3782 2910 3848; x_wconf 75' lang='lat' dir='ltr'><strong>quia</strong></span> <span class='ocrx_word' id='word_1_590' title='bbox 2944 3782 3105 3836; x_wconf 90' lang='lat' dir='ltr'><strong>solari</strong></span> <span class='ocrx_word' id='word_1_591' title='bbox 3135 3784 3311 3838; x_wconf 91' lang='lat' dir='ltr'><strong>minor</strong></span> <span class='ocrx_word' id='word_1_592' title='bbox 3345 3802 3508 3850; x_wconf 84' lang='lat' dir='ltr'><strong>anno,</strong></span> 
     </span>
    </p>
   </div>
   <div class='ocr_carea' id='block_1_101' title="bbox 2362 3867 3695 3947">
    <p class='ocr_par' dir='ltr' id='par_1_101' title="bbox 2362 3867 3695 3947">
     <span class='ocr_line' id='line_1_101' title="bbox 2362 3867 3695 3947; baseline 0.009 -25"><span class='ocrx_word' id='word_1_593' title='bbox 2362 3867 2587 3922; x_wconf 88' lang='lat' dir='ltr'><strong>Ultimus</strong></span> <span class='ocrx_word' id='word_1_594' title='bbox 2616 3879 2697 3923; x_wconf 89' lang='lat' dir='ltr'><strong>est</strong></span> <span class='ocrx_word' id='word_1_595' title='bbox 2726 3886 2896 3923; x_wconf 88' lang='lat' dir='ltr'><strong>annus</strong></span> <span class='ocrx_word' id='word_1_596' title='bbox 2922 3884 3285 3928; x_wconf 87' lang='lat' dir='ltr'><strong>verumtamen</strong></span> <span class='ocrx_word' id='word_1_597' title='bbox 3321 3880 3695 3947; x_wconf 78' lang='lat' dir='ltr'><strong>excipiendus,</strong></span> 
     </span>
    </p>
   </div>
   <div class='ocr_carea' id='block_1_102' title="bbox 2360 3960 3553 4033">
    <p class='ocr_par' dir='ltr' id='par_1_102' title="bbox 2360 3960 3553 4033">
     <span class='ocr_line' id='line_1_102' title="bbox 2360 3960 3553 4033; baseline 0.014 -24"><span class='ocrx_word' id='word_1_598' title='bbox 2360 3960 2457 4025; x_wconf 79' lang='lat' dir='ltr'><strong>Qui</strong></span> <span class='ocrx_word' id='word_1_599' title='bbox 2484 3961 2645 4015; x_wconf 89' lang='lat' dir='ltr'><strong>saltus</strong></span> <span class='ocrx_word' id='word_1_600' title='bbox 2677 3963 2814 4016; x_wconf 71' lang='lat' dir='ltr'><strong>luna:</strong></span> <span class='ocrx_word' id='word_1_601' title='bbox 2844 3964 2921 4017; x_wconf 91' lang='lat' dir='ltr'><strong>bis</strong></span> <span class='ocrx_word' id='word_1_602' title='bbox 2946 3978 3039 4018; x_wconf 79' lang='lat' dir='ltr'><strong>sex</strong></span> <span class='ocrx_word' id='word_1_603' title='bbox 3068 3968 3209 4033; x_wconf 88' lang='lat' dir='ltr'><strong>capit</strong></span> <span class='ocrx_word' id='word_1_604' title='bbox 3235 3983 3297 4020; x_wconf 75' lang='lat' dir='ltr'><strong>ex</strong></span> <span class='ocrx_word' id='word_1_605' title='bbox 3330 3972 3553 4033; x_wconf 85' lang='lat' dir='ltr'><strong>ratione.</strong></span> 
     </span>
    </p>
   </div>
   <div class='ocr_carea' id='block_1_103' title="bbox 2361 4055 3560 4128">
    <p class='ocr_par' dir='ltr' id='par_1_103' title="bbox 2361 4055 3560 4128">
     <span class='ocr_line' id='line_1_103' title="bbox 2361 4055 3560 4128; baseline 0.009 -21"><span class='ocrx_word' id='word_1_606' title='bbox 2361 4055 2722 4109; x_wconf 83' lang='lat' dir='ltr'><strong>Embolismali</strong></span> <span class='ocrx_word' id='word_1_607' title='bbox 2752 4067 2859 4112; x_wconf 89' lang='lat' dir='ltr'><strong>stat</strong></span> <span class='ocrx_word' id='word_1_608' title='bbox 2890 4061 3099 4128; x_wconf 65' lang='lat' dir='ltr'><strong>pascha:</strong></span> <span class='ocrx_word' id='word_1_609' title='bbox 3132 4064 3394 4116; x_wconf 89' lang='lat' dir='ltr'><strong>terminus</strong></span> <span class='ocrx_word' id='word_1_610' title='bbox 3418 4066 3560 4118; x_wconf 87' lang='lat' dir='ltr'><strong>omni</strong></span> 
     </span>
    </p>
   </div>
   <div class='ocr_carea' id='block_1_104' title="bbox 2361 4144 3575 4223">
    <p class='ocr_par' dir='ltr' id='par_1_104' title="bbox 2361 4144 3575 4223">
     <span class='ocr_line' id='line_1_104' title="bbox 2361 4144 3575 4223; baseline 0.012 -26"><span class='ocrx_word' id='word_1_611' title='bbox 2361 4144 2628 4200; x_wconf 81' lang='lat' dir='ltr'><strong>Desccnsu</strong></span> <span class='ocrx_word' id='word_1_612' title='bbox 2659 4148 2810 4203; x_wconf 87' lang='lat' dir='ltr'><strong>denis</strong></span> <span class='ocrx_word' id='word_1_613' title='bbox 2840 4154 3126 4205; x_wconf 86' lang='lat' dir='ltr'><strong>numeratis</strong></span> <span class='ocrx_word' id='word_1_614' title='bbox 3158 4163 3313 4223; x_wconf 86' lang='lat' dir='ltr'><strong>atque</strong></span> <span class='ocrx_word' id='word_1_615' title='bbox 3338 4162 3575 4211; x_wconf 85' lang='lat' dir='ltr'><strong>novenis.</strong></span> 
     </span>
    </p>
   </div>
   <div class='ocr_carea' id='block_1_105' title="bbox 2430 4236 3554 4313">
    <p class='ocr_par' dir='ltr' id='par_1_105' title="bbox 2430 4236 3554 4313">
     <span class='ocr_line' id='line_1_105' title="bbox 2430 4236 3554 4313; baseline 0.01 -24"><span class='ocrx_word' id='word_1_616' title='bbox 2430 4236 2630 4289; x_wconf 86' lang='lat' dir='ltr'><strong>Solaris</strong></span> <span class='ocrx_word' id='word_1_617' title='bbox 2662 4248 2807 4292; x_wconf 90' lang='lat' dir='ltr'><strong>tanto</strong></span> <span class='ocrx_word' id='word_1_618' title='bbox 2836 4241 2955 4308; x_wconf 92' lang='lat' dir='ltr'><strong>quia</strong></span> <span class='ocrx_word' id='word_1_619' title='bbox 2988 4244 3156 4295; x_wconf 87' lang='lat' dir='ltr'><strong>lunari</strong></span> <span class='ocrx_word' id='word_1_620' title='bbox 3193 4247 3365 4297; x_wconf 88' lang='lat' dir='ltr'><strong>ntiuor</strong></span> <span class='ocrx_word' id='word_1_621' title='bbox 3392 4262 3554 4313; x_wconf 89' lang='lat' dir='ltr'><strong>anno,</strong></span> 
     </span>
    </p>
   </div>
   <div class='ocr_carea' id='block_1_106' title="bbox 2358 4328 3706 4408">
    <p class='ocr_par' dir='ltr' id='par_1_106' title="bbox 2358 4328 3706 4408">
     <span class='ocr_line' id='line_1_106' title="bbox 2358 4328 3706 4408; baseline 0.013 -30"><span class='ocrx_word' id='word_1_622' title='bbox 2358 4328 2445 4379; x_wconf 87' lang='lat' dir='ltr'><strong>Sol</strong></span> <span class='ocrx_word' id='word_1_623' title='bbox 2478 4328 2584 4381; x_wconf 90' lang='lat' dir='ltr'><strong>vult</strong></span> <span class='ocrx_word' id='word_1_624' title='bbox 2612 4330 2811 4384; x_wconf 84' lang='lat' dir='ltr'><strong>zodiaci</strong></span> <span class='ocrx_word' id='word_1_625' title='bbox 2841 4334 3051 4402; x_wconf 77' lang='lat' dir='ltr'><strong>signum</strong></span> <span class='ocrx_word' id='word_1_626' title='bbox 3082 4349 3176 4400; x_wconf 89' lang='lat' dir='ltr'><strong>per</strong></span> <span class='ocrx_word' id='word_1_627' title='bbox 3204 4338 3452 4405; x_wconf 89' lang='lat' dir='ltr'><strong>quodque</strong></span> <span class='ocrx_word' id='word_1_628' title='bbox 3486 4342 3706 4408; x_wconf 90' lang='lat' dir='ltr'><strong>morari,</strong></span> 
     </span>
    </p>
   </div>
   <div class='ocr_carea' id='block_1_107' title="bbox 3841 272 3959 324">
    <p class='ocr_par' dir='ltr' id='par_1_107' title="bbox 3841 272 3959 324">
     <span class='ocr_line' id='line_1_107' title="bbox 3841 272 3959 324; baseline 0 0"><span class='ocrx_word' id='word_1_629' title='bbox 3841 272 3959 324; x_wconf 66' lang='lat'><strong>616</strong></span> 
     </span>
    </p>
   </div>
   <div class='ocr_carea' id='block_1_108' title="bbox 2284 3078 2332 3142">
    <p class='ocr_par' dir='ltr' id='par_1_108' title="bbox 2284 3078 2332 3142">
     <span class='ocr_line' id='line_1_108' title="bbox 2284 3078 2332 3142; baseline 0 0"><span class='ocrx_word' id='word_1_630' title='bbox 2284 3078 2332 3142; x_wconf 73' lang='grc' dir='ltr'>ϐ</span> 
     </span>
    </p>
   </div>
   <div class='ocr_carea' id='block_1_109' title="bbox 2278 4421 3762 4509">
    <p class='ocr_par' dir='ltr' id='par_1_109' title="bbox 2278 4421 3762 4509">
     <span class='ocr_line' id='line_1_109' title="bbox 2278 4421 3762 4509; baseline 0.011 -37"><span class='ocrx_word' id='word_1_631' title='bbox 2278 4448 2333 4509; x_wconf 76' lang='lat' dir='ltr'><strong><em>D</em></strong></span> <span class='ocrx_word' id='word_1_632' title='bbox 2360 4421 2703 4491; x_wconf 86' lang='lat' dir='ltr'><strong>Trigintaque</strong></span> <span class='ocrx_word' id='word_1_633' title='bbox 2733 4425 2865 4487; x_wconf 86' lang='lat' dir='ltr'><strong>dies,</strong></span> <span class='ocrx_word' id='word_1_634' title='bbox 2905 4430 3167 4495; x_wconf 86' lang='lat' dir='ltr'><strong>horasque</strong></span> <span class='ocrx_word' id='word_1_635' title='bbox 3191 4429 3375 4483; x_wconf 87' lang='lat' dir='ltr'><strong>decem</strong></span> <span class='ocrx_word' id='word_1_636' title='bbox 3404 4432 3762 4499; x_wconf 76' lang='lat' dir='ltr'><strong>mediamque.</strong></span> 
     </span>
    </p>
   </div>
   <div class='ocr_carea' id='block_1_110' title="bbox 2359 4513 3581 4586">
    <p class='ocr_par' dir='ltr' id='par_1_110' title="bbox 2359 4513 3581 4586">
     <span class='ocr_line' id='line_1_110' title="bbox 2359 4513 3581 4586; baseline 0.011 -20"><span class='ocrx_word' id='word_1_637' title='bbox 2359 4513 2590 4568; x_wconf 87' lang='lat' dir='ltr'><strong>Conlicis</strong></span> <span class='ocrx_word' id='word_1_638' title='bbox 2620 4516 2741 4570; x_wconf 90' lang='lat' dir='ltr'><strong>inde</strong></span> <span class='ocrx_word' id='word_1_639' title='bbox 2767 4517 2880 4569; x_wconf 88' lang='lat' dir='ltr'><strong>dics</strong></span> <span class='ocrx_word' id='word_1_640' title='bbox 2910 4530 3244 4574; x_wconf 74' lang='lat' dir='ltr'><strong>tercentenas</strong></span> <span class='ocrx_word' id='word_1_641' title='bbox 3265 4524 3439 4577; x_wconf 71' lang='lat' dir='ltr'><strong>decies</strong></span> <span class='ocrx_word' id='word_1_642' title='bbox 3460 4540 3581 4586; x_wconf 73' lang='lat' dir='ltr'><strong>sex,</strong></span> 
     </span>
    </p>
   </div>
   <div class='ocr_carea' id='block_1_111' title="bbox 2359 4603 3736 4679">
    <p class='ocr_par' dir='ltr' id='par_1_111' title="bbox 2359 4603 3736 4679">
     <span class='ocr_line' id='line_1_111' title="bbox 2359 4603 3736 4679; baseline 0.008 -22"><span class='ocrx_word' id='word_1_643' title='bbox 2359 4603 2465 4658; x_wconf 84' lang='lat' dir='ltr'><strong>Ter</strong></span> <span class='ocrx_word' id='word_1_644' title='bbox 2492 4620 2609 4674; x_wconf 70' lang='lat' dir='ltr'><strong>qua:</strong></span> <span class='ocrx_word' id='word_1_645' title='bbox 2634 4609 2712 4660; x_wconf 92' lang='lat' dir='ltr'><strong>sol</strong></span> <span class='ocrx_word' id='word_1_646' title='bbox 2745 4611 2891 4675; x_wconf 77' lang='lat' dir='ltr'><strong>signa</strong></span> <span class='ocrx_word' id='word_1_647' title='bbox 2932 4610 3170 4676; x_wconf 70' lang='lat' dir='ltr'><strong>graditur</strong></span> <span class='ocrx_word' id='word_1_648' title='bbox 3190 4627 3307 4665; x_wconf 91' lang='lat' dir='ltr'><strong>cum</strong></span> <span class='ocrx_word' id='word_1_649' title='bbox 3335 4620 3441 4667; x_wconf 88' lang='lat' dir='ltr'><strong>sint</strong></span> <span class='ocrx_word' id='word_1_650' title='bbox 3471 4617 3577 4667; x_wconf 88' lang='lat' dir='ltr'><strong>duo</strong></span> <span class='ocrx_word' id='word_1_651' title='bbox 3602 4623 3736 4679; x_wconf 84' lang='lat' dir='ltr'><strong>lena,</strong></span> 
     </span>
    </p>
   </div>
   <div class='ocr_carea' id='block_1_112' title="bbox 2360 4696 3808 4771">
    <p class='ocr_par' dir='ltr' id='par_1_112' title="bbox 2360 4696 3808 4771">
     <span class='ocr_line' id='line_1_112' title="bbox 2360 4696 3808 4771; baseline 0.008 -24"><span class='ocrx_word' id='word_1_652' title='bbox 2360 4696 2609 4765; x_wconf 85' lang='lat' dir='ltr'><strong>Quinque</strong></span> <span class='ocrx_word' id='word_1_653' title='bbox 2637 4698 2751 4751; x_wconf 89' lang='lat' dir='ltr'><strong>dies</strong></span> <span class='ocrx_word' id='word_1_654' title='bbox 2775 4698 2929 4751; x_wconf 91' lang='lat' dir='ltr'><strong>denis</strong></span> <span class='ocrx_word' id='word_1_655' title='bbox 2953 4700 3081 4754; x_wconf 83' lang='lat' dir='ltr'><strong>facis</strong></span> <span class='ocrx_word' id='word_1_656' title='bbox 3108 4717 3173 4755; x_wconf 84' lang='lat' dir='ltr'><strong>ex</strong></span> <span class='ocrx_word' id='word_1_657' title='bbox 3210 4706 3607 4758; x_wconf 87' lang='lat' dir='ltr'><strong>remanentibus</strong></span> <span class='ocrx_word' id='word_1_658' title='bbox 3639 4709 3808 4771; x_wconf 91' lang='lat' dir='ltr'><strong>horis,</strong></span> 
     </span>
    </p>
   </div>
   <div class='ocr_carea' id='block_1_113' title="bbox 2358 4788 3693 4863">
    <p class='ocr_par' dir='ltr' id='par_1_113' title="bbox 2358 4788 3693 4863">
     <span class='ocr_line' id='line_1_113' title="bbox 2358 4788 3693 4863; baseline 0.008 -22"><span class='ocrx_word' id='word_1_659' title='bbox 2358 4790 2566 4857; x_wconf 84' lang='lat' dir='ltr'><strong>Quippe</strong></span> <span class='ocrx_word' id='word_1_660' title='bbox 2596 4788 2709 4843; x_wconf 87' lang='lat' dir='ltr'><strong>dies</strong></span> <span class='ocrx_word' id='word_1_661' title='bbox 2734 4791 2933 4858; x_wconf 69' lang='lat' dir='ltr'><strong>quaevis</strong></span> <span class='ocrx_word' id='word_1_662' title='bbox 2966 4794 3019 4843; x_wconf 89' lang='lat' dir='ltr'><strong>lit</strong></span> <span class='ocrx_word' id='word_1_663' title='bbox 3044 4794 3111 4845; x_wconf 90' lang='lat' dir='ltr'><strong>ab</strong></span> <span class='ocrx_word' id='word_1_664' title='bbox 3143 4795 3287 4848; x_wconf 85' lang='lat' dir='ltr'><strong>horis</strong></span> <span class='ocrx_word' id='word_1_665' title='bbox 3314 4796 3395 4849; x_wconf 91' lang='lat' dir='ltr'><strong>bis</strong></span> <span class='ocrx_word' id='word_1_666' title='bbox 3416 4798 3693 4863; x_wconf 85' lang='lat' dir='ltr'><strong>duodenis,</strong></span> 
     </span>
    </p>
   </div>
   <div class='ocr_carea' id='block_1_114' title="bbox 2356 4881 3860 4958">
    <p class='ocr_par' dir='ltr' id='par_1_114' title="bbox 2356 4881 3860 4958">
     <span class='ocr_line' id='line_1_114' title="bbox 2356 4881 3860 4958; baseline 0.007 -23"><span class='ocrx_word' id='word_1_667' title='bbox 2356 4881 2489 4935; x_wconf 86' lang='lat' dir='ltr'><strong>Nam</strong></span> <span class='ocrx_word' id='word_1_668' title='bbox 2522 4896 2641 4936; x_wconf 90' lang='lat' dir='ltr'><strong>cum</strong></span> <span class='ocrx_word' id='word_1_669' title='bbox 2675 4892 2830 4936; x_wconf 87' lang='lat' dir='ltr'><strong>nocte</strong></span> <span class='ocrx_word' id='word_1_670' title='bbox 2860 4882 3000 4936; x_wconf 91' lang='lat' dir='ltr'><strong>diem</strong></span> <span class='ocrx_word' id='word_1_671' title='bbox 3031 4885 3260 4939; x_wconf 86' lang='lat' dir='ltr'><strong>solidum</strong></span> <span class='ocrx_word' id='word_1_672' title='bbox 3295 4899 3479 4942; x_wconf 88' lang='lat' dir='ltr'><strong>natura</strong></span> <span class='ocrx_word' id='word_1_673' title='bbox 3504 4890 3593 4941; x_wconf 82' lang='lat' dir='ltr'><strong>dat</strong></span> <span class='ocrx_word' id='word_1_674' title='bbox 3621 4906 3860 4958; x_wconf 91' lang='lat' dir='ltr'><strong>omnem,</strong></span> 
     </span>
    </p>
   </div>
   <div class='ocr_carea' id='block_1_115' title="bbox 2358 4976 3614 5046">
    <p class='ocr_par' dir='ltr' id='par_1_115' title="bbox 2358 4976 3614 5046">
     <span class='ocr_line' id='line_1_115' title="bbox 2358 4976 3614 5046; baseline 0.001 -14"><span class='ocrx_word' id='word_1_675' title='bbox 2358 4979 2456 5033; x_wconf 87' lang='lat' dir='ltr'><strong>Ast</strong></span> <span class='ocrx_word' id='word_1_676' title='bbox 2482 4993 2544 5031; x_wconf 87' lang='lat' dir='ltr'><strong>ex</strong></span> <span class='ocrx_word' id='word_1_677' title='bbox 2577 4976 2793 5031; x_wconf 88' lang='lat' dir='ltr'><strong>dimidia</strong></span> <span class='ocrx_word' id='word_1_678' title='bbox 2826 4979 3177 5046; x_wconf 89' lang='lat' dir='ltr'><strong>quadrantem</strong></span> <span class='ocrx_word' id='word_1_679' title='bbox 3209 4980 3434 5034; x_wconf 81' lang='lat' dir='ltr'><strong>conficis</strong></span> <span class='ocrx_word' id='word_1_680' title='bbox 3462 4984 3614 5044; x_wconf 91' lang='lat' dir='ltr'><strong>hora,</strong></span> 
     </span>
    </p>
   </div>
   <div class='ocr_carea' id='block_1_116' title="bbox 2360 5069 3723 5140">
    <p class='ocr_par' dir='ltr' id='par_1_116' title="bbox 2360 5069 3723 5140">
     <span class='ocr_line' id='line_1_116' title="bbox 2360 5069 3723 5140; baseline 0.001 -15"><span class='ocrx_word' id='word_1_681' title='bbox 2360 5071 2472 5125; x_wconf 87' lang='lat' dir='ltr'><strong>Utta</strong></span> <span class='ocrx_word' id='word_1_682' title='bbox 2500 5069 2615 5124; x_wconf 89' lang='lat' dir='ltr'><strong>dies</strong></span> <span class='ocrx_word' id='word_1_683' title='bbox 2638 5080 2828 5138; x_wconf 90' lang='lat' dir='ltr'><strong>quarto</strong></span> <span class='ocrx_word' id='word_1_684' title='bbox 2857 5086 2952 5140; x_wconf 89' lang='lat' dir='ltr'><strong>per</strong></span> <span class='ocrx_word' id='word_1_685' title='bbox 2975 5087 3131 5136; x_wconf 89' lang='lat' dir='ltr'><strong>quem</strong></span> <span class='ocrx_word' id='word_1_686' title='bbox 3154 5074 3449 5126; x_wconf 79' lang='lat' dir='ltr'><strong>succrescit</strong></span> <span class='ocrx_word' id='word_1_687' title='bbox 3481 5075 3531 5125; x_wconf 92' lang='lat' dir='ltr'><strong>in</strong></span> <span class='ocrx_word' id='word_1_688' title='bbox 3559 5088 3723 5135; x_wconf 90' lang='lat' dir='ltr'><strong>anno,</strong></span> 
     </span>
    </p>
   </div>
   <div class='ocr_carea' id='block_1_117' title="bbox 2358 5160 3719 5228">
    <p class='ocr_par' dir='ltr' id='par_1_117' title="bbox 2358 5160 3719 5228">
     <span class='ocr_line' id='line_1_117' title="bbox 2358 5160 3719 5228; baseline 0.004 -15"><span class='ocrx_word' id='word_1_689' title='bbox 2358 5160 2486 5226; x_wconf 76' lang='lat' dir='ltr'><strong>Qua:</strong></span> <span class='ocrx_word' id='word_1_690' title='bbox 2510 5163 2699 5228; x_wconf 89' lang='lat' dir='ltr'><strong>repetit</strong></span> <span class='ocrx_word' id='word_1_691' title='bbox 2729 5175 2885 5214; x_wconf 87' lang='lat' dir='ltr'><strong>senas</strong></span> <span class='ocrx_word' id='word_1_692' title='bbox 2914 5161 3006 5214; x_wconf 85' lang='lat' dir='ltr'><strong>tibi</strong></span> <span class='ocrx_word' id='word_1_693' title='bbox 3034 5161 3171 5214; x_wconf 83' lang='lat' dir='ltr'><strong>Mars</strong></span> <span class='ocrx_word' id='word_1_694' title='bbox 3200 5163 3396 5216; x_wconf 86' lang='lat' dir='ltr'><strong>inserta</strong></span> <span class='ocrx_word' id='word_1_695' title='bbox 3426 5163 3719 5226; x_wconf 80' lang='lat' dir='ltr'><strong>Kalendas,</strong></span> 
     </span>
    </p>
   </div>
   <div class='ocr_carea' id='block_1_118' title="bbox 2431 5253 3545 5322">
    <p class='ocr_par' dir='ltr' id='par_1_118' title="bbox 2431 5253 3545 5322">
     <span class='ocr_line' id='line_1_118' title="bbox 2431 5253 3545 5322; baseline 0.005 -17"><span class='ocrx_word' id='word_1_696' title='bbox 2431 5253 2617 5306; x_wconf 80' lang='lat' dir='ltr'><strong>Annus</strong></span> <span class='ocrx_word' id='word_1_697' title='bbox 2646 5253 2839 5307; x_wconf 89' lang='lat' dir='ltr'><strong>solaris</strong></span> <span class='ocrx_word' id='word_1_698' title='bbox 2866 5255 3105 5307; x_wconf 82' lang='lat' dir='ltr'><strong>lunarem</strong></span> <span class='ocrx_word' id='word_1_699' title='bbox 3136 5256 3301 5307; x_wconf 89' lang='lat' dir='ltr'><strong>vineit</strong></span> <span class='ocrx_word' id='word_1_700' title='bbox 3325 5258 3545 5322; x_wconf 86' lang='lat' dir='ltr'><strong>epactis,</strong></span> 
     </span>
    </p>
   </div>
   <div class='ocr_carea' id='block_1_119' title="bbox 2361 5343 3681 5413">
    <p class='ocr_par' dir='ltr' id='par_1_119' title="bbox 2361 5343 3681 5413">
     <span class='ocr_line' id='line_1_119' title="bbox 2361 5343 3681 5413; baseline 0.005 -18"><span class='ocrx_word' id='word_1_701' title='bbox 2361 5343 2506 5408; x_wconf 90' lang='lat' dir='ltr'><strong>Quas</strong></span> <span class='ocrx_word' id='word_1_702' title='bbox 2537 5344 2719 5395; x_wconf 90' lang='lat' dir='ltr'><strong>dicunt</strong></span> <span class='ocrx_word' id='word_1_703' title='bbox 2746 5344 2955 5404; x_wconf 64' lang='lat' dir='ltr'><strong>Graece.</strong></span> <span class='ocrx_word' id='word_1_704' title='bbox 2988 5347 3450 5413; x_wconf 88' lang='lat' dir='ltr'><strong>superaddimenta</strong></span> <span class='ocrx_word' id='word_1_705' title='bbox 3480 5348 3681 5413; x_wconf 86' lang='lat' dir='ltr'><strong>Latine,</strong></span> 
     </span>
    </p>
   </div>
   <div class='ocr_carea' id='block_1_120' title="bbox 2364 5434 3758 5509">
    <p class='ocr_par' dir='ltr' id='par_1_120' title="bbox 2364 5434 3758 5509">
     <span class='ocr_line' id='line_1_120' title="bbox 2364 5434 3758 5509; baseline 0.006 -24"><span class='ocrx_word' id='word_1_706' title='bbox 2364 5434 2620 5488; x_wconf 72' lang='lat' dir='ltr'><strong>Versibus</strong></span> <span class='ocrx_word' id='word_1_707' title='bbox 2647 5436 2760 5488; x_wconf 72' lang='lat' dir='ltr'><strong>lucc</strong></span> <span class='ocrx_word' id='word_1_708' title='bbox 2788 5448 2907 5489; x_wconf 89' lang='lat' dir='ltr'><strong>sese</strong></span> <span class='ocrx_word' id='word_1_709' title='bbox 2938 5438 3161 5491; x_wconf 87' lang='lat' dir='ltr'><strong>volvunt</strong></span> <span class='ocrx_word' id='word_1_710' title='bbox 3192 5440 3527 5505; x_wconf 87' lang='lat' dir='ltr'><strong>paschalibus</strong></span> <span class='ocrx_word' id='word_1_711' title='bbox 3558 5456 3724 5509; x_wconf 80' lang='lat' dir='ltr'><strong>usque</strong></span> <span class='ocrx_word' id='word_1_712' title='bbox 3743 5482 3758 5506; x_wconf 97' lang='lat'><strong>,</strong></span> 
     </span>
    </p>
   </div>
   <div class='ocr_carea' id='block_1_121' title="bbox 2360 5524 3676 5597">
    <p class='ocr_par' dir='ltr' id='par_1_121' title="bbox 2360 5524 3676 5597">
     <span class='ocr_line' id='line_1_121' title="bbox 2360 5524 3676 5597; baseline 0.001 -17"><span class='ocrx_word' id='word_1_713' title='bbox 2360 5524 2683 5593; x_wconf 85' lang='lat' dir='ltr'><strong>Principium</strong></span> <span class='ocrx_word' id='word_1_714' title='bbox 2714 5528 2887 5594; x_wconf 93' lang='lat' dir='ltr'><strong>primo</strong></span> <span class='ocrx_word' id='word_1_715' title='bbox 2920 5530 3109 5594; x_wconf 81' lang='lat' dir='ltr'><strong>quibus</strong></span> <span class='ocrx_word' id='word_1_716' title='bbox 3137 5541 3215 5584; x_wconf 90' lang='lat' dir='ltr'><strong>est</strong></span> <span class='ocrx_word' id='word_1_717' title='bbox 3240 5540 3293 5584; x_wconf 93' lang='lat' dir='ltr'><strong>et</strong></span> <span class='ocrx_word' id='word_1_718' title='bbox 3324 5530 3445 5585; x_wconf 85' lang='lat' dir='ltr'><strong>finis</strong></span> <span class='ocrx_word' id='word_1_719' title='bbox 3472 5532 3519 5584; x_wconf 92' lang='lat' dir='ltr'><strong>in</strong></span> <span class='ocrx_word' id='word_1_720' title='bbox 3551 5534 3676 5597; x_wconf 87' lang='lat' dir='ltr'><strong>imo,</strong></span> 
     </span>
    </p>
   </div>
   <div class='ocr_carea' id='block_1_122' title="bbox 2358 5617 3648 5688">
    <p class='ocr_par' dir='ltr' id='par_1_122' title="bbox 2358 5617 3648 5688">
     <span class='ocr_line' id='line_1_122' title="bbox 2358 5617 3648 5688; baseline 0.006 -19"><span class='ocrx_word' id='word_1_721' title='bbox 2358 5617 2498 5684; x_wconf 85' lang='lat' dir='ltr'><strong>Quas</strong></span> <span class='ocrx_word' id='word_1_722' title='bbox 2530 5617 2581 5671; x_wconf 90' lang='lat' dir='ltr'><strong>in</strong></span> <span class='ocrx_word' id='word_1_723' title='bbox 2604 5618 2933 5688; x_wconf 86' lang='lat' dir='ltr'><strong>Septembris</strong></span> <span class='ocrx_word' id='word_1_724' title='bbox 2963 5621 3119 5676; x_wconf 88' lang='lat' dir='ltr'><strong>debet</strong></span> <span class='ocrx_word' id='word_1_725' title='bbox 3146 5635 3353 5678; x_wconf 88' lang='lat' dir='ltr'><strong>mutare</strong></span> <span class='ocrx_word' id='word_1_726' title='bbox 3376 5623 3648 5678; x_wconf 78' lang='lat' dir='ltr'><strong>Kalendis.</strong></span> 
     </span>
    </p>
   </div>
   <div class='ocr_carea' id='block_1_123' title="bbox 2429 5712 3799 5783">
    <p class='ocr_par' dir='ltr' id='par_1_123' title="bbox 2429 5712 3799 5783">
     <span class='ocr_line' id='line_1_123' title="bbox 2429 5712 3799 5783; baseline 0.002 -16"><span class='ocrx_word' id='word_1_727' title='bbox 2429 5713 2613 5767; x_wconf 83' lang='lat' dir='ltr'><strong>Annus</strong></span> <span class='ocrx_word' id='word_1_728' title='bbox 2641 5712 2939 5767; x_wconf 92' lang='lat' dir='ltr'><strong>communis</strong></span> <span class='ocrx_word' id='word_1_729' title='bbox 2970 5723 3069 5768; x_wconf 90' lang='lat' dir='ltr'><strong>stat</strong></span> <span class='ocrx_word' id='word_1_730' title='bbox 3111 5716 3383 5769; x_wconf 88' lang='lat' dir='ltr'><strong>mensibus</strong></span> <span class='ocrx_word' id='word_1_731' title='bbox 3414 5731 3476 5771; x_wconf 75' lang='lat' dir='ltr'><strong>ex</strong></span> <span class='ocrx_word' id='word_1_732' title='bbox 3508 5716 3799 5783; x_wconf 85' lang='lat' dir='ltr'><strong>duodenis,</strong></span> 
     </span>
    </p>
   </div>
  </div>
