4220 6456
341 280 448 338 6⁸7

341 391 738 449 Embolismalis
767 390 934 460 magis
961 405 1066 445 uno
1097 389 1253 460 quam
1279 392 1542 448 duodenis
1563 436 1576 457 .

341 485 490 539 Unus
511 482 652 538 enim
686 482 884 535 mensis
911 485 1210 536 concrescit
1239 493 1365 538 tunc
1394 486 1461 538 ab
1483 487 1709 553 epactis.

340 575 614 629 Discrctus
635 571 803 640 signis
831 580 914 625 est
942 571 1195 627 zodiacus
1224 574 1522 638 duodenis,

343 667 564 720 Exstant
591 664 862 732 signorum
891 678 1104 717 menses
1137 673 1212 718 tot
1242 665 1305 718 ad
1339 667 1508 719 instar
1536 667 1801 725 omnium;

339 757 580 826 Triginta
613 754 845 809 Phoebus
878 756 1155 826 signorum
1181 760 1429 827 quodque
1450 757 1637 814 diebus
1657 802 1672 825 ,

342 848 516 913 Atque
539 844 722 899 decem
753 843 914 898 semis
944 847 1136 899 cessim
1171 849 1460 915 perlabitur
1491 849 1658 915 horis,

340 935 497 989 Fiunt
524 935 648 991 inde
672 933 788 990 dies
817 939 1112 992 tercenteni
1142 938 1321 993 decies
1351 954 1467 1005 sex,

340 1029 492 1095 Quos
518 1029 656 1082 inter
683 1041 897 1081 menses
927 1028 1006 1082 bis
1037 1044 1128 1084 sex
1159 1029 1446 1096 diSponere
1473 1030 1654 1093 debes,

343 1125 589 1192 Quinque
610 1121 724 1176 dies
753 1122 907 1176 denis
941 1122 1064 1176 facit
1091 1138 1155 1177 ex
1187 1125 1555 1178 remeantibus
1589 1124 1743 1176 horis
1766 1161 1781 1186 ,

339 1216 486 1282 Quos
515 1215 633 1281 quia
657 1213 902 1269 distribui
934 1226 1222 1283 nequeunt,
1253 1214 1420 1270 debes
1449 1217 1575 1270 dare
1602 1214 1749 1268 Marti
1780 1235 1794 1280 ;

343 1304 452 1358 (Zur
483 1306 658 1374 potius
685 1303 884 1358 Marti?
911 1305 1101 1358 tribuit
1127 1307 1247 1371 quia
1275 1305 1534 1360 Romulus
1565 1306 1638 1358 illi
1664 1350 1678 1369 ,
1729 1311 1744 1326 '

343 1400 550 1455 Menses
580 1401 662 1454 bis
689 1399 922 1470 quinque
943 1410 1186 1456 statuens
1213 1403 1298 1467 qui
1331 1402 1564 1470 principe
1596 1403 1781 1456 Marte.

341 1492 587 1560 l‘rincipe
612 1506 708 1546 cur
739 1490 943 1546 Marte?
972 1491 1136 1546 coluit
1161 1495 1282 1562 quia
1313 1508 1406 1560 pro
1433 1491 1696 1560 genitore.

342 1583 470 1646 Ejus
496 1596 774 1636 successor
801 1580 969 1636 Numa
994 1581 1130 1636 binis
1155 1583 1357 1635 exstitit
1388 1593 1599 1636 auctor.

340 1671 396 1726 Si
426 1686 702 1726 numerum
734 1672 1033 1726 mensidare
1063 1672 1164 1737 vis,
1184 1671 1391 1724 ratione
1414 1673 1656 1740 sequenti
1681 1691 1692 1724 :

339 1759 504 1814 Sume
530 1760 643 1814 dies
667 1760 862 1814 mensis
894 1779 906 1812 :
940 1775 1220 1812 numerum
1250 1775 1462 1829 quoque
1480 1762 1643 1829 jnnge
1667 1763 1885 1829 prioris,

343 1850 528 1906 Divide
556 1866 651 1919 per
677 1859 881 1919 septem
913 1864 1191 1904 numerum
1215 1849 1316 1904 sibi
1339 1850 1470 1903 dans
1493 1862 1884 1908 remanentem.

340 1940 443 1994 Per
471 1950 674 2011 septem
705 1941 912 2010 quare?
942 1942 1061 2009 quia
1093 1942 1169 1994 sic
1200 1939 1536 1994 hebdomada
1567 1952 1713 1996 stare
1763 1985 1768 1990 .

341 2030 532 2094 Debet,
561 2046 695 2100 quos
719 2031 883 2100 junge
907 2031 1097 2099 quibus
1125 2039 1305 2084 exstat
1340 2045 1444 2084 non
1472 2027 1711 2097 aliunde,

340 2121 396 2176 Si
429 2122 590 2176 libeat
617 2123 755 2176 scire
785 2137 1038 2178 numerus
1067 2121 1169 2176 sibi
1199 2120 1322 2188 quid
1356 2123 1480 2176 velit
1503 2121 1620 2182 iste,

341 2217 525 2266 Annos
551 2227 646 2280 per
667 2221 866 2281 septem
893 2221 1269 2266 concurrentes
1289 2197 1390 2265 sibi
1420 2213 1641 2279 junges,

345 2304 414 2358 Ut
440 2305 617 2374 capias
643 2318 738 2374 per
767 2313 818 2358 te
847 2303 1028 2369 ferias,
1056 2303 1142 2358 ubi
1173 2319 1395 2372 qumque
1419 2303 1672 2358 Kalends:
1693 2345 1708 2368 ,

340 2393 462 2450 Fiet
487 2395 628 2449 enim
662 2411 939 2461 numerus,
968 2397 1048 2450 vel
1082 2405 1286 2463 septem
1319 2397 1398 2449 vel
1431 2397 1607 2450 minus
1635 2407 1726 2448 aut
1753 2395 1889 2464 plus,

341 2489 398 2542 Si
432 2497 706 2554 septemve
739 2488 912 2542 minus
945 2487 1127 2542 feriam
1160 2489 1237 2540 sic
1267 2487 1452 2553 dicito,
1483 2489 1526 2540 si
1562 2487 1696 2554 plus.

344 2579 548 2634 Ablatis
579 2588 807 2648 septem,
836 2595 1112 2634 numerum
1146 2580 1244 2634 sibi
1279 2580 1345 2632 da
1375 2589 1739 2634 remanentem

349 2667 461 2721 llos
481 2667 544 2720 da
575 2667 901 2736 Septembri.
928 2664 1078 2721 Marti
1112 2684 1244 2736 quos
1277 2678 1398 2721 ante
1426 2667 1641 2721 dedisti.

347 2759 423 2810 Ex
462 2756 562 2812 hoc
589 2749 868 2827 incipiens,
901 2761 1020 2827 quia
1045 2759 1122 2811 sic
1146 2756 1400 2828 Egyptia
1431 2757 1546 2811 vult
1574 2773 1727 2826 gens,

347 2849 403 2903 Si
436 2865 714 2904 numerum
745 2852 912 2904 mensi
943 2849 1071 2904 dare
1094 2852 1172 2904 vis
1203 2851 1408 2904 ratione
1434 2856 1713 2920 sequenti,

346 2939 513 2993 Sume
543 2939 657 2994 dies
681 2941 878 2995 mensis
905 2956 1182 2995 numerum
1213 2957 1426 3010 quoque
1451 2942 1618 3012 junge
1640 2947 1851 3013 prioris.

349 3033 464 3099 Qtto
497 3032 634 3088 facto
661 3033 831 3088 mensi
853 3049 945 3088 sua
973 3034 1078 3086 vult
1105 3035 1304 3087 lunatio
1328 3035 1491 3088 demi.

419 3124 675 3178 Ascribas
705 3126 875 3179 mensi
905 3127 1236 3179 reinanentia
1265 3141 1400 3193 pone
1423 3128 1692 3191 sequenti.

348 3213 535 3268 Discas
561 3214 608 3268 si
637 3215 813 3269 nescis
841 3228 1000 3284 quota
1030 3217 1101 3268 sit
1131 3219 1334 3269 lunatio
1365 3220 1594 3284 qumvis,

346 3306 615 3362 Mensibus
644 3316 727 3362 est
753 3309 874 3362 luna
908 3310 1122 3377 paribus
1152 3310 1402 3377 vigesima
1434 3323 1591 3372 nona,

345 3398 551 3453 Crescit
574 3401 625 3452 in
656 3399 947 3468 imparibus
973 3409 1104 3453 aetas
1133 3401 1423 3468 trigesima,
1453 3399 1606 3468 cujus

344 3490 462 3547 Hoc
493 3492 546 3544 in
578 3494 820 3560 catalogo
850 3506 1134 3544 nteusurus
1163 3491 1368 3544 nuntiat
1390 3491 1540 3545 ordo.

418 3581 473 3636 Si
509 3581 668 3634 libeat
692 3582 832 3635 scire
861 3597 1114 3635 numerus
1140 3582 1241 3635 sibi
1272 3581 1397 3649 quid
1425 3583 1551 3635 velit
1583 3582 1710 3647 iste,

346 3672 481 3729 lluic
510 3689 731 3728 numero
753 3674 943 3743 jungas
973 3676 1097 3727 anni
1129 3677 1406 3743 praesentis
1432 3683 1676 3742 epactas,

344 3764 624 3833 Colligitur
653 3779 907 3819 numerus
938 3766 1152 3835 triginta
1177 3767 1259 3818 vel
1293 3767 1470 3818 minus
1495 3773 1586 3818 aut
1619 3765 1753 3830 plus,

345 3855 652 3924 'l‘rigintave
681 3844 856 3910 minus
889 3855 932 3908 si
963 3857 1068 3909 sint
1098 3866 1203 3908 tota
1236 3855 1488 3926 Cynthia,
1517 3857 1561 3908 si
1596 3855 1732 3921 plus,

347 3943 586 4014 Triginta
610 3947 795 4000 demas
827 3945 1224 3998 remanentibus
1253 3955 1307 3999 et
1340 3945 1504 4012 liquet
1535 3954 1686 4009 tetas,

344 4037 434 4093 Sic
455 4037 541 4091 alii
571 4052 785 4092 nienses
810 4039 975 4090 mensi
1003 4037 1287 4105 respondet
1319 4038 1370 4091 in
1400 4039 1564 4099 horis,

349 4132 454 4186 Per
478 4131 642 4186 Janus
670 4132 837 4185 mensi
865 4131 1098 4197 decimo,
1128 4132 1468 4199 Februusque
1493 4128 1814 4194 Novembri,

348 4224 566 4278 Martius
592 4223 834 4288 Octobri,
875 4240 971 4292 par
1000 4233 1082 4277 est
1109 4223 1425 4292 September
1446 4224 1636 4290 Aprili.

347 4314 516 4368 Maius
541 4314 752 4380 Sextili,
787 4329 880 4381 par
900 4313 1088 4367 Junius
1118 4325 1199 4366 est
1233 4313 1346 4376 tibi,
1378 4313 1505 4366 Juli.

349 4405 488 4458 l'lcce
517 4405 632 4458 dies
662 4406 796 4458 nosti
829 4406 947 4471 quia
979 4403 1046 4457 sit
1079 4403 1357 4468 praesentia
1388 4403 1598 4456 thbi.

419 4496 555 4549 Sunt
586 4495 691 4549 duo
714 4497 928 4565 legitimi
955 4507 1131 4549 tamen
1165 4496 1437 4548 intervalla
1470 4495 1597 4549 diei.

349 4587 524 4640 Unum
553 4597 870 4640 nocturnum
904 4587 1163 4654 vocitant,
1193 4585 1442 4654 aliudque
1467 4587 1713 4639 diurnum

351 4679 456 4733 Ilac
480 4689 605 4733 sunt
632 4679 826 4749 quippe
859 4679 942 4732 die
973 4679 1151 4747 viginti
1181 4689 1431 4747 quattuor
1463 4677 1628 4743 bene,

352 4769 608 4825 Horarum
640 4769 806 4840 spatia
834 4771 1072 4824 duodena
1104 4771 1403 4824 subindicat
1430 4770 1578 4837 hora,

352 4862 464 4917 Jam
495 4863 708 4932 proprie
736 4863 905 4931 spatio
935 4863 1032 4915 tria
1061 4863 1386 4930 subjnnxere
1417 4861 1609 4915 diurno

354 4952 501 5008 Mane
527 4953 738 5022 quidem
761 4993 778 5019 ,
806 4953 1116 5021 tnediasque
1147 4953 1285 5006 diem
1318 4967 1580 5006 summam
1624 4967 1786 5022 prope
1823 4968 1917 5004 nn-

419 5043 568 5098 Sicnt
597 5057 747 5097 mens
778 5044 978 5112 populi,
1012 5047 1244 5096 variatur
1273 5046 1422 5112 origo
1453 5043 1592 5108 diei,
1731 5043 1913 5115 [ctrnn

352 5129 429 5185 Ex
458 5143 575 5189 ortu
605 5133 794 5188 thbi
827 5143 978 5203 putat
1009 5134 1142 5187 hanc
1172 5133 1456 5188 Chaldaeus
1478 5135 1630 5200 oriri,

355 5223 455 5278 Sed
484 5238 613 5293 gens
634 5225 872 5296 Aﬁgypti,
902 5234 1052 5294 putat
1082 5233 1199 5278 ortu
1233 5224 1404 5278 noctis
1435 5224 1587 5286 oriri,

352 5313 513 5369 Nocte
544 5325 694 5384 putat
723 5317 894 5369 media
921 5315 1191 5370 Romanus
1219 5323 1275 5367 ut
1296 5315 1509 5369 inchoet
1533 5316 1668 5385 ipsa,

352 5405 476 5461 Inde
502 5409 676 5464 solent
704 5409 826 5478 galli
857 5420 1076 5462 cantare
1106 5409 1279 5464 futura
1305 5410 1429 5463 diei.

352 5496 461 5552 Lux
487 5516 604 5569 qua:
634 5501 800 5569 prima
834 5503 952 5566 luit,
982 5511 1190 5555 noctem
1227 5501 1531 5569 praecedere
1554 5507 1738 5568 cmpit,

355 5591 477 5643 Atla!
503 5592 735 5646 hetitiam
762 5593 1084 5661 portendens
1106 5603 1228 5647 ante
1260 5593 1493 5658 ruinam,

353 5685 518 5747 unam
541 5687 673 5741 bene
696 5689 954 5742 lormatus
980 5687 1170 5741 cecidit
1196 5689 1293 5744 sub
1322 5700 1476 5744 nocte
1501 5696 1710 5755 reatus;

629 5787 898 5848 Parnm.
920 5787 1136 5849 XCIV.

1377 283 1572 338 sem.
1614 282 1705 340 Ill.
1743 309 1814 326 ν-
1853 256 2296 338 cantuum;-
2337 282 2572 338 llYMNl.
3503 281 3608 338 eis

1949 393 2003 450 Λ
2028 393 2178 446 Nunc
2203 394 2440 462 sequitur
2469 403 2674 450 noctem
2706 394 2817 461 lux,
2848 396 3065 450 vincens
3095 395 3146 447 in
3171 407 3330 448 cruce
3357 400 3609 459 mortem,

2037 486 2343 540 liestitnens
2377 489 2646 541 hominem
2677 487 2799 540 vitae
2830 489 3078 542 tenebras
3104 486 3418 555 patientem.

2101 577 2246 629 Ordo
2279 579 2615 644 planetarum
2648 581 2815 632 variat
2848 581 3041 633 seriem
3077 578 3361 643 feriarum,

2030 667 2239 736 Quippe
2261 669 2377 722 dies
2403 685 2433 722 a
2462 671 2566 723 diis
2599 670 2798 739 placuit
2823 672 3054 726 vocitare
3079 671 3270 738 poetis.

2031 757 2210 812 Tertia
2244 761 2424 813 Martis
2456 770 2590 823 erat,
2620 762 2939 828 Stilphontis
2971 775 3156 832 quarta
3192 761 3463 827 manebat,

2032 849 2160 904 lude
2185 850 2301 905 Jnvi
2327 851 2568 920 quintam
2602 854 2882 906 tribuendo
2910 865 3102 908 vocant
3123 855 3421 907 Jovianam.

2032 942 2196 995 Sexta
2231 940 2328 995 fuit
2358 938 2606 1008 Veneris,
2638 952 2906 1011 postrema
2937 945 3094 997 deum
3125 945 3399 1013 genitoris,

2031 1031 2140 1085 llas
2167 1031 2269 1084 diis
2297 1032 2565 1086 addebant
2595 1048 2653 1086 se
2684 1034 2804 1098 quis
2833 1042 3082 1086 constare
3113 1033 3390 1101 putabant,

2031 1123 2178 1177 Juvit
2205 1125 2514 1187 temperiem
2550 1124 2758 1190 Jupiter
2787 1123 3060 1194 Cyllenius
3083 1134 3274 1188 artem,

2029 1213 2325 1267 Pneumate
2349 1215 2428 1268 sol
2462 1201 2561 1266 una
2593 1213 2733 1266 Mars
2756 1215 3017 1283 sanguine
3047 1228 3275 1282 corpore
3305 1212 3450 1277 luna,

2034 1302 2132 1357 Vel
2159 1304 2308 1359 dedit
2336 1307 2637 1370 humorem,
2674 1305 2857 1360 Venus
2887 1308 2998 1375 ipsa
3029 1306 3262 1360 libidinis
3295 1307 3491 1374 ignem.

2103 1397 2295 1451 Nostro
2326 1413 2474 1451 more
2504 1399 2617 1452 dies
2643 1397 2793 1452 feriae
2817 1409 2944 1453 Sunt
2974 1414 3169 1453 nomen
3205 1399 3486 1465 habentes,

2033 1490 2077 1543 A
2111 1491 2271 1542 fando
2303 1488 2486 1543 feriam
2520 1489 2626 1560 iam
2657 1491 2926 1544 credimus
2955 1505 3073 1543 esse
3103 1500 3343 1544 vocatam

2036 1580 2212 1633 Prima
2238 1579 2354 1633 dies
2380 1580 2574 1632 etenim
2604 1579 2701 1632 fuit
2735 1581 2892 1644 hujus
2920 1581 3150 1632 nominis
3181 1578 3330 1638 olim.

2033 1670 2144 1736 Qua
2176 1669 2256 1723 fas
2285 1680 2367 1723 est
2392 1671 2510 1733 l’ari,
2538 1671 2716 1722 divina
2741 1670 2897 1722 simul
2931 1667 3134 1734 leriari,

1959 1733 2002 1790 Β
2036 1733 2126 1815 \iel
2153 1761 2295 1830 qttod
2328 1760 2418 1814 fiat
2441 1762 2515 1814 ait
2547 1762 2687 1814 Deus
2710 1763 2886 1814 omnia
2917 1761 3128 1830 quando
3152 1759 3375 1814 creavit.

2102 1848 2506 1903 llebdomadam
2535 1848 2759 1902 facimus
2792 1859 2998 1916 septem
3027 1860 3275 1902 constare
3297 1847 3508 1910 diebus,

2029 1943 2197 2009 Quam
2223 1944 2360 1996 solet
2389 1941 2654 2012 .Egypms
2683 1953 2759 1997 tot
2785 1943 2848 1996 ad
2874 1957 3043 1996 annos
3068 1943 3246 1998 dicere
3276 1953 3503 2012 tempus.

2033 2034 2254 2088 Profesti
2287 2035 2404 2088 festi
2429 2044 2554 2088 sunt
2583 2044 2744 2102 atque
2773 2035 2886 2087 dies
2912 2034 3112 2096 feriati,

2032 2127 2294 2180 Prmterea
2326 2125 2443 2179 fasti
2476 2127 2604 2179 dicti
2629 2133 2753 2178 sunt
2778 2134 2938 2193 atque
2968 2123 3182 2186 nefasti,

2029 2216 2164 2271 Sunt
2188 2217 2461 2270 hominum
2489 2217 2628 2281 festi,
2655 2231 2815 2268 causa
2841 2215 3086 2285 quiedam
3113 2213 3360 2282 profesti.

2102 2311 2197 2363 Est
2219 2311 2417 2363 mensis
2441 2309 2708 2371 Graecum,
2734 2305 2801 2362 de
2836 2309 2973 2362 luna:
3006 2310 3220 2362 nomine
3245 2317 3468 2361 tractum
3488 2348 3502 2371 ,

2029 2398 2258 2454 Nomine
2288 2400 2404 2467 quis
2436 2399 2596 2463 lunae,
2625 2397 2743 2462 quia
2778 2412 2962 2451 menes
2992 2398 3115 2450 luna
3141 2397 3344 2450 Latine.

2101 2491 2204 2544 Per
2228 2504 2284 2544 se
2313 2489 2465 2544 divisi
2494 2499 2621 2542 sunt
2652 2499 2891 2556 tempora
2921 2497 3153 2556 quatuor
3181 2487 3326 2551 anni,

2029 2582 2267 2646 Quorum
2296 2582 2534 2644 nomina,
2559 2595 2668 2642 ver,
2697 2588 2876 2643 testas,
2907 2590 3214 2643 autumnus,
3242 2579 3538 2647 hiemsque,

2031 2671 2344 2738 Respiceret
2376 2669 2598 2723 Boream
2627 2670 2827 2722 vernali
2867 2677 3106 2735 tempore
3129 2668 3307 2734 Titan,

2031 2760 2181 2825 Quod
2215 2769 2400 2814 noctes
2429 2771 2635 2826 tempus
2659 2759 2794 2811 siilet
2817 2774 3099 2826 extequnre
3123 2758 3334 2822 diebus,

2030 2854 2211 2908 Martis
2241 2853 2293 2905 in
2324 2852 2529 2904 octonis
2560 2840 2666 2905 eris
2692 2851 2808 2916 eius
2839 2851 2988 2918 origo
3013 2849 3288 2914 Kalendis,
3349 2840 3353 2844 ’

2031 2942 2088 2996 In
2117 2943 2402 3010 nonaginta
2434 2940 2674 2994 durando
2701 2939 2891 2992 diebus
2920 2948 2972 2992 et
2999 2954 3124 2992 una.

2101 3034 2233 3087 Cum
2260 3031 2434 3085 ealelit
2467 3033 2659 3084 Boreas
2689 3046 2783 3100 per
2806 3031 2974 3082 solem
2999 3044 3117 3083 mox
3152 3028 3208 3081 lit
3236 3036 3290 3082 et
3315 3036 3491 3093 aestas,

1977 3117 1996 3137 ⁸
2030 3127 2292 3194 Tempora
2318 3135 2576 3176 nocturna
2607 3123 2810 3176 breviat
2835 3121 3113 3190 spatiando
3144 3121 3355 3185 diurna,

2028 3218 2217 3272 Junius
2245 3225 2465 3268 octonas
2489 3213 2638 3282 jubet
2671 3217 2805 3264 hanc
2833 3213 3033 3264 intrare
3060 3209 3348 3281 Kalendas,

2028 3309 2084 3362 In
2113 3307 2396 3374 nonaginta
2424 3305 2666 3358 durando
2689 3303 2876 3357 diebus
2904 3311 2958 3356 et
2988 3317 3114 3367 una,

2027 3397 2206 3452 Estas
2235 3412 2301 3450 ex
2331 3397 2452 3466 igne
2480 3404 2606 3460 stat,
2637 3409 2729 3447 ver
2753 3401 2808 3446 et
2837 3393 2904 3447 ab
2929 3392 3199 3446 ariditate.

2028 3489 2240 3542 Assolet
2261 3497 2545 3541 autumnus
2571 3494 2756 3539 noctes
2779 3499 2994 3554 mquare
3021 3483 3233 3549 diebus,

2029 3579 2095 3632 Et
2115 3579 2260 3644 cupit
2286 3579 2490 3632 octonis
2514 3577 2844 3646 Septembris
2871 3577 3060 3630 adesse
3091 3573 3364 3641 Kalendis,

2031 3668 2374 3723 Perdurando
2397 3668 2563 3721 tribus
2587 3669 2982 3737 nonagintaque
3007 3666 3218 3731 diebus,

2028 3762 2117 3816 Sic
2137 3776 2202 3816 ex
2232 3761 2412 3830 algore
2440 3768 2543 3813 stat
2572 3774 2782 3827 semper
2814 3767 2868 3813 et
2896 3759 3160 3814 ariditate.

2101 3851 2293 3906 lleddit
2322 3851 2490 3904 hiems
2517 3849 2680 3918 frigus
2701 3864 2820 3903 cum
2849 3849 2917 3900 sit
2943 3863 3105 3916 prope
3130 3850 3209 3902 sol
3237 3848 3461 3915 alienus,

2026 3946 2159 3998 Cum
2189 3951 2313 3996 sunt
2343 3953 2600 3996 nocturna
2628 3942 2827 4009 prolixa
2857 3940 3058 4002 minuta
3090 3940 3303 4005 diurna,

2027 4038 2159 4103 Quae
2187 4035 2380 4089 decimi
2405 4035 2608 4088 mensis
2639 4034 2844 4086 orditur
2877 4039 2926 4086 in
2951 4044 3071 4086 octo
3094 4033 3375 4103 Kalendis,

2027 4127 2292 4190 Tempore
2321 4124 2581 4177 denorum
2616 4125 2802 4175 novies
2827 4130 3078 4175 contenta
3106 4122 3336 4185 dierum,

2027 4217 2155 4272 lla-e
2174 4231 2237 4269 ex
2262 4217 2445 4282 algore
2473 4223 2576 4267 stat
2599 4229 2812 4282 semper
2839 4224 2890 4267 et
2914 4214 3181 4270 ariditate.

2098 4314 2281 4365 Annus
2309 4309 2372 4361 ad
2400 4309 2680 4362 ecclesiam
2709 4324 2867 4376 super
2899 4308 2980 4362 bis
3013 4309 3172 4364 habet
3200 4311 3528 4382 allegoriam,

1948 4413 2002 4475 ι)
2032 4403 2282 4459 Ecclesia!
2307 4402 2547 4467 designat
2573 4402 2742 4454 hiems
2769 4401 3252 4468 incommoditates,

2026 4495 2335 4563 Tempestas
2360 4493 2571 4562 quando
2601 4494 2656 4544 lit
2679 4508 2796 4546 cum
2825 4492 3008 4559 glacie,
3036 4494 3176 4558 nive,
3213 4494 3386 4557 turbo,

2026 4587 2205 4641 Aistas
2226 4596 2305 4640 est
2333 4586 2454 4638 fidei
2480 4585 2750 4653 neglectus
2775 4593 2826 4636 et
2858 4583 2986 4636 ultio
3014 4585 3232 4638 Christi.

2026 4683 2081 4736 ln
2112 4698 2212 4750 qua
2241 4682 2498 4733 doctrina:
2532 4681 2800 4730 siCCattlur
2828 4677 2894 4729 ab
2923 4676 3171 4728 ariditate
3199 4693 3210 4726 :

2026 4771 2134 4826 Ver
2159 4771 2362 4824 novitas
2393 4769 2511 4820 lidei
2547 4778 2662 4833 post
2687 4767 2790 4817 vim
2825 4767 2957 4818 nivis
2987 4775 3038 4817 et
3060 4766 3270 4832 glaciei.

2024 4862 2212 4927 Nobis,
2241 4860 2400 4914 occisi
2431 4873 2534 4926 quo
2560 4860 2751 4925 pascha
2782 4859 3078 4909 tenebimus
3103 4860 3244 4924 agni,

2025 4955 2157 5008 Cum
2182 4953 2326 5008 venit
2350 4960 2636 5004 autumnus
2667 4959 2974 5017 proventum
3001 4950 3184 5002 fertilis
3212 4964 3400 5014 annus,

2025 5047 2262 5101 (lactibus
2287 5045 2564 5100 ecclesiam
2598 5053 2901 5097 sanctorum
2928 5044 3058 5096 dans
3089 5043 3467 5098 venerandam.

2101 5139 2202 5191 Ver
2233 5147 2441 5201 tempus
2466 5138 2652 5189 dicunt
2681 5151 2786 5203 quo
2817 5137 3018 5188 semina
3043 5146 3228 5188 cuncta
3257 5133 3548 5198 vireSCunI,

2026 5228 2157 5282 Cum
2182 5231 2312 5282 vites
2335 5229 2560 5296 gemmis
2589 5228 2742 5280 tellus
2767 5229 2987 5278 vestitur
3009 5225 3075 5278 ab
3107 5224 3305 5284 herbis.

2031 5322 2122 5373 Est
2141 5327 2297 5373 testas
2327 5328 2534 5387 tempus
2565 5334 2669 5388 quo
2701 5318 2864 5371 fervet
2890 5318 2938 5370 in
2963 5317 3208 5371 omnibus
3238 5325 3422 5380 :rstus,
3488 5392 3492 5394 _

2027 5411 2306 5466 Credimus
2337 5423 2649 5464 autumnum
2677 5410 2744 5464 de
2766 5417 3082 5477 tempestate
3117 5417 3386 5472 vocatum,

2028 5503 2252 5569 Quando
2277 5502 2475 5557 cadunt
2505 5499 2653 5564 folia,
2682 5512 2803 5554 sunt
2829 5501 3251 5568 tempestivaque
3278 5505 3486 5560 cuncta,

2029 5595 2155 5648 Fert
2182 5591 2558 5660 hemisphaerio
2586 5606 2880 5659 cognomen
2913 5590 3084 5644 hiems
3112 5603 3274 5657 super
3301 5602 3436 5654 uno,

2027 5688 2116 5744 Sol
2144 5687 2263 5756 quia
2293 5694 2415 5741 tunc
2445 5684 2584 5740 volvi
2611 5685 2750 5738 solet
2771 5685 2822 5737 in
2848 5683 3019 5748 Spatio
3044 5682 3294 5748 breviori,

3094 5779 3166 5841 20
