4220 6450
646 314 747 367 670
1317 312 1515 367 BENE
1564 310 2016 370 V'ENERABILJS
2055 312 2203 370 OPP.
2246 313 2421 371 PARS
2461 312 2549 368 HI.
2590 343 2659 356 —-
2698 312 3173 368 PAR.£NE'JIL‘..-\.
3788 315 3893 371 προ

645 430 844 483 Dicitur
873 429 984 482 brec
1015 428 1199 481 bruma
1226 428 1302 480 vel
1330 444 1444 495 qua:
1479 428 1653 481 brevis
1678 437 1779 492 est,
1815 429 1894 481 vel
1927 429 1992 482 ab
2021 443 2138 484 esca
2251 433 2285 487 Α
2316 430 2504 489 Quinta
2533 438 2684 482 necat
2711 430 2923 497 capitis,
2951 429 3043 481 sed
3073 427 3223 481 tertia
3257 427 3358 481 fine
3387 428 3622 484 Novemb
3656 434 3723 497 is,

642 522 775 574 llinc
803 519 1107 571 imbrumari
1134 504 1263 571 solet
1289 519 1352 570 ad
1388 518 1594 571 fastidia
1622 518 1784 582 vesci,
2319 518 2528 572 Frontis
2560 529 2833 586 septenam
2862 529 3012 573 notat
3042 521 3262 573 ultimus
3292 522 3423 572 orilo
3451 523 3730 577 decenam,

642 617 735 668 Est
765 625 936 669 tamen
963 614 1237 667 hibernum
1261 616 1487 679 spatium
1520 629 1615 679 pro
1647 624 1793 679 parte
1818 620 2087 676 vocatum,
2385 610 2521 663 Anni
2552 612 2757 663 sextilis
2781 612 3077 678 disponitur
3103 613 3235 663 ordo
3268 613 3593 676 Decembris,

641 706 872 757 \‘crnmn
902 703 1252 770 compositum
1290 703 1452 755 veluti
1485 704 1636 755 dicas
1666 703 1969 764 hibernum,
2311 700 2595 765 Quartanis
2624 701 2785 754 Nonis
2813 702 2980 753 tribus
3011 713 3167 767 atque
3203 688 3294 756 bis.
3314 715 3431 756 octo
3461 705 3712 758 Kalendis

641 796 761 861 Ver,
789 806 967 859 aestas,
996 808 1205 848 menses
1228 803 1535 854 autumnus.
1564 794 1735 847 hiems
1768 792 1959 845 retinet
1990 801 2119 852 "CD.
2310 799 2484 851 Julius
2511 806 2591 849 esl
2626 799 2820 863 pariler
2851 798 2988 851 Mars
3018 798 3201 858 Maius,
3234 809 3287 851 et
3317 800 3513 867 ngjloag
3544 802 3711 852 imber

640 889 712 939 Ex
748 902 849 953 quo
874 896 995 939 sunt
1028 896 1229 939 tantum
1257 901 1469 939 menses
1492 886 1719 939 discreta
1746 884 2061 951 secundum,
2312 887 2365 939 lu
2396 886 2539 939 senis
2573 886 2734 939 Nonis
2759 898 3069 954 septemque
3096 890 3388 956 decemque
3417 891 3739 953 Decembris,

639 978 759 1040 Ver,
793 985 949 1031 testas
981 988 1033 1030 et
1067 978 1235 1031 hiems
1260 977 1317 1028 {it
1340 977 1537 1040 adulta,
1565 992 1630 1029 ue
1656 992 1892 1045 praeceps
2310 976 2519 1040 Junius,
2552 977 2771 1045 Aprilis.
2807 978 3136 1041 Septembris
3171 981 3398 1044 itemque
3434 979 3761 1033 Decembris.

636 1068 725 1119 Sic
753 1079 830 1120 est
855 1078 1137 1120 autumnus
1165 1081 1331 1119 novos
1354 1076 1409 1120 et
1441 1080 1677 1132 pra‘ceps
1700 1077 1751 1120 et
1783 1066 2017 1127 adultus,
2310 1068 2593 1132 Quartanis
2620 1068 2802 1131 Nonis,
2836 1080 2915 1121 tcr
2944 1071 3175 1138 quinque
3207 1073 3475 1139 tribusque
3504 1072 3778 1126 Kalendis.

635 1160 765 1210 (lum
797 1159 940 1212 venit
965 1170 1245 1211 autumnus
1274 1160 1493 1210 nimium
1522 1162 1662 1227 viget
1690 1158 1920 1225 undique
1951 1159 2164 1214 mnibus
2187 1200 2201 1221 ,
2310 1161 2596 1225 Quartanis
2626 1160 2789 1213 Nonis
2822 1161 3060 1214 Februus
3095 1163 3174 1215 bis
3200 1173 3252 1215 et
3280 1176 3400 1217 octo
3425 1164 3674 1219 Kalendis

636 1257 769 1302 Aera
796 1264 1021 1315 namque
1052 1248 1197 1301 caior
1220 1248 1474 1315 depravat
1502 1258 1557 1301 et
1587 1249 1776 1301 obvius
1800 1248 1969 1316 algor.
2308 1250 2650 1316 Concqrdant
2681 1265 2891 1303 menses
2920 1252 3164 1304 Uctobris
3194 1252 3370 1306 Idibus
3393 1268 3601 1319 omnes,

710 1342 819 1395 Non
853 1345 1070 1397 minime
1099 1342 1237 1408 passi
1266 1344 1489 1410 gentiles
1520 1353 1641 1395 ante
1666 1343 1835 1407 feriri,
2313 1342 2521 1394 Ducunt
2548 1357 2674 1406 ergo
2699 1342 2813 1395 dies
2843 1342 3053 1410 triginta
3082 1343 3162 1396 bis
3190 1336 3305 1397 duo
3321 1360 3551 1411 menses,

635 1427 986 1489 Con‘tribuere
1011 1434 1126 1487 Jovi
1158 1436 1304 1501 quasi
1340 1444 1577 1503 tempora
1609 1446 1833 1501 quatuor
1864 1437 1988 1489 anni
2310 1430 2503 1499 Viginti
2536 1432 2778 1485 Februus
2808 1433 2862 1485 tit
2888 1439 3031 1485 solus
3061 1443 3113 1485 et
3140 1444 3262 1487 octo
3291 1435 3499 1489 diebus.

635 1529 851 1581 Materia
886 1528 1079 1588 varias.
1115 1544 1217 1581 non
1252 1528 1417 1581 l'urtna
1449 1537 1700 1595 quattuor
1724 1543 1906 1589 ornas,
2308 1525 2555 1589 Quolibet
2586 1526 2634 1578 in
2667 1529 2875 1594 reliquo
2901 1538 3089 1595 quater
3118 1538 3237 1581 octo
3262 1529 3375 1581 dies
3407 1529 3577 1581 minus
3611 1540 3737 1583 uno.

639 1622 825 1674 Factas
847 1629 1090 1689 argento,
1124 1621 1279 1681 ferro,
1308 1620 1469 1681 vitro,
1501 1636 1710 1687 quoque
1738 1621 1971 1689 plumbo,
2378 1615 2524 1668 Scire
2550 1619 2732 1669 volens
2761 1615 2907 1670 feria:
2936 1619 3041 1671 siut
3070 1618 3223 1687 cujus
3255 1636 3475 1687 qumque
3500 1620 3772 1687 Kalendae,

639 1714 763 1763 Fert
792 1712 955 1764 risum
981 1723 1154 1763 crater
1181 1709 1325 1761 Jovis
1350 1710 1433 1761 hic
1456 1722 1739 1775 argenteus
1765 1722 1815 1764 et
1840 1726 1953 1773 ver,
2240 1767 2277 1775 λ
2312 1704 2389 1758 Ad
2420 1717 2803 1761 concurrentes
2834 1725 3119 1774 componas
3150 1712 3242 1761 has
3276 1711 3507 1767 feri-ales.

642 1804 867 1856 Ferreus
891 1812 1130 1856 aestatem
1168 1800 1381 1855 Vulcani
1410 1812 1579 1870 gestat
1607 1812 1658 1855 et
1687 1806 1879 1869 ignem.
2240 1767 2282 1826 Β
2309 1793 2471 1846 Janus
2500 1794 2634 1847 Maio
2664 1807 2772 1850 tres
2802 1797 2909 1859 dat,
2940 1797 3125 1851 Junius
3158 1799 3278 1851 hinc
3311 1799 3517 1852 Februo
3552 1814 3669 1853 sex.

645 1896 851 1947 Vitreus
880 1905 1194 1946 autumnum
1224 1892 1445 1945 Jononis
1473 1903 1525 1944 et
1556 1892 1712 1945 ubera
1746 1893 1968 1957 largum.
2309 1884 2524 1949 Septem
2546 1884 2845 1952 Septembri
2869 1887 3126 1953 decimus,
3152 1888 3289 1942 Mars
3312 1890 3543 1958 quinque
3567 1890 3879 1958 Novembri,

644 1984 745 2037 Vas
778 1982 1003 2037 hiemem
1038 1982 1233 2048 plutubi
1261 1984 1399 2048 capit
1427 1982 1803 2051 interitumque
1834 1981 2067 2035 Saturni.
2312 1974 2507 2042 Aprilis
2540 1988 2711 2028 tecum
2740 1976 2972 2030 defendit
3001 1978 3168 2031 Julitts
3200 1995 3383 2031 unum.

716 2076 929 2127 Exnrtis
960 2073 1189 2127 tenebris
1218 2088 1318 2125 uox
1353 2082 1432 2125 est
1460 2073 1695 2125 absentia
1728 2073 1878 2128 solis.
2307 2067 2567 2129 Quattuor
2594 2067 2861 2134 Augustos
2889 2069 3049 2135 eapit,
3080 2069 3308 2122 Οιέιοιιρι-
3337 2071 3439 2122 duo
3467 2071 3631 2123 solus.

639 2164 832 2218 Dicunt
861 2162 1159 2231 philosophi
1194 2172 1399 2214 noctem
1431 2162 1741 2229 contingere
1769 2163 1936 2214 nasci.
2385 2154 2439 2207 Si
2471 2156 2603 2209 bene
2638 2159 2921 2226 perpendis
2948 2170 3107 2225 quota
3133 2170 3341 2213 constat
3374 2165 3491 2213 luna
3523 2161 3794 2220 Kalendis.

640 2254 736 2307 \‘el
767 2253 903 2322 quod
934 2263 1211 2318 vergentes
1241 2249 1386 2304 emat
1414 2250 1492 2303 sol
1526 2251 1800 2317 languidus
1834 2251 2003 2318 ignes,
2312 2242 2547 2298 Lunares
2568 2246 2739 2313 jactas
2768 2250 2861 2300 bos
2893 2250 3147 2301 instantes
3173 2252 3235 2302 ad
3267 2262 3499 2319 epactas,

641 2346 732 2400 νει
765 2346 885 2412 quia
916 2360 1015 2411 qtta
1044 2356 1203 2410 supra
1233 2342 1284 2395 in
1318 2351 1485 2395 terras
1510 2344 1713 2409 cogitur
1738 2341 1871 2395 infra
1887 2378 1914 2400 ,.
2310 2334 2513 2397 Quinos
2542 2335 2880 2403 September,
2914 2341 3103 2406 quinos
3132 2340 3288 2392 habet
3316 2342 3511 2407 ogdoas
3542 2341 3727 2405 imber,

637 2439 746 2491 Nox
777 2446 955 2499 aptum
987 2450 1176 2489 nomen
1204 2436 1427 2501 sumpsit
1455 2449 1574 2487 cum
1602 2434 1800 2487 visibus
1822 2434 1979 2486 obsit.
2312 2422 2677 2479 Nullus'habel
2700 2439 2921 2495 septem,
2952 2431 3158 2482 decimo
3192 2434 3459 2499 prtestabit
3479 2434 3693 2486 eosdem

638 2525 856 2581 Solstitii
890 2526 1137 2591 spatium,
1168 2524 1296 2576 solis
1325 2523 1551 2577 statione
1587 2534 1852 2585 vocatum,
2312 2518 2506 2582 Aprilis
2536 2518 2745 2573 Februo
2776 2521 2904 2575 deca
2935 2523 3019 2574 dat
3054 2525 3191 2577 Mars
3222 2526 3371 2577 tertia
3402 2525 3556 2591 Juno,

641 2617 760 2682 Ipso
786 2614 923 2683 quod
956 2624 1128 2668 stante
1157 2622 1421 2671 cre~cunt.
1456 2621 1704 2665 noctesve
1734 2612 1933 2675 diesve,
2311 2607 2478 2661 Maius
2506 2609 2557 2662 in
2590 2611 2812 2663 undenis
2838 2621 2941 2673 est,
2968 2612 3156 2666 Junius
3188 2616 3236 2667 in
3268 2614 3545 2679 duodenis,

639 2706 895 2761 Aistivum
925 2720 1136 2765 cancro,
1164 2703 1403 2757 brumale
1431 2702 1487 2754 ﬁt
1517 2704 1567 2754 in
1597 2703 1923 2768 capricorno,
2310 2695 2398 2750 [hs
2429 2708 2629 2765 septem
2662 2699 2877 2753 Sextilis
2912 2701 3084 2763 habet,
3119 2703 3243 2755 deca
3275 2703 3444 2757 Julius
3474 2712 3528 2757 et
3551 2714 3676 2759 tres.

644 2796 709 2850 Ut
738 2796 841 2847 duo
872 2793 1116 2856 solstitia,
1141 2792 1247 2844 duo
1271 2801 1395 2844 sunt
1425 2792 1475 2843 in
1506 2794 1749 2844 noctibus
1775 2805 1944 2857 aequa.
2380 2788 2609 2857 Tempus
2635 2793 2834 2845 habens
2865 2794 2962 2845 (cvi
2994 2797 3221 2860 speciem
3251 2797 3341 2847 dat
3370 2797 3531 2849 motio
3560 2797 3761 2850 mundi.

644 2884 794 2950 Quod
827 2898 929 2935 nux
964 2892 1122 2948 atque
1148 2881 1262 2934 dies
1287 2882 1443 2933 habet
1471 2880 1717 2933 horarum
1744 2879 2029 2945 parientes,
2309 2878 2568 2935 Constans
2601 2884 2898 2948 przeteritis,
2932 2888 3279 2952 praesentibus
3309 2896 3464 2955 atque
3494 2888 3699 2951 futuris,

641 2974 957 3027 Autumnale
988 2973 1141 3035 libra,
1177 2972 1393 3025 vernale
1418 2970 1758 3037 responderat
1792 2973 2037 3023 Ammon.
2312 2970 2510 3022 DiCilUl‘
2539 2971 2674 3026 hanc
2700 2974 2768 3025 ob
2796 2990 2904 3026 rem
2938 2986 3167 3042 tempus,
3199 2977 3316 3044 quia
3351 2988 3606 3045 temperat
3632 2978 3847 3044 orbem,

710 3066 800 3119 Est
830 3064 1024 3117 mensis
1052 3064 1271 3134 primus,
1301 3063 1380 3115 vel
1409 3062 1526 3115 Jani
1558 3062 1771 3115 nomine
1797 3060 1993 3125 dictus,
2237 3117 2274 3134 Α
2315 3060 2428 3127 Ipsa
2460 3066 2647 3129 probat
2679 3065 2835 3128 ratio,
2866 3066 2984 3131 quia
3015 3066 3200 3132 triplex
3231 3068 3482 3134 temporis
3506 3070 3656 3133 ordo,

640 3159 773 3213 Olim
804 3158 983 3223 gentili
1008 3157 1094 3224 qui
1129 3172 1275 3209 more
1306 3155 1445 3208 Deus
1475 3154 1570 3207 fuit
1592 3154 1736 3214 anni,
2233 3149 2273 3173 ν
2310 3149 2517 3203 Natura:
2543 3151 2691 3218 jussu
2723 3165 2867 3206 Stans
2896 3164 2985 3207 aut
3010 3166 3223 3209 auctore
3254 3158 3335 3210 vel
3357 3158 3526 3225 jussu.

644 3250 737 3302 Vel
771 3250 906 3315 quod
929 3248 1089 3315 jauua
1122 3248 1193 3299 sis
1222 3262 1316 3315 per
1344 3262 1502 3315 quam
1536 3246 1679 3298 venit
1705 3259 1873 3299 annos
1900 3252 1953 3297 et
1980 3246 2106 3307 exit,
2375 3239 2462 3291 Sol
2493 3248 2546 3292 el
2572 3243 2688 3293 luna
2720 3256 2872 3295 suum
2904 3245 3036 3297 duce
3063 3255 3247 3299 natura
3276 3246 3399 3299 facit
3426 3262 3647 3313 annum,

640 3341 711 3393 lix
751 3340 864 3407 ipso
895 3337 1117 3390 frontem
1150 3350 1286 3389 nunc
1312 3337 1635 3404 appellamus
1658 3336 1922 3388 eumdem.
2307 3330 2397 3385 Sol
2424 3347 2516 3400 per
2536 3335 2765 3402 quinque
2795 3336 2929 3399 dies,
2960 3348 3037 3389 ter
3062 3346 3315 3391 centenos
3341 3340 3513 3393 decies
3538 3354 3655 3404 sex,

720 3431 957 3484 Febr-uos
987 3438 1068 3483 est
1096 3430 1265 3492 Pluto,
1300 3427 1495 3482 mensis
1526 3426 1843 3481 Februarius
1871 3442 1932 3480 ex
1962 3441 2085 3494 quo,
2306 3423 2471 3477 Unius
2497 3426 2649 3478 solidi
2676 3426 2861 3493 junctu
2890 3428 3179 3493 quadrante
3208 3430 3334 3494 diei,

637 3522 767 3577 Nam
798 3521 1006 3589 superis
1036 3520 1125 3574 ille
1150 3521 1300 3573 stetit
1322 3521 1386 3573 ad
1418 3534 1567 3573 sacra
1598 3520 1841 3573 manibus
1872 3520 1992 3572 iste.
2306 3515 2406 3571 Per
2434 3526 2509 3569 tot
2536 3518 2656 3572 luna
2684 3519 2795 3573 dies
2822 3520 2975 3573 annis
3007 3524 3372 3576 communibus
3406 3523 3527 3591 ires,

716 3614 931 3666 Martius
961 3625 989 3662 a
1018 3610 1179 3663 Marte
1206 3611 1285 3663 vel
1316 3611 1474 3663 debet
1504 3624 1697 3663 nomen
1727 3610 1939 3673 habere,
2304 3608 2358 3662 Si
2390 3618 2563 3662 tamen
2591 3607 2691 3662 hoc
2717 3612 2941 3677 spatium
2970 3612 3059 3664 tibi
3091 3628 3183 3665 sex
3210 3624 3261 3666 et
3288 3615 3520 3681 quinque
3548 3614 3772 3680 dierum,

642 3704 840 3756 Dicitur
870 3703 1105 3754 antideo
1136 3702 1254 3768 quia
1282 3702 1455 3770 jungit
1485 3700 1632 3767 plura
1665 3703 1873 3764 marito,
2304 3700 2512 3753 Crescis
2544 3710 2623 3755 ter
2652 3702 2804 3755 denis
2831 3704 3284 3757 embolismalibus
3307 3705 3477 3759 annis.

638 3795 779 3846 Anni
812 3794 1126 3859 principium
1156 3789 1252 3843 fuit
1283 3792 1367 3844 hic
1399 3791 1700 3860 mensisque
1730 3807 2009 3846 novorum.
2376 3790 2572 3844 Mensis
2601 3801 2655 3844 nt
2682 3804 2761 3846 est
2793 3807 2919 3847 usus
2948 3796 3001 3846 lit
3028 3794 3105 3847 bis
3135 3806 3213 3848 ter
3234 3795 3466 3863 quinque
3496 3798 3723 3851 dierum.

718 3884 916 3937 Dit'ilttl‘
947 3885 1140 3950 Aprilis
1170 3899 1262 3952 pro
1285 3883 1404 3951 jure
1431 3883 1566 3951 quod
1594 3893 1673 3936 est
1699 3883 1930 3951 aperilis,
2307 3882 2375 3934 At
2406 3891 2580 3933 tamen
2614 3882 2697 3935 hic
2722 3897 2867 3947 usus,
2899 3899 3000 3935 non
3032 3894 3113 3936 est
3138 3900 3284 3948 usus,
3316 3887 3406 3939 sed
3436 3888 3630 3939 abusus

641 3976 753 4042 Quo
786 3978 973 4044 planta:
1002 3990 1213 4041 germen
1243 3975 1468 4027 reddunt
1499 3974 1783 4027 animantia
1819 3974 2037 4042 prolem.
2305 3974 2435 4027 Cum
2466 3989 2632 4043 neque
2662 3975 2781 4029 luna
2807 3990 2980 4037 suum,
3012 3993 3182 4044 neque
3212 3978 3290 4030 Sol
3314 3978 3504 4030 faciant
3536 3981 3601 4031 ita
3629 3994 3863 4048 eurSum,

641 4069 749 4123 lius
782 4071 920 4136 nive,
953 4070 1091 4121 nube
1121 4069 1290 4137 polus,
1322 4083 1424 4135 quo
1454 4067 1589 4121 liber
1620 4069 1824 4122 turbine
1855 4078 2065 4134 pontus.
2307 4062 2501 4113 Cursus
2530 4063 2668 4115 eﬂim
2704 4064 2839 4115 Ιιιηὶιδ
2867 4064 3009 4117 sail/3
3036 4066 3198 4116 Sﬂlllls
3228 4065 3449 4127 raliolle.

648 4160 753 4211 ltus
779 4162 911 4213 redit
943 4160 1208 4227 agricolis,
1244 4160 1395 4225 polus
1420 4160 1717 4227 astrologis,
1752 4175 1897 4212 mare
1928 4160 2122 4212 nautis.
2309 4152 2496 4208 Fertur
2522 4165 2575 4207 ut
2605 4164 2685 4208 est
2718 4157 2858 4208 boris
2890 4158 3060 4210 minor
3090 4159 3187 4210 hoc
3212 4162 3382 4222 spatio
3409 4160 3683 4213 duodenis.

716 4250 811 4302 Est
842 4248 972 4301 Maia
1006 4249 1169 4300 Maius
1196 4248 1459 4301 llermetis
1488 4258 1657 4300 matre
1682 4256 1921 4313 vocatos,
2383 4246 2568 4313 Fitque
2596 4246 2777 4299 decem
2810 4247 2969 4299 semis
2999 4264 3141 4300 mora
3170 4250 3297 4300 solis
3331 4250 3531 4317 longior
3560 4251 3721 4304 boris.

715 4338 839 4390 llaec
866 4337 1191 4390 embolismis
1218 4338 1327 4388 loca
1360 4346 1481 4390 sunt
1510 4337 1739 4401 ascripta
1771 4338 2025 4391 locandis.
2312 4336 2437 4387 Diva
2469 4337 2548 4389 vel
2578 4336 2803 4389 humana
2838 4339 2915 4390 vis
2944 4347 3025 4389 est
3051 4341 3279 4390 aui-toris
3308 4339 3564 4393 habenda.

644 4428 894 4480 Deutrum
929 4428 1242 4491 September
1272 4427 1459 4491 recipit
1485 4430 1816 4494 primumque
1849 4427 2167 4490 December,
2232 4464 2285 4523 Ι)
2382 4428 2563 4480 Edicto
2591 4427 2799 4481 Domini
2830 4432 3107 4481 Statuentis
3128 4428 3243 4496 jura
3270 4430 3456 4499 Moysi,

644 4521 861 4571 Sextum
894 4516 1105 4571 Sextilis
1135 4514 1278 4583 regio
1302 4517 1648 4585 quintumque
1677 4517 2011 4581 Novembris,
2234 4514 2276 4523 ’
2309 4520 2497 4574 Aufert
2526 4522 2663 4573 ruris
2689 4536 2820 4587 opus
2843 4519 3025 4572 Judmo
3055 4522 3311 4587 septimus
3338 4537 3527 4588 annus,

645 4612 875 4677 Quisque
901 4624 999 4661 suo
1026 4607 1199 4661 Nonas
1232 4607 1483 4675 permittit
1515 4607 1708 4661 habere
1735 4620 2042 4677 quaternas,
2310 4609 2505 4663 Rerum
2537 4609 2772 4662 mortalis
2802 4610 2975 4661 habita
3006 4612 3256 4675 gravitate
3283 4612 3536 4676 jubentis.

642 4702 819 4753 Martis
851 4700 971 4753 trite
1002 4698 1140 4751 diem
1170 4697 1435 4751 Nonarum
1466 4713 1614 4752 sume
1646 4699 1895 4767 priorem.
2379 4698 2601 4752 Romani
2632 4700 2782 4751 ludos
2813 4710 3057 4766 repetunt
3083 4710 3200 4766 po~t
3228 4710 3471 4767 quattuor
3497 4718 3684 4761 annos.

640 4794 719 4847 Ad
748 4793 865 4846 bine
893 4802 1069 4846 ternas
1097 4790 1274 4844 Martis
1302 4805 1433 4856 cape
1462 4792 1685 4859 septime
1708 4790 1907 4853 Nonas,
2310 4790 2386 4844 Ac
2411 4792 2628 4844 bosdem
2659 4802 2883 4858 quatuor
2909 4792 3091 4858 recipit
3124 4791 3439 4845 Februarius
3466 4808 3647 4849 anima.

716 4882 889 4935 Prima
917 4892 1067 4934 necat
1090 4880 1227 4946 Jaui,
1261 4890 1417 4935 nocet
1444 4894 1623 4934 asmns
1649 4883 1869 4947 septima
1904 4882 1992 4936 "Li
2012 4924 2026 4948 ,
2129 4901 2135 4906 '
2378 4879 2607 4944 Tempus
2637 4878 2776 4930 inest
2803 4878 3012 4943 atomis,
3040 4881 3320 4933 momentis
3351 4893 3507 4948 atque
3534 4883 3765 4951 minutis,

640 4973 838 5037 Quarta
865 4981 1019 5024 necat
1049 4971 1261 5034 Februi,
1298 4984 1451 5024 nocet
1480 4981 1664 5025 astans
1693 4972 1842 5025 tertia
1876 4972 1987 5036 (ini,
2311 4966 2573 5029 Partibus,
2604 4969 2850 5031 ostentis,
2878 4970 3104 5034 punctis,
3133 4972 3528 5036 quadrantibus,
3558 4975 3699 5026 horis

646 5066 804 5127 Mars,
836 5072 922 5116 tua
952 5064 1095 5116 l’rous
1122 5064 1320 5129 cuspis,
1350 5078 1514 5131 prope
1543 5064 1699 5115 tinem
1727 5075 1910 5130 quarta
1935 5064 1990 5117 tit
2020 5069 2182 5131 aspis.
2310 5064 2479 5127 Atque
2509 5060 2695 5113 diebus
2724 5070 2774 5113 et
2801 5060 3145 5114 hebdomadis
3172 5072 3224 5115 et
3252 5066 3538 5129 mensibus,
3568 5068 3739 5133 annis,

645 5155 841 5221 Aprilis
867 5155 1148 5221 decimam,
1179 5163 1325 5206 notat
1352 5154 1679 5206 undecimam
1704 5169 1866 5222 prope
1890 5156 2132 5219 caudam,
2314 5154 2371 5206 Et
2398 5154 2581 5206 lustris
2612 5168 2783 5221 teque,
2816 5152 3011 5217 saeclis,
3041 5152 3284 5205 aetatibus
3311 5166 3485 5223 atque.

642 5249 818 5300 Tertia
847 5262 990 5300 mors
1021 5246 1268 5314 .\laii,sed
1298 5246 1516 5313 septima
1545 5248 1782 5314 proxima
1814 5246 1924 5310 ﬁni,
2382 5246 2601 5297 Atomus
2636 5244 2685 5295 in
2716 5251 2891 5295 nostra
2923 5253 3076 5297 sonat
3105 5243 3351 5297 intlivisio
3380 5246 3573 5312 lingua.

641 5338 825 5392 Junius
857 5339 909 5392 in
936 5338 1141 5391 decimo
1174 5336 1291 5390 terit
1319 5349 1365 5389 et
1399 5336 1696 5404 quindenus
1724 5339 1787 5390 ab
1818 5340 1943 5391 imo.
2312 5338 2551 5401 Quinque
2581 5347 2792 5388 ntaneut
2818 5350 3010 5403 causa»,
3038 5336 3174 5389 solet
3200 5338 3247 5388 in
3277 5338 3468 5405 quibus
3494 5348 3697 5392 atomus
3727 5358 3869 5400 esse,

648 5432 791 5481 Alter
814 5433 879 5481 ab
910 5430 1187 5483 undecimo
1219 5442 1349 5493 nepa
1378 5426 1500 5490 Juli,
1546 5443 1713 5481 nonus
1737 5428 1804 5481 ab
1833 5430 1943 5491 illo,
2312 5430 2401 5480 Sol
2431 5441 2701 5485 numerus.
2737 5434 2962 5492 tempus,
2994 5441 3197 5479 necnon
3229 5430 3395 5479 oratio
3420 5442 3627 5495 corpus,

646 5523 865 5587 Augusti
894 5522 1089 5587 primus
1122 5523 1243 5574 {erit
1266 5531 1318 5573 et
1345 5522 1409 5573 de
1440 5524 1541 5575 line
1569 5519 1849 5584 secundus,
2313 5524 2535 5571 Atomns
2556 5519 2606 5571 in
2638 5517 2772 5580 sole,
2802 5518 2912 5568 vult
2938 5518 3131 5570 ﬂoccos
3161 5519 3391 5583 pulveris
3418 5534 3557 5572 esse.

646 5613 757 5661 Stat
786 5611 1109 5675 Septembris
1137 5627 1261 5663 acus
1292 5612 1416 5665 hinc
1448 5613 1631 5665 tertius
1664 5613 1787 5664 inde
1815 5612 2063 5666 tieCt'nus.
2314 5614 2532 5660 Atumus
2560 5606 2613 5660 in
2645 5622 2883 5667 numero,
2917 5623 3099 5659 monas
3132 5617 3212 5660 est
3242 5608 3357 5675 ejus
3381 5624 3549 5676 Ol‘lg".

642 5700 885 5754 Octobris
915 5712 1016 5754 stat
1046 5718 1172 5755 acus
1204 5702 1325 5755 hinc
1358 5705 1541 5757 tertius
1574 5703 1696 5758 inde
1724 5703 1955 5757 decentis
1981 5742 1995 5759 .
2315 5704 2535 5751 Atumus
2564 5698 2612 5750 in
2648 5710 2871 5762 tempus,
2902 5700 3037 5750 citus
3067 5709 3145 5751 est
3173 5700 3308 5751 oculi
3339 5700 3478 5752 velut
3512 5710 3662 5753 ictus.
