4220 6458
332 309 433 369 62!
1360 323 1550 380 SECT.
1597 325 1683 381 111.
1724 358 1794 369 ——
1827 329 2159 387 CARWNA.
2201 362 2271 375 —-
2310 334 2545 391 HYMNI.

335 426 557 476 Atomus
586 422 639 475 in
673 437 822 486 voce,
853 432 960 478 stat
983 425 1184 494 singula
1213 427 1391 484 littera
1423 448 1517 502 per
1543 450 1623 489 se.

335 518 563 567 Atomus
593 515 643 567 in
670 529 891 581 corpus,
922 516 1005 569 cui
1033 517 1121 571 vix
1153 521 1323 574 aderit
1351 525 1503 578 color
1530 525 1692 581 ullus.

405 603 629 658 Atomus
657 608 877 672 ostenti,
909 617 1013 660 tota
1039 610 1210 677 portio
1238 615 1394 667 debet
1419 616 1632 678 haberi;

337 691 421 747 Fit
444 705 524 746 ter
551 706 775 748 centena
806 698 919 749 sive
951 698 1033 750 bis
1060 701 1188 769 duo,
1223 702 1303 755 bis
1331 705 1695 774 quadragena.

333 785 610 837 Ustentum
643 800 765 838 vere
794 784 972 840 decies
999 803 1120 854 pars
1149 803 1299 846 sexta
1333 794 1391 847 iit
1418 794 1585 849 horae.

337 873 477 925 liora
508 876 566 926 iit.
593 889 659 927 ex
688 875 895 942 punctis
920 879 1113 946 quinis,
1142 880 1224 935 bis
1249 884 1481 953 quinque
1509 886 1731 940 minutis

336 965 439 1016 Sex
471 963 630 1019 habet
659 976 867 1020 oStenta
897 967 1094 1034 decies,
1127 981 1303 1039 partes
1330 974 1644 1046 decapenta,

334 1058 418 1110 Fit
450 1073 541 1124 per
571 1069 783 1114 moneta
814 1070 1022 1127 quater,
1056 1062 1154 1116 hoc
1173 1074 1258 1117 est
1285 1067 1422 1120 dena
1448 1080 1684 1136 sereutn,

334 1149 566 1203 Punctus
598 1151 870 1217 particulis
903 1154 1088 1218 ternis,
1120 1155 1449 1224 geminisque
1478 1161 1715 1226 minutis,

333 1237 466 1290 Octo
492 1241 776 1293 momentis
799 1243 953 1294 simul
976 1246 1203 1298 ostentis
1230 1246 1511 1302 duodenis.

334 1327 577 1383 Reddere
610 1331 722 1384 vult
745 1346 908 1385 unum
944 1348 1065 1399 pars
1101 1334 1223 1388 bina
1253 1338 1412 1404 bemi,
1443 1342 1723 1409 minutum,

333 1420 421 1472 liis
447 1420 551 1473 duo
572 1432 840 1476 momenta
871 1423 1071 1479 faciens
1101 1437 1414 1498 ostentaque
1443 1446 1594 1499 sena,

335 1511 575 1577 Quatuor
601 1525 807 1568 ostenta
836 1525 960 1571 sunt
988 1533 1089 1571 una
1121 1531 1271 1586 parte
1302 1530 1528 1585 retenta,

339 1603 403 1654 Et
429 1613 692 1677 momepta
722 1604 827 1657 duo
863 1608 1087 1672 gemina:
1119 1617 1295 1676 partes
1321 1620 1374 1663 et
1397 1613 1465 1665 ab
1495 1613 1627 1680 imo,

333 1691 658 1745 Momentum
688 1694 824 1748 solet
855 1704 1125 1750 ostentum
1157 1697 1285 1753 dare
1315 1700 1476 1754 semis
1503 1712 1555 1755 et
1582 1717 1742 1757 unum

335 1782 425 1835 Sol
459 1784 640 1837 horam
673 1787 881 1855 punctis
909 1788 999 1841 dat
1029 1789 1205 1857 quinis
1232 1790 1355 1844 luna
1382 1795 1674 1861 quaternis.

500 1914 777 1973 ilYMNUS
827 1917 912 1973 IV.
972 1918 1046 1973 De
1077 1920 1324 1975 universis
1354 1922 1453 1977 Dei
1480 1927 1738 1996 operibus.

1750 1746 1765 1770 1

749 2048 928 2102 Primo
962 2050 1098 2104 Deus
1124 2053 1244 2106 caeli
1273 2054 1486 2123 globum

680 2140 979 2210 Moletnque
1005 2148 1161 2197 teme
1192 2145 1450 2214 condidit,

681 2233 899 2286 Terram
923 2233 1015 2294 sed
1045 2235 1251 2290 umbris
1278 2238 1511 2295 abditam

683 2325 922 2393 Abyssus
958 2340 985 2376 a
1015 2336 1065 2380 tn
1089 2336 1290 2382 texerat
1314 2347 1326 2381 :

681 2413 747 2467 At
779 2428 872 2481 per
897 2414 1017 2468 dies
1040 2418 1293 2471 aetatibus

683 2501 751 2555 La
761 2504 935 2558 hentis
967 2506 1065 2559 τιξνὶ
1093 2521 1358 2575 congruos

667 2594 890 2648 Ornavit
915 2595 1121 2661 orbem,
1150 2606 1206 2651 et
1233 2599 1456 2669 aethera,

676 2686 1040 2754 Cunctamque
1068 2689 1251 2743 mundi
1280 2692 1603 2749 machinam.

681 2774 853 2829 Prima
882 2773 1106 2831 Creator
1137 2781 1320 2834 sarculi

675 2862 770 2919 Die
799 2866 1049 2920 tenebras
1077 2868 1337 2938 effugans,

680 2958 850 3025 Aquis
877 2959 1052 3015 adhuc
1078 2963 1454 3022 absconditum

680 3046 960 3115 Latnpavit
989 3050 1173 3104 orbem
1202 3053 1423 3111 lumine.

673 3134 830 3191 Lucis
860 3138 1029 3192 beata:
1051 3141 1257 3209 gaudiis

679 3227 861 3281 Mundi
884 3230 1106 3297 replevit
1136 3232 1361 3299 incolas,

676 3316 857 3372 Etate
887 3335 1007 3373 mox
1036 3323 1326 3379 altissimus

680 3406 854 3461 Prima
886 3410 1110 3465 Creator
1137 3416 1321 3469 szcculi

678 3497 912 3553 Locatur
939 3501 1077 3555 inter
1105 3506 1323 3569 caerula,

676 3588 769 3644 Dei
802 3593 1035 3647 secunda
1066 3597 1334 3652 maximus

680 3682 788 3735 Poli
817 3683 1026 3751 globus,
1056 3684 1331 3757 divisaque
1352 3697 1437 3743 est

678 3773 939 3844 Utriuque
968 3777 1181 3846 lympha
1216 3779 1407 3835 labilis.

675 3862 854 3916 Primo
881 3867 1128 3920 secundze
1158 3879 1399 3939 tempore

673 3951 871 4007 Etatis
902 3970 1023 4009 arca
1052 3962 1299 4028 mystica,

672 4043 804 4097 Hinc
836 4044 958 4098 inde
987 4052 1364 4105 concurrentia

674 4131 903 4187 Locatur
930 4135 1067 4190 inter
1095 4142 1310 4193 caerula.

671 4224 905 4281 Lucente
931 4229 1074 4282 siccli
1107 4233 1257 4285 tertia

674 4317 789 4381 Die,
819 4318 987 4371 fluens
1017 4321 1117 4374 sub
1140 4322 1340 4377 {ethera

671 4408 910 4475 Abyssus
941 4410 1043 4462 alta
1072 4412 1333 4478 subsidet,

671 4498 966 4567 Virensque
998 4516 1143 4568 paret
1170 4504 1339 4558 arida.

670 4588 848 4643 EIeCta
884 4592 1060 4658 proles
1091 4594 1324 4647 Abrahae

674 4679 749 4733 De
781 4682 1103 4748 perfidorum
1132 4682 1410 4753 ﬂuctibus,

669 4771 851 4827 )Etnte
882 4775 1076 4829 florens
1107 4778 1302 4831 claruit

665 4861 902 4918 Lucente
932 4866 1076 4918 saecli
1106 4871 1283 4934 tertia,

672 4958 868 5021 Quarta
894 4957 1051 5025 jubar
1081 4960 1395 5015 sublimium

662 5051 757 5106 Die
781 5052 1012 5106 micabat
1038 5054 1300 5115 siderum,

665 5140 794 5193 1³010
820 5141 1044 5208 soloque
1076 5143 1333 5211 fulgidam

674 5233 832 5287 Lucis
858 5233 1104 5288 daturum
1133 5236 1382 5305 gratiam.

667 5324 890 5378 Hebraea
917 5340 1048 5395 gens
1082 5326 1335 5381 Davidico

666 5416 852 5488 Regno
879 5421 1085 5474 refulsit
1118 5422 1338 5491 inclyta,

668 5509 852 5563 [Etate
880 5511 1120 5576 pandens
1148 5522 1358 5565 actuum

657 5601 853 5664 Quarta
880 5600 1038 5669 jubar
1064 5602 1397 5655 sublimium.

660 5690 867 5745 Novum
898 5706 1065 5761 genus
1099 5692 1428 5762 progignitur

1937 446 1989 503 Α

2372 448 2564 512 Quinta
2592 447 2678 503 die
2705 448 2770 505 de
2800 450 3033 523 limpidis

2366 536 2599 591 Nasceris
2622 541 2773 606 aquis
2804 545 3094 598 natantium

2376 624 2779 697 Volautiumque
2807 632 2908 686 sub
2930 635 3071 701 polo.

2368 715 2548 770 Allato
2578 721 2756 783 quinta
2787 721 2836 775 in
2860 724 3109 782 Chaldzea

2367 804 2584 862 Pmnam
2616 810 2794 866 luente
2819 813 3019 879 Judzea,

2369 898 2632 954 Fidelium
2661 905 2727 956 de
2754 907 2966 971 perfidis

2364 990 2567 1046 Novum
2600 1011 2765 1065 genus
2797 998 3122 1067 progignitur

2368 1082 2528 1138 Sexta
2554 1098 2764 1140 creatus
2789 1101 2870 1142 est
2902 1091 3083 1157 homo,

2362 1172 2453 1228 Dei
2481 1174 2749 1232 Creatoris
2778 1182 2858 1233 sui

2361 1264 2650 1333 Imaginem
2681 1272 2771 1338 qui
2802 1271 3094 1339 pratferens

2362 1352 2585 1423 Semper
2615 1359 2799 1414 beatus
2828 1365 3050 1421 viveret.

2361 1444 2611 1502 Summus
2641 1450 2861 1507 Creator
2883 1458 3144 1518 omnium.

2368 1537 2472 1591 Per
2501 1555 2658 1608 quem
2684 1554 2894 1599 creatus
2919 1557 3004 1602 est
3028 1550 3209 1615 homo,

2365 1628 2547 1685 Aitate
2580 1634 2749 1689 Filius
2779 1636 2895 1704 Dei,

2366 1720 2529 1775 Sexta
2559 1737 2770 1779 creatus
2800 1740 2880 1782 est
2910 1730 3093 1797 homo,

2371 1814 2738 1873 Obdormienti
2771 1824 3047 1887 Splendida

2371 1906 2669 1964 Plasmatur
2696 1911 2823 1966 Adae
2857 1916 3096 1985 hemina,

2363 1997 2437 2052 Os
2466 2000 2610 2054 illius
2637 2017 2702 2055 ex
2726 2004 2958 2071 ossibus,

2366 2089 2443 2144 Ex
2476 2106 2636 2147 carne
2662 2109 2879 2150 carnem
2912 2099 3209 2165 proferens.

2370 2179 2447 2235 De
2473 2196 2635 2237 carne
2662 2184 2880 2240 Christo
2907 2193 3142 2260 propria,

2370 2271 2437 2327 Et
2463 2276 2735 2342 sanguinis
2762 2282 3016 2346 mysterio

2365 2363 2481 2418 Jam
2509 2380 2702 2432 sponsa
2732 2378 2852 2422 nata
2880 2381 2960 2425 est
2990 2374 3041 2427 in
3072 2389 3230 2431 cruce

2366 2453 2736 2511 Obdormienti
2766 2460 3067 2528 splendida.

2370 2545 2496 2600 Post
2524 2547 2657 2603 facta
2686 2552 2826 2606 celsa
2855 2554 3112 2613 Conditor

2367 2636 2462 2691 Die
2484 2640 2765 2708 quiescens
2793 2648 3041 2713 septima,

2362 2726 2493 2782 Eam
2521 2732 2697 2785 vorari
2724 2734 2775 2787 in
2802 2739 2993 2790 saecula

2366 2817 2434 2872 Et
2457 2834 2579 2875 esse
2600 2822 2751 2892 jubet
2776 2826 3089 2884 Sabbatum.

2370 2910 2524 2966 Aitas
2554 2916 2748 2983 quietis
2775 2924 2998 2989 septima

2360 3000 2486 3057 Post
2516 3005 2619 3061 hoc
2650 3008 2882 3066 futurum
2915 3028 2993 3069 est
3023 3018 3302 3088 sarculum,

2371 3093 2484 3160 Qua
2515 3098 2815 3155 sabbatizat
2841 3118 2963 3158 cum
2996 3110 3106 3162 suis

2370 3184 2496 3240 Post
2528 3190 2664 3243 facta
2694 3195 2832 3247 celsa
2864 3196 3141 3254 Conditor.

2366 3275 2560 3331 Octava
2589 3292 2756 3334 restat
2785 3289 2996 3341 cmteris

2356 3365 2626 3424 Aitatibus
2653 3373 2951 3439 sublimior,

2352 3458 2486 3514 Cum
2518 3465 2713 3517 mortui
2739 3466 2808 3520 de
2841 3469 3069 3534 pristino

2365 3550 2542 3606 Terrm
2572 3570 2854 3627 resurgent
2879 3575 3094 3631 aggere,

2364 3639 2686 3713 Vultumque
2714 3647 2911 3705 Christi
2946 3663 3189 3723 perpetes

2352 3730 2487 3789 Justi
2517 3736 2695 3791 vident
2721 3741 3027 3810 amabilem,

2365 3825 2636 3897 Eruntque
2666 3831 2803 3887 sicut
2830 3838 3005 3903 angeli

2357 3918 2576 3974 Caelesti
2608 3921 2660 3975 in
2685 3939 2808 3979 arce
2840 3928 3040 3995 fulgidi,

2364 4010 2530 4075 Quam
2563 4014 2718 4068 nobis
2747 4017 2812 4069 ad
2842 4032 2899 4071 se
2923 4022 3167 4075 semitam

2360 4104 2602 4158 Ostendit
2630 4102 2743 4174 ipse
2774 4112 2999 4175 praevius

2360 4194 2436 4249 De
2458 4207 2627 4251 matre
2656 4209 2811 4253 natus
2846 4202 3051 4271 virgine

2365 4285 2502 4340 Deus
2527 4286 2731 4358 Deique
2762 4291 2949 4346 Filius.

2362 4377 2491 4431 Nam
2524 4392 2695 4435 morte
2720 4395 2947 4440 mortem
2978 4386 3259 4445 destruent:

2358 4472 2515 4527 Sexta
2550 4475 2755 4545 subegit
2798 4518 2813 4534 .
2857 4519 2871 4533 .
2914 4519 2927 4536 .
2975 4521 2989 4534 .
3032 4522 3049 4538 .

2357 4561 2571 4628 Quievit
2598 4577 2681 4620 ast
2712 4570 2762 4620 in
2794 4568 3049 4638 Sabhato,

2351 4652 2406 4705 In
2437 4656 2602 4708 corde
2629 4669 2781 4711 terra:
2806 4663 3084 4728 conditus;

2358 4743 2596 4811 \‘itzeque
2629 4750 2794 4813 pritna
2820 4751 3038 4806 Snbhnti

2357 4834 2637 4904 Surgendo
2665 4840 2843 4904 pandit
2872 4842 3110 4910 januam,

2358 4927 2588 4997 Suisque
2619 4934 3077 4998 congaudentibus

2358 5020 2610 5075 Ascendit
2636 5025 2699 5074 ad
2732 5024 2979 5080 thronum
3006 5028 3195 5083 Patris;

2360 5110 2426 5167 Et
2452 5128 2547 5168 sex
2580 5118 2630 5169 in
2656 5118 2811 5184 hujus
2840 5120 3021 5177 saeculi

2358 5204 2626 5262 IEtatibus
2654 5223 2751 5263 nos
2783 5215 3042 5283 praecipit,

2369 5298 2617 5354 Nostram
2649 5300 2871 5358 ferendo
2894 5302 3005 5373 jam
3030 5319 3241 5362 crucem

2362 5389 2456 5445 Jus
2481 5409 2638 5447 omne
2664 5394 2791 5448 letbi
2818 5395 3054 5452 vincere.

2370 5482 2689 5537 Intrabimus
2723 5494 2841 5551 post
2872 5493 3051 5541 omnia

2362 5575 2576 5629 Devicta
2607 5578 2789 5631 mundi
2822 5579 3020 5646 puella,

2356 5666 2546 5723 Carnis
2574 5670 2731 5723 soluti
2762 5672 2979 5727 vinculis

3489 344 3592 398 (.22
