4220 6458
649 310 749 363 (353

1372 315 1568 371 ΒΕΟᾸΞ
1610 312 2062 371 VENERABHJS
2101 312 2249 368 OPP.
2295 312 2471 370 PARS
2510 309 2595 369 lll.
2639 343 2706 353 —
2743 302 3218 367 PARJENETICA.

1000 430 1137 486 Viue
1170 430 1418 499 perennis
1445 429 1756 485 Sahhatum.

1000 525 1262 591 Sequetur
1290 535 1391 573 uua
1419 520 1634 574 Sabbati

999 616 1301 671 Glandenda
1336 615 1482 668 nullo
1509 614 1758 676 termino,

996 706 1130 759 Cum
1154 704 1341 758 carnis
1373 704 1749 759 immortalitas

1006 800 1225 855 IEterna
1260 800 1413 853 nobis
1444 800 1709 853 redditur.

1004 891 1093 945 Sic
1122 892 1302 945 carnis
1329 901 1490 959 alque
1522 891 1740 959 Spiritus

1010 985 1141 1037 Bino
1162 984 1323 1051 potiti
1358 983 1575 1051 gaudio,

1003 1076 1338 1132 Scandemus
1366 1077 1430 1129 ad
1460 1075 1703 1131 caelestia

1007 1169 1176 1238 Regni
1207 1170 1459 1238 perennis
1489 1167 1708 1221 mmnia.

1003 1264 1121 1329 Quo
1152 1275 1250 1315 nos
1277 1261 1462 1315 venire
1492 1274 1823 1328 qmesumus,

1008 1352 1278 1421 Concede,
1310 1360 1491 1405 sancta
1521 1350 1779 1413 Trinitas,

1007 1443 1293 1515 Unumque
1325 1454 1376 1498 te
1405 1457 1735 1511 cognoscere

1010 1540 1202 1593 Verum
1234 1539 1403 1593 Deum
1433 1553 1529 1606 per
1554 1538 1773 1591 sarcula.

1084 1628 1286 1692 Gloria,
1316 1638 1419 1681 etc.

882 1760 1165 1819 HYMNUS
1207 1760 1271 1814 V.
1312 1754 1391 1813 De
1422 1758 1603 1813 Natali
1634 1755 2012 1811 Innocentiam.

1020 1890 1283 1959 llymnum
1313 1897 1566 1941 canentes
1594 1895 1885 1957 martyrum

1023 1981 1265 2034 Dicamus
1297 1977 1683 2042 Innocentium,

1004 2073 1150 2138 Quos
1178 2082 1316 2125 terra
1346 2069 1537 2124 ﬂentes
1568 2067 1819 2133 perdidit,

1018 2161 1270 2218 Gaudens
1300 2160 1392 2216 sed
1420 2162 1593 2213 tethra
1618 2158 1865 2226 suscipit.

1020 2256 1259 2323 Quorum
1290 2263 1504 2308 tuentur
1531 2252 1705 2322 angeli

1028 2345 1238 2399 Vultum
1272 2344 1434 2412 patris
1460 2358 1555 2413 per
1582 2343 1797 2407 sarcula,

1030 2435 1264 2505 Ejusque
1296 2433 1511 2486 laudant
1538 2430 1783 2500 gratiam,

1021 2528 1284 2598 Ilyinnum
1314 2534 1567 2580 canentes
1598 2534 1912 2593 martyrum.

1026 2618 1171 2683 Quos
1202 2632 1292 2670 rex
1325 2614 1552 2685 peremit
1582 2613 1797 2682 impius,

1030 2707 1158 2763 Pius
1188 2707 1280 2762 sed
1312 2716 1498 2760 auctor
1526 2704 1753 2773 colligit,

1034 2801 1230 2856 Secum
1257 2799 1439 2852 beatos
1464 2796 1759 2859 collocaris,

1032 2893 1088 2947 In
1121 2893 1236 2944 luce
1268 2889 1415 2959 regni
1447 2886 1703 2956 perpetis.
1774 2890 1780 2895 ‘

1035 2984 1136 3052 Qui
1166 2981 1469 3037 mansiones
1498 2976 1718 3047 singulis

1036 3074 1281 3143 Largitus
1310 3071 1363 3125 in
1393 3071 1550 3125 domo
1578 3069 1769 3139 patris,

1033 3167 1201 3221 Donat
1232 3162 1474 3233 supernis
1502 3161 1739 3225 sedibus,

942 3278 943 3281 η
1032 3259 1178 3325 Quos
1207 3271 1297 3313 rex
1331 3256 1559 3326 peremit
1590 3252 1809 3320 impius.

1035 3354 1214 3408 Bimos
1244 3360 1295 3405 ct
1324 3350 1458 3403 intra
1488 3348 1736 3417 parvulos

1036 3442 1263 3498 llerodis
1294 3440 1370 3495 ira
1405 3438 1647 3508 perculit,

944 3594 947 3595 ν
1041 3528 1743 3603 Finesqueltethlemiticm

1036 3628 1237 3683 Sancto
1268 3624 1524 3691 respersit
1550 3622 1829 3689 sanguine.

1039 3718 1299 3774 Prmclara
1327 3716 1541 3771 Christo
1567 3712 1831 3782 splenduit

1043 3811 1186 3865 Mors
1216 3808 1473 3862 innocens
1506 3803 1764 3867 ﬁdelium,

962 3926 967 3931 σ
1030 3898 1193 3955 ϐωιίε
1224 3896 1467 3952 ferebant
1496 3894 1666 3964 angeli

1037 3993 1217 4048 Bimos
1248 4000 1300 4043 et
1327 3988 1463 4044 infra
1495 3986 1768 4058 parvulos.

1040 4084 1156 4139 Vox
1190 4084 1241 4138 in
1271 4081 1437 4136 Rama
1470 4078 1793 4147 percrebuit,

1047 4177 1301 4230 Lamenta
1332 4174 1501 4227 luctus
1530 4168 1768 4232 maximi,

1036 4263 1234 4323 Rachel
1264 4282 1387 4321 suos
1418 4281 1540 4320 cum
1569 4264 1818 4333 lacrymis

1040 4358 1256 4414 Pertusa
1285 4356 1431 4411 llevit
1460 4355 1617 4409 filios.

1042 4448 1289 4503 Gaudent
1318 4445 1591 4515 triumpho
1622 4443 1849 4514 perpeti,

1036 4541 1329 4595 Tormenta
1362 4536 1561 4604 quique
1593 4536 1851 4598 vicerant,

1041 4632 1278 4698 Quorum
1311 4641 1530 4697 gemens
1559 4626 1629 4680 ob
1660 4626 1881 4680 verbera

1045 4722 1160 4775 Vox
1195 4721 1245 4774 in
1275 4718 1439 4773 Rama
1471 4715 1797 4790 percrebuit.

1039 4814 1139 4880 Ne,
1170 4828 1294 4885 grex
1330 4812 1544 4883 pusille,
1576 4810 1829 4866 formitles

1048 4908 1243 4961 Dentes
1273 4905 1441 4959 leonis
1472 4903 1728 4973 perﬁdos,

1048 4999 1235 5054 Pastor
1265 4997 1435 5051 bonus
1466 5010 1585 5048 nam
1618 5008 1810 5064 pascua

1051 5093 1212 5147 Vobis
1238 5091 1384 5145 dabit
1413 5090 1671 5145 caalestia.

1050 5192 1259 5256 Agnum
1292 5184 1383 5240 Dei
1413 5184 1504 5253 qui
1536 5182 1823 5237 candidum

1047 5282 1244 5336 Mundo
1272 5281 1514 5349 sequeris
1542 5280 1774 5344 tramite,

1048 5374 1232 5427 Manus
1263 5369 1485 5425 latronis
1517 5369 1705 5437 impias

1045 5466 1143 5531 Ne,
1172 5478 1299 5534 grex
1334 5462 1548 5531 pusille,
1581 5461 1857 5517 formides.

1049 5560 1335 5627 Absterget
1363 5570 1579 5610 omnem
1613 5556 1903 5624 lacrymam

1049 5650 1250 5702 Vestris
1276 5646 1432 5702 Pater
1461 5647 1528 5701 de
1556 5646 1811 5701 vultibus.

1050 5741 1192 5794 Mors
1221 5740 1371 5795 vobis
1402 5738 1537 5793 ultra
1568 5753 1669 5793 non
1704 5746 1859 5793 nocet

2256 428 2308 487 Α

2689 426 2823 479 Vita:
2855 426 3083 494 receptis
3112 412 3397 482 moenibus.

2688 516 2788 580 Qui
2820 516 3087 569 semiuant
3120 516 3171 567 iu
3204 514 3475 583 lacrymis,

2692 612 2875 681 Longo
2906 621 3109 666 metent
3136 614 3188 666 in
3219 612 3433 681 gaudio,

2691 704 2855 759 Genis
2881 704 3151 772 lugentum
3180 704 3438 758 Conditor

2690 797 2974 863 Absterget
3000 811 3213 850 omnem
3245 796 3557 866 laerymam.

2686 888 2731 939 0
2756 901 2913 954 quam
2944 888 3095 939 beata
3121 886 3328 952 civitas,

2690 977 2747 1029 In
2778 991 2879 1042 qua
2908 975 3232 1044 Redemptor
3259 977 3518 1041 nascitur,

2695 1067 2938 1135 Natoque
2970 1068 3155 1135 prima:
3185 1080 3478 1137 martyrqu

2694 1158 2751 1212 In
2781 1174 2884 1225 qua
2912 1159 3159 1213 dicantur
3188 1158 3373 1213 hostia:
3402 1162 3415 1213 !

2698 1251 2978 1320 Nunquam
3008 1253 3216 1305 vocaris
3248 1252 3460 1320 parvula

2706 1344 2760 1397 lu
2780 1343 3060 1397 civitatum
3090 1343 3345 1405 millibus,

2700 1435 2777 1487 Ex
2805 1450 2907 1503 qua
2940 1449 3109 1489 novus
3136 1435 3241 1487 dux
3272 1442 3422 1487 ortus
3453 1442 3561 1501 est,

2697 1525 2741 1577 0
2769 1540 2926 1593 quam
2961 1526 3111 1578 beata
3141 1525 3369 1579 civitasl

2702 1619 2895 1667 Astant
2925 1615 3156 1669 nitentes
3183 1616 3395 1683 fulgidis

2702 1707 2835 1775 Ejus
2866 1708 3057 1761 throno
3088 1723 3225 1762 nunc
3254 1709 3511 1773 vestibus,

2709 1800 2887 1854 Stolas
2915 1814 3039 1853 suas
3067 1800 3156 1868 qui
3188 1800 3425 1853 laverant

2705 1892 2837 1960 Agni
2870 1891 3122 1944 rubentes
3149 1892 3425 1960 sanguine.

2704 1981 2804 2047 Qui
2836 1980 3065 2048 perpetis
3098 1994 3195 2048 pro
3227 1982 3409 2046 patriai

2707 2074 2888 2141 lteguo
2913 2082 3185 2140 gementes
3213 2072 3497 2138 ﬂeveraut,

2708 2163 2836 2217 Laeti
2868 2162 2979 2216 Deo
3006 2176 3125 2215 cum
3161 2163 3403 2217 laudibus

2708 2261 2899 2311 Astant
2936 2258 3163 2309 nitentes
3196 2254 3430 2324 fulgidis.

2781 2346 2978 2409 Gloria,
3007 2356 3112 2399 etc.

2570 2502 2854 2558 IIYMNUS
2895 2502 2981 2556 Vl.
3036 2502 3114 2556 De
3144 2502 3446 2555 Ascensionc
3478 2498 3709 2557 Domini.

2714 2617 2979 2686 llymnutn
3022 2630 3275 2669 canamus
3315 2616 3516 2684 gloriae,

2714 2708 2906 2778 llymni
2952 2707 3074 2763 novi
3117 2722 3256 2760 nunc
3298 2716 3603 2775 personent,

2711 2797 2957 2852 Christus
3000 2812 3136 2852 novo
3176 2813 3297 2851 cum
3342 2798 3552 2851 tramite

2710 2888 2789 2942 Ad
2835 2888 3008 2942 Patris
3048 2888 3287 2943 ascendit
3328 2888 3595 2944 thronum.

2714 2978 2933 3033 Transit
2976 2978 3245 3046 triumpho
3284 2979 3467 3048 gloria:

2708 3070 2822 3125 Poli
2865 3080 3107 3139 potenter
3144 3072 3397 3136 culmina,

2714 3163 2813 3228 Qui
2859 3171 3029 3217 morte
3070 3175 3298 3217 mortem
3343 3172 3728 3232 assumpseiat,

2714 3256 2929 3308 Derisus
2973 3268 3001 3307 a
3046 3255 3381 3321 mortalibus,

2714 3347 2845 3400 Nam
2890 3346 2993 3400 diri
3039 3345 3167 3399 lethi
3210 3346 3414 3413 limina,

2717 3438 2900 3491 Ctecas
2941 3444 2995 3490 et
3036 3438 3251 3489 umbras
3294 3435 3446 3490 inferi

2718 3530 2973 3584 Lustrans
3020 3545 3115 3582 sua
3159 3530 3391 3598 potentia

2720 3622 2869 3677 Lethi
2914 3623 3103 3691 ligarat
3146 3623 3457 3691 principem,

2718 3715 2783 3767 lit
2823 3727 2956 3782 quos
2994 3727 3120 3767 suos
3162 3714 3212 3766 in
3259 3713 3461 3767 actibus

2721 3802 2954 3873 Fideque
2997 3803 3164 3858 lectos
3205 3794 3444 3870 noverat,

2720 3896 2919 3950 Omnes
2963 3896 3161 3951 Averni
3206 3895 3445 3951 faucibus

2710 3992 2945 4046 Salvavit
2988 4006 3018 4045 a
3062 3990 3349 4047 ferocibus.

2725 4082 3031 4151 laetamque
3073 4083 3195 4137 vitae
3231 4081 3445 4153 januam

2721 4173 2911 4227 l‘andit
2938 4173 3261 4243 Redemptor
3300 4176 3570 4246 omnibus,

2722 4266 2867 4330 Quos
2910 4269 2995 4321 lex
3039 4283 3215 4321 amara
3260 4271 3503 4337 corporis

2736 4358 2855 4412 Vita
2901 4357 3017 4425 pios
3060 4359 3382 4426 privaverat.

2729 4449 2772 4501 0
2814 4449 2944 4502 mira
2986 4465 3162 4503 rerum
3205 4450 3460 4505 claritas!

2731 4541 2965 4596 Mirauda
3010 4543 3302 4597 Salvatoris
3343 4555 3425 4597 est

2731 4633 2913 4687 Virtus
2955 4636 3177 4700 gemella
3218 4637 3407 4705 gratia,

2725 4724 2855 4791 Quae
2886 4739 3047 4793 regna
3078 4724 3204 4779 lethi
3246 4726 3471 4782 destruit
3502 4744 3518 4759 ο

2727 4818 2857 4871 Nam
2904 4817 3162 4887 plurimos
3203 4819 3269 4872 ab
3312 4819 3465 4874 inferi

2727 4908 2903 4963 Portis
2948 4910 3160 4965 reduxit
3200 4912 3409 4981 spiritu,

2728 5005 2920 5059 Multos
2961 5016 3013 5059 ct
3055 5006 3171 5074 ipso
3211 5021 3435 5075 corpore

2733 5097 2808 5151 De
2850 5097 3001 5151 fauce
3044 5098 3230 5151 mortis
3271 5100 3427 5151 eruit.

2728 5190 3007 5257 Surgenlis
3050 5200 3105 5242 ut
3147 5190 3213 5243 de
3258 5190 3478 5244 mortuis

2729 5282 2925 5335 Christi
2970 5292 3227 5336 sonarent
3270 5285 3482 5352 gaudia,

2733 5371 2892 5425 [tinos
2932 5371 3127 5425 choros
3170 5373 3437 5440 paschalia

2741 5462 2858 5515 γη
2902 5477 3035 5515 nova
3080 5462 3395 5517 lmtautium.

2732 5554 2873 5606 ltimc
2917 5556 3170 5608 cohortes
3210 5558 3408 5608 atthera

2731 5644 3002 5698 Christum
3045 5656 3240 5700 secutae
3283 5646 3655 5713 aseendereut,

2731 5736 3007 5804 Sedesque
3047 5738 3183 5793 (telo
3222 5749 3463 5807 perpetes
