4220 6458
323 321 434 377 6'23

1356 315 1546 369 SECT.
1590 313 1658 368 ill

676 432 817 485 Inter
859 436 1099 482 tenerent.
1136 426 1370 493 angelos.

677 523 826 577 llunc
866 537 992 590 ergo
1031 519 1205 574 cuncti
1248 517 1497 572 consonis

679 614 826 668 Diem
867 616 1098 667 teramus
1141 611 1402 674 laudibus,

685 705 866 760 Victor
906 707 1038 772 petit
1076 719 1181 773 quo
1223 704 1405 775 Iulgidi

677 796 830 851 Jesus
870 795 1081 866 Olympi
1117 795 1334 864 januas,

683 892 799 951 Quo
841 888 991 941 nobis
1033 889 1146 954 ipse
1189 887 1326 954 apud
1374 884 1609 948 Patrem.

681 976 852 1032 Toros
890 975 1080 1030 beatus
1121 975 1369 1043 prazvius,

679 1071 756 1122 Ac
801 1068 1104 1120 mansiones
1151 1066 1410 1134 plurimas

685 1158 900 1212 Paravit
939 1167 1126 1210 auctor
1166 1157 1402 1211 aetheris.

678 1250 795 1315 Quo
839 1257 949 1302 tota
991 1247 1400 1316 prtecedentium

691 1349 731 1395 Α
775 1342 974 1395 saeculo
1015 1340 1250 1394 ﬁdelium

680 1433 906 1485 Caterva
952 1432 1073 1485 coeli
1119 1431 1318 1498 regiam

689 1524 960 1577 Pandente
999 1523 1214 1576 Christo
1253 1523 1436 1575 subiit.

689 1615 854 1667 Erant
897 1614 948 1665 in
992 1613 1292 1666 admirabili

687 1705 842 1772 Regis
883 1704 1150 1770 triumpho
1190 1703 1467 1757 altithroni

677 1794 858 1848 Coetus
901 1795 1059 1847 simul
1102 1795 1422 1860 caelestium,

684 1887 863 1939 I’olum
912 1895 1154 1952 petentes
1196 1885 1487 1954 agminum.

686 1977 923 2046 Apostoli
969 1986 1076 2030 tum
1122 1977 1347 2046 mystico

686 2069 740 2122 In
782 2079 962 2123 monte
1002 2079 1204 2123 stantes
1242 2069 1542 2123 chrismatis

690 2161 823 2213 Cum
849 2171 1020 2214 matre
1050 2161 1249 2213 claram
1279 2159 1481 2228 virgine

680 2250 809 2303 Jesu
849 2250 1099 2304 videbant
1138 2251 1380 2317 gloriam.

682 2342 758 2395 Ac
802 2342 1067 2409 prosecuti
1120 2340 1323 2395 lumine

692 2434 856 2496 Laeto,
904 2441 1171 2500 petentem
1214 2433 1386 2485 sidera

693 2523 848 2576 Laetis
892 2539 986 2590 per
1026 2538 1182 2576 auras
1226 2523 1497 2586 cordibus,

685 2615 759 2667 Du
769 2629 893 2668 xcre
937 2629 1111 2681 regem
1157 2615 1355 2668 saaculi.

685 2712 828 2772 Quos
872 2706 1204 2773 alloquentes
1247 2708 1442 2776 angeli,

690 2800 822 2864 Quid
863 2809 1004 2852 astra
1047 2808 1249 2852 stantes
1291 2797 1556 2851 cernitis?l

691 2890 932 2942 Salvator
973 2890 1058 2941 hic
1095 2899 1197 2953 est,
1243 2889 1506 2956 inquiunt,

689 2980 842 3033 Jesus
889 2979 1156 3046 triumpho
1201 2978 1409 3032 nobilis.

681 3077 728 3123 Α
769 3071 921 3124 vobis
964 3069 1029 3123 ad
1076 3069 1323 3124 ccelestia-

684 3163 785 3227 Qui
818 3178 978 3230 regna
1010 3173 1147 3216 nitnc
1176 3170 1478 3229 assumptus
1505 3171 1608 3224 est,

690 3252 951 3305 Venturus
997 3251 1120 3305 inde
1161 3253 1355 3306 saeculi

685 3344 740 3397 ln
785 3347 888 3398 line
928 3343 1088 3409 judex
1129 3344 1386 3398 omnium.

686 3435 808 3487 Iltcc
836 3434 1094 3496 dixerant,
1121 3443 1172 3486 et
1201 3449 1301 3486 non
1332 3449 1478 3489 mora

685 3524 858 3578 Juncti
885 3525 1058 3580 choris
1090 3525 1346 3588 i'elicibus,

685 3615 815 3667 Cum
847 3629 970 3683 rege
1000 3630 1182 3684 regum
1211 3615 1366 3669 lucidi

687 3705 858 3759 Portis
879 3705 1086 3774 Olympi
1115 3705 1504 3772 approximant.

683 3795 886 3850 Emissa
920 3804 1040 3849 tunc
1070 3810 1167 3848 vox
1191 3796 1359 3862 angeli
1386 3813 1398 3847 :

674 3887 879 3951 Portus,
912 3887 1003 3950 ait,
1035 3901 1173 3939 nunc
1206 3887 1452 3955 pandite,

677 3979 742 4031 Et
772 3976 1013 4031 introibit
1037 3978 1268 4046 perpetis

684 4069 792 4120 Dux
826 4066 968 4135 pacis
996 4079 1048 4122 et
1079 4069 1186 4122 Rex
1214 4069 1414 4138 gloriae.

686 4157 974 4224 ReSpondit
1002 4159 1114 4211 haec
1145 4159 1211 4211 ab
1239 4159 1438 4212 intimis

683 4247 790 4303 Vox
820 4249 960 4302 urbis
989 4250 1142 4303 alma:
1171 4250 1432 4305 moenibus
1461 4271 1471 4303 :

673 4338 800 4403 Quis
831 4340 928 4393 iste
957 4357 1044 4393 rex
1069 4349 1148 4393 est
1174 4342 1377 4409 glorize,

685 4431 842 4484 Intret
873 4431 976 4498 poli
1007 4432 1094 4499 qui
1120 4431 1343 4499 januas?

683 4520 789 4573 Nos
814 4537 1023 4590 semper
1053 4523 1103 4575 in
1134 4524 1438 4577 coelestibus

679 4611 946 4667 Christum
978 4615 1211 4669 solemus
1237 4630 1476 4681 cernere,

681 4705 746 4758 ιςι
768 4705 882 4773 ejus
907 4720 1009 4758 una
1032 4721 1150 4759 cum
1186 4705 1340 4761 Patre

684 4795 798 4847 I’ari
828 4795 1048 4848 beamur
1074 4796 1268 4864 gloria.

677 4892 742 4935 At
773 4898 947 4950 praeco
975 4885 1147 4951 magni
1172 4885 1400 4953 judicis:

677 4975 928 5028 Dominus
960 4986 1146 5042 potens
1175 4989 1226 5031 et
1255 4978 1405 5032 fortis
1433 4989 1536 5045 est,

669 5064 766 5128 Qui
795 5064 980 5118 stravit
1008 5077 1176 5119 atrum
1207 5069 1257 5120 in
1288 5071 1471 5137 prmlio

679 5154 850 5207 Mundi
879 5157 1205 5222 triumphans
1235 5159 1546 5226 principem.

682 5245 1009 5312 QuaprOpter
1029 5245 1332 5310 elevamini,

678 5335 850 5389 Porta:
879 5351 1142 5404 perennes
1170 5342 1407 5406 aetheris,

678 5427 905 5480 lntroeat
932 5428 1043 5482 Rex
1074 5431 1255 5498 gloria:

677 5517 894 5572 Virtutis
925 5530 1080 5587 atque
1109 5525 1310 5589 gratim.

678 5608 859 5659 Mirata
891 5610 1061 5663 adhuc
1085 5612 1381 5665 cmlestium

674 5698 907 5763 licuu'rit
932 5702 1045 5756 aula
1076 5703 1262 5756 civium
1294 5721 1303 5754 :

1661 353 1675 364 .
1718 341 1786 352 --
1824 309 2150 366 CARMINA.
2195 343 2256 353 —
2301 310 2537 368 IIYBNI.

1923 425 1970 479 A

2353 423 2504 490 Quis,
2534 422 2728 490 inquit,
2759 429 2840 474 est
2872 418 2977 471 Rex
3009 419 3212 486 glorim,

2357 513 2465 566 lie!
2496 510 2598 565 iste
2623 520 2725 562 tant
2755 508 3066 564 laudabilis?

2359 603 2545 657 tlerilis
2571 610 2636 654 at-
2655 616 2772 654 mox
2802 601 3022 654 buccina

2348 693 2674 761 Respondit:
2706 695 2899 746 Auctor
2931 691 3166 744 omnittm

2356 787 2658 841 Altissimus
2689 785 2962 848 virtutum,
2990 794 3044 836 et
3072 783 3113 835 is

2356 879 2464 930 Rex
2495 876 2606 942 ipse
2633 873 2796 941 fulget
2821 874 3024 941 gloriae.

2356 966 2515 1018 Dictis
2544 965 2734 1032 quibus
2772 979 2862 1017 rex
2891 963 3074 1030 gloriae

2347 1057 2479 1110 Cum
2507 1057 2738 1126 glorioso
2766 1054 2953 1119 milite,

2356 1149 2621 1216 Ingressus
2651 1157 2733 1200 est
2762 1147 2814 1200 in
2842 1147 3043 1202 aethere

2359 1243 2595 1296 Sublime
2621 1257 2838 1311 regnum
2868 1241 3070 1310 gloriae.

2360 1335 2470 1399 Qua
2502 1333 2800 1385 mansiones
2829 1330 3067 1399 singulis,

2355 1428 2497 1490 Quos
2521 1425 2588 1478 de
2615 1423 2892 1491 profundis
2921 1420 3074 1476 inferi

2359 1514 2684 1579 abduxerat,
2713 1528 2808 1581 pro
2832 1514 3082 1580 congruis

2357 1605 2578 1658 Donavit
2605 1604 2777 1656 almus
2805 1603 3034 1656 actibus.

2359 1697 2433 1750 Ac
2463 1696 2576 1763 ipse
2595 1706 2783 1748 cuncta
2817 1695 3080 1748 transiens
3111 1751 3115 1754 ἑ

2355 1784 2486 1840 (Σωῑί
2513 1783 2759 1838 micantis
2787 1783 3042 1848 culmina,

2361 1875 2439 1929 Ad
2467 1875 2737 1929 dexteram
2767 1873 2905 1928 sedit
2939 1873 3107 1927 Patris

2360 1966 2832 2034 Consempiternus
2864 1966 3051 2021 Filius.

2364 2061 2628 2114 Venturus
2655 2060 2780 2114 inde
2804 2061 2855 2113 in
2886 2059 3074 2128 gloria,

2359 2151 2520 2206 Vivos
2548 2150 2705 2206 simul
2732 2166 2848 2205 eum
2877 2153 3099 2206 mortuis

2359 2242 2662 2311 Dijudicare
2691 2257 2787 2310 pro
2821 2241 3046 2303 actibus,

2354 2333 2503 2387 Justo
2535 2341 2722 2401 potens
2752 2331 3014 2386 examine.

2356 2425 2471 2492 Quo
2501 2439 2596 2478 nos
2628 2439 2909 2494 precamur
2936 2435 3195 2492 tempore,

2357 2518 2481 2572 Iesu
2507 2518 2830 2584 Redemptor
2859 2519 3033 2581 unice,

2357 2609 2497 2662 Inter
2524 2618 2640 2663 tuos
2671 2609 2722 2663 in
2753 2610 2951 2663 mthere

2363 2700 2558 2753 Servos
2589 2700 2845 2768 benignos
2875 2716 3118 2770 aggrega.

2365 2792 2438 2844 Da
2469 2791 2620 2845 nobis
2654 2791 2778 2845 illuc
2803 2790 2984 2846 sedula

2368 2885 2654 2939 Devotione
2686 2885 2925 2949 tendere,

2351 2977 2462 3042 Qua
2488 2984 2540 3029 te
2569 2975 2756 3030 sedere
2785 2990 2903 3029 cum
2932 2976 3085 3031 Patre

2356 3072 2409 3124 ln
2439 3086 2567 3124 arce
2594 3073 2736 3140 regni
2765 3072 3054 3127 credimus.

2360 3161 2564 3215 Nostris
2590 3162 2659 3214 ibi
2690 3171 2796 3214 tum
2829 3163 3101 3220 cordibus.

2354 3252 2470 3306 Tuo
2499 3251 2691 3320 repleti
2719 3251 2937 3321 Spiritu,

2358 3344 2590 3398 Ostende
2618 3345 2846 3407 Patrem,
2873 3355 2926 3398 et
2955 3343 3144 3400 sufﬁcit

2355 3434 2477 3488 llaec
2502 3435 2653 3489 nobis
2680 3450 2783 3488 una
2814 3436 2972 3490 visio.

2187 3588 2467 3645 IIVMNUS
2503 3589 2608 3644 Vll.
2635 3588 2701 3644 In
2733 3589 2973 3645 Natalem
3001 3602 3188 3646 sancti:
3217 3592 3391 3663 Agam.

2351 3702 2523 3756 Illuxit
2548 3703 2681 3756 alma
2712 3705 2918 3759 saaculis

2359 3791 2479 3846 Dies
2509 3796 2658 3847 beata
2689 3794 2926 3863 virginis,

2353 3882 2483 3948 Quae
2512 3893 2681 3937 morte
2712 3887 2844 3939 victa
2878 3889 3107 3956 perpetis

2361 3973 2491 4028 Vita:
2520 3975 2722 4042 recepit
2752 3976 2968 4045 gaudia.

2349 4065 2568 4119 Intravit
2595 4070 2770 4136 Agnes
2797 4084 3013 4122 auream

2357 4155 2466 4210 Poli
2499 4157 2825 4225 triumphans
2856 4160 3075 4226 regiam,

2351 4247 2591 4316 Agnique
2615 4249 2797 4317 juncta
2824 4251 3070 4307 dulcibus

2353 4341 2759 4410 Congratulatur
2790 4345 3010 4411 nuptiis.

2353 4432 2592 4486 kdmista
2620 4436 2780 4488 castis
2807 4436 3070 4506 virginum

2356 4524 2409 4576 In
2438 4539 2560 4578 arce
2586 4525 2709 4580 coeli
2738 4526 2986 4591 canibus,

2356 4617 2582 4673 Carmen
2613 4635 2807 4673 novum
2842 4622 2951 4675 Deo
2979 4621 3144 4687 Patri,

2359 4706 2580 4773 Unaque
2610 4719 2734 4761 nato
2763 4721 3035 4776 personat.

2356 4796 2471 4849 Jam
2497 4797 2650 4864 digna
2682 4800 2772 4852 tali
2802 4803 3040 4865 praemio,

2351 4888 2480 4950 Quae
2510 4885 2652 4938 Iluxa
2681 4887 2858 4940 mutuli
2890 4904 3163 4959 prospera,

2363 4975 2694 5043 I'ompasque
2722 4977 2867 5031 saecli
2894 4979 3139 5035 sordidas

2361 5070 2555 5121 Amore
2579 5067 2775 5121 Christi
2808 5079 3102 5135 spreverat.

2357 5157 2565 5210 I’ulsata
2595 5174 2692 5213 nec
2720 5176 2824 5213 non
2855 5163 3055 5230 asperis

2353 5248 2741 5304 Adversitatum
2771 5253 3006 5320 Spiculis,

2355 5337 2526 5392 Fortis
2554 5341 2656 5394 Iide
2687 5354 3010 5410 perseverat,

2348 5429 2561 5482 Christo
2587 5431 2753 5484 semel
2787 5448 2943 5500 quam
2972 5445 3204 5491 Voverat.

2348 5519 2526 5574 llostis
2555 5521 2700 5574 ferox
2727 5523 2792 5576 ab
2825 5525 3043 5580 artubus

2355 5611 2497 5664 'I'ulit
2527 5612 2708 5679 puellae
2741 5614 2975 5678 pallium.

2351 5706 2548 5762 Stolam
2578 5707 2670 5763 sed
2703 5708 2839 5763 intus
2873 5711 3102 5778 pectoris

3461 294 3564 347 626
