4220 6450
638 295 745 352 697
1344 292 1543 349 neua:
1588 289 2039 348 \‘ENEitABlLIS
2077 285 2231 342 ore.
2274 283 2447 337 PARS
2491 280 2579 334 nt.
2613 308 2677 319 .—
2713 250 3203 331 mammma.‘

2676 388 2939 455 Baptisms
2969 383 3299 452 paenitentiae

2672 475 2769 543 Qui
2802 473 3124 544 praedicabat
3149 486 3211 524 ac
3239 469 3405 533 dedit,

2670 568 2983 632 Turbasque
3010 564 3133 618 Jesu
3156 562 3363 629 gratiae,

994 411 1214 469 Auferre
1242 422 1399 461 nemo
1428 408 1685 474 quiverat.
2242 396 2295 453 Α

1001 502 1098 565 Qui
1128 499 1367 554 Christus
1397 512 1451 555 et
1485 499 1781 554 forinsecus

684 2811 964 2870 IIYMNUS
994 2812 1129 2867 Vill.
1180 2811 1253 2864 De
1283 2810 1563 2865 Nativitate
1590 2810 1649 2865 S.
1682 2810 1896 2864 Joannis
1921 2810 2189 2879 Baptista.

997 587 1149 640 Mittit
1184 588 1431 655 poderem
1461 586 1650 657 virgini

998 677 1143 731 llanc
1169 680 1405 732 veritatis
1437 680 1623 731 intimo

1000 766 1207 821 Docens
1233 770 1477 822 amictam
1508 770 1689 821 linteo.

992 856 1207 912 Inducta
1236 860 1287 912 in
1316 859 1485 913 aedem
1513 858 1771 925 sordium,

996 951 1040 1003 A
1066 951 1225 1004 sorde
1255 962 1456 1021 martyr
1489 951 1650 1003 libera
1680 960 1792 1009 est,

988 1040 1126 1105 Quin
1156 1042 1221 1094 de
1244 1041 1361 1094 loco
1391 1039 1668 1108 prostibuli

996 1134 1219 1190 Precuut
1249 1147 1471 1204 repente
1502 1136 1558 1188 lit
1588 1136 1764 1188 locus.

1003 1231 1334 1285 Illnminatnr
1361 1231 1569 1285 coalitus

996 1323 1223 1377 Latebra
1251 1324 1515 1390 quondam
1545 1324 1873 1386 daemonum,

996 1412 1261 1484 Pulsoqtte
1290 1414 1418 1466 lethi
1450 1413 1689 1481 principe

997 1503 1130 1559 Vita:
1160 1505 1401 1558 minister
1426 1504 1681 1557 cernitur.

1000 1594 1156 1647 Probi
1188 1593 1414 1659 probant
1444 1594 1729 1659 magualia,

1003 1684 1274 1752 Deumque
1305 1684 1565 1735 honorant
1595 1681 1863 1749 martyris,

996 1775 1187 1829 lllusor
1210 1775 1274 1826 ad
1308 1771 1545 1827 miraculi

997 1867 1119 1923 Mox
1153 1874 1324 1920 morte
1352 1866 1507 1932 digna
1540 1863 1809 1932 plectitur.

1004 1957 1086 2011 Ab
1116 1955 1269 2011 inferi
1294 1971 1449 2024 quem
1477 1954 1657 2023 januis

1001 2047 1201 2119 Martyr
1233 2048 1385 2101 beata
1416 2048 1700 2109 suscitans,

996 2141 1086 2195 Sic
1116 2156 1211 2209 per
1238 2140 1425 2202 Lares,
1454 2153 1517 2192 ac
1550 2142 1755 2192 terrens

997 2231 1078 2286 Ad
1104 2242 1249 2285 astra
1276 2240 1456 2296 portas
1487 2228 1761 2297 prmvolat.

998 2323 1111 2387 Qua
1141 2322 1443 2376 Conditoris
1472 2320 1694 2391 gloriam

995 2412 1176 2468 Cernit
1203 2413 1282 2465 sui
1315 2428 1410 2480 per
1433 2411 1631 2465 smenla

998 2503 1141 2556 Civis
1169 2513 1222 2556 et
1249 2502 1387 2557 inter
1422 2502 1603 2568 patrias

1000 2591 1247 2647 Caelestis
1278 2593 1503 2662 hymnos
1532 2589 1798 2657 concinit,

1074 2681 1278 2746 Gloria,
1308 2692 1414 2736 etc.

997 2950 1301 3004 Prmeursor
1332 2950 1468 3001 a'tus
1498 2947 1755 3014 Luminis,

1012 3043 1077 3096 Et
1111 3058 1285 3108 prmco
1318 3043 1473 3096 Verbi
1508 3043 1765 3107 nascitur,

1006 3135 1234 3197 Laetare,
1267 3151 1359 3188 cor
1388 3135 1644 3198 lidelium,

1006 3223 1310 3292 Lucemque
1336 3224 1571 3292 gaudens
1596 3226 1797 3292 accipe.

1012 3314 1246 3367 Miranda
1279 3313 1430 3381 cujus
1457 3312 1639 3365 saeculi

1010 3402 1268 3456 Nativitas
1300 3418 1393 3469 per
1418 3403 1665 3467 angelum

1016 3493 1245 3546 lnnotuit
1285 3493 1613 3557 parentibus.

1012 3586 1106 3642 Pia
1142 3585 1242 3637 ﬁde
1268 3583 1377 3652 jam
1411 3583 1668 3651 prmditis,

1012 3676 1252 3731 Sublinte
1282 3676 1364 3728 cui
1395 3675 1709 3730 vocabulum

1016 3768 1249 3821 Joannes
1283 3767 1393 3835 ipse
1424 3765 1631 3819 Gabriel

1015 3858 1263 3925 Imponit,
1296 3867 1349 3911 et
1378 3857 1673 3911 clarissima

1016 3948 1187 4020 lpsius
1212 3958 1325 4002 acta
1358 3949 1617 4016 praecinit.

1016 4040 1117 4108 Qui
1146 4039 1330 4093 matris
1359 4038 1532 4091 adhuc
1565 4038 1814 4106 parvulus

1012 4131 1182 4186 Vulva
1208 4139 1467 4192 retentus,
1498 4131 1744 4196 spiritum

1016 4222 1259 4291 Percepit
1286 4222 1454 4273 almus
1480 4222 1685 4288 gratite,

1018 4314 1195 4368 Testis
1223 4312 1428 4365 futurus
1455 4312 1659 4379 gratiae.

1019 4402 1362 4471 Necdnmqnc
1391 4410 1543 4455 natus
1570 4402 1675 4468 jam
1708 4400 1858 4455 dedit

1016 4494 1095 4549 De
1121 4495 1237 4549 lucc
1268 4492 1651 4552 testimonium,

1020 4584 1171 4649 Quod
1202 4592 1353 4635 natus
1380 4581 1676 4633 admirabili

1023 4672 1323 4744 Complevit
1351 4673 1462 4742 ipse
1491 4672 1541 4725 in
1576 4670 1762 4740 gloria.

1020 4767 1120 4823 Hic
1152 4767 1404 4835 plurimos
1431 4780 1493 4819 ex
1525 4766 1683 4819 Israel

1025 4860 1221 4914 Christi
1253 4857 1373 4911 lidei
1404 4857 1662 4919 subdidit,

1024 4953 1093 5007 Et
1120 4950 1283 5006 corda
1314 4960 1520 5017 patrum
1551 4948 1602 5001 in
1638 4948 1791 5012 ﬁlios,

1017 5046 1232 5103 nocens
1257 5056 1508 5109 superna,
1538 5040 1827 5105 transtulit.

1017 5143 1075 5198 In
1106 5137 1243 5195 Elia:
1274 5134 1361 5205 qui
1392 5134 1578 5201 spiritu

1025 5232 1183 5287 Venit
1211 5225 1513 5301 prophetae,
1545 5222 1789 5277 semitam

1021 5325 1219 5380 Parare
1244 5318 1464 5377 Christo
1488 5330 1549 5369 ac
1579 5312 1823 5382 plebibus

1026 5419 1132 5471 lzer
1163 5413 1350 5469 salutis
1379 5407 1619 5483 pandere

1023 5509 1140 5575 Quo
1169 5506 1481 5561 feminarum
1519 5498 1569 5552 in
1603 5496 1729 5549 ﬁliis

1022 5599 1288 5667 l’rOphcta
1319 5595 1487 5663 major
1511 5588 1690 5647 nullus
1716 5595 1821 5651 est,

1023 5690 1158 5751 Quin
1189 5688 1301 5755 ipse
1324 5686 1474 5740 miris
1503 5676 1715 5735 actibus

1026 5778 1146 5832 Plus
1176 5792 1329 5846 quam
1363 5771 1619 5845 prepheta
1655 5766 1867 5830 claruit.

2684 656 3067 712 llluminandas
3104 653 3314 708 obtulit.

2677 752 2961 817 Ipsumque
2993 746 3173 801 .lesum
3213 743 3303 812 qui
3342 742 3521 795 omnia

2684 841 2883 897 Sancto
2916 838 3098 891 lavans
3129 836 3181 888 in
3212 834 3401 900 spiritu

2680 929 2967 990 Emnndat,
2997 929 3048 981 in
3088 922 3361 979 Jordanici

2678 1021 2856 1077 Tinxit
2890 1019 3089 1074 ﬂuento
3119 1017 3364 1085 gurgitis.

2681 1110 2741 1164 Et
2765 1110 3032 1178 baptizata
3071 1105 3313 1173 protinus

2678 1206 2874 1271 Aperta
2902 1202 3035 1255 vidit
3066 1199 3300 1253 aethera.
3350 1238 3353 1239 ν

2691 1298 2855 1351 Nobis
2883 1310 2979 1349 suo
3013 1294 3332 1359 baptismate

2678 1389 2868 1444 Pandit
2901 1388 3115 1460 polique
3148 1384 3372 1455 regiam.

2682 1486 2859 1551 Atque
2887 1482 2939 1533 in
2965 1479 3213 1533 columba
3254 1475 3510 1543 Spiritum

2685 1572 2838 1626 lllum
2868 1585 3031 1636 super
3070 1566 3401 1622 descendere

2684 1663 2850 1726 Vidit,
2878 1662 2985 1716 doli
3016 1661 3103 1729 qui
3132 1659 3343 1714 nescius

2692 1756 2896 1811 Meutes
2928 1753 3150 1821 requirit
3177 1750 3471 1818 simplices.

2684 1848 2900 1901 Audivit
2929 1855 2981 1901 et
3012 1859 3197 1898 vocem
3230 1842 3399 1895 Patris
3430 1858 3443 1892 :

2686 1939 2921 1993 Dilectus
2952 1938 3034 1990 hic
3064 1944 3149 1989 est
3178 1934 3343 1987 Filius

2692 2031 2738 2083 Α
2766 2028 2987 2092 saeculo,
3018 2028 3172 2089 dixit,
3199 2039 3383 2086 meus,

2693 2126 2750 2179 In
2780 2140 2885 2193 quo
2916 2121 3042 2178 mihi
3084 2120 3401 2189 complacui.

2688 2217 2922 2271 Edoctns
2950 2216 3034 2269 his
3063 2212 3295 2267 oraculis

2689 2306 2925 2375 Baptista
2956 2306 3140 2360 Jesum
3184 2300 3435 2371 prmdicat

2686 2398 2875 2451 Natum
2916 2397 3032 2459 Dei,
3058 2396 3146 2459 qui
3182 2394 3233 2446 in
3269 2391 3466 2459 Spiritu

2696 2491 2894 2543 Sancto
2928 2486 3111 2540 tidcles
3139 2484 3339 2537 abluat.

2690 2582 2827 2649 Quid
2854 2594 3031 2635 sermo
3063 2588 3244 2632 noster
3270 2572 3497 2641 amplius

2688 2676 2859 2746 Hujus
2900 2681 3058 2727 canat
3106 2666 3408 2740 praeconia?

2688 2765 2766 2820 De
2803 2778 2908 2833 quo
2943 2761 3116 2815 Patris
3145 2774 3250 2812 vox
3280 2756 3420 2811 Filio

2690 2856 2830 2910 Olim
2863 2854 3038 2907 locuta
3072 2850 3320 2919 pracinit
3346 2863 3364 2901 :

2683 2947 2759 2998 En
2790 2944 2967 3008 mitto,
2989 2942 3146 3005 dixit,
3180 2939 3450 3008 angelum,

2684 3035 2852 3089 Tuam
2885 3042 3037 3102 paret
3076 3030 3165 3099 qui
3204 3029 3469 3090 semitam,

2691 3124 2960 3193 Vultuqtte
2990 3127 3282 3191 praecurrat
3322 3128 3465 3171 tuum

2698 3217 2876 3272 Solem
2911 3215 3109 3269 rubens
3136 3223 3192 3267 ut
3219 3209 3457 3265 Lucifer.

2482 3370 2761 3427 llYMNUS
2798 3368 2891 3425 IX.
2918 3367 2994 3421 De
3020 3364 3266 3435 apostolis
3304 3360 3457 3416 Petro
3494 3369 3540 3413 et
3586 3356 3779 3413 Paula.

2696 3482 3081 3550 Apostolorum
3112 3479 3336 3547 gloriam

2702 3573 2921 3643 Ilymnis
2950 3586 3204 3625 canamus
3242 3569 3457 3633 debitis,

2696 3663 2843 3717 Votis
2872 3676 3119 3716 vacemus
3160 3660 3373 3723 annuis,

2692 3755 2842 3820 .lesn,
2872 3756 2989 3809 fave
3015 3753 3353 3822 precantibus
3372 3789 3388 3813 ,

2696 3846 2924 3902 Bariona
2950 3844 3136 3900 Simon
3166 3843 3374 3905 Petrus,

2704 3937 2774 3991 Et
2796 3936 2992 3989 Doctor
3018 3934 3188 3986 almus
3214 3931 3447 3999 gentium
3469 3968 3486 3995 ,

2700 4027 2743 4081 F
2748 4026 2913 4081 estita
2945 4024 3115 4078 sazclis
3145 4021 3344 4092 gaudia.

2700 4119 2809 4175 Suo
2847 4117 3092 4172 dicarunt
3128 4115 3402 4183 sanguine.

2699 4210 2993 4279 Conjunxit
3020 4208 3148 4261 liora
3183 4206 3438 4260 transitus

2705 4300 2821 4356 Poli
2851 4307 3089 4368 petentes
3109 4296 3349 4366 januam,

2699 4394 2845 4459 Quos
2879 4406 2980 4445 una
3021 4404 3234 4459 semper
3264 4386 3496 4441 charitas

2705 4481 2900 4539 Mundo
2929 4488 3165 4534 retentos
3188 4477 3462 4548 iunxerat.

2708 4573 3058 4626 Diversitates
3087 4569 3324 4638 gentium

2703 4667 2901 4721 Errare
2934 4662 3093 4730 longo
3126 4661 3395 4726 dissonas,

2711 4757 2791 4811 Ad
2822 4754 3059 4809 veritatis
3088 4752 3310 4821 gratiam

2710 4844 2901 4900 Verbis
2933 4842 3217 4897 trahebant
3244 4838 3515 4894 consonis.

2708 4937 2961 4993 Ecclesiae
2991 4937 3240 5006 princeps
3269 4946 3420 4987 sacer

2711 5032 2769 5085 ltt
2797 5037 2979 5082 monte
3005 5027 3189 5081 Jesum
3216 5022 3499 5092 conspicit.

2716 5121 3023 5186 Vocemque
3054 5117 3229 5172 Patris
3266 5116 3424 5185 igneo

2700 5214 2863 5269 Audit
2887 5211 2989 5281 poli
3023 5211 3090 5264 de
3127 5212 3327 5264 vertice

2704 5303 2975 5374 Fulgentis
3005 5299 3297 5354 ascendens
3329 5297 3437 5367 puli

2713 5396 2891 5449 Tertia
2934 5392 3128 5447 Paulus
3166 5390 3328 5455 edita,

2707 5486 2914 5540 Arcana
2940 5483 3096 5546 dixit,
3128 5482 3282 5535 alteri

2708 5576 2956 5632 Profer-re
2985 5575 3113 5629 nulli
3155 5588 3274 5641 qua:
3318 5572 3440 5626 licet

2705 5666 2934 5720 Gressus
2962 5664 3158 5731 Cepit-.13
3190 5676 3284 5729 per
3317 5658 3512 5714 cmrula

2704 5757 2900 5811 Christi
2923 5756 3175 5824 juvautur
3215 5753 3457 5815 dextera,

3800 251 3919 319 ses
