4220 6460
363 302 468 358 σξῖβ

1389 289 1586 344 SECT.
1631 289 1721 345 ΙΙΙ.
1764 319 1832 329 --
1871 284 2203 342 CABMINA.
2243 316 2314 328 -—-
2353 286 2592 342 IIYMNI.

718 405 958 460 Christus
989 417 1132 467 suos,
1166 418 1232 457 ne
1259 402 1439 462 sazculi

719 497 1000 563 Demergat
1025 508 1230 561 tequor,
1261 491 1436 561 erigit.

725 588 894 658 llujus
921 587 1116 654 pericla
1158 585 1337 638 surculi

723 680 873 732 Vinci
904 677 1008 732 ﬁde
1047 677 1375 731 credentium

725 771 920 824 Paulus
952 770 1127 836 docet,
1157 768 1262 836 jam
1301 767 1598 836 naufragos

722 863 949 915 Salvans
985 862 1050 914 ab
1089 861 1244 914 undis
1273 861 1467 913 socios.

725 957 844 1009 linis
874 955 1056 1010 Simon
1085 970 1116 1008 e
1147 953 1391 1007 ﬂuctibus

724 1046 901 1098 Mundi
926 1045 1106 1098 ﬁdeles
1128 1044 1414 1098 extrahens

721 1138 900 1189 Pisces
943 1137 1110 1189 bonos
1141 1145 1197 1188 ut
1239 1135 1449 1199 liberet,

726 1229 801 1280 Ad
829 1227 960 1280 lucis
987 1214 1408 1296 eil‘ert‘patriam.

723 1318 924 1373 Castris
957 1320 1007 1376 in
1041 1319 1194 1386 hujus
1220 1320 1400 1372 saeculi

731 1413 946 1466 Manere
970 1411 1148 1479 justos
1178 1410 1403 1474 incolas,

724 1503 923 1557 Paulus
955 1505 1130 1566 docet,
1163 1503 1390 1557 tentoria

718 1594 969 1648 Texenda
1011 1594 1203 1648 castris
1243 1609 1500 1660 congrua.

727 1686 1005 1752 Languore
1039 1687 1208 1738 fessos
1236 1685 1498 1738 transiens

719 1774 956 1829 Simonis
1000 1774 1186 1827 umbra
1216 1775 1487 1836 sublevat,

725 1862 944 1916 Mundat
980 1862 1143 1930 leprte
1169 1862 1492 1930 contagium,

723 1952 1066 2022 Clandosque
1102 1967 1286 2020 gressu
1332 1952 1570 2006 roborat;

731 2043 984 2110 Magister
1013 2044 1153 2096 altus
1183 2041 1446 2111 gentium,
1471 2033 1479 2041 ’

721 2133 834 2186 Atri
877 2133 1089 2187 furores
1119 2134 1357 2198 spiritus,

722 2224 1090 2292 Cunctumque
1119 2224 1361 2276 morbum
1391 2237 1485 2292 per
1510 2239 1627 2276 sua-

729 2313 891 2382 Fugat
919 2324 1107 2380 potens
1131 2311 1367 2366 sudaria.

726 2404 836 2456 Nux
868 2402 1067 2457 claudit
1095 2403 1279 2454 ambos
1317 2417 1558 2467 carcere,

733 2495 890 2547 Pleno
921 2493 1012 2547 sed
1047 2494 1230 2548 :cthrte
1262 2494 1485 2553 lumine.

729 2584 952 2638 Umbras
985 2583 1164 2638 vident
1198 2597 1251 2638 et
1291 2584 1526 2648 vincula,

728 2673 922 2727 Christi
955 2674 1133 2727 vident
1164 2671 1251 2742 qui
1277 2675 1526 2743 gloriam.

731 2766 998 2834 Oppressa
1042 2767 1190 2820 letho
1228 2782 1452 2835 corpora

736 2857 812 2908 Ad
847 2857 980 2910 lucis
1005 2870 1162 2909 auras
1192 2857 1474 2922 suscitant,

733 2947 1027 3015 llostesque
1053 2945 1180 3014 justi
1210 2947 1439 3014 perﬁdos

737 3039 950 3091 Abdunt
980 3038 1216 3092 tenebris
1248 3038 1426 3092 inferi.

733 3128 1050 3200 l’rml'ulgido
1079 3130 1244 3183 stolas
1274 3145 1403 3185 suas

733 3222 866 3286 ligni
899 3235 1091 3287 cruore
1119 3220 1377 3286 laverant,

739 3310 1018 3364 Gustando
1045 3312 1231 3365 mortis
1263 3311 1535 3380 poculum,

737 3401 923 3456 Mortis
951 3401 1282 3469 triumphant
1313 3403 1624 3471 principem.

733 3491 998 3557 Quantum
1021 3492 1168 3561 sequi
1200 3492 1468 3548 desideret

735 3583 928 3638 Christi
963 3582 1152 3638 Petrus
1182 3586 1422 3654 vestigia,

734 3675 812 3728 Ad
842 3690 996 3742 quem
1027 3673 1207 3729 venire
1236 3690 1339 3729 n0n
1373 3678 1522 3732 timet

731 3769 938 3822 Scalam
961 3770 1134 3824 crucis
1164 3784 1258 3838 per
1277 3785 1544 3840 asperam.

741 3859 907 3925 Regni
935 3861 1180 3927 perennis
1209 3861 1393 3916 introit

735 3950 928 4005 Paulus
952 3967 1045 4018 per
1071 3966 1251 4005 ensem
1283 3954 1502 4022 regiam,

734 4040 864 4094 Nam
897 4042 982 4108 qui
1022 4041 1185 4096 Deum
1223 4043 1374 4096 timet
1410 4053 1580 4113 caput.

735 4132 901 4186 Ferro
933 4131 1161 4187 libenter
1182 4134 1271 4187 dat
1293 4150 1470 4191 suum.

740 4227 831 4280 Sic
863 4226 1134 4294 principes
1172 4227 1447 4297 Ecclesite,

736 4321 823 4372 Sic
851 4335 976 4373 vera
1009 4320 1191 4373 mundi
1225 4320 1448 4388 lumina,

739 4411 920 4463 Mortis
951 4411 1215 4478 triumpho
1246 4411 1409 4464 nobili

737 4501 1028 4568 Sumpsere
1059 4502 1287 4570 palmam
1319 4503 1527 4570 gloriae.

738 4593 958 4660 Tropaea
987 4607 1208 4657 quorum
1242 4593 1465 4660 insignia

736 4684 850 4738 Jam
883 4684 1049 4738 Roma
1081 4684 1204 4737 felix
1237 4683 1508 4753 continet,

745 4781 980 4840 Quorum
1011 4788 1238 4829 coronas
1271 4777 1431 4828 totius

737 4866 897 4919 Orbis
925 4866 1162 4919 celebrat
1192 4866 1442 4929 ambitus,

743 4957 853 5012 Vox
896 4973 1016 5025 erga
1047 4969 1226 5011 nosua
1260 4967 1310 5011 te
1348 4958 1536 5023 Deum,

739 5049 812 5103 'l‘e
839 5049 1000 5103 corda
1033 5057 1210 5101 nostra
1242 5057 1555 5116 personent,

740 5138 920 5208 Teque
947 5138 996 5190 in
1032 5137 1135 5191 tuis
1178 5137 1476 5191 mirabilem

739 5227 1014 5281 Collaudet
1041 5241 1200 5280 omne
1236 5230 1512 5281 saculum.

747 5319 976 5383 Christe,
1004 5333 1304 5385 precamur,
1340 5328 1395 5371 ut
1429 5317 1620 5386 quibus

744 5411 951 5464 Laudes
989 5419 1209 5463 ovantes
1240 5410 1486 5472 dicimus,

748 5501 944 5552 llorum
971 5497 1068 5553 frui
1101 5514 1198 5552 nos
1229 5499 1416 5552 lucidis

743 5589 917 5643 Dones
948 5605 1040 5657 per
1059 5603 1229 5644 aevum
1267 5591 1587 5658 aspectibus.

749 5684 970 5752 llymnis
1003 5699 1095 5753 per
1121 5681 1340 5739 aethram
1371 5699 1431 5738 ac
1466 5684 1713 5739 suavibus

1971 393 2033 453 Α,

2088 991 2106 1016 Ι

2402 396 2778 462 Apostolorum
2804 393 3065 447 laudibus.

2396 486 2590 540 Noster
2617 486 2815 539 chorus
2857 486 2944 540 hic
2980 493 3234 537 consonet

2406 578 2630 631 Psalmis
2659 593 2886 631 canorus
2914 577 3188 642 dulcibus,

2400 669 2542 721 Zona
2577 668 2839 737 Benignus
2872 683 3033 720 aurea

2401 757 2509 814 Nos
2536 759 2686 825 cinge
2724 758 3050 811 castimoniae
3068 799 3082 822 ,

2403 852 2469 905 Ut
2500 860 2548 904 te
2574 851 2810 904 videntes
2847 850 3093 902 laudibus

2403 943 2531 997 Tuis
2571 957 2819 996 vacemus
2860 950 3123 1012 perpetes.

3515 279 3619 337 630

2088 1099 2368 1156 IIYMNUS
2398 1095 2463 1154 Χ.
2498 1099 2575 1153 De
2605 1097 2854 1151 Passioue
2882 1095 3047 1149 sancti
3075 1093 3287 1148 Joannis
3318 1094 3583 1159 Martialis.

2407 1229 2703 1282 l‘rtrccssor
2742 1226 2916 1280 almus
2954 1226 3165 1292 gratim,

2407 1323 2470 1374 Et
2505 1321 2744 1374 veritatis
2778 1317 3024 1389 angelus,

2416 1411 2654 1465 Lucerna
2687 1409 2905 1470 Christi,
2937 1422 2989 1462 et
3019 1408 3247 1477 perpetis

2409 1493 2748 1570 Evangelista
2781 1499 3016 1555 luminis.

2408 1593 2708 1662 Prophetize
2752 1593 3040 1660 praeconia,

2408 1685 2536 1750 Quae
2567 1697 2714 1745 voce,
2738 1683 2839 1733 \‘ila
2877 1689 2929 1733 et
2959 1680 3160 1733 actibus

2421 1775 2763 1835 Cantaverat,
2789 1773 2900 1825 haec
2929 1770 3122 1824 astruit

2410 1865 2596 1919 Mortis
2621 1877 2788 1916 sacrae
2811 1858 3110 1929 signaculo.

2406 1956 2537 2010 Nam
2569 1952 2896 2006 nasciturum
2935 1949 3175 2014 streulis,

2407 2043 2686 2100 Nascendo
2711 2055 2869 2110 quem
2901 2049 3259 2108 prteveuerat,

2403 2140 2482 2191 Ac
2511 2135 2904 2202 baptizaturum
2934 2145 3032 2184 suo

2408 2227 2792 2282 Monstraverat
2811 2223 3151 2291 baptismate.

2409 2321 2641 2390 Hujusce
2685 2329 2912 2372 mortem
2958 2314 3248 2375 innoxiam,

2408 2413 2520 2480 Qua
2545 2411 2647 2465 vita
2674 2409 2873 2463 mundo
2914 2407 3121 2462 reddita
3152 2416 3256 2466 est,

2412 2501 2597 2568 Signat
2635 2500 2714 2552 sui
2749 2497 3004 2567 prmsagio

2412 2591 2643 2658 Baptista
2672 2598 2872 2658 martyr
2912 2586 3202 2655 sanguinis.

2415 2683 2583 2749 Quem
2611 2681 2838 2734 vinculis
2876 2688 2931 2733 et
2971 2691 3187 2733 carcere

2413 2774 2582 2827 Ferox
2616 2783 2869 2843 tyrannus
2898 2769 3126 2834 abdidit,

2409 2865 2512 2919 Sed
2550 2866 2693 2918 nulla
2727 2863 2929 2916 laedunt
2956 2858 3190 2919 vincula,

2413 2958 2579 3022 Quem
2613 2955 2747 3008 dona
2778 2952 2956 3007 cordis
2991 2950 3288 3005 snblevant.

2413 3045 2610 3099 Christi
2640 3045 2783 3098 videt
2819 3044 2907 3112 qui
2940 3041 3186 3112 gloriam,

2413 3136 2510 3201 Qui
2541 3135 2760 3203 spiritus
2788 3132 3107 3187 charismata
3129 3172 3146 3196 ,

2412 3225 2527 3278 Non
2555 3225 2692 3277 hunc
2726 3221 2960 3276 tenebrae
2985 3221 3220 3275 carceris

2415 3316 2528 3370 Non
2559 3329 2714 3383 paena
2742 3322 2911 3368 terret
2936 3310 3201 3380 corporis.
3223 3301 3233 3309 ’

2409 3405 2578 3473 Caput
2617 3404 2785 3457 libens
2813 3401 3209 3456 sanctissimum

2409 3497 2527 3550 Jam
2557 3493 2928 3548 dissecandum
2961 3491 3202 3560 praebuit,

2413 3589 2519 3642 Nec
2546 3586 2774 3657 perdidit
2802 3586 2916 3654 pius
2953 3593 3132 3653 caput,

2419 3682 2612 3736 Verum
2652 3686 2812 3746 caput
2840 3678 2924 3731 cui
2953 3676 3194 3731 Christus
3219 3685 3318 3728 est.

2415 3771 2656 3826 EXSIlllal
2681 3770 2805 3824 almi
2835 3769 3050 3837 spiritus

2417 3864 2685 3918 Prmconis
2715 3871 2860 3914 artus
2886 3861 3142 3932 linquere,

2414 3953 2787 4009 Praecursionis
2813 3962 2870 4006 ut
2897 3965 3085 4014 Sacra),

2412 4048 2501 4100 Sic
2530 4055 2700 4112 coepta
2725 4044 2863 4098 dona
2892 4041 3176 4110 compleat,

2410 4137 2538 4190 Nam
2569 4149 2726 4201 quem
2758 4147 2977 4187 manens
3009 4133 3060 4186 in
3089 4145 3309 4197 corpore

2407 4225 2727 4282 Ustenderat
2752 4223 3070 4286 viventibus,

2417 4320 2568 4374 llunc
2597 4319 2820 4373 mortuis
2841 4316 2952 4386 jam
2981 4325 3237 4372 mortuus,

2414 4411 2686 4464 Christum
2720 4409 2898 4463 venire
2929 4405 3199 4473 prmdicat.

2416 4500 2566 4554 Novo
2593 4506 2906 4566 stupescunt
2944 4495 3101 4550 inferi

2418 4591 2719 4659 Ereptionis
2750 4590 2958 4653 nuntio,

2423 4681 2666 4734 Gaudent
2695 4679 2842 4732 chori
2875 4678 3128 4739 ﬁdelium,

2410 4771 2520 4825 Una
2552 4778 2756 4837 patrum
2789 4783 2906 4821 cum
2937 4767 3193 4834 plebibus.

2418 4861 2551 4914 Justi
2584 4860 2854 4928 prophetae
2893 4866 2947 4909 et
2975 4867 3257 4927 martyres,

2420 4954 2485 5006 Et
2514 4953 2708 5019 quique
2737 4949 3008 5004 Christum
3050 4966 3077 5001 a
3109 4954 3301 5004 saeculo

2417 5043 2566 5096 l'uris
2594 5045 2839 5095 amabant
2869 5042 3138 5108 cordibus,

2424 5135 2530 5188 Piis
2557 5134 2804 5189 colebant
2833 5133 3056 5187 actibus.

2413 5226 2598 5280 Cuncti
2629 5223 2846 5277 Joannis
2877 5221 3122 5276 dulcibus

2414 5319 2540 5373 Laeti
2575 5317 2705 5370 ﬁunt
2733 5316 3003 5378 affatibus,

2416 5410 2793 5475 Cluistumque
2823 5417 3046 5475 poscunt
3074 5406 3222 5461 ocius

2418 5503 2553 5554 Suos
2582 5499 2760 5552 venire
2789 5502 2854 5550 ad
2882 5497 3144 5552 servulos.

2419 5589 2725 5644 Prmcursor
2752 5588 2910 5651 alme,
2942 5588 3107 5641 dicito

2415 5680 2636 5746 Quando
2661 5688 2817 5746 putas
2847 5680 3122 5740 adveniet,
