4220 6450
637 306 736 361 (ιδι

708 1735 984 1792 IIYMNL‘S
1025 1739 1108 1793 Xl.
1155 1738 1218 1793 In
1252 1739 1430 1795 Natali
1459 1755 1648 1799 sancta:
1674 1743 1767 1799 1ὶεὶ
1790 1747 2079 1800 Uenitritrix.

1328 312 1530 366 ΒΕυιέΕ
1576 313 2024 367 νιίΝιίιίΛΒΙΙΛΞ
2067 312 2215 368 Ol'P.
2260 310 2431 366 PARS
2469 313 2557 366 lll.
2601 342 2666 354 --
2705 313 3178 370 PARENETICA.

988 429 1253 483 Adventus
1283 429 1368 482 ille
1395 430 1482 497 qui
1517 445 1678 497 prope
1708 442 1810 492 est,

993 519 1282 582 Descende,
1314 521 1460 585 Jesu,
1494 532 1546 574 et
1585 525 1752 588 eripe.

979 611 1218 665 Tandem
1251 612 1575 680 Redemptor
1609 614 1797 681 paruit.

979 701 1279 768 Omnesque
1312 703 1362 754 in
1395 720 1553 754 unum
1591 717 1918 772 eougi'egans

972 790 1109 842 Tulit
1144 793 1256 858 pios
1289 794 1354 845 ab
1381 792 1568 846 inferis

980 883 1198 951 ludique
1231 885 1406 949 regnis
1436 884 1642 938 indidit.

974 975 1061 1026 Sic
1091 975 1403 1041 praedicator
1434 976 1689 1041 optimus,

973 1065 1294 1132 Magnusqne
1321 1065 1590 1119 Christum
1626 1064 1848 1132 pravius

979 1154 1259 1221 Posujuam
1292 1156 1510 1209 retentis
1537 1171 1781 1222 corpore,

964 1244 1246 1313 Postquam
1276 1247 1500 1300 canebat
1529 1249 1766 1301 mortuis.

970 1339 1204 1392 Ducente
1231 1336 1444 1392 Christo
1477 1340 1526 1392 in
1558 1340 1758 1393 tubera

967 1429 1163 1482 Omnes
1195 1428 1426 1483 ﬁdelium
1459 1433 1680 1496 choros,

965 1520 1100 1573 Cum
1130 1522 1338 1574 caeteris
1369 1523 1626 1589 perennia

956 1604 1176 1662 lutravit
1206 1612 1320 1678 ipse
1352 1611 1401 1664 in
1429 1612 1636 1680 gaudia.

964 1872 1185 1940 Adesto,
1217 1875 1452 1942 Christe,
1483 1878 1723 1945 vocibus,

954 1965 1130 2019 lnesto
1160 1968 1355 2021 nostris
1387 1971 1684 2038 mentibus,

960 2057 1072 2110 Tua
1103 2056 1359 2126 benignus
1389 2060 1610 2114 dextera

953 2151 1158 2204 Cboros
1187 2165 1472 2206 canentum
1503 2165 1741 2222 prolege.

948 2246 1047 2310 Qui
1080 2258 1232 2299 natus
1261 2261 1319 2299 es
1347 2248 1414 2300 de
1441 2245 1674 2316 Virgine,

952 2335 1153 2389 Nostris
1177 2338 1361 2391 salutis
1387 2339 1578 2407 gratia,

959 2424 1030 2477 Da
1061 2440 1188 2493 pura
1222 2427 1372 2480 nobis
1403 2439 1611 2495 pectora
1634 2472 1646 2492 ,

956 2516 1029 2568 Da
1058 2521 1290 2570 membra
1320 2529 1463 2573 casta
1490 2522 1752 2590 corporis.

953 2605 1014 2658 Et
1053 2614 1103 2659 tu
1136 2608 1283 2660 beata
1314 2624 1423 2677 pra":
1452 2610 1731 2674 omnibus,

957 2696 1117 2766 Virgo
1151 2699 1332 2759 Maria,
1366 2701 1602 2766 feminis,

959 2788 1050 2840 Dei
1081 2789 1317 2842 Ceuitrix
1353 2792 1574 2860 inclyta,

955 2884 1159 2936 Nostris
1193 2885 1366 2938 faveto
1407 2887 1670 2942 laudibus.

949 2974 1141 3026 l'udica
1173 2975 1323 3041 cujus
1351 2977 1553 3029 viscera

952 3067 1144 3116 sancto
1173 3063 1342 3117 dicata
1376 3065 1598 3132 Spiritu,

951 3153 1160 3207 Iiavidis
1192 3165 1364 3207 ortum
1394 3156 1615 3219 semine,

951 3243 1146 3315 ltegem
1181 3246 1417 3301 ferebant
1446 3252 1647 3304 szeculi.

946 3337 1104 3391 Beata
1132 3337 1282 3407 cujus
1313 3341 1475 3395 ubera

945 3430 1164 3482 Summo
1193 3431 1390 3495 repleta
1421 3448 1645 3487 munere

943 3517 1126 3572 'l‘erris
1155 3520 1369 3574 alebant
1401 3523 1609 3576 unicam

943 3606 1125 3662 Terrae
1157 3613 1363 3678 polique
1389 3614 1637 3679 gloriam,

944 3697 1151 3750 Festiva
1182 3698 1311 3767 legis
1343 3715 1462 3766 quae
1492 3703 1664 3755 sacris

943 3785 1022 3839 Ad
1051 3787 1154 3840 alta
1185 3789 1365 3856 templi
1396 3790 1598 3858 limina,

939 3875 1186 3930 tlwlestis
1216 3879 1347 3932 aula:
1378 3879 1676 3948 Principum

945 3965 1093 4020 Ulnis
1124 3968 1290 4022 tulisti
1320 3969 1582 4028 dulcibus.

929 4058 1091 4126 Cujus
1121 4061 1237 4114 sinu
1263 4061 1372 4130 jam
1405 4063 1681 4128 parvulum

936 4152 1072 4222 Magi
1101 4152 1344 4208 videntes
1375 4157 1672 4224 conditum,

937 4244 1128 4314 ltcgem
1159 4247 1428 4316 Deumque
1455 4253 1748 4308 maximum

937 4332 1083 4385 Votis
1113 4345 1396 4401 precantur
1420 4340 1658 4395 redditis.

934 4424 1204 4480 Christum
1247 4428 1423 4483 l'erens
1451 4433 1804 4502 Memphitici,

938 4517 1068 4579 Qua:
1097 4531 1245 4570 sacra
1276 4520 1435 4573 vertis
1466 4523 1718 4591 numinis,

934 4611 1199 4679 Deumque
1227 4625 1454 4668 cernunt
1484 4619 1673 4682 exteri,

934 4700 1136 4770 litigant
1162 4702 1243 4758 sui
1276 4719 1430 4773 quem
1465 4708 1655 4774 patria.

926 4795 1054 4861 Qua:
1085 4807 1274 4851 intesta
1303 4801 1482 4852 mundi
1515 4802 1766 4870 gaudium

928 4887 1060 4939 Cum
1094 4897 1242 4956 patre
1272 4890 1468 4957 losoph
1499 4894 1778 4961 quaeritas,

925 4977 1235 5046 Summique
1265 4980 1434 5034 Patris
1464 4984 1670 5037 aedibus

925 5071 1105 5122 Uvans
1133 5070 1407 5125 sedentem
1441 5075 1704 5141 repperis.

923 5160 1086 5230 Cujus
1115 5172 1300 5231 rogatu
1333 5165 1587 5233 mysticas

924 5251 1164 5306 Christus
1195 5257 1389 5308 sedens
1423 5256 1486 5308 ad
1519 5259 1750 5326 nuptias,

927 5343 1103 5409 Aquas
1135 5345 1184 5396 in
1216 5346 1352 5396 alma
1387 5348 1655 5404 transtulit

927 5435 1042 5488 Vini
1072 5436 1309 5488 rubentis
1338 5439 1543 5506 pocula.

921 5525 1083 5592 Cujus
1115 5525 1255 5592 pium
1289 5530 1598 5596 pertransiit

925 5617 1077 5670 Iinsis
1103 5617 1306 5672 doloris
1336 5621 1600 5687 spiritum,

930 5705 1116 5763 Natum
1151 5719 1238 5765 tuo
1268 5711 1332 5766 de
1364 5726 1588 5782 corpore

2231 432 2279 484 A

2225 1775 2265 1830 Β

2662 427 2830 481 Deum
2872 428 3004 481 mori
3034 428 3159 481 dum
3191 442 3440 482 cetncres

2655 518 2822 584 Quam
2859 519 2964 572 ﬁlio
2997 520 3233 584 tonitrui,

2661 610 2845 663 Crucis
2885 620 3071 666 tonans
3101 612 3168 667 de
3198 614 3413 676 vertier,

2654 699 3006 755 Commendat
3035 705 3233 756 Auctor
3262 704 3500 766 aetheris,

2662 790 2726 844 Ut
2755 793 2904 860 virgo
2931 804 3106 846 servet
3133 795 3413 860 virginem.

2651 879 2769 934 Nati
2799 881 2999 950 Deique
3020 883 3127 951 jam
3160 884 3256 948 tui,

2656 980 2783 1039 Qua:
2813 977 2988 1031 cernis
3014 979 3157 1032 almo
3187 980 3407 1042 lumine,

2653 1065 2780 1118 Post
2804 1065 2917 1118 dira
2947 1067 3136 1121 mortis
3167 1069 3400 1132 vincula,

2654 1155 2966 1209 ltesuscitati
3002 1158 3244 1224 gloriam.

2653 1246 2845 1300 Lucem
2877 1247 2980 1314 poli
3010 1264 3126 1314 qme
3153 1249 3440 1317 conspicis,

2657 1337 2816 1392 Adire
2847 1337 3016 1392 Patris
3043 1340 3338 1406 dexteram,

2649 1429 2817 1492 Quam
2851 1431 3018 1497 prima
3050 1430 3220 1484 Patris
3248 1433 3312 1487 de
3343 1432 3460 1486 sinu

2649 1519 2842 1574 Terras
2872 1521 3020 1574 adire
3051 1523 3278 1576 videras.

2649 1609 2900 1664 Sublimis
2931 1611 3069 1666 inter
3097 1613 3368 1679 splendida

2653 1705 3027 1768 Apostolorum
3055 1706 3250 1770 sidera,

2657 1796 2914 1862 Flamma,
2951 1800 3192 1866 sacrique
3218 1799 3451 1868 Spiritus

2651 1888 2867 1956 lmpleta
2898 1888 3079 1944 laudes
3109 1891 3368 1945 concinis.

2649 1978 2880 2033 Laudem
2909 1980 3015 2032 Deo
3041 1995 3195 2048 quam
3224 1981 3505 2048 supplices,

2641 2070 2852 2122 Christo
2881 2078 3156 2137 canentes,
3188 2070 3478 2138 reddimus,

2643 2160 2844 2212 Christi
2870 2157 3133 2225 Genitrix,
3165 2169 3219 2214 et
3248 2170 3332 2214 tua

2640 2252 2992 2308 Commendet
3037 2254 3368 2308 intercessio.

2644 2343 2878 2412 llymnos
2905 2359 3072 2398 sacrm
3101 2360 3232 2415 quos
3264 2347 3487 2416 Virgini,

2643 2439 2901 2507 Matrique
2929 2450 3089 2495 castaa
3119 2442 3363 2508 dicimus,

2643 2535 2978 2601 Emmanuel,
3021 2547 3075 2590 tu
3107 2539 3334 2607 suscipe.

2636 2625 2910 2694 Tuamque
2941 2626 3144 2695 plebem
3178 2628 3367 2686 libera.

2467 2752 2738 2811 llHl'NUS
2776 2754 2889 2810 Xll.
2932 2754 2998 2810 In
3030 2757 3212 2812 Natali
3241 2763 3405 2814 sancti
3436 2762 3680 2821 Audretr.

2635 2890 2784 2946 Nunc
2809 2891 3036 2949 Andreae
3061 2897 3319 2952 solemnia

2634 2982 2790 3037 Laetis
2815 2998 3071 3040 canamus
3099 2988 3339 3054 vocibus,

2636 3075 2978 3143 Apostolatus
3006 3079 3228 3148 gloriam

2635 3167 2736 3230 Qui
2765 3178 2920 3222 ornat
2950 3171 3218 3241 triumpho
3247 3176 3536 3245 sanguinis,

2630 3263 2797 3327 Quem
2831 3262 3064 3332 piscibus
3096 3282 3190 3335 per
3223 3262 3427 3324 I'urbida

2633 3351 2761 3404 Dum
2790 3361 2904 3407 rete
2931 3357 3092 3409 nectit
3121 3373 3352 3427 aequora.

2633 3442 2870 3498 Christus
2899 3447 3102 3500 vocavit
3131 3462 3248 3502 cum
3278 3452 3388 3504 suis

2629 3534 2706 3585 Ad
2739 3549 2898 3603 regna
2929 3538 3048 3591 caeli
3082 3535 3354 3596 fratribus.

2629 3623 2874 3692 Misitque
2903 3627 3007 3682 late
3034 3631 3281 3698 gentibus

2627 3714 2854 3770 Verbum
2885 3719 3070 3775 salutis
3099 3723 3354 3790 pandere.

2626 3809 2702 3860 Ac
2729 3811 2905 3864 steculi
2936 3812 3002 3866 de
3029 3812 3276 3870 ﬂuctibus

2626 3901 2827 3954 Montes
2855 3902 3032 3957 levare
3062 3907 3330 3961 credulas.

2622 3990 2719 4054 Qui
2751 4005 2872 4045 mox
2906 3993 3027 4047 ﬁdei
3061 3995 3303 4062 lampade

2623 4079 2754 4134 Dum
2788 4081 2972 4137 lu5trat
2997 4101 3118 4140 oras
3144 4087 3385 4155 Graeciae,

2633 4171 2830 4242 Deique
2859 4174 3055 4229 Christi
3089 4177 3333 4247 fulgidns,

2624 4263 2830 4318 I'eroris
2859 4266 3068 4320 umbras
3095 4268 3314 4336 etlugat,

2621 4355 2842 4410 Achaeus
2869 4361 3034 4412 armis
3059 4361 3263 4429 appetit

2623 4445 2735 4499 Dux
2769 4447 2899 4500 lucis
2928 4465 3072 4503 arma
3106 4455 3332 4518 tetricis,

2615 4537 2761 4591 Miles
2790 4537 2880 4592 Dei
2911 4540 3004 4593 sed
3032 4541 3239 4597 fortiter

2611 4630 2787 4684 llostis
2817 4633 3028 4700 repellit
3067 4635 3347 4702 impetum.

2610 4720 2796 4774 Pandit
2824 4725 2995 4776 crucis
3025 4729 3297 4795 mysteria,

2620 4813 2748 4877 Quae
2780 4814 2892 4867 dira
2930 4818 3116 4870 mortis
3144 4819 3382 4887 pristina;

2614 4903 2780 4956 Solvit
2812 4917 3054 4971 potenter
3083 4911 3312 4970 vincula.

2612 4995 2908 5063 blundoque
2937 5000 3096 5053 vitam
3127 5004 3371 5058 Contulit.

2613 5083 2749 5153 Λευὶ
2782 5088 2941 5139 rel'ert
2970 5099 3022 5140 et
3054 5089 3304 5154 hostiam,

2610 5176 2710 5239 Qui
2742 5191 2838 5230 nos
2866 5177 2934 5230 ab
2964 5178 3117 5234 hoste
3148 5183 3377 5238 liberans

2610 5266 2727 5320 Vita
2760 5269 2882 5323 beat
2912 5281 3057 5325 trans
3089 5277 3308 5337 :ethera.

2613 5360 2896 5429 ltognoque
2924 5377 3102 5418 secum
3139 5371 3365 5436 perpeti.

2611 5452 2853 5506 Inclusus
2877 5465 2995 5508 atro
3025 5473 3241 5514 carcere

2614 5542 2768 5596 Lucis
2798 5544 3058 5611 minister,
3093 5563 3249 5604 aurea

2616 5633 2763 5686 l’ucis
2793 5636 2904 5688 vias
2934 5637 2999 5690 ad
3032 5639 3206 5692 sidera

2612 5723 2801 5779 Pandit
2827 5729 3052 5784 catervis
3081 5731 3335 5799 plebium.
