4220 6476
395 326 500 383 653

1443 328 1611 385 ΞΕοΤ

751 435 930 490 Cirsns
961 435 1177 505 flagellis
1208 437 1399 503 septies
1422 481 1434 503 ,

751 524 1038 579 Tormenta
1073 526 1186 579 risit
1214 528 1406 592 omnia,

752 616 983 683 Septena
1012 634 1166 685 quam
1198 619 1531 687 repleverant

746 705 861 760 Jam
889 708 1026 761 dona
1057 713 1225 766 sancti
1256 713 1506 781 Spiritus.

747 796 985 853 Tandem
1014 800 1219 856 levatus
1251 804 1300 857 in
1331 818 1580 870 crucem,

747 890 965 945 Terram
994 895 1209 962 reliquit
1234 896 1523 960 sordidam,

748 983 1064 1054 Mundisque
1095 987 1221 1040 felix
1252 989 1495 1057 passibus

742 1074 853 1129 Poli
885 1077 1070 1144 petivit
1090 1077 1304 1148 januas.

748 1165 973 1229 Excepit
1002 1168 1139 1223 alma
1167 1171 1373 1229 civitas.

740 1254 1093 1321 Nostrumqne
1125 1269 1294 1313 mater
1329 1261 1569 1314 omnium

741 1343 937 1399 Laztata
968 1348 1163 1402 Christi
1190 1361 1504 1420 martyrem,

735 1435 1155 1507 Apostolnmque
1185 1441 1494 1493 maximum.

742 1523 1048 1593 Congaudet
1076 1530 1246 1581 omnis
1276 1530 1472 1583 civium

734 1615 899 1670 Nobis
928 1620 1123 1673 chorus
1152 1621 1473 1685 coelestimn,

735 1704 906 1776 Magni
940 1710 1123 1764 videns
1152 1713 1403 1780 perennia

1619 370 1630 381 .
1677 328 1758 382 III.
1912 324 2234 381 CARMINA.
2275 355 2345 367 --
2384 323 2597 379 IIYMNI

1999 443 2048 495 Δ

2426 438 2673 506 Magister
2701 439 2837 493 altus
2862 440 3111 509 gloriam.

2420 528 2510 582 Sic
2540 527 2680 582 fatur
2703 531 2942 584 Andreas
2974 534 3150 585 crucis

2424 618 2612 671 Erecta
2637 634 2862 674 cernens
2891 638 3111 686 cornua,

2421 710 2767 776 Tradensque
2792 723 2989 767 vestem
3020 716 3198 779 militi,

2417 797 2648 852 Levatur
2678 798 2729 852 in
2762 800 2882 854 vita:
2912 803 3181 858 arborem.

2418 888 2527 943 Nec
2551 899 2725 943 cessat
2751 892 2888 944 altus
2910 892 2975 946 de
3000 908 3161 947 cruce

2419 985 2624 1041 Docere
2649 987 2855 1041 turbam
2887 991 3197 1055 astantium,

2417 1079 2586 1135 Vitam
2619 1097 2903 1148 perennem
2938 1099 3060 1138 cum
3092 1086 3223 1147 Deo,

2413 1170 2631 1240 Polique
2662 1188 2880 1240 regnum
2909 1177 3166 1243 pandere.

2422 1263 2656 1328 Quorum
2692 1264 2792 1319 fide
2816 1264 2925 1334 jam
2962 1267 3185 1325 fervida,

2417 1350 2713 1420 Turbreque
2737 1354 2896 1421 judex
2928 1358 3162 1421 territus,

2421 1440 2490 1494 Se
2519 1441 2797 1508 pollicetur
2828 1442 3053 1496 nexibus

2420 1529 2570 1582 Ilunc
2600 1530 2787 1583 mortis
2816 1540 2946 1583 atrae
2976 1534 3205 1587 solvere.

2420 1620 2487 1670 At
2517 1619 2754 1672 Andreas
2776 1623 2897 1673 εαξη
2934 1623 3069 1684 vias,

2416 1708 2721 1777 Regemqne
2743 1710 2886 1775 caeli,
2918 1725 2979 1762 ac
3010 1712 3241 1765 dulcium

3550 332 3649 389 63|

741 1796 889 1853 Nunc
920 1800 1147 1855 Andrea:
1175 1801 1451 1856 solemnia.
1992 1793 2035 1849 Β

385 1927 661 1985 IIYMNUS
698 1929 833 1984 XIII.
867 1929 931 1984 In
958 1934 1133 1987 eodem
1164 1935 1291 2001 {esto
1337 1936 1404 1988 ad
1447 1951 1646 1990 crucem
1673 1936 1951 1990 dicendus.

2417 1800 2703 1868 Frequenti
2734 1802 2840 1870 jam
2871 1804 3168 1857 concivium

2414 1892 2631 1946 Caelesti
2661 1892 2711 1945 in
2743 1908 2866 1947 arce
2894 1906 3152 1950 contuens
3178 1912 3194 1952 :

2416 1980 2563 2042 .Iesu,
2600 1996 2809 2050 precor,
2836 1984 2986 2047 dixit,
3020 1988 3157 2039 bone

2417 2070 2686 2140 Magister,
2718 2074 2817 2125 ista
2845 2074 2911 2126 de
2935 2090 3115 2137 crure,

2410 2163 2492 2215 Me
2524 2177 2679 2215 nemo
2704 2165 2882 2217 vivunt
2916 2164 2966 2217 itt
2996 2180 3222 2232 corpore

2376 2246 2381 2249 ⁷
2418 2254 2619 2308 Vinclis
2649 2254 2837 2309 solutis
2862 2256 3088 2318 auferat,

2418 2342 2569 2395 Prius
2592 2357 2766 2395 meum
2799 2358 2957 2412 quam
2988 2345 3230 2412 Spritum

2404 2432 2446 2485 E
2472 2447 2634 2486 carne
2667 2443 2873 2501 raptum
2902 2438 3281 2503 assumpseris.

2414 2522 2472 2576 In
2504 2525 2791 2591 patrimque
2823 2526 3109 2588 mmoibus,

2416 2613 2509 2667 Cui
2542 2616 2731 2682 milito,
2768 2615 3052 2670 locaveris.

2411 2705 2534 2759 Haec
2564 2705 2723 2770 dixit,
2749 2716 2802 2759 et
2829 2707 3132 2760 caelestibus

2415 2797 2623 2850 Emissa
2658 2798 2742 2850 lux
2770 2814 2798 2851 a
2829 2799 3065 2864 sedibus,

2421 2887 2775 2939 Circutndedit
2808 2887 3154 2941 fortissimum

2407 2979 2605 3032 Christi
2636 2994 2854 3033 corusca
2882 2990 3188 3048 martyrem,

2411 3068 2783 3137 Splendorque
2811 3069 2927 3122 sole
2958 3068 3153 3122 clarior

2407 3160 2595 3212 Coram
2629 3158 2897 3212 manendo
2926 3158 3233 3226 plurimum,

2408 3250 2536 3315 Quae
2566 3249 2739 3316 palma
2770 3249 2851 3301 vel
2880 3265 2998 3316 qua:
3023 3248 3189 3316 gloria
3220 3234 3228 3240 ’

2410 3340 2633 3392 Crucem
2664 3346 2915 3407 sequatur
2953 3337 3144 3392 edocet

2406 3430 2543 3496 Quin
2573 3430 2637 3483 ad
2663 3431 2765 3498 poli
2798 3445 2919 3482 mox
2952 3429 3095 3483 edita

2410 3523 2697 3587 Iieversus,
2730 3524 2820 3577 alti
2852 3524 3095 3591 spiritum

2414 3616 2607 3669 Secum
2622 3638 2632 3648 ε
2647 3612 2811 3669 refert
2840 3616 3066 3683 apostoli

2405 3705 2567 3761 Nodis
2596 3707 2826 3759 solutum
2855 3706 3119 3773 corporis.

2405 3798 2519 3864 Qua
2543 3811 2662 3850 cum
2694 3798 2799 3851 tuis
2841 3796 3085 3849 fidelibus

2409 3888 2535 3942 Jesu
2568 3886 2820 3955 triumphi
2857 3886 3099 3939 carmina

2408 3980 2594 4033 Victor
2627 3978 2813 4032 beatus
2851 3978 3059 4040 saeculi,

2398 4071 2646 4123 Gaudens
2676 4069 2725 4121 in
2757 4083 2929 4120 tevnm
2962 4074 3233 4134 personat.

2405 4164 2517 4227 Qua
2548 4158 2701 4211 nobis
2728 4159 2866 4212 inter
2893 4159 3102 4227 agmina

2407 4251 2722 4307 Sublimium
2752 4251 2947 4315 felicia,

2406 4343 2505 4406 Da,
2536 4341 2771 4403 Christe,
2804 4350 3003 4394 sortem
3047 4339 3280 4407 parvulis

2417 4415 2653 4504 Ilymnos
2684 4433 2776 4486 tibi
2819 4430 3153 4486 canentibus.

730 2064 904 2128 Salve,
941 2076 1197 2134 trapteum
1222 2067 1428 2135 glorize,

729 2156 888 2211 Salve
917 2172 1125 2212 sacrum
1150 2160 1385 2214 victoria:

729 2246 971 2316 Signum,
1006 2248 1144 2302 Deus
1172 2265 1275 2315 quo
1300 2251 1543 2318 perditnn

728 2336 981 2392 Mundum
1010 2340 1237 2393 redemit
1266 2351 1526 2397 mortuus.

733 2430 775 2479 0
806 2429 1033 2495 gloriosa
1068 2429 1278 2499 fulgidis

727 2520 864 2571 Crux
894 2521 1091 2574 emicas
1123 2522 1431 2587 virtutibus,

729 2611 899 2674 Quam
924 2610 1168 2665 Christus
1192 2611 1303 2680 ipse
1334 2615 1530 2681 proprii

734 2700 987 2754 Membris
1016 2702 1212 2755 dicavit
1238 2706 1497 2772 corporis.

728 2793 1006 2859 Quondam
1036 2809 1199 2862 genus
1224 2799 1525 2852 mortalium

738 2885 876 2938 Metu
909 2887 1187 2953 premebas
1217 2889 1434 2956 pallido,

726 2980 790 3030 At
817 2992 958 3031 nunc
982 2980 1157 3045 reples
1193 2979 1429 3034 fidelium

726 3071 921 3123 Amore
953 3068 1072 3123 lmto
1097 3080 1333 3139 pectora.

734 3158 807 3210 En
837 3158 992 3213 ludus
1022 3170 1101 3214 est
1131 3162 1463 3216 credentium

727 3249 855 3302 Tuis
888 3249 986 3303 frui
1020 3250 1403 3319 complexibus,

729 3340 859 3406 Qum
890 3351 1032 3395 tanta
1064 3342 1238 3411 gignis
1265 3344 1477 3411 gaudia,

736 3432 927 3485 Pandis
954 3434 1167 3503 polique
1190 3435 1380 3501 jannas

728 3522 855 3589 Quae
877 3522 1182 3579 Conditoris
1213 3526 1395 3579 suavia

731 3615 852 3667 Post
884 3614 1147 3682 membra,
1180 3617 1332 3671 nobis
1360 3618 1575 3671 suavior

721 3702 791 3758 Es
820 3706 979 3759 melle
1002 3704 1136 3761 facta
1165 3714 1218 3761 et
1239 3708 1489 3762 omnibus

725 3796 949 3850 I’razlata
979 3797 1157 3851 mundi
1192 3800 1484 3853 honoribus

727 3885 803 3939 Te
826 3902 965 3941 nunc
994 3886 1141 3941 adire
1170 3889 1431 3956 gratulor,

730 3973 805 4029 Te
834 3976 1109 4029 charitatis
1140 3976 1375 4032 brachiis

724 4065 1088 4134 Complector,
1119 4068 1182 4120 ad
1210 4068 1449 4122 coelestia

725 4156 1038 4210 Conscendo
1069 4172 1163 4227 per
1190 4164 1242 4211 te
1271 4158 1484 4226 gaudia.

721 4250 811 4303 Sic
836 4258 890 4303 tu
921 4249 1096 4305 libens
1127 4266 1212 4306 me
1244 4252 1455 4320 Suscipe

720 4340 865 4395 Illius
898 4343 1037 4395 alma
1065 4343 1364 4406 servulum,

720 4431 821 4497 Qui
853 4448 938 4487 me
968 4433 1194 4487 redemit
1225 4449 1317 4501 per
1342 4444 1485 4487 tuam

1975 3147 2025 3212 C

1338 4682 1771 4761 HYMNUS
1827 4685 1960 4760 DE
2016 4684 2195 4760 DIE
2253 4683 2665 4761 JUDICII.

1973 4843 2029 4904 D
2061 4840 2183 4894 [hec
2214 4852 2518 4893 memorans
2548 4849 2782 4901 mecum,
2813 4833 2975 4889 tacito
3005 4835 3106 4888 sub
3133 4849 3407 4890 murmure
3444 4836 3551 4891 dixi
3578 4856 3591 4893 τ

2063 4930 2211 4987 Nunc
2245 4941 2394 4996 rogo,
2426 4941 2567 4979 nunc
2598 4939 2748 4978 vena:
2777 4924 2947 4977 fontes
2977 4922 3180 4992 aperite
3207 4926 3463 4991 calentes,

2049 5021 2286 5087 Dumque
2314 5034 2414 5089 ego
2455 5019 2748 5087 percutiam
2779 5016 2969 5085 pugnis
2996 5030 3086 5069 rea
3119 5024 3355 5085 pectora,
3382 5017 3468 5071 vel
3491 5018 3618 5072 dum

2048 5112 2286 5166 Membra
2333 5112 2451 5165 solo
2481 5120 2740 5175 sternam,
2773 5110 3102 5177 meritosque
3132 5108 3285 5161 ciebo
3315 5109 3548 5177 dolores,

2050 5202 2174 5264 Vos,
2204 5218 2414 5271 precor,
2445 5202 2627 5256 effusis
2652 5199 2903 5271 lacrymis
2936 5215 3041 5253 non
3075 5197 3278 5268 parcite
3309 5201 3511 5264 statim,

2058 5294 2164 5349 Sed
2196 5304 2446 5349 incestum
2476 5295 2636 5349 salsis
2671 5295 2859 5350 faciem
2891 5295 3194 5363 perfundite
3232 5296 3418 5364 guttis.

2053 5386 2117 5439 Et
2149 5396 2387 5441 reserate
2416 5386 2566 5440 nefas
2590 5387 2807 5440 Christo
2836 5401 2959 5440 cum
2993 5401 3122 5439 voce
3160 5386 3418 5453 gementi,

2051 5478 2159 5532 Nec
2185 5478 2346 5531 lateat
2376 5478 2665 5547 quidquam
2697 5480 2973 5545 culparum
3004 5477 3180 5531 cordis
3214 5478 3264 5530 in
3293 5490 3469 5533 antro.

2051 5570 2236 5625 Omnia
2273 5570 2397 5638 quin
2431 5572 2531 5623 luci
2565 5570 2736 5623 verbis
2767 5569 3058 5624 reddantur
3087 5570 3309 5634 apertis,

2067 5662 2305 5715 Pectoris
2337 5671 2390 5715 et
2415 5662 2629 5730 lingure,
2662 5661 2839 5714 carnis
2870 5660 2949 5715 vel
2981 5660 3203 5713 crimina
3227 5676 3389 5713 sarva.

2062 5754 2185 5811 [hec
2210 5765 2288 5811 est
2312 5754 2423 5813 sola
2450 5755 2593 5811 salus
2623 5754 2814 5810 anima:
2846 5762 2897 5809 ct
2930 5767 3053 5819 spes
3084 5767 3230 5811 certa
3261 5753 3485 5818 dolenti,

377 4837 514 4891 Inter
543 4835 821 4905 ﬂorigcras
844 4833 1057 4890 fecundi
1088 4837 1307 4905 cespitis
1338 4837 1553 4902 herbas,

373 4926 614 4982 Flamine
643 4938 923 4982 ventorum
948 4928 1322 4982 resonantibus
1354 4930 1587 4999 undique
1612 4928 1799 4997 ramis,

370 5020 587 5075 Arboris
617 5020 921 5073 umbrifera:
960 5028 1185 5074 moestus
1218 5020 1319 5073 sub
1359 5022 1589 5087 tegmine
1621 5021 1767 5076 solus

374 5113 505 5165 Dum
537 5112 675 5175 sedi,
702 5111 881 5165 subito
909 5112 1121 5179 planctu
1155 5111 1397 5165 turbatus
1425 5127 1634 5179 amaro,

373 5203 620 5257 Carmina
654 5217 762 5270 pra:
791 5201 927 5255 tristi
951 5202 1120 5256 cecini
1150 5202 1261 5255 haec
1294 5202 1535 5272 lugubria
1569 5213 1767 5257 mente.

375 5295 567 5363 Utpote
605 5308 1032 5349 commemorans
1064 5295 1326 5346 scelerum
1359 5294 1642 5347 commissa
1678 5310 1938 5362 ineorum,

375 5391 439 5442 Et
460 5388 700 5443 maculas
733 5388 876 5452 vitae,
906 5387 1196 5454 mortisque
1233 5387 1517 5439 inamabile
1549 5398 1778 5456 tempus,

376 5477 670 5546 lndiciique
698 5478 840 5532 diem
881 5476 1149 5531 horrendo
1178 5478 1423 5529 examine
1455 5492 1728 5547 magnum,

369 5571 791 5641 I‘erpetuamque
821 5571 925 5625 reis
951 5569 1176 5624 districti
1203 5568 1397 5637 judicis
1428 5569 1581 5623 iram.

372 5664 433 5713 lCt
460 5677 631 5729 genus
671 5664 959 5715 humanum
992 5660 1239 5715 discretis
1268 5660 1482 5715 sedibus
1511 5676 1691 5726 omne,

373 5750 572 5809 Gaudia
601 5762 907 5810 sanctorum
941 5766 1167 5822 necnon,
1204 5764 1494 5821 poenasque
1520 5751 1803 5807 malorum.
