4220 6454
604 292 704 346 ὓ55

607 404 831 456 Vulnera
864 418 981 458 cum
1014 402 1258 473 lacrymis
1285 404 1488 457 medico
1518 417 1757 457 reserare
1785 417 2039 469 superno,

605 495 708 558 Qui
737 494 873 547 solet
902 494 1081 546 allisos
1109 474 1295 546 sanare
1327 504 1380 547 et
1411 493 1619 545 solvere
1649 493 1874 545 vinctos.

607 588 896 645 Quassatos
933 598 1030 636 nec
1065 583 1173 635 vult
1195 582 1431 635 calamos
1459 582 1749 649 infringere
1788 580 1995 643 dextra,

606 673 711 726 Nec
736 674 825 725 lini
858 672 1066 740 tepidos
1094 672 1250 724 undis
1291 672 1630 734 extinguere
1661 671 1854 723 fumos.

606 761 792 814 Nonne
815 760 1049 827 exempla
1083 761 1174 813 tibi
1209 759 1442 826 pendens
1467 760 1626 812 dabat
1655 759 1705 812 in
1735 772 1894 812 cruce
1920 758 2078 821 latro,

612 853 817 908 l'eccati
847 866 1098 921 minutum
1127 855 1303 908 valeat
1329 852 1597 908 confessio
1625 852 1785 906 vera?

606 946 702 1009 Qui
736 942 833 997 fuit
861 960 1024 1011 usque
1053 960 1266 998 crucem
1312 944 1586 998 sceleratis
1618 944 1810 1010 impius
1840 942 1997 1005 actis,

608 1035 792 1087 Mortis
821 1034 873 1088 in
906 1034 1131 1087 articulo
1159 1034 1250 1087 sed
1280 1034 1441 1088 verba
1473 1035 1741 1101 precantia
1784 1033 2002 1099 clamat,

606 1127 672 1180 Et
699 1128 811 1179 solo
844 1129 1037 1181 meruit
1067 1127 1183 1179 fidei
1215 1140 1460 1179 sermone
1491 1126 1740 1185 salutem.

612 1216 744 1267 tium
776 1215 989 1268 Christo
1012 1224 1066 1268 et
1090 1225 1270 1284 portas
1303 1215 1529 1283 paradisi
1563 1214 1779 1266 intravit
1806 1221 2036 1279 apertas.

612 1306 743 1371 Cur,
770 1323 919 1374 rogo,
951 1322 1120 1370 mens,
1154 1307 1330 1360 tardas
1366 1308 1572 1359 medico
1604 1316 1655 1359 te
1679 1307 1912 1373 pandere
1942 1305 2146 1357 totam?

610 1398 707 1452 Vel
746 1415 840 1452 cur
871 1398 1067 1468 lingua,
1099 1410 1263 1461 taces,
1296 1401 1462 1452 venia:
1490 1398 1612 1450 dum
1646 1409 1854 1465 tempus
1886 1395 2146 1449 habebis?

611 1488 840 1540 Auribus
869 1485 1219 1554 Omnipmens
1252 1498 1302 1539 te
1334 1501 1473 1539 nunc
1498 1470 1725 1538 exaudit
1746 1485 1967 1550 apertis,

612 1580 706 1634 Ille
739 1582 851 1635 dies
880 1581 1078 1645 veniet,
1105 1580 1266 1648 judex
1298 1584 1423 1633 dum
1452 1579 1662 1632 venerit
1689 1577 1859 1644 orbis,

613 1670 839 1724 Debebis
870 1687 969 1739 qua
998 1683 1051 1725 tu
1090 1673 1350 1724 rationem
1382 1669 1604 1723 reddere
1633 1668 1698 1721 de
1728 1678 1799 1721 te.

617 1763 831 1817 Suadeo
858 1764 1155 1830 praevenias
1184 1762 1432 1831 lacrymis
1459 1759 1617 1813 modo
1642 1756 1839 1828 judicis
1868 1754 2020 1808 iram.

614 1854 752 1918 Quid
786 1854 913 1907 tuin
943 1854 1100 1908 sorde
1123 1853 1289 1922 jaces,
1324 1852 1587 1906 scelerqu
1618 1866 1743 1904 caro
1774 1849 1925 1916 plena
1964 1846 2185 1912 piaclis?

619 1946 727 1997 Cur
754 1955 837 1997 tua
871 1960 975 1998 non
1008 1959 1196 2013 purgas
1229 1943 1473 2014 lacrymis
1503 1951 1719 2009 peccata
1746 1939 1994 2008 profusis,

632 2039 696 2090 Et
726 2038 816 2090 tibi
848 2054 950 2090 non
980 2052 1100 2090 oras
1132 2036 1351 2105 placidas
1383 2036 1611 2087 fomenta
1645 2032 1907 2085 medela)?

618 2128 852 2183 Fletibus
881 2127 1109 2180 assiduis
1137 2137 1218 2180 est
1244 2127 1369 2179 dum
1400 2125 1519 2179 data
1560 2124 1725 2194 gratia
1756 2122 1936 2184 flendi,

617 2219 939 2273 I‘mnitnisse
960 2219 1107 2285 juvat
1132 2218 1223 2271 tibi
1255 2232 1394 2270 nunc
1424 2226 1477 2270 et
1507 2215 1636 2269 ﬂere
1665 2213 1877 2268 salubre
1906 2221 2009 2266 est.

614 2310 867 2363 (Etcrnus
901 2309 1056 2362 fuerit
1086 2308 1323 2373 placidus
1357 2321 1407 2361 te
1435 2308 1645 2360 vindice
1672 2306 1859 2372 iudex.

617 2400 726 2454 Nec
761 2400 902 2454 Deus
927 2400 1177 2453 :t-therius
1204 2398 1282 2453 his
1312 2399 1536 2452 crimina
1564 2397 1795 2450 vindicat
1826 2396 1943 2461 ulli,

620 2494 883 2557 Spernere
915 2500 967 2543 tu
998 2490 1104 2544 nuli
1137 2491 1302 2543 veniae
1332 2490 1425 2544 tibi
1459 2496 1699 2556 tempora
1726 2498 1893 2540 certa.

614 2583 817 2647 Quanta
848 2583 997 2635 malis
1031 2589 1278 2635 maneant
1303 2582 1461 2635 etiam
1492 2589 1754 2637 tormenta
1787 2589 2077 2638 memento,

614 2673 708 2727 νει
736 2689 890 2740 quam
919 2672 1275 2726 celsitbronus
1306 2670 1629 2725 metuendus
1657 2670 1723 2722 ab
1753 2683 1877 2722 arce
1923 2669 2183 2735 polorum,

618 2762 881 2815 Adveniet
912 2762 1094 2829 iudex,
1123 2761 1421 2814 mercedem
1453 2759 1679 2813 reddere
1710 2759 1933 2811 cunctis.

617 2851 951 2906 I‘rgrcurreut
976 2851 1123 2904 illum
1163 2852 1243 2904 vel
1268 2849 1438 2918 qualia
1466 2850 1632 2915 signa,
1672 2856 1893 2913 repent-3

618 2941 789 2997 Terra
840 2951 1050 3007 tremet,
1104 2950 1420 3009 montesque
1469 2949 1645 3004 ruent,
1705 2941 1974 3006 collesque
2024 2939 2189 3007 lique-

1850 3031 2042 3103 [scent,

620 3127 682 3179 Ιῗι
708 3139 852 3180 mare
881 3123 1106 3179 terribili
1136 3124 1421 3177 confundet
1455 3138 1726 3177 murmure
1759 3133 1985 3176 mentes.

622 3215 846 3268 Tristius
877 3224 929 3269 et
961 3215 1155 3269 «mlum
1186 3214 1416 3267 tenebris
1446 3214 1724 3267 obducitur
1754 3213 1901 3265 atris.

623 3310 780 3359 Astra
810 3307 1007 3359 cadunt
1034 3306 1193 3359 rutilo
1223 3314 1275 3359 et
1309 3306 1461 3357 Titan
1486 3304 1809 3359 tenebrescit
1839 3304 1891 3357 in
1921 3315 2062 3367 ortu,

619 3396 820 3450 Pallida
847 3406 1158 3451 nocturnam
1192 3411 1286 3450 nec
1318 3405 1531 3463 prmstat
1558 3397 1676 3449 luna
1701 3395 1995 3454 lucernam,

618 3486 692 3540 De
718 3486 856 3541 caalo
879 3488 1093 3540 venient
1138 3495 1193 3539 et
1220 3486 1367 3553 signa
1396 3485 1652 3539 minantia
1693 3500 1938 3539 mortem.

626 3579 758 3631 Tum
783 3594 1033 3646 superum
1065 3577 1240 3631 subito
1267 3578 1443 3630 veniet
1467 3590 1729 3631 commata
1757 3586 2009 3644 potestas,

618 3669 856 3722 (fetibus
897 3666 1152 3731 angelicis
1176 3681 1352 3734 regem
1385 3667 1579 3733 stipata
1623 3679 1934 3733 supernum.

619 3760 715 3815 Ille
737 3761 930 3812 sedens
958 3760 1095 3811 solio
1122 3759 1282 3826 fulget
1313 3757 1557 3811 sublimis
1598 3758 1649 3811 iu
1677 3758 1804 3820 alto,

620 3851 757 3903 Ante
783 3849 930 3900 illum
961 3849 1219 3914 rapimur,
1253 3847 1492 3900 collectis
1523 3848 1756 3915 undique
1781 3845 1993 3907 turmis,

621 3936 880 3991 Iudicium
910 3948 961 3990 tit
989 3938 1167 4007 capiat
1193 3948 1464 4005 gestorum
1494 3938 1721 4005 quisque
1750 3950 1988 3990 suorum.

621 4028 708 4081 Sis
736 4044 939 4082 memor
965 4030 1126 4092 illius,
1157 4030 1244 4096 qui
1279 4038 1391 4081 tum
1423 4044 1586 4095 pavor
1614 4037 1738 4081 ante
1769 4026 2052 4091 tribunal,

628 4118 891 4171 I’ercutiet
921 4120 1145 4186 stupidis
1175 4127 1485 4173 cunctorum
1517 4118 1678 4173 corda
1716 4118 1967 4186 querelis.

623 4208 756 4261 Dum
788 4208 942 4262 simul
974 4210 1264 4262 innumeris
1296 4225 1473 4280 regem
1503 4210 1752 4262 comitata
1784 4209 2053 4275 polorum,

622 4300 875 4367 Angelica
905 4300 1189 4353 advenient
1213 4298 1521 4353 caelestibus
1546 4299 1750 4365 agmina
1784 4298 1988 4350 turmis.

623 4392 796 4455 Atque
827 4403 1011 4442 omnes
1042 4388 1233 4454 pariter
1265 4390 1507 4441 homines
1537 4398 1793 4455 cogentur
1816 4390 2042 4451 adesse;

623 4481 719 4547 Qui
746 4489 887 4541 sunt,
917 4481 1001 4549 qui
1035 4481 1260 4544 fuerant,
1295 4480 1491 4533 fuerint
1522 4481 1602 4532 vel
1634 4479 1831 4545 quique
1866 4477 2048 4542 futuri,

624 4571 931 4638 Cunctaque
957 4582 1271 4624 cunctorum
1302 4571 1510 4623 cunctis
1543 4583 1736 4621 arcana
1769 4567 2048 4636 patebunt.

623 4661 774 4726 Quod
807 4677 920 4727 cor,
944 4660 1141 4730 lingua,
1160 4674 1367 4728 manus,
1400 4660 1699 4714 tenebrosis
1724 4659 1889 4726 gessit
1917 4658 1966 4711 in
2000 4658 2189 4723 antris,

623 4753 691 4808 Et
714 4752 852 4821 quod
893 4767 1030 4805 nunc
1054 4752 1284 4819 aliquem
1313 4750 1677 4805 verecundans
1708 4751 1844 4803 scire
1873 4756 2085 4801 veretur

624 4843 883 4896 Omnibus
914 4844 964 4895 in
996 4843 1170 4910 patulo
1202 4843 1400 4909 pariter
1429 4850 1556 4895 tunc
1581 4841 1717 4896 scire
1747 4840 1953 4896 licebit.

624 4930 844 4997 Insuper
873 4930 1121 4999 impletur
1150 4931 1380 4984 ﬂammis
1420 4932 1692 4985 altricibus
1724 4947 1838 4999 aer,

626 5020 763 5088 Ignis
796 5022 985 5089 ubique
1009 5024 1120 5075 suis
1151 5024 1319 5082 ruptis
1351 5024 1592 5088 regnabit
1628 5021 1870 5076 habenis.

625 5112 684 5164 Et
716 5126 821 5179 quo
851 5126 989 5166 nunc
1012 5126 1101 5165 aer
1131 5112 1395 5181 gremium
1435 5111 1683 5165 diffundit
1706 5115 1885 5177 inane,

625 5211 779 5264 leuca
820 5212 943 5256 tunc
974 5204 1179 5257 sonitus
1212 5203 1493 5271 perfundet
1525 5203 1736 5256 ﬂamma
1770 5207 1990 5263 feroces.

624 5293 898 5347 Festinans
927 5297 1186 5348 scelerum
1214 5309 1381 5348 srevas
1414 5295 1669 5347 ulciscere
1697 5310 1899 5348 causas.

622 5384 728 5438 Nec
751 5385 939 5439 vindex
967 5388 1123 5439 ardur
1149 5387 1401 5453 cuiquam
1437 5397 1563 5438 tunc
1596 5400 1813 5452 parcere
1841 5395 2009 5449 curat,

626 5476 886 5529 Sordibus
916 5478 1123 5529 ablutus
1150 5477 1323 5531 veniat
1365 5477 1461 5529 nisi
1496 5478 1561 5529 ab
1590 5477 1835 5529 omnibus
1866 5478 2012 5529 illuc.

623 5564 770 5619 Tunc
799 5570 964 5621 tribus
997 5580 1051 5621 et
1081 5572 1255 5637 pepuli
1286 5569 1473 5623 ferient
1504 5585 1589 5622 rea
1624 5581 1831 5634 pectora
1866 5569 2080 5637 pugnis.

625 5654 802 5712 Stabit
830 5668 1047 5728 uterque
1079 5661 1234 5714 simul
1264 5660 1530 5730 stupidus,
1561 5674 1866 5731 pauperque
1895 5670 2187 5729 potensque

1277 290 1479 345 BEDAS
1522 288 1972 345 VENERABILIS
2011 287 2159 343 ΟΡΡ.
2200 284 2374 340 PARS
2412 284 2501 338 Ill.
2543 311 2613 324 —-
2650 280 3135 338 PARAENETICA.

2200 401 2244 461 Α
2281 397 2345 448 Et
2372 398 2531 451 miser
2555 404 2606 447 et
2636 396 2804 457 dives,
2834 395 2994 448 simili
3027 395 3227 448 ditione
3258 394 3521 448 timebunt
3550 413 3561 447 :

3746 283 3868 337 (336

2277 487 2491 539 Fluvius
2526 488 2824 551 ignivnmus
2856 487 3080 537 miseros
3111 485 3377 551 torquebit
3403 500 3609 551 amare,

2277 578 2340 629 Et
2369 592 2575 630 vermes
2606 577 2875 629 scelerum
2903 575 3227 628 mordebnnt
3250 575 3434 629 intima
3465 577 3671 631 cordis.

2275 666 2458 719 Nullus
2487 668 2556 720 ibi
2588 666 2791 719 meritis
2813 664 3033 719 confidit
3061 664 3243 733 judice
3277 680 3531 734 praesens,

2275 760 2485 826 Singu'a
2514 761 2605 811 sed
2637 759 2828 812 nimius
2859 760 3121 825 percurrit
3146 767 3359 824 pectora
3387 769 3563 813 terror

2280 852 2344 902 lit
2374 860 2549 916 stupet
2574 852 2797 902 attonito
2825 849 2983 903 simul
3013 849 3170 916 impia
3204 851 3354 902 turba
3389 850 3600 904 timore.

2278 944 2433 1007 Quid,
2466 958 2607 1005 raro,
2633 942 2754 1010 quid
2788 943 2969 1005 facies,
3002 943 3090 996 illa
3120 944 3244 1010 quid
3277 945 3469 998 ﬂebilis
3518 946 3673 1009 liora,

2279 1033 2405 1096 Qum
2432 1036 2596 1084 modo
2629 1048 2704 1084 Vt]!
2737 1028 2928 1085 misera
2954 1033 3154 1087 servire
3186 1033 3401 1087 libidine
3426 1036 3644 1103 gaudes,

2283 1121 2530 1175 Luxuria:
2552 1137 2633 1187 ,ue
2662 1129 2763 1174 tum
2791 1123 3021 1176 stimulis
3052 1131 3105 1176 te
3126 1126 3349 1191 agitabis
3379 1127 3569 1193 acutis,

2286 1211 2442 1278 Ignea
2474 1223 2526 1264 tu
2556 1212 2759 1266 tibimet
2787 1229 2882 1266 cur
2907 1229 3009 1267 non
3043 1224 3302 1268 tormenta
3335 1217 3562 1278 timebis,

2288 1303 2622 1354 limmonibus
2654 1302 2851 1355 dudum
2884 1302 3193 1372 inerantque
3223 1314 3401 1372 parata
3432 1307 3701 1374 malignis.

2283 1392 2411 1457 Qua.-
2440 1402 2690 1459 superant
2718 1407 2906 1445 sensus
2935 1402 3243 1447 cunctorum
3268 1403 3321 1447 et
3347 1394 3481 1446 dicta
3510 1398 3783 1457 virorum.

2285 1481 2390 1534 Nec
2418 1497 2515 1534 vox
2547 1481 2648 1536 ulla
2676 1483 2814 1535 valet
2836 1483 3054 1536 miseras
3082 1485 3289 1537 edicere
3319 1499 3520 1552 pinnas.

2288 1572 2496 1639 Ignibus
2526 1584 2738 1626 sciet-ure
2772 1574 2935 1635 nigris
2965 1574 3075 1626 loca
3109 1573 3262 1641 plena
3289 1575 3567 1642 gehennae,

2287 1661 2504 1726 Frigora
2537 1662 2690 1715 mista
2718 1662 2873 1716 simul
2898 1664 3217 1717 ferventibus
3247 1666 3414 1733 algida
3449 1667 3699 1720 ﬂammis.

2213 1736 2256 1794 Β
2287 1751 2437 1805 Nunc
2478 1753 2665 1804 oculos
2697 1752 2861 1805 nimio
2891 1752 3079 1806 ﬂentes
3102 1754 3289 1807 ardore
3316 1755 3529 1821 camini,

2285 1843 2435 1897 Nunc
2461 1846 2649 1896 iterum
2678 1843 2842 1896 nimio
2869 1844 3155 1897 stridentes
3186 1844 3377 1911 frigore
3409 1846 3610 1899 dentes.

2291 1935 2386 1989 llis
2414 1935 2623 1988 miseris
2652 1934 2859 1987 vicibus
2884 1934 3063 1988 miseri
3094 1935 3372 1988 volvuntur
3399 1938 3448 1988 in
3478 1952 3673 2001 aevum,

2286 2027 2556 2081 Ubscuras
2586 2026 2726 2077 inter
2757 2025 2911 2092 picea
2939 2025 3166 2093 caligine
3194 2036 3400 2080 noctes.

2286 2112 2403 2168 Vox
2437 2115 2523 2167 ubi
2556 2115 2695 2168 nulla
2727 2125 2901 2177 sonat,
2927 2112 3090 2168 durus
3120 2115 3218 2169 nisi
3243 2116 3395 2171 ﬂetus
3416 2117 3633 2187 ubique,

2287 2206 2400 2258 Non
2431 2206 2532 2261 nisi
2563 2215 2820 2259 tortorum
2848 2204 3007 2260 facies
3037 2206 3123 2260 ubi
3164 2206 3400 2261 cernitur
3430 2208 3555 2263 ulla.

2290 2301 2407 2354 Non
2440 2301 2668 2355 sentitur
2693 2302 2761 2354 ibi
2792 2302 3075 2370 quidquam
3104 2302 3203 2355 nisi
3236 2300 3455 2369 frigora,
3481 2302 3719 2357 ﬂammae

2292 2392 2447 2446 Fetor
2475 2402 2529 2447 et
2558 2391 2754 2462 ingenti
2780 2392 3017 2459 complet
3047 2393 3327 2460 putredine
3356 2409 3529 2448 nares.

2286 2486 2357 2536 (is
2394 2499 2604 2553 quoque
2627 2483 2970 2536 ﬂammivom.
2996 2484 3178 2551 lugens
3206 2483 3507 2551 implebitur
3531 2483 3677 2554 igne,

2288 2576 2355 2630 Et
2382 2590 2591 2629 vermes
2620 2576 2853 2630 lacerant
2883 2575 3060 2644 ignitis
3090 2574 3331 2629 dentibus
3355 2589 3495 2631 ossa.

2290 2670 2508 2737 Insuper
2537 2677 2590 2722 et
2624 2679 2806 2735 pectus
2837 2669 2979 2723 curis
3014 2678 3289 2737 torquetur
3314 2670 3531 2735 amaris,

2287 2763 2391 2816 Cur
2416 2775 2541 2816 caro
2570 2761 2844 2814 luxurians
2870 2762 3085 2815 sibimet
3109 2761 3211 2816 sub
3242 2771 3481 2828 tempore
3512 2776 3674 2827 parvo

2290 2859 2421 2906 Atro
2458 2863 2745 2921 perpetuas
2777 2854 3060 2907 meruisset
3086 2867 3303 2907 carcere
3332 2867 3516 2919 pmnas

2288 2943 2443 2996 Lucis
2470 2943 2556 2997 ubi
2588 2944 2797 2997 miseris
2825 2943 2966 2997 nulla
2994 2944 3223 2997 scintilla
3248 2945 3464 2998 relucet.

2293 3034 2397 3086 Nec
2423 3048 2543 3101 pax,
2576 3047 2671 3087 nec
2692 3033 2877 3101 pietas,
2906 3034 3014 3086 itno
3041 3046 3163 3099 spes
3192 3032 3329 3085 nulla
3356 3032 3571 3102 quietis,

2298 3124 2566 3177 Flentibus
2590 3123 2844 3187 arrident,
2876 3122 3080 3193 fugiunt
3109 3123 3294 3176 solatia
3322 3135 3533 3177 cuncta.

2289 3215 2552 3267 Auxilium
2582 3214 2753 3265 nullus
2786 3214 2942 3266 rebus
2978 3213 3252 3281 praestabit
3287 3215 3502 3279 amaris,

2289 3302 2505 3356 Imtitire
2527 3300 2687 3356 facies
2707 3300 2815 3369 jam
2845 3301 2982 3356 nulla
3009 3302 3273 3356 videbitur
3300 3301 3433 3357 illic.

2287 3394 2389 3446 διεδ
2420 3393 2571 3445 dolor
2609 3401 2663 3445 et
2691 3392 2945 3459 gemitus,
2991 3390 3210 3454 stridor,
3255 3406 3421 3460 pavor
3462 3401 3513 3446 et
3544 3391 3703 3445 timor
3736 3392 3880 3448 hor-

3543 3477 3711 3555 [τους.

2292 3572 2494 3635 Τειιιιίπ,
2527 3571 2779 3637 tristitiae,
2808 3578 2952 3634 trux,
2986 3570 3301 3635 indignatio,
3332 3569 3572 3641 languor.

2293 3664 2647 3729 Errantesque
2676 3662 2888 3724 animae,
2925 3659 3153 3714 ﬂammis
3177 3659 3228 3712 in
3257 3674 3474 3713 carcere
3501 3674 3669 3716 cmco.

2290 3756 2458 3808 Noxia
2488 3764 2608 3807 tunc
2630 3753 2786 3819 hujus
2808 3753 3092 3805 cessabunt
3112 3750 3298 3821 gaudia
3327 3752 3469 3804 saecli
3489 3792 3504 3812 .

2292 3845 2554 3907 Ebrietas,
2589 3846 2782 3908 epulo),
2812 3842 2972 3909 risus,
3018 3844 3330 3912 petulantia,
3360 3844 3532 3909 jocus,

2293 3936 2411 3989 Dira
2439 3938 2659 4004 cupido,
2695 3946 2851 3988 tenax
2898 3934 3073 3995 luxus,
3105 3933 3360 3988 scelerata
3392 3934 3577 3995 libido,

2290 4026 2524 4077 Somnus
2549 4024 2715 4085 iners,
2756 4033 3044 4089 torporque
3072 4024 3270 4090 gravis,
3301 4023 3502 4076 desidia
3532 4024 3705 4094 pigra,

2292 4114 2500 4167 Illicitut
2527 4113 2776 4182 quidquid
2819 4113 2975 4165 modo
3003 4113 3280 4166 delectatio
3310 4115 3505 4178 carnis,

2296 4209 2359 4257 Et
2387 4221 2525 4259 caeca
2556 4206 2814 4258 scelerum
2847 4206 3037 4269 mergit
3061 4205 3323 4273 vertigine
3345 4214 3598 4259 mentem.

2292 4296 2441 4349 Tunc
2468 4294 2625 4348 caecis
2657 4303 2859 4363 merget
2888 4294 3120 4347 ﬂammis
3148 4296 3263 4347 sine
3302 4295 3409 4348 fine
3453 4295 3712 4347 misellus.

2297 4384 2435 4438 Felix
2474 4398 2507 4437 ο
2533 4384 2773 4446 nimium,
2801 4397 3114 4452 semperque
3136 4384 3185 4438 in
3216 4386 3405 4438 saecula
3434 4384 3553 4437 felix

2292 4477 2389 4542 Qui
2417 4476 2532 4528 illas
2570 4475 2788 4541 effugiet
2832 4490 3106 4541 poenarum
3140 4489 3390 4544 prospere
3418 4475 3617 4539 clades,

2290 4570 2419 4622 Cum
2459 4570 2763 4635 sanctisque
2793 4567 2950 4622 simul
2986 4568 3194 4624 lzetatur
3222 4571 3271 4622 in
3301 4570 3476 4623 omnia
3518 4570 3673 4624 saecla
3700 4571 3721 4624 ε

2290 4658 2617 4727 Coniunctus
2642 4658 2857 4712 Christo
2886 4658 3125 4712 caelestia
3155 4673 3313 4727 regna
3345 4658 3563 4713 tenebit.

2291 4752 2402 4806 Nox
2427 4750 2514 4805 ubi
2541 4752 2680 4804 nulla
2719 4750 2860 4819 rapit
2903 4749 3237 4817 splendorem
3274 4752 3403 4804 lucis
3429 4764 3673 4811 nmmum,

2293 4843 2407 4897 Non
2431 4842 2584 4896 dolor
2613 4850 2703 4894 aut
2732 4840 2962 4907 gemitus
2993 4841 3191 4903 veniet,
3226 4855 3323 4893 nec
3350 4841 3487 4893 fessa
3515 4853 3786 4895 senectus.

2292 4933 2403 4985 Non
2428 4932 2560 4994 sitis,
2591 4931 2817 4996 esuries,
2846 4944 3069 4984 somnus
3095 4937 3149 4983 et
3178 4944 3282 4983 nun
3317 4930 3465 4982 labor
3487 4930 3641 4983 ullus.

2298 5022 2411 5075 Non
2446 5021 2628 5083 febris,
2673 5020 2862 5082 morbi,
2906 5019 3105 5083 clades,
3139 5034 3241 5072 nou
3274 5018 3495 5087 frigora,
3537 5020 3784 5085 ﬂammm,

2289 5116 2490 5177 Taedia,
2530 5113 2782 5178 tristitiae,
2815 5127 2975 5176 curae,
3018 5120 3303 5174 tormenta,
3336 5111 3524 5174 ruinae,

2297 5206 2564 5269 Fulmina,
2595 5206 2833 5268 nimbus,
2863 5204 3051 5269 hiems,
3085 5205 3301 5268 tenitru,
3333 5205 3443 5267 uix,
3475 5202 3702 5271 grando,
3736 5220 3860 5267 μοι·-

2992 5310 2995 5313 ·
3538 5291 3718 5363 [ceﬂa,

2290 5387 2485 5455 Angor,
2509 5396 2812 5454 paupertas,
2842 5400 3061 5449 mmor,
3090 5400 3254 5448 mors,
3283 5399 3459 5447 casus,
3488 5392 3700 5451 egestas

2291 5477 2392 5529 Sed
2425 5492 2523 5543 pax
2552 5486 2605 5530 et
2631 5478 2819 5543 pictis,
2851 5476 3076 5541 bonitas,
3109 5476 3373 5543 opulentia
3408 5484 3617 5539 regnat,

2291 5568 2513 5628 tiaudia,
2544 5569 2760 5631 lmtitire,
2803 5569 2988 5629 virtus,
3018 5567 3127 5632 lux,
3165 5568 3266 5618 vita
3301 5566 3573 5633 perennis.

2292 5658 2490 5726 Gloria,
2523 5658 2653 5722 laus,
2686 5657 2918 5727 requies,
2940 5656 3112 5711 honor
3134 5666 3184 5713 et
3212 5656 3493 5712 concordia
3514 5654 3713 5722 dulcis,
