4220 6454
445 300 542 354 £5?
1533 297 1727 353 SECT.
1772 301 1856 354 Ill.
1896 333 1966 343 —
2003 305 2306 360 CARMINA
2353 307 2576 366 DUBM.‘
3576 321 3682 374 653

437 414 655 476 Insuper
681 426 843 464 omne
875 410 1068 463 bonum
1101 413 1304 465 cunctis
1337 411 1476 466 Deus
1501 413 1612 481 ipse
1640 416 1928 468 ministrat.

436 503 657 570 Semper
695 501 845 554 adest
897 518 1150 570 przcsens,
1183 514 1406 557 cunctos
1449 505 1616 568 fovet,
1664 507 1868 574 implet,
1901 509 1996 557 ho-

1809 595 2000 667 [nnt‘at,

436 661 732 720 Glorilicat,
764 669 961 724 servat,
991 673 1296 726 veneratur,
1324 664 1514 727 diligit,
1548 673 1723 728 ornat,

437 752 677 805 Collocat
708 752 1028 813 Altitbrono,
1049 745 1302 818 lzetosque
1334 753 1384 806 in
1417 753 1545 806 sede
1577 756 1840 820 polorum,

441 845 662 898 Prminia
695 843 961 912 perpetuis
995 845 1206 896 tradens
1237 846 1476 898 ecetestia
1507 846 1682 899 donis.

442 932 716 999 Angelicas
745 933 884 986 inter
910 943 1111 986 turmas
1139 945 1452 1002 sanctasque
1476 936 1746 990 cohortes.

437 1021 686 1076 Vatidicis
705 1023 916 1090 junetos
943 1025 1254 1090 patriarchis
1282 1036 1440 1093 atque
1471 1027 1761 1093 pr0phetis,

433 1113 574 1166 Inter
598 1114 914 1178 apostolicos
949 1117 1142 1168 animis
1172 1117 1474 1171 laetantibus
1501 1133 1674 1171 arces.

430 1207 602 1269 Atque
634 1203 768 1256 inter
797 1205 965 1256 roseis
994 1207 1329 1272 splendentia
1358 1217 1530 1261 castra
1565 1212 1868 1274 triumphis,

432 1293 664 1346 Candida
697 1296 932 1359 virgineo
962 1297 1118 1348 simul
1151 1298 1287 1351 inter
1316 1302 1522 1365 agmina
1559 1301 1710 1352 flore.

432 1383 558 1446 Quae
589 1385 747 1437 trahit
776 1386 912 1438 alma
944 1386 1034 1438 Dei
1068 1387 1334 1452 Genitrix,
1366 1391 1444 1456 pia
1472 1391 1619 1459 virgo
1649 1391 1830 1450 Maria.

435 1473 534 1526 l’er
570 1473 843 1527 benedicta
879 1476 1043 1529 Patris
1071 1477 1288 1544 fulgenti
1325 1496 1479 1545 regna
1515 1492 1722 1547 paratu.

435 1559 575 1614 Inter
599 1571 652 1615 et
681 1564 926 1616 Ecelesim
955 1575 1187 1628 saucios,
1217 1577 1492 1635 natosque,
1524 1581 1806 1639 patresque

429 1646 568 1702 Inter
597 1659 652 1704 et
680 1653 952 1705 mlherium
985 1654 1187 1707 caelesti
1224 1672 1352 1720 pace
1391 1670 1650 1711 senatum.

427 1737 560 1803 Quid
592 1756 741 1808 rogo,
773 1743 896 1809 quid
929 1743 1150 1807 durum,
1189 1745 1348 1799 Sicclo
1374 1760 1624 1799 eousetur
1655 1750 1703 1800 in
1738 1751 1859 1814 isto.

2029 426 2076 480 Α
2110 419 2281 486 thue
2313 421 2428 474 illas
2458 424 2595 476 inter
2626 424 2781 477 liccat
2812 424 3048 482 habitare
3079 430 3357 494 cohortes,

2112 510 2338 564 Sedibus
2362 521 2415 566 et
2439 529 2686 581 superum
2717 531 2928 582 semper
2952 521 3185 588 gaudere
3211 523 3399 576 beatis.

2110 602 2430 660 Incolumem
2465 607 2589 659 mihi
2623 618 2674 663 te
2703 610 2897 663 Christi
2927 613 3233 666 charissima
3265 616 3460 681 proles,

2111 696 2376 767 Protegat,
2407 707 2460 751 et
2491 700 2646 753 faciat
2675 717 2889 768 semper
2919 705 3034 757 sine
3065 704 3168 757 fine
3193 705 3426 771 beatam,

2110 786 2294 855 Meque
2326 790 2429 843 tuis
2460 789 2668 842 Christo
2703 793 2944 855 precibus
2974 795 3282 846 commenda
3327 797 3590 865 benignis.

2599 898 2858 968 (Precatio
2884 902 2951 952 ad
2985 903 3190 973 Deum.)

2111 1003 2221 1059 Rex
2252 1005 2389 1058 Deus
2415 1006 2656 1060 immensi
2688 1024 2792 1076 quo
2815 1019 3024 1061 constat
3059 1011 3296 1062 machina
3324 1012 3527 1072 mundi,

2108 1095 2256 1158 Quod
2291 1098 2453 1150 miser
2485 1098 2712 1164 imploro
2745 1114 2837 1165 per
2864 1099 3136 1152 Christum
3171 1111 3220 1152 te
3268 1101 3353 1168 pie
3398 1103 3632 1156 clemens
3659 1119 3670 1153 :

2112 1187 2180 1240 Da
2207 1187 2416 1255 vigilem
2449 1204 2681 1252 sensum,
2713 1189 2820 1242 Rex
2851 1206 3033 1256 regum
3063 1201 3251 1243 cuncta
3277 1190 3600 1256 gubernans,

2110 1275 2202 1340 Da,
2234 1292 2441 1341 precor,
2487 1278 2776 1343 ingenium,
2809 1280 2872 1332 da
2919 1281 3109 1331 mentis
3144 1279 3317 1330 lumen
3368 1281 3668 1333 honestum.

2105 1370 2186 1420 Sit
2217 1368 2343 1420 mihi
2378 1380 2515 1421 recta
2551 1370 2700 1434 lich,
2733 1378 2787 1423 et
2815 1370 2960 1422 falsis
2987 1371 3141 1423 obvia
3174 1371 3354 1434 sectis,

2104 1458 2183 1512 Sit
2213 1460 2340 1512 mihi
2384 1460 2648 1528 prmciptie
2674 1475 2880 1513 morum
2913 1462 3174 1513 correctio
3207 1476 3460 1528 przesens,

2101 1549 2212 1602 Sint
2250 1553 2462 1612 chartis,
2499 1553 2730 1616 humilis,
2755 1568 2939 1608 verax.
2969 1567 3086 1604 cum
3140 1562 3375 1616 tempore
3415 1552 3662 1619 prudens,

2102 1639 2305 1693 Seereti
2337 1640 2548 1705 tacitus,
2578 1651 2633 1695 et
2663 1643 2856 1710 lingua:
2889 1644 3111 1695 fulmine
3140 1653 3345 1708 cautus,

2031 1746 2070 1801 Β
2105 1731 2173 1782 Da
2205 1730 2364 1783 (idum
2395 1733 2597 1786 socium
2618 1771 2632 1795 ,
2660 1733 2722 1785 da
2755 1733 2913 1785 fixum
2943 1747 3158 1801 semper
3185 1733 3436 1786 amicum.

458 1861 3664 1898 .___________._______________________________________

1687 1956 2372 2064 APPENDIX.

1605 2180 2057 2260 CABMINA
2113 2186 2454 2262 DUBIA.

491 2309 766 2364 llYMNUS
810 2292 1084 2366 primus;
1114 2312 1185 2366 De
1222 2313 1486 2365 duodecim
1509 2314 1668 2380 siqnis
1699 2315 1916 2369 zodiaci.

422 2404 628 2460 Primus
657 2402 804 2455 adest
830 2403 999 2464 Aries,
1031 2404 1257 2456 obscuro
1285 2405 1480 2458 lumine
1514 2405 1714 2464 labens,

421 2473 690 2528 Proximat
721 2473 840 2524 inde
869 2487 1099 2540 sequens
1133 2475 1366 2541 projeeto
1392 2489 1618 2539 corpore
1652 2477 1881 2540 Taurus,

423 2545 511 2598 Sic
536 2543 730 2608 gemini
772 2543 970 2611 fulgent
995 2544 1258 2610 iactantes
1289 2547 1503 2596 orbibus
1536 2545 1733 2606 iuueni,

421 2613 640 2667 Aistil'er
667 2621 748 2664 est
775 2613 1008 2674 pandens
1043 2615 1293 2665 ferventia
1325 2615 1497 2664 sidera
1526 2613 1738 2677 Cincri,

421 2683 570 2736 lliinc
595 2681 775 2733 suhter
803 2683 1010 2748 fulgens
1042 2697 1206 2747 serpit
1233 2684 1310 2734 vis
1337 2693 1481 2734 torva
1518 2683 1730 2742 Leonis,

421 2756 584 2816 Quem
617 2750 774 2821 rutilo
801 2755 1038 2812 seiuitur
1069 2753 1334 2805 collucens
1363 2768 1587 2818 corpore
1618 2753 1796 2821 Virgo.

420 2821 550 2874 Exin
581 2819 826 2886 projectm
850 2822 993 2874 claro
1016 2822 1298 2874 colluntine
1321 2823 1521 2876 Cttelm.

419 2891 564 2957 Ipsas
592 2892 935 2958 Consequitur
965 2893 1142 2944 lucens
1172 2895 1248 2943 vis
1277 2908 1463 2957 inagna
1495 2891 1693 2959 Nepmi,

421 2960 545 3014 Inde
577 2959 955 3027 Sugittipotens
980 2963 1160 3014 dextra
1193 2962 1388 3018 flexum
1422 2973 1561 3014 tenet
1592 2977 1798 3025 arcum,

419 3031 544 3084 Post
575 3031 714 3081 hunc
743 3031 1006 3084 citritifero
1033 3031 1386 3094 Capricornus
1420 3033 1612 3085 lumine
1643 3038 1835 3099 pergit,

420 3099 676 3152 "umidus
700 3113 752 3152 at
781 3103 884 3152 lato
913 3103 1133 3154 collucet
1167 3105 1426 3170 Aquarius
1456 3104 1608 3164 orbe,

417 3171 783 3236 Sqnammifet'i
818 3181 1064 3238 rectoque
1096 3169 1276 3224 natant
1306 3186 1425 3224 tunc
1455 3172 1638 3224 ordine
1676 3169 1872 3225 PiSrcs.

1957 3287 3024 3311 mw

2487 2339 2760 2395 HYMNUS
2801 2339 2863 2394 ll.
2915 2338 2992 2392 De
3020 2341 3276 2395 mtatibur.

2089 2471 2197 2524 'l‘er
2224 2471 2375 2525 binos
2399 2472 2679 2538 deciesque
2721 2485 2907 2524 novent
2937 2487 3097 2536 super
3125 2471 3234 2524 exit
3266 2472 3316 2522 in
3350 2485 3520 2524 annos

2087 2541 2235 2593 Justa
2267 2553 2636 2594 senescentqu
2667 2557 2798 2609 quos
2824 2543 3000 2603 implet
3028 2543 3131 2592 vita
3164 2543 3413 2606 virorum,

2092 2611 2198 2663 Hos
2228 2614 2408 2664 novies
2440 2621 2652 2675 superat
2686 2609 2907 2664 vivendo
2934 2612 3140 2672 garrula
3170 2609 3385 2674 Cornix,

2089 2681 2155 2732 Et
2182 2691 2366 2747 quater
2388 2684 2658 2749 egreditur
2683 2683 2910 2733 cornicis
2933 2683 3123 2732 Saecula
3156 2684 3377 2744 Cervus,

2089 2750 2394 2818 Aﬂripedem
2425 2766 2640 2803 cervum
2675 2763 2751 2804 ter
2781 2752 2934 2802 vincit
2969 2751 3167 2803 Corvus
3195 2762 3248 2803 et
3277 2753 3420 2804 illmu

2087 2820 2393 2887 Multiplieat
2425 2823 2605 2872 novies
2642 2822 2856 2873 Pltmnix
2893 2821 3200 2885 reparabilis
3230 2821 3350 2872 Ales
3376 2863 3390 2884 ,

2087 2892 2253 2954 Quem
2287 2906 2382 2942 nos
2413 2902 2665 2956 perpetuo
2689 2891 2867 2943 decies
2894 2894 3259 2956 pnevertimus
3291 2905 3406 2941 :evo

2089 2960 2342 3031 Nympltze
2375 2961 2767 3028 "amadryades
2798 2975 3033 3031 quarum
3067 2960 3370 3031 longissima
3403 2959 3503 3011 vita
3550 2964 3637 3012 est

2090 3029 2211 3082 liiec
2247 3031 2461 3084 Coliiteet
2493 3031 2609 3081 linis
2641 3029 2839 3081 vivacia
2874 3029 3004 3080 freta
3036 3029 3383 3084 animantum.

2087 3103 2289 3155 (la-tera
2320 3099 2514 3154 secreti
2543 3102 2685 3153 novit
2713 3099 2851 3152 Deus
2881 3101 3078 3152 arbiter
3107 3103 3224 3152 aevi.

1468 3381 2024 3460 DIONYSIUS
2092 3378 2220 3453 DE
2277 3378 2611 3454 ANNIS.

417 3515 548 3569 Anni
580 3515 789 3569 Domini
821 3523 1074 3569 notantur
1114 3518 1164 3564 in
1194 3514 1437 3579 praesenti
1473 3514 1630 3577 linea,

415 3588 543 3638 Cum
576 3591 823 3638 misertus
851 3587 1029 3636 mundi
1079 3586 1330 3636 Dominus
1377 3585 1440 3634 ad
1475 3586 1703 3636 tollenda
1751 3585 1975 3637 erimina

412 3657 572 3710 Natus
605 3658 762 3710 homo
791 3657 875 3708 ltic
905 3656 1180 3718 processit,
1213 3664 1399 3706 natura
1433 3655 1606 3706 ferens
1637 3656 1868 3708 viscera.

762 3747 840 3797 Ad
882 3746 1205 3798 indictione»:
1238 3744 1610 3797 inveniendam.
1649 3760 1653 3764 '

413 3826 545 3878 Tres
573 3839 779 3891 appone
807 3826 958 3877 anuis
988 3824 1181 3876 Christi
1208 3839 1302 3888 pro
1331 3824 1702 3877 indictionibns

415 3895 725 3961 llegiilates,
757 3903 810 3946 et
840 3896 1031 3957 partire
1061 3909 1152 3956 per
1174 3893 1497 3960 quiudcnum
1531 3909 1832 3955 numerum,

414 3968 629 4032 Absque
663 3979 808 4016 mora
840 3973 962 4016 tunc
991 3963 1190 4014 videbis
1217 3964 1332 4030 quis
1364 3967 1433 4015 sit
1459 3963 1576 4030 ejus
1608 3979 1886 4018 numerus.

802 4054 1016 4120 Quando
1046 4054 1275 4108 Christus
1316 4064 1462 4108 natus
1496 4055 1577 4107 sit.

409 4137 602 4200 Quarta
634 4144 714 4188 est
751 4135 1037 4186 indictione
1065 4143 1213 4185 natus
1243 4133 1480 4186 Christus
1513 4133 1793 4199 Dominus;

411 4208 532 4259 Ideo
567 4215 672 4257 tres
694 4213 1028 4270 apponuntur
1060 4218 1154 4269 pro
1185 4203 1580 4264 indictiouibns,

409 4277 483 4330 De
513 4275 663 4329 denis
692 4273 897 4326 duobus
919 4273 1114 4326 Christi
1141 4272 1208 4324 de
1239 4287 1493 4324 annorum
1525 4289 1770 4327 numero.

726 4365 803 4417 ΑΛ
847 4363 1159 4431 probandam
1210 4360 1648 4416 lncarnationem.

405 4446 629 4498 Ordines
657 4441 998 4497 indictionum
1024 4440 1196 4494 divide
1226 4456 1316 4506 per
1343 4440 1643 4508 quindecim
1671 4481 1684 4501 ,

403 4512 459 4569 In
486 4516 566 4568 his
597 4525 767 4566 autem
801 4514 1062 4578 regulares
1095 4512 1226 4562 adde
1256 4509 1421 4562 denos
1448 4522 1501 4562 et
1529 4511 1689 4572 duos,

406 4586 645 4639 Praesens
671 4585 791 4636 anui
822 4593 1116 4648 apponatur
1149 4581 1366 4632 indit-tio
1392 4579 1610 4633 ibidem.

797 4672 874 4725 Ad
902 4671 1277 4726 exhortandum
1317 4671 1570 4724 lectorem.

2007 3513 2050 3573 (ἶ
2087 3510 2280 3560 llnrum
2311 3518 2551 3575 quartam
2587 3508 2667 3560 his
2693 3521 2898 3574 appone.
2924 3519 3180 3557 annorum
3211 3504 3296 3572 qui
3332 3503 3529 3557 fuerint

2085 3578 2378 3646 ltegulares
2402 3581 2537 3631 adde
2563 3589 2768 3647 quater,
2801 3592 2893 3644 per
2920 3587 3166 3640 septenos
3198 3577 3399 3627 divide.

2665 3668 2792 3720 Item
2821 3678 2871 3718 ut
2897 3684 3073 3733 wpra.

2078 3761 2222 3814 Tene
2243 3770 2420 3814 autem
2456 3775 2594 3813 nouo
2616 3776 2827 3826 semper
2853 3759 3116 3813 Kalendas
3151 3759 3431 3824 Aprilium.

2079 3832 2231 3884 Feria
2262 3848 2377 3898 qua:
2408 3848 2528 3883 esse
2557 3843 2767 3884 constat
2807 3832 2952 3882 locus
2983 3841 3431 3886 concurrentium.

2074 3903 2333 3955 Crescunt
2373 3906 2563 3968 quibus
2596 3918 2644 3953 ιιι
2675 3901 2860 3954 diebus
2897 3916 2988 3966 per
3035 3909 3310 3964 septenum
3344 3913 3642 3954 numerum.

2326 3989 2400 4042 De
2433 3990 2572 4059 cyclo
2621 3992 2743 4043 solis
2783 4006 2928 4058 quem
2971 3991 3184 4057 gradum
3218 4001 3399 4042 teneat.

2075 4084 2206 4135 ()cto
2233 4099 2401 4135 annos
2436 4085 2798 4136 subtrahendo
2826 4100 2918 4149 pro
2946 4085 3103 4136 solari
3134 4085 3354 4145 circulo.

2076 4152 2177 4205 Per
2207 4156 2423 4220 vigenos
2451 4164 2500 4204 et
2529 4163 2750 4208 octonos
2781 4156 3014 4221 reliquos
3045 4155 3321 4216 diiiseris,

2074 4223 2343 4277 litvenisse
2385 4233 2434 4276 te
2462 4224 2715 4289 gaudebis
2755 4226 2830 4276 sic
2859 4226 3084 4277 sidarem
3117 4228 3395 4278 circulum.

2425 4313 2502 4364 Ad
2534 4314 2846 4380 probandam
2893 4323 3288 4366 concurrentcm.

2075 4399 2341 4455 Circulum
2371 4415 2417 4454 ei
2453 4404 2588 4455 hunc
2619 4407 2842 4456 sotarem
2875 4404 3053 4456 ditide
3099 4419 3190 4470 per
3217 4415 3464 4469 quatuor.

2075 4471 2305 4525 Tandem
2334 4485 2570 4540 quartam
2600 4473 2713 4539 ejus
2749 4489 2947 4540 partem
2978 4475 3147 4526 cidem
3193 4476 3429 4539 adjici-it,

2077 4542 2174 4594 Per
2205 4554 2454 4611 septenos
2484 4543 2788 4607 dividendo,
2819 4559 3140 4597 concurrens
3172 4544 3459 4602 int-enitor,

2426 4653 2503 4704 Ad
2530 4653 2726 4718 c_.;clum
2751 4656 2886 4704 (ante
2913 4654 3283 4705 inveniendum.

2073 4740 2266 4809 Cyclits
2296 4741 2432 4794 lunm
2456 4754 2646 4809 quotus
2675 4751 2847 4794 exstat
2873 4744 2914 4794 si
2952 4748 3091 4795 scire
3119 4743 3411 4802 desideras.

408 4764 678 4817 Calculum
709 4764 796 4830 qui
829 4765 992 4816 lector
1022 4766 1159 4814 scire
1192 4762 1374 4815 studes
1405 4772 1580 4814 mente
1625 4773 1862 4830 strenua,

406 4836 628 4908 Ordines
659 4833 1164 4908 indictionumualiae
1187 4843 1325 4908 stent
1357 4835 1647 4908 meruerim,
1994 4851 2046 4908 ο

405 4907 532 4968 uiue
557 4906 601 4957 si
629 4905 802 4956 absint
825 4904 948 4955 anni
974 4902 1166 4955 Christi
1196 4904 1406 4954 amittes
1432 4901 1659 4970 ignavia.

748 4995 828 5046 Ad
865 5004 1067 5059 epactas
1101 4991 1236 5045 lunae
1265 4994 1609 5047 inveniendus.

405 5070 505 5124 Per
547 5086 778 5125 novenos
812 5083 970 5140 atque
1009 5073 1174 5125 denos
1201 5088 1368 5126 annos
1399 5073 1590 5126 Christi
1625 5074 1821 5131 divide.

405 5143 462 5213 lit
488 5144 624 5210 quod
653 5143 734 5195 his
763 5145 1156 5209 superabundat
1186 5143 1410 5195 extende
1445 5160 1536 5208 per
1566 5147 1833 5213 undecim,

402 5211 502 5264 l’er
531 5213 736 5281 triginta
765 5213 1040 5282 partiendo
1069 5225 1282 5280 epactas
1314 5214 1571 5280 reperies.

959 5300 1089 5356 Item
1135 5313 1185 5355 ut
1226 5321 1402 5370 supra.

401 5380 882 5438 Deeeunoveualem
915 5384 1131 5437 Pascha:
1157 5401 1316 5438 unum
1347 5396 1543 5439 tantum
1571 5389 1842 5445 subtrahe.

401 5453 496 5522 l’er
526 5454 760 5508 undenos
791 5458 1087 5522 ampliahis,
1116 5471 1208 5520 per
1240 5459 1449 5521 triginta
1494 5460 1688 5522 divide,

399 5521 646 5590 Epactain
693 5526 856 5593 ipsius
884 5521 1006 5578 anni
1043 5537 1276 5591 protinus
1307 5531 1566 5583 invenies.

772 5616 851 5670 Ad
876 5627 1075 5685 epactas
1103 5617 1224 5669 solis
1249 5618 1594 5674 inveniendus.

399 5690 496 5748 l’ro
522 5697 720 5764 epactis
748 5713 971 5765 namque
999 5699 1125 5752 solis
1154 5711 1302 5752 sume
1333 5715 1497 5754 annos
1527 5701 1752 5756 Domini.

2079 4813 2216 4863 Unus
2245 4828 2411 4862 annos
2441 4828 2651 4876 semper
2681 4816 2832 4864 deme
2863 4815 2928 4863 de
2957 4828 3205 4878 supremo
3238 4828 3456 4864 numero
3477 4852 3490 4873 ,

2075 4879 2175 4934 Per
2203 4895 2435 4932 novenos
2481 4882 2633 4932 simul
2665 4883 2831 4934 denos
2867 4883 3065 4934 divisus
3095 4885 3380 4948 repetitur.

2250 4972 2328 5024 Ad
2359 4973 2552 5040 ryclunt
2582 4972 2826 5024 decimum
2855 4989 3045 5026 nonum
3085 4975 3452 5025 inveniendum.

2074 5063 2238 5114 Annis
2267 5062 2460 5116 Christi
2495 5079 2653 5114 unum
2688 5073 2886 5115 tantum
2931 5066 3029 5116 rite
3055 5064 3098 5116 si
3127 5064 3413 5129 addideris,

2071 5133 2171 5185 l’er
2204 5149 2439 5183 novenos
2466 5147 2622 5200 atque
2651 5133 2816 5184 denos
2851 5139 3044 5200 pariter
3074 5136 3349 5196 diviseris,

2072 5203 2488 5255 Decetttiovalem
2517 5205 2723 5271 cyclum
2757 5208 2996 5255 ultimum
3030 5206 3286 5270 reperies.

2565 5293 2638 5344 De
2682 5292 2789 5344 loco
2818 5305 3132 5359 epuctaruui.

2067 5383 2377 5451 Epactaritm
2425 5385 2570 5436 locus
2598 5394 2737 5448 patet
2769 5385 2936 5435 facilis
2967 5394 3018 5436 ct
3049 5385 3382 5445 commodus,

2070 5455 2126 5506 In
2161 5458 2437 5506 Undecimo
2481 5454 2741 5506 Kalendas
2774 5469 2970 5519 positus
3007 5459 3282 5517 Apraltttiii.

2069 5527 2122 5576 In
2153 5541 2254 5592 quo
2282 5528 2398 5575 luna
2429 5542 2546 5574 etim
2577 5540 2759 5590 cpacia
2807 5538 3111 5591 cna-quatur
3143 5540 3411 5576 numerus.

2419 5612 2544 5665 Item
2566 5615 2625 5665 de
2653 5619 3033 5681 quatuordcciot
3063 5628 3273 5682 Cptlt'lts.

2066 5707 2258 5772 Quarta
2287 5708 2486 5763 decima
2518 5721 2719 5777 epacta,
2749 5728 2867 5767 cum
2903 5723 3108 5769 leuetur
3137 5715 3360 5778 circulo,
