4220 6450
556 435 810 497 Quartana
841 428 1094 481 decimam
1125 425 1334 479 undeno
1361 423 1620 478 Kalendas
1654 421 1932 497 Aprilium,

556 491 880 570 Computare
911 501 1085 551 lunam
1114 497 1256 563 cogit
1284 497 1398 562 lege
1443 505 1648 561 patrum
1688 491 1967 546 sancitum.

987 587 1202 652 Quando
1232 594 1422 651 epactm
1445 592 1695 637 crescunt.

557 680 690 734 Nam
717 687 915 747 epactte
939 696 1058 733 cum
1083 687 1330 732 crescunt
1365 679 1427 728 ad
1459 674 1781 737 quindenum
1813 684 2116 747 munerum,

559 742 928 803 Duodenaruui
962 749 1422 814 Kalendarumque
1453 747 1684 810 itemque
1731 742 2012 814 Aprilium,

562 818 814 885 Quartam
849 820 1106 872 decimam
1151 813 1355 870 tenebis
1384 816 1561 868 lunam
1589 816 1702 866 sine
1727 813 1905 866 dubio.

1011 907 1088 960 De
1111 906 1432 974 paucioribus
1453 904 1660 974 epactis.

560 999 843 1055 Pauciores
869 1000 977 1068 jam
1009 1000 1209 1066 epactis
1249 1001 1526 1068 observata
1555 994 1753 1068 regula,

555 1071 814 1124 Crescere
844 1085 936 1136 per
965 1071 1077 1123 dies
1117 1071 1233 1122 sine
1259 1083 1422 1133 usque
1452 1067 1710 1136 decimam
1741 1069 2010 1129 quartam,

555 1139 676 1206 Ipsa
701 1141 804 1194 erit
824 1134 981 1206 quam
1009 1139 1290 1208 qumrebas
1323 1137 1507 1206 legalis
1550 1134 1803 1202 legitima.

1049 1229 1126 1281 De
1155 1229 1385 1297 pluribus
1415 1225 1624 1294 epartis.

557 1319 724 1388 Porro
750 1320 928 1388 plures
959 1334 1000 1373 sn
1033 1320 1280 1372 dicuntur
1309 1318 1441 1370 ultra
1473 1312 1908 1388 quindenarium,

559 1387 678 1452 Ipso
701 1387 920 1442 numero
949 1389 1175 1443 ascende
1210 1402 1376 1454 usque
1405 1387 1769 1454 trigenariuin.

559 1449 651 1513 Sic
678 1460 742 1512 ad
773 1473 961 1513 novam
995 1449 1381 1512 inchoando'ad
1416 1449 1716 1522 pascltalem
1744 1449 2048 1504 terminum.

1019 1548 1215 1617 Regula
1252 1547 1418 1617 prima
1457 1544 1664 1596 mensis.

561 1637 763 1691 Pascha
792 1648 1032 1691 nostrum
1077 1637 1227 1703 primi
1260 1634 1459 1688 mensis
1485 1643 1565 1686 est
1598 1628 1820 1683 tenenda
1848 1624 2053 1694 regula,

561 1707 843 1760 Chrisdani
873 1717 988 1772 post
1015 1718 1224 1772 peracta
1260 1706 1380 1757 luna
1423 1703 1624 1772 decima
1655 1708 1861 1765 quarta,

563 1771 907 1844 Equinoctio
945 1771 1252 1828 transcenso
1283 1777 1334 1826 iu
1362 1775 1449 1826 die
1482 1771 1771 1822 Dominico.

817 1865 952 1932 Quid
993 1867 1121 1917 inter
1149 1865 1338 1932 Azyma
1367 1873 1414 1914 et
1458 1861 1658 1913 Pascha
1700 1860 1867 1910 distet.

560 1956 704 2011 Inter
734 1959 927 2026 Azyma
956 1967 1007 2011 et
1037 1957 1232 2009 Pascha
1261 1955 1373 2026 haec
1398 1949 1800 2026 estAdill'erentia
1832 1966 1843 2000 :

565 2027 781 2080 Pascha:
805 2021 918 2080 dies
945 2035 1027 2080 est
1057 2026 1280 2077 tenenda
1311 2025 1430 2076 luna
1463 2021 1666 2074 decima
1697 2029 1908 2087 quarta,

562 2105 880 2167 Azymorum
906 2097 994 2165 qui
1032 2105 1325 2162 sequuntur
1354 2092 1576 2159 septima
1607 2088 1938 2143 solemnitas.

831 2187 1096 2250 Quomodo
1125 2189 1350 2240 variatur
1389 2199 1476 2252 per
1506 2191 1692 2251 septem
1720 2181 1849 2233 dies.

562 2283 707 2336 Luna
737 2281 945 2350 paschae
972 2279 1202 2350 variatur
1231 2279 1280 2330 in
1312 2287 1530 2350 septeno
1560 2288 1782 2326 numero
1805 2311 1819 2331 .

565 2353 658 2405 Die
687 2340 791 2418 quo
819 2350 1044 2404 surrexit
1071 2347 1311 2403 Christus
1341 2340 1402 2399 ac
1429 2347 1670 2398 Salvator
1699 2340 1958 2418 omnium,

562 2426 607 2476 Δ
637 2410 742 2492 quo
764 2421 882 2490 jure
911 2435 1102 2474 nomen
1133 2418 1359 2486 sumpsit
1387 2425 1602 2470 sanctus
1632 2423 1684 2467 et
1714 2410 2034 2466 dominicus.

1071 2506 1148 2560 De
1175 2505 1424 2560 communi
1451 2518 1608 2556 anno.

562 2601 798 2667 Quatuor
825 2605 879 2653 et
907 2605 1259 2652 trecentorum
1290 2595 1664 2667 quinquaginta
1693 2591 1895 2667 dierum
1915 2626 1930 2649 ,

564 2659 770 2737 liecipit
797 2668 1094 2722 communis
1125 2681 1294 2719 annus
1309 2659 1598 2718 duodecim
1632 2659 1906 2737 mensibus
1927 2696 1945 2722 ,

566 2731 820 2794 Undecim
849 2740 917 2793 de
943 2742 1074 2791 solis
1100 2750 1258 2789 cursu
1302 2743 1608 2787 remanente
1637 2731 1848 2783 diebus.

1275 2823 1301 2875 Ι
1309 2834 1426 2876 tem.

565 2917 826 2972 Numerus
849 2916 955 2981 jam
983 2914 1314 2967 undenorum
1347 2912 1434 2964 hic
1463 2924 1558 2978 per
1587 2921 1754 2981 annos
1777 2903 2034 2981 singulos,

569 2987 648 3040 Ad
681 2977 1016 3055 quaerendam
1047 2986 1222 3055 lunam
1255 2977 1762 3055 semper’annuatim
1792 2977 2020 3055 ponitur,

569 3047 759 3112 (ἐι-αξὲο
789 3069 1018 3124 namque
1043 3054 1334 3108 sortiuntur
1362 3057 1562 3116 epaclte
1605 3047 1882 3101 vocabulo.

1144 3141 1219 3195 De
1247 3139 1575 3194 Embolirmo.

567 3235 925 3289 Embolismus
956 3248 1080 3286 vero
1109 3233 1291 3286 decem
1319 3242 1476 3300 atque
1503 3243 1690 3284 novem
1708 3227 1937 3300 diebus,

569 3307 792 3360 Cursum
824 3304 952 3358 solis
981 3298 1405 3357 transcendendo
1434 3301 1639 3367 longior
1667 3298 1919 3361 elticitur,

573 3375 784 3431 llabens
814 3385 998 3445 quater
1027 3375 1296 3443 octoginta
1332 3381 1384 3426 et
1415 3380 1752 3424 trecentenos
1781 3369 1913 3421 dies.

974 3461 1051 3516 De
1074 3462 1316 3531 ()gdoade
1341 3469 1387 3514 et
1415 3458 1738 3512 Hendccade.

575 3560 666 3613 Est
697 3569 750 3614 et
773 3559 871 3612 alia
899 3558 1100 3626 praefati
1132 3556 1314 3610 circuli
1339 3554 1536 3626 divisio
1558 3594 1572 3617 ,

577 3630 632 3682 ln
660 3646 761 3697 qua
792 3618 998 3696 Ogd'oas
1025 3642 1279 3681 annOrum
1312 3625 1688 3697 lleudecasque
1713 3618 1962 3697 quaeritur
1981 3656 1997 3680 ,

571 3692 911 3767 Qui'mqua're
937 3711 1148 3752 cursum
1179 3697 1307 3748 solis
1335 3705 1493 3762 atque
1524 3693 1664 3746 luna:
1703 3692 1918 3744 dicitur.

1101 3785 1178 3840 De
1206 3787 1326 3838 luna
1354 3783 1613 3837 Januarii.

574 3883 630 3934 in
659 3878 907 3934 Kalendis
933 3877 977 3931 si
1007 3878 1231 3946 requiris
1257 3877 1434 3929 lunam
1462 3872 1720 3946 Januarii,

574 3953 790 4017 Cyclum
817 3963 1028 4017 semper
1057 3937 1258 4000 tantum
1287 3948 1425 3999 lunai
1447 3945 1801 4017 extendepur
1829 3937 2102 4000 undecim,

581 4011 895 4092 lt’egularem
925 4011 1059 4072 adde
1091 4033 1250 4072 unum
1285 4031 1376 4085 per
1407 4015 1618 4084 triginta
1650 4012 1845 4068 divide.

1161 4123 1282 4180 Item
1313 4135 1364 4180 ut
1391 4142 1568 4194 supra.

575 4241 770 4311 Cyclus
798 4255 1024 4308 namque
1051 4249 1372 4294 memoratur
1400 4237 1568 4290 trilms
1595 4236 1747 4311 annis
1774 4232 1992 4311 ultimis,

591 4304 901 4378 li'egularem
929 4304 1033 4362 non
1058 4324 1290 4378 apponas
1321 4323 1480 4359 llllllln
1507 4315 1566 4358 nt
1595 4307 1646 4358 in
1672 4304 1882 4378 caeteris
1904 4343 1920 4369 ,

583 4374 716 4447 Quia
744 4381 848 4434 duo
869 4391 995 4434 sunt
1019 4374 1245 4446 ponendi
1276 4377 1358 4431 his
1384 4391 1509 4429 cura
1539 4374 1799 4442 pervigili.

956 4489 1024 4543 In
1051 4504 1150 4559 quo
1179 4490 1323 4559 signa
1355 4487 1475 4541 luna
1510 4494 1754 4541 versetur.

580 4607 742 4660 Forte
773 4603 896 4658 luna
926 4618 1032 4673 quo
1060 4613 1302 4657 versetur
1328 4601 1481 4670 signo
1508 4601 1551 4654 si
1582 4598 1858 4668 quaesieris

580 4677 744 4730 Ducta
775 4667 960 4741 quater
988 4674 1104 4742 ejus
1129 4683 1256 4726 aetas
1286 4667 1585 4738 per'partes
1605 4667 1941 4742 'concreverit
1961 4707 1976 4732 ,

580 4748 679 4801 l’er
709 4740 919 4815 triginta
951 4740 1229 4814 partiendo
1260 4753 1386 4796 tunc
1414 4742 1563 4810 signa
1603 4740 1862 4808 reperies.

1287 4831 1438 4887 Item.

584 4928 677 4983 Est
711 4928 763 4982 in
790 4928 958 4982 media
990 4927 1070 4980 vel
1101 4925 1266 4994 prima
1298 4934 1537 4993 prompta
1567 4932 1922 4994 computatio,

583 5000 819 5065 Namque
844 4998 950 5050 alio
983 4998 1032 5050 iu
1059 4993 1210 5062 signo
1239 5005 1370 5062 quot
1400 5005 1574 5062 partes
1606 4993 1883 5065 habuerit,

582 5069 682 5122 'l‘ot
707 5062 1048 5138 sequentibus
1078 5065 1266 5136 adjice,
1297 5067 1377 5118 vel
1409 5065 1628 5118 detrahe
1666 5062 1930 5116 omnibus.

983 5157 1224 5220 Quandiu
1248 5156 1299 5206 in
1329 5155 1471 5223 signa
1502 5164 1746 5206 moretur.

586 5251 913 5320 Unoquoque
942 5247 1095 5316 signo
1123 5247 1241 5320 luna
1275 5254 1477 5320 tantum
1508 5243 1656 5320 binis
1681 5243 1897 5320 diebus,

583 5313 740 5375 Senis
771 5313 917 5373 horis
948 5313 1106 5385 atque
1134 5318 1286 5370 besse
1317 5317 1578 5368 illustrare
1609 5313 1832 5376 dicitur,

581 5393 668 5445 Sic
700 5405 792 5452 per
821 5389 999 5442 omnia
1025 5384 1344 5456 percurrens
1374 5387 1435 5437 ad
1469 5385 1638 5452 ipsum
1672 5384 1978 5437 revertitur.

837 5485 915 5538 De
943 5484 1099 5537 tribus
1125 5486 1295 5547 armis,
1322 5483 1408 5552 qui
1431 5499 1529 5534 non
1555 5482 1901 5534 observentur.

589 5576 752 5630 Porro
777 5583 996 5628 octavus
1027 5583 1080 5628 et
1109 5578 1348 5630 undenos
1375 5584 1534 5640 atque
1561 5588 1730 5626 nonus
1757 5573 1993 5626 decimus

589 5647 844 5698 Ceuerale
871 5659 1233 5711 argumentum
1265 5660 1581 5698 conservare
1611 5651 1897 5711 nequeunt.

600 5716 852 5770 Faciente
883 5713 1199 5772 cmbolisnio
1227 5715 1352 5770 dum
1385 5716 1434 5769 in
1468 5715 1549 5770 his
1579 5715 1849 5770 inseritur.

1237 315 1434 372 BEDAS
1477 312 1926 370 VENER—ABILIS
1964 309 2112 364 OPP.
2156 305 2334 360 PARS
2372 303 2455 360 lll.
2501 334 2565 346 —
2603 303 3078 360 PARENETICA.

2137 416 2185 475 Α
2776 409 2850 464 De
2874 409 3015 462 Maio
3037 423 3224 461 meme.

3690 298 3820 353 διο

2223 501 2398 555 Primo
2428 501 2584 566 igitur
2610 500 2676 553 de
2707 501 2873 554 tribus
2898 501 3051 552 annis
3081 499 3151 553 de
3181 513 3286 566 quo
3313 497 3572 559 diximus,

2225 574 2277 623 ln
2303 571 2550 624 Maiarum
2582 569 2935 623 Kalendarum
2972 570 3070 622 hac
3095 577 3347 622 consueta
3381 569 3584 635 regula.

2221 640 2368 696 Tunc
2397 650 2580 695 octava
2610 639 3004 694 demonstratur
3034 653 3156 692 esse
3181 647 3236 693 et
3263 638 3536 694 vicesima.

2926 726 3055 781 Item
3063 767 3079 782 .

2225 817 2579 872 Emholismus
2603 819 2723 887 quia
2745 833 2874 872 sane
2899 817 3083 871 Martio
3108 819 3386 885 inseritur,

2225 889 2461 955 Dumque
2491 891 2644 940 unius
2677 890 2792 940 dies
2819 889 3117 941 celebratur
3145 889 3365 951 ablatio,

2223 957 2278 1012 In
2309 958 2492 1011 viceno
2517 960 2808 1011 remanebit
2835 968 2890 1011 et
2914 967 3132 1024 septeno
3157 974 3393 1012 numero.

2776 1046 2849 1101 De
2873 1046 3015 1100 Julia
3044 1064 3230 1102 mense.

2225 1137 2392 1190 Simili
2426 1139 2658 1206 itemque
2687 1139 2843 1190 modo
2873 1139 3119 1192 Kalendis
3146 1140 3293 1207 Julii,

2225 1209 2310 1260 Sis
2338 1216 2615 1260 contentus
2640 1208 2706 1260 de
2737 1207 2946 1273 triginta
2980 1209 3032 1261 in
3063 1224 3253 1262 nonam
3284 1208 3618 1264 vicesimam.

2228 1278 2520 1332 Hetnanere
2545 1277 2840 1330 embolismi
2873 1277 2997 1330 facit
3023 1278 3377 1345 superﬂuitas.

2578 1366 2654 1421 De
2678 1369 2980 1421 embolismis
3011 1367 3266 1421 undecimi
3294 1384 3436 1422 anni.

2228 1459 2381 1510 Auno
2408 1457 2616 1511 undeno
2644 1458 2962 1512 embolismo
2993 1460 3043 1512 in
3075 1475 3178 1525 quo
3211 1459 3378 1526 pridie

2228 1527 2403 1580 Nonas
2432 1529 2564 1580 solet
2592 1529 2641 1579 in
2673 1529 2976 1580 Decembris
3004 1530 3162 1582 solito
3190 1530 3506 1592 accendere,

2227 1597 2379 1651 Facit
2403 1612 2521 1651 eam
2544 1607 2668 1650 tunc
2697 1598 2933 1651 recidere
2959 1598 3036 1652 sic
3065 1607 3262 1652 mutato
3289 1600 3496 1655 ordine.

2939 1684 3090 1740 Item.

2164 1759 2206 1809 Β
2233 1776 2385 1828 Ratio
2415 1790 2640 1843 namque
2666 1775 2865 1830 lunaris
2889 1777 2939 1830 in
2971 1776 3219 1831 Kalendis
3257 1775 3470 1844 Martii,

2227 1849 2358 1897 tium
2389 1849 2571 1898 vicena
2601 1847 2756 1898 simul
2787 1861 2920 1898 nona
2950 1857 3254 1913 Computare
3285 1849 3471 1900 soleat.

2227 1916 2576 1969 Embolismus
2603 1925 2801 1968 tantum
2834 1927 2976 1969 tenet
3001 1931 3244 1969 oc:avam
3275 1918 3601 1970 vicesimam.

2698 2005 2774 2058 De
2797 2007 2993 2058 decimo
3019 2021 3151 2058 nono
3180 2023 3334 2060 anno.

2230 2099 2384 2150 Anno
2415 2099 2622 2151 decimo
2649 2108 2704 2152 et
2733 2115 2894 2162 nono,
2922 2101 3010 2167 qui
3040 2109 3120 2152 est
3151 2099 3334 2152 horum
3365 2099 3611 2163 ultimus,

2227 2169 2409 2221 'l‘ertio
2439 2169 2559 2234 quia
2588 2169 2852 2220 Nonarum
2888 2171 3188 2222 Martiarum
3237 2169 3468 2234 ponitur,

2231 2238 2374 2292 Facit
2399 2237 2558 2292 Maias
2587 2238 2638 2290 in
2668 2238 2912 2291 Kalendis
2944 2237 3081 2292 hunc
3110 2253 3394 2305 supernum
3421 2251 3726 2302 numerum,

2808 2327 2881 2380 De
2907 2329 3042 2381 saltu
3073 2327 3230 2384 (ante.

2227 2416 2346 2471 Julii
2376 2416 2601 2484 denique
2629 2419 2823 2470 mensis
2850 2419 2900 2468 in
2931 2417 3016 2469 die
3043 2416 3328 2484 trigesima,

2228 2489 2404 2540 Saltus
2427 2489 2562 2540 luna:
2590 2497 2672 2540 est
2697 2489 2951 2540 tenendus
2977 2486 3209 2555 generali
3238 2486 3444 2548 ordine,

2228 2557 2326 2621 Qui
2359 2572 2453 2625 per
2476 2558 2642 2611 denos
2666 2567 2718 2608 et
2746 2571 2985 2609 novenos
3019 2556 3155 2609 solet
3181 2571 3245 2607 an
3258 2570 3356 2608 nos
3385 2568 3654 2608 crescere.

2681 2647 2826 2700 Unde
2852 2648 3010 2700 saltus
3039 2647 3354 2713 conﬁciatur.

2231 2739 2386 2792 Hora:
2413 2737 2632 2807 singulae
2659 2752 2750 2804 per
2771 2751 2970 2788 annum
2998 2750 3104 2789 uno
3135 2742 3330 2807 puncto
3355 2733 3554 2807 addito,

2234 2810 2378 2861 Noua
2404 2804 2604 2862 decima
2629 2821 2748 2871 pars
2779 2808 2954 2873 puncti
2993 2815 3202 2858 constat
3234 2805 3347 2858 haec
3371 2804 3590 2857 ablatio.

2234 2878 2318 2932 Fit
2342 2893 2436 2947 per
2463 2879 2648 2931 decem
2670 2891 2858 2930 novem
2890 2890 3056 2928 annos
3081 2875 3184 2928 diei
3213 2873 3431 2929 ablatio.

2942 2965 3092 3022 Item.

2165 3080 2210 3140 ο
2240 3058 2452 3140 gunctis
2479 3068 2624 3140 retro
2646 3071 2798 3111 annis
2827 3073 3036 3124 semper
3060 3064 3398 3140 apponuntur.
3417 3054 3694 3135 undecim,

2244 3130 2337 3182 llic
2359 3139 2559 3196 epact:e
2592 3144 2686 3195 pro
2712 3139 2988 3180 cremento
3013 3123 3234 3179 nurnero
3263 3123 3597 3196 duodecimo.

2239 3195 2550 3268 Trige’nario
2571 3199 2836 3267 completo
2865 3199 3062 3251 nullam
3089 3196 3192 3250 dici
3233 3195 3446 3263 placuit.

2941 3285 3091 3340 Item.

2237 3381 2312 3433 De
2349 3379 2598 3446 vigesima
2631 3386 2684 3430 et
2715 3392 2852 3430 nona
2885 3376 2970 3430 die
2999 3373 3417 3446 quippealtera,

2235 3444 2554 3511 tioinputare
2581 3448 2720 3514 cogit
2750 3462 2970 3513 primani
3004 3447 3136 3514 hanc
3163 3445 3279 3512 ejus
3305 3444 3583 3514 velocitas,

2240 3519 2529 3573 Transilire
2557 3513 2695 3570 diem
2723 3517 2865 3579 facit,
2900 3516 2977 3569 sic
3000 3519 3063 3568 ad
3089 3513 3290 3568 Nonam
3321 3513 3555 3569 inchoas.

2700 3606 2780 3660 Ad
2808 3607 3120 3677 probandam
3155 3606 3346 3660 lunam.

2244 3699 2410 3760 Si,vis
2436 3712 2563 3766 ergo
2586 3698 2763 3750 lunam
2790 3699 2928 3752 scire
2957 3698 3057 3752 hoc
3085 3698 3166 3751 vel
3195 3698 3284 3752 illo
3314 3707 3598 3764 tempore,

2241 3772 2400 3824 Sume
2429 3769 2539 3819 dies
2560 3767 2790 3821 Januarii
2840 3785 2867 3820 a
2896 3769 3090 3822 mensis
3123 3768 3380 3834 principio
3403 3808 3420 3829 ,

2244 3839 2396 3894 Adde
2423 3845 2631 3893 atatem
2662 3838 3014 3892 Kalendarum
3044 3839 3180 3891 luna:
3209 3838 3408 3892 mensis
3437 3834 3624 3904 ipsius.

2959 3928 3110 3981 Item.

2246 4020 2344 4072 Per
2368 4033 2601 4089 novenos
2629 4020 3028 4089 quinquagenos
3055 4018 3224 4086 primo
3255 4017 3297 4089 si
3323 4013 3593 4089 partieris,

2246 4088 2599 4142 Nihilominus
2627 4085 2974 4157 s'ecutido'per
3005 4085 3511 4157 triginta_diviseri_s,

2250 4158 2384 4213 Vere
2407 4159 2579 4213 lunam
2620 4174 2776 4226 quiin
2808 4155 3090 4226 quierebas’
3113 4155 3265 4210 facile
3293 4155 3553 4209 invenies.

2699 4248 2778 4302 Ad
2809 4249 3121 4317 probandam
3153 4247 3358 4316 [σίαηι.

2251 4339 2381 4394 Item
2413 4353 2564 4393 sume
2591 4339 2706 4392 dies
2733 4339 2879 4402 anni,
2911 4339 3087 4391 divide
3118 4352 3211 4406 per
3233 4338 3464 4403 septies,

2177 4426 2226 4483 ι)
2253 4411 2316 4483 Et
2341 4419 2467 4483 quot
2497 4410 2632 4461 ultra
2659 4420 2861 4483 septem
2904 4417 3148 4483 crescunt
3178 4408 3367 4460 habeto
3395 4405 3683 4472 memoria,

2255 4475 2632 4535 llis'dictarum
2657 4477 3017 4532 Kalendarum
3043 4475 3191 4531 feria:
3215 4486 3518 4532 annectere.

2977 4567 3120 4624 Item.

2255 4665 2352 4718 llis
2379 4665 2431 4718 in
2462 4678 2621 4716 unum
2653 4661 2896 4716 adunatis
2933 4675 3194 4714 summam
3221 4674 3340 4714 cum
3373 4656 3680 4728 collegeris,

2254 4736 2320 4788 Et
2349 4734 2582 4802 septenis
2609 4733 2730 4785 item
2761 4732 2871 4786 suis
2896 4733 3128 4798 partibus
3149 4730 3425 4802 diviseris,

2253 4796 2634 4874 Argumentum
2661 4802 2804 4871 quod
2832 4796 3126 4870 quaerebas,
3160 4801 3346 4854 teriam
3377 4796 3641 4854 invenies.

2835 4893 2912 4948 De
2939 4896 3259 4964 (equinoctio.

2259 4987 2649 5055 Equinoctium
2679 4985 2890 5038 vernale
2931 4985 2982 5038 io
3013 4985 3180 5052 prima
3212 4981 3468 5055 vigesima

2266 5054 2435 5110 Martii
2466 5066 2647 5109 tenere
2676 5055 2861 5121 debes,
2891 5055 3009 5122 quia
3040 5063 3248 5122 patrum
3281 5054 3455 5120 regula
3482 5089 3498 5116 ,

2260 5128 2556 5182 Observare
2584 5125 2736 5179 valde
2761 5136 2935 5178 monet
2967 5125 3173 5178 ratione
3195 5123 3405 5178 sedula.

2958 5215 3130 5268 Aliud.

2261 5310 2352 5363 Sic
2382 5311 2558 5373 itaque
2587 5318 2640 5360 et
2668 5307 2981 5375 September
3009 5314 3282 5372 coaequato
3321 5317 3563 5364 numero.

2262 5381 2391 5445 Quia
2423 5394 2542 5433 esse
2569 5379 2674 5431 duo
2703 5379 2822 5430 anni
2855 5377 3266 5443 comprobantur
3293 5376 3470 5427 unius.

2265 5450 2584 5504 Autumnale
2610 5463 2785 5508 suum,
2818 5447 2952 5500 alter
2981 5454 3157 5500 servat
3193 5446 3585 5512 aequinoctium.

2607 5537 2682 5590 De
2709 5539 2904 5592 ratione
2935 5537 3202 5590 duodecim
3229 5538 3508 5604 signorum.

2269 5637 2394 5689 Mira
2422 5646 2638 5700 prorsus
2668 5643 2987 5698 paganorum
3016 5636 3070 5680 et
3105 5623 3539 5700 srevahdementia
3564 5661 3578 5684 ,

2270 5709 2367 5772 Qui
2397 5691 2446 5760 ni
2473 5691 3069 5760 cmlum'transtulerunt
3098 5709 3203 5753 tant
3227 5697 3468 5752 diversas
3496 5691 3695 5747 bestias
