  <div class='ocr_page' id='page_1' title='image "/cluster/home/n/w/nwhite01/storage/ocr_20150623/94/umn.31951002477387e/326.png"; bbox 0 0 4220 6452; ppageno 0'>
   <div class='ocr_carea' id='block_1_1' title="bbox 392 305 3644 371">
    <p class='ocr_par' dir='ltr' id='par_1_1' title="bbox 392 305 3644 371">
     <span class='ocr_line' id='line_1_1' title="bbox 392 305 3644 371; baseline -0.004 0"><span class='ocrx_word' id='word_1_1' title='bbox 392 315 489 371; x_wconf 75' lang='lat' dir='ltr'><strong>6H</strong></span> <span class='ocrx_word' id='word_1_2' title='bbox 1501 317 1693 371; x_wconf 79' lang='lat' dir='ltr'><strong>SECT.</strong></span> <span class='ocrx_word' id='word_1_3' title='bbox 1740 314 1824 368; x_wconf 87' lang='lat' dir='ltr'><strong>III.</strong></span> <span class='ocrx_word' id='word_1_4' title='bbox 1880 345 1934 357; x_wconf 69' lang='grc' dir='ltr'><strong>-ο</strong></span> <span class='ocrx_word' id='word_1_5' title='bbox 1968 310 2279 366; x_wconf 73' lang='lat' dir='ltr'><strong>CARMINA</strong></span> <span class='ocrx_word' id='word_1_6' title='bbox 2322 307 2545 363; x_wconf 69' lang='lat' dir='ltr'><strong>DUBIA.</strong></span> <span class='ocrx_word' id='word_1_7' title='bbox 3531 305 3644 362; x_wconf 60' lang='grc' dir='ltr'><strong>θη</strong></span> 
     </span>
    </p>
   </div>
   <div class='ocr_carea' id='block_1_2' title="bbox 392 429 1760 500">
    <p class='ocr_par' dir='ltr' id='par_1_2' title="bbox 392 429 1760 500">
     <span class='ocr_line' id='line_1_2' title="bbox 392 429 1760 500; baseline 0 -18"><span class='ocrx_word' id='word_1_8' title='bbox 392 429 524 484; x_wconf 89' lang='lat' dir='ltr'><strong>Cum</strong></span> <span class='ocrx_word' id='word_1_9' title='bbox 548 433 762 500; x_wconf 81' lang='lat' dir='ltr'><strong>olympo</strong></span> <span class='ocrx_word' id='word_1_10' title='bbox 791 443 908 484; x_wconf 80' lang='lat' dir='ltr'><strong>esse</strong></span> <span class='ocrx_word' id='word_1_11' title='bbox 935 438 1182 486; x_wconf 91' lang='lat' dir='ltr'><strong>constent</strong></span> <span class='ocrx_word' id='word_1_12' title='bbox 1211 431 1518 496; x_wconf 71' lang='lat' dir='ltr'><strong>angelorum</strong></span> <span class='ocrx_word' id='word_1_13' title='bbox 1549 431 1760 499; x_wconf 79' lang='lat' dir='ltr'><strong>agmina</strong></span> 
     </span>
    </p>
   </div>
   <div class='ocr_carea' id='block_1_3' title="bbox 467 501 1638 564">
    <p class='ocr_par' dir='ltr' id='par_1_3' title="bbox 467 501 1638 564">
     <span class='ocr_line' id='line_1_3' title="bbox 467 501 1638 564; baseline -0.001 -11"><span class='ocrx_word' id='word_1_14' title='bbox 467 501 545 554; x_wconf 91' lang='lat' dir='ltr'><strong>Illi</strong></span> <span class='ocrx_word' id='word_1_15' title='bbox 577 511 790 556; x_wconf 87' lang='lat' dir='ltr'><strong>taurum</strong></span> <span class='ocrx_word' id='word_1_16' title='bbox 822 501 1024 554; x_wconf 89' lang='lat' dir='ltr'><strong>radiare</strong></span> <span class='ocrx_word' id='word_1_17' title='bbox 1053 501 1232 554; x_wconf 90' lang='lat' dir='ltr'><strong>dicunt</strong></span> <span class='ocrx_word' id='word_1_18' title='bbox 1260 502 1395 554; x_wconf 86' lang='lat' dir='ltr'><strong>inter</strong></span> <span class='ocrx_word' id='word_1_19' title='bbox 1421 502 1594 554; x_wconf 83' lang='lat' dir='ltr'><strong>sidera</strong></span> <span class='ocrx_word' id='word_1_20' title='bbox 1621 538 1638 564; x_wconf 91' lang='lat'><strong>,</strong></span> 
     </span>
    </p>
   </div>
   <div class='ocr_carea' id='block_1_4' title="bbox 387 569 1892 635">
    <p class='ocr_par' dir='ltr' id='par_1_4' title="bbox 387 569 1892 635">
     <span class='ocr_line' id='line_1_4' title="bbox 387 569 1892 635; baseline -0.003 -12"><span class='ocrx_word' id='word_1_21' title='bbox 387 569 488 635; x_wconf 97' lang='lat' dir='ltr'><strong>Qui</strong></span> <span class='ocrx_word' id='word_1_22' title='bbox 521 573 575 623; x_wconf 90' lang='lat' dir='ltr'><strong>in</strong></span> <span class='ocrx_word' id='word_1_23' title='bbox 608 572 795 625; x_wconf 85' lang='lat' dir='ltr'>bovem</span> <span class='ocrx_word' id='word_1_24' title='bbox 826 585 1035 624; x_wconf 86' lang='lat' dir='ltr'><strong>versum</strong></span> <span class='ocrx_word' id='word_1_25' title='bbox 1072 570 1256 624; x_wconf 84' lang='lat' dir='ltr'><strong>Jovem</strong></span> <span class='ocrx_word' id='word_1_26' title='bbox 1300 573 1536 624; x_wconf 77' lang='lat' dir='ltr'><strong>l‘abulose</strong></span> <span class='ocrx_word' id='word_1_27' title='bbox 1563 575 1892 632; x_wconf 74' lang='lat' dir='ltr'><strong>asseverant,</strong></span> 
     </span>
    </p>
   </div>
   <div class='ocr_carea' id='block_1_5' title="bbox 389 640 1518 708">
    <p class='ocr_par' dir='ltr' id='par_1_5' title="bbox 389 640 1518 708">
     <span class='ocr_line' id='line_1_5' title="bbox 389 640 1518 708; baseline -0.002 -14"><span class='ocrx_word' id='word_1_28' title='bbox 389 641 469 694; x_wconf 84' lang='lat' dir='ltr'><strong>Ad</strong></span> <span class='ocrx_word' id='word_1_29' title='bbox 496 640 696 693; x_wconf 92' lang='lat' dir='ltr'><strong>Italiam</strong></span> <span class='ocrx_word' id='word_1_30' title='bbox 729 641 1022 693; x_wconf 80' lang='lat' dir='ltr'><strong>transvexit</strong></span> <span class='ocrx_word' id='word_1_31' title='bbox 1049 641 1308 708; x_wconf 77' lang='lat' dir='ltr'><strong>Agenoris</strong></span> <span class='ocrx_word' id='word_1_32' title='bbox 1338 640 1518 694; x_wconf 89' lang='lat' dir='ltr'><strong>liliam.</strong></span> 
     </span>
    </p>
   </div>
   <div class='ocr_carea' id='block_1_6' title="bbox 463 707 1794 778">
    <p class='ocr_par' dir='ltr' id='par_1_6' title="bbox 463 707 1794 778">
     <span class='ocr_line' id='line_1_6' title="bbox 463 707 1794 778; baseline -0.005 -14"><span class='ocrx_word' id='word_1_33' title='bbox 463 709 634 764; x_wconf 87' lang='lat' dir='ltr'><strong>Habet</strong></span> <span class='ocrx_word' id='word_1_34' title='bbox 662 709 793 762; x_wconf 77' lang='lat' dir='ltr'><strong>fides</strong></span> <span class='ocrx_word' id='word_1_35' title='bbox 813 707 1115 762; x_wconf 86' lang='lat' dir='ltr'><strong>Christiana</strong></span> <span class='ocrx_word' id='word_1_36' title='bbox 1147 712 1417 778; x_wconf 86' lang='lat' dir='ltr'><strong>signorum</strong></span> <span class='ocrx_word' id='word_1_37' title='bbox 1451 707 1759 762; x_wconf 77' lang='lat' dir='ltr'><strong>memoriam</strong></span> <span class='ocrx_word' id='word_1_38' title='bbox 1781 749 1794 772; x_wconf 88' lang='lat'><strong>,</strong></span> 
     </span>
    </p>
   </div>
   <div class='ocr_carea' id='block_1_7' title="bbox 391 778 1759 849">
    <p class='ocr_par' dir='ltr' id='par_1_7' title="bbox 391 778 1759 849">
     <span class='ocr_line' id='line_1_7' title="bbox 391 778 1759 849; baseline -0.004 -17"><span class='ocrx_word' id='word_1_39' title='bbox 391 778 628 832; x_wconf 83' lang='lat' dir='ltr'><strong>Primum</strong></span> <span class='ocrx_word' id='word_1_40' title='bbox 659 779 794 846; x_wconf 86' lang='lat' dir='ltr'><strong>Agni</strong></span> <span class='ocrx_word' id='word_1_41' title='bbox 820 779 908 846; x_wconf 90' lang='lat' dir='ltr'><strong>qui</strong></span> <span class='ocrx_word' id='word_1_42' title='bbox 940 781 992 832; x_wconf 92' lang='lat' dir='ltr'><strong>in</strong></span> <span class='ocrx_word' id='word_1_43' title='bbox 1019 781 1212 834; x_wconf 72' lang='lat' dir='ltr'><strong>coelum</strong></span> <span class='ocrx_word' id='word_1_44' title='bbox 1238 778 1512 849; x_wconf 81' lang='lat' dir='ltr'><strong>majestate</strong></span> <span class='ocrx_word' id='word_1_45' title='bbox 1544 778 1759 846; x_wconf 82' lang='lat' dir='ltr'><strong>fulgida,</strong></span> 
     </span>
    </p>
   </div>
   <div class='ocr_carea' id='block_1_8' title="bbox 390 849 1788 916">
    <p class='ocr_par' dir='ltr' id='par_1_8' title="bbox 390 849 1788 916">
     <span class='ocr_line' id='line_1_8' title="bbox 390 849 1788 916; baseline -0.001 -15"><span class='ocrx_word' id='word_1_46' title='bbox 390 849 598 913; x_wconf 74' lang='lat' dir='ltr'><strong>Itegnat</strong></span> <span class='ocrx_word' id='word_1_47' title='bbox 627 851 812 902; x_wconf 79' lang='lat' dir='ltr'><strong>uniCus</strong></span> <span class='ocrx_word' id='word_1_48' title='bbox 839 864 959 903; x_wconf 85' lang='lat' dir='ltr'><strong>eunt</strong></span> <span class='ocrx_word' id='word_1_49' title='bbox 987 849 1140 903; x_wconf 80' lang='lat' dir='ltr'><strong>Patre</strong></span> <span class='ocrx_word' id='word_1_50' title='bbox 1171 865 1261 916; x_wconf 90' lang='lat' dir='ltr'><strong>per</strong></span> <span class='ocrx_word' id='word_1_51' title='bbox 1282 851 1541 904; x_wconf 88' lang='lat' dir='ltr'><strong>immensa</strong></span> <span class='ocrx_word' id='word_1_52' title='bbox 1569 849 1788 901; x_wconf 56' lang='lat' dir='ltr'><strong>saecula.</strong></span> 
     </span>
    </p>
   </div>
   <div class='ocr_carea' id='block_1_9' title="bbox 464 916 1796 987">
    <p class='ocr_par' dir='ltr' id='par_1_9' title="bbox 464 916 1796 987">
     <span class='ocr_line' id='line_1_9' title="bbox 464 916 1796 987; baseline -0.002 -17"><span class='ocrx_word' id='word_1_53' title='bbox 464 917 626 987; x_wconf 89' lang='lat' dir='ltr'><strong>Igitur</strong></span> <span class='ocrx_word' id='word_1_54' title='bbox 653 932 757 971; x_wconf 83' lang='lat' dir='ltr'><strong>nun</strong></span> <span class='ocrx_word' id='word_1_55' title='bbox 788 927 971 972; x_wconf 85' lang='lat' dir='ltr'><strong>torvus</strong></span> <span class='ocrx_word' id='word_1_56' title='bbox 1006 916 1180 973; x_wconf 81' lang='lat' dir='ltr'><strong>fronte</strong></span> <span class='ocrx_word' id='word_1_57' title='bbox 1208 936 1306 973; x_wconf 89' lang='lat' dir='ltr'><strong>nec</strong></span> <span class='ocrx_word' id='word_1_58' title='bbox 1334 921 1540 974; x_wconf 88' lang='lat' dir='ltr'><strong>cervice</strong></span> <span class='ocrx_word' id='word_1_59' title='bbox 1567 919 1796 971; x_wconf 73' lang='lat' dir='ltr'><strong>tumidus</strong></span> 
     </span>
    </p>
   </div>
   <div class='ocr_carea' id='block_1_10' title="bbox 388 986 1820 1057">
    <p class='ocr_par' dir='ltr' id='par_1_10' title="bbox 388 986 1820 1057">
     <span class='ocr_line' id='line_1_10' title="bbox 388 986 1820 1057; baseline -0.003 -16"><span class='ocrx_word' id='word_1_60' title='bbox 388 986 582 1042; x_wconf 76' lang='lat' dir='ltr'><strong>Noster</strong></span> <span class='ocrx_word' id='word_1_61' title='bbox 611 997 793 1041; x_wconf 89' lang='lat' dir='ltr'><strong>taurus</strong></span> <span class='ocrx_word' id='word_1_62' title='bbox 823 995 906 1042; x_wconf 87' lang='lat' dir='ltr'><strong>est</strong></span> <span class='ocrx_word' id='word_1_63' title='bbox 930 989 1193 1057; x_wconf 85' lang='lat' dir='ltr'><strong>putandus</strong></span> <span class='ocrx_word' id='word_1_64' title='bbox 1216 991 1514 1044; x_wconf 87' lang='lat' dir='ltr'><strong>nominatus</strong></span> <span class='ocrx_word' id='word_1_65' title='bbox 1545 989 1776 1055; x_wconf 84' lang='lat' dir='ltr'><strong>Optimus</strong></span> <span class='ocrx_word' id='word_1_66' title='bbox 1805 1023 1820 1046; x_wconf 86' lang='lat'><strong>,</strong></span> 
     </span>
    </p>
   </div>
   <div class='ocr_carea' id='block_1_11' title="bbox 391 1057 1889 1127">
    <p class='ocr_par' dir='ltr' id='par_1_11' title="bbox 391 1057 1889 1127">
     <span class='ocr_line' id='line_1_11' title="bbox 391 1057 1889 1127; baseline -0.004 -16"><span class='ocrx_word' id='word_1_67' title='bbox 391 1058 588 1127; x_wconf 81' lang='lat' dir='ltr'><strong>Dulcis,</strong></span> <span class='ocrx_word' id='word_1_68' title='bbox 621 1057 869 1122; x_wconf 86' lang='lat' dir='ltr'><strong>blandus,</strong></span> <span class='ocrx_word' id='word_1_69' title='bbox 894 1070 1052 1125; x_wconf 90' lang='lat' dir='ltr'><strong>atque</strong></span> <span class='ocrx_word' id='word_1_70' title='bbox 1075 1060 1216 1113; x_wconf 90' lang='lat' dir='ltr'><strong>mitis</strong></span> <span class='ocrx_word' id='word_1_71' title='bbox 1236 1099 1252 1122; x_wconf 90' lang='lat'><strong>,</strong></span> <span class='ocrx_word' id='word_1_72' title='bbox 1282 1070 1438 1127; x_wconf 89' lang='lat' dir='ltr'><strong>atque</strong></span> <span class='ocrx_word' id='word_1_73' title='bbox 1464 1060 1646 1112; x_wconf 85' lang='lat' dir='ltr'><strong>suavis</strong></span> <span class='ocrx_word' id='word_1_74' title='bbox 1677 1057 1889 1109; x_wconf 86' lang='lat' dir='ltr'><strong>vitulus.</strong></span> 
     </span>
    </p>
   </div>
   <div class='ocr_carea' id='block_1_12' title="bbox 459 1126 1679 1198">
    <p class='ocr_par' dir='ltr' id='par_1_12' title="bbox 459 1126 1679 1198">
     <span class='ocr_line' id='line_1_12' title="bbox 459 1126 1679 1198; baseline -0.002 -18"><span class='ocrx_word' id='word_1_75' title='bbox 459 1126 576 1196; x_wconf 89' lang='lat' dir='ltr'><strong>Ipse</strong></span> <span class='ocrx_word' id='word_1_76' title='bbox 599 1135 684 1180; x_wconf 89' lang='lat' dir='ltr'><strong>est</strong></span> <span class='ocrx_word' id='word_1_77' title='bbox 714 1141 842 1198; x_wconf 84' lang='lat' dir='ltr'><strong>ergo</strong></span> <span class='ocrx_word' id='word_1_78' title='bbox 868 1129 1126 1198; x_wconf 83' lang='lat' dir='ltr'><strong>tenendus</strong></span> <span class='ocrx_word' id='word_1_79' title='bbox 1151 1126 1423 1198; x_wconf 80' lang='lat' dir='ltr'><strong>saginatus</strong></span> <span class='ocrx_word' id='word_1_80' title='bbox 1460 1129 1679 1193; x_wconf 88' lang='lat' dir='ltr'><strong>vitulus,</strong></span> 
     </span>
    </p>
   </div>
   <div class='ocr_carea' id='block_1_13' title="bbox 389 1195 1579 1266">
    <p class='ocr_par' dir='ltr' id='par_1_13' title="bbox 389 1195 1579 1266">
     <span class='ocr_line' id='line_1_13' title="bbox 389 1195 1579 1266; baseline -0.002 -16"><span class='ocrx_word' id='word_1_81' title='bbox 389 1195 553 1263; x_wconf 81' lang='lat' dir='ltr'><strong>Cujus</strong></span> <span class='ocrx_word' id='word_1_82' title='bbox 581 1210 708 1250; x_wconf 90' lang='lat' dir='ltr'><strong>caro</strong></span> <span class='ocrx_word' id='word_1_83' title='bbox 735 1197 1004 1250; x_wconf 85' lang='lat' dir='ltr'><strong>immolata</strong></span> <span class='ocrx_word' id='word_1_84' title='bbox 1039 1197 1091 1251; x_wconf 92' lang='lat' dir='ltr'><strong>in</strong></span> <span class='ocrx_word' id='word_1_85' title='bbox 1115 1195 1287 1253; x_wconf 79' lang='lat' dir='ltr'><strong>crucis</strong></span> <span class='ocrx_word' id='word_1_86' title='bbox 1316 1198 1579 1266; x_wconf 89' lang='lat' dir='ltr'><strong>patibulo,</strong></span> 
     </span>
    </p>
   </div>
   <div class='ocr_carea' id='block_1_14' title="bbox 391 1267 1550 1333">
    <p class='ocr_par' dir='ltr' id='par_1_14' title="bbox 391 1267 1550 1333">
     <span class='ocr_line' id='line_1_14' title="bbox 391 1267 1550 1333; baseline 0 -14"><span class='ocrx_word' id='word_1_87' title='bbox 391 1267 497 1319; x_wconf 90' lang='lat' dir='ltr'><strong>llos</strong></span> <span class='ocrx_word' id='word_1_88' title='bbox 524 1280 677 1319; x_wconf 90' lang='lat' dir='ltr'><strong>crure</strong></span> <span class='ocrx_word' id='word_1_89' title='bbox 701 1281 799 1319; x_wconf 91' lang='lat' dir='ltr'><strong>suo</strong></span> <span class='ocrx_word' id='word_1_90' title='bbox 830 1267 946 1320; x_wconf 91' lang='lat' dir='ltr'><strong>tulit</strong></span> <span class='ocrx_word' id='word_1_91' title='bbox 974 1267 1040 1320; x_wconf 86' lang='lat' dir='ltr'><strong>de</strong></span> <span class='ocrx_word' id='word_1_92' title='bbox 1069 1271 1252 1320; x_wconf 78' lang='lat' dir='ltr'><strong>mortis</strong></span> <span class='ocrx_word' id='word_1_93' title='bbox 1294 1270 1550 1333; x_wconf 87' lang='lat' dir='ltr'><strong>periculo.</strong></span> 
     </span>
    </p>
   </div>
   <div class='ocr_carea' id='block_1_15' title="bbox 461 1335 1699 1403">
    <p class='ocr_par' dir='ltr' id='par_1_15' title="bbox 461 1335 1699 1403">
     <span class='ocr_line' id='line_1_15' title="bbox 461 1335 1699 1403; baseline -0.001 -15"><span class='ocrx_word' id='word_1_94' title='bbox 461 1335 554 1388; x_wconf 87' lang='lat' dir='ltr'><strong>Hic</strong></span> <span class='ocrx_word' id='word_1_95' title='bbox 585 1347 688 1388; x_wconf 86' lang='lat' dir='ltr'><strong>non</strong></span> <span class='ocrx_word' id='word_1_96' title='bbox 713 1347 886 1390; x_wconf 85' lang='lat' dir='ltr'><strong>cessat</strong></span> <span class='ocrx_word' id='word_1_97' title='bbox 916 1351 1012 1389; x_wconf 90' lang='lat' dir='ltr'><strong>nos</strong></span> <span class='ocrx_word' id='word_1_98' title='bbox 1045 1337 1241 1390; x_wconf 87' lang='lat' dir='ltr'><strong>hortari</strong></span> <span class='ocrx_word' id='word_1_99' title='bbox 1271 1339 1464 1403; x_wconf 87' lang='lat' dir='ltr'><strong>pietate</strong></span> <span class='ocrx_word' id='word_1_100' title='bbox 1493 1336 1699 1398; x_wconf 90' lang='lat' dir='ltr'><strong>sedula,</strong></span> 
     </span>
    </p>
   </div>
   <div class='ocr_carea' id='block_1_16' title="bbox 388 1404 1547 1472">
    <p class='ocr_par' dir='ltr' id='par_1_16' title="bbox 388 1404 1547 1472">
     <span class='ocr_line' id='line_1_16' title="bbox 388 1404 1547 1472; baseline 0.001 -14"><span class='ocrx_word' id='word_1_101' title='bbox 388 1405 524 1472; x_wconf 78' lang='lat' dir='ltr'><strong>Iugo</strong></span> <span class='ocrx_word' id='word_1_102' title='bbox 547 1404 744 1459; x_wconf 84' lang='lat' dir='ltr'><strong>Christi</strong></span> <span class='ocrx_word' id='word_1_103' title='bbox 775 1407 1103 1460; x_wconf 88' lang='lat' dir='ltr'><strong>submittenti</strong></span> <span class='ocrx_word' id='word_1_104' title='bbox 1133 1421 1354 1460; x_wconf 79' lang='lat' dir='ltr'><strong>exarare</strong></span> <span class='ocrx_word' id='word_1_105' title='bbox 1384 1408 1506 1460; x_wconf 89' lang='lat' dir='ltr'><strong>vitia</strong></span> <span class='ocrx_word' id='word_1_106' title='bbox 1531 1447 1547 1472; x_wconf 88' lang='lat'><strong>,</strong></span> 
     </span>
    </p>
   </div>
   <div class='ocr_carea' id='block_1_17' title="bbox 391 1473 1674 1544">
    <p class='ocr_par' dir='ltr' id='par_1_17' title="bbox 391 1473 1674 1544">
     <span class='ocr_line' id='line_1_17' title="bbox 391 1473 1674 1544; baseline -0.001 -16"><span class='ocrx_word' id='word_1_107' title='bbox 391 1473 696 1528; x_wconf 78' lang='lat' dir='ltr'><strong>Divinor‘um</strong></span> <span class='ocrx_word' id='word_1_108' title='bbox 725 1485 1112 1544; x_wconf 65' lang='lat' dir='ltr'><strong>praeceptorum</strong></span> <span class='ocrx_word' id='word_1_109' title='bbox 1149 1487 1426 1542; x_wconf 85' lang='lat' dir='ltr'><strong>reportare</strong></span> <span class='ocrx_word' id='word_1_110' title='bbox 1451 1474 1674 1529; x_wconf 89' lang='lat' dir='ltr'><strong>semina.</strong></span> 
     </span>
    </p>
   </div>
   <div class='ocr_carea' id='block_1_18' title="bbox 462 1540 1866 1614">
    <p class='ocr_par' dir='ltr' id='par_1_18' title="bbox 462 1540 1866 1614">
     <span class='ocr_line' id='line_1_18' title="bbox 462 1540 1866 1614; baseline -0.001 -17"><span class='ocrx_word' id='word_1_111' title='bbox 462 1540 916 1614; x_wconf 50' lang='lat' dir='ltr'><strong>Prosequeittibus&#39;</strong></span> <span class='ocrx_word' id='word_1_112' title='bbox 939 1546 1181 1600; x_wconf 86' lang='lat' dir='ltr'><strong>hortatur</strong></span> <span class='ocrx_word' id='word_1_113' title='bbox 1215 1540 1590 1599; x_wconf 79' lang='lat' dir='ltr'><strong>testamentum</strong></span> <span class='ocrx_word' id='word_1_114' title='bbox 1620 1540 1866 1612; x_wconf 83' lang='lat' dir='ltr'><strong>geminis.</strong></span> 
     </span>
    </p>
   </div>
   <div class='ocr_carea' id='block_1_19' title="bbox 393 1612 1779 1682">
    <p class='ocr_par' dir='ltr' id='par_1_19' title="bbox 393 1612 1779 1682">
     <span class='ocr_line' id='line_1_19' title="bbox 393 1612 1779 1682; baseline -0.001 -15"><span class='ocrx_word' id='word_1_115' title='bbox 393 1612 695 1668; x_wconf 84' lang='lat' dir='ltr'><strong>Idolatriain</strong></span> <span class='ocrx_word' id='word_1_116' title='bbox 725 1615 965 1681; x_wconf 86' lang='lat' dir='ltr'><strong>calcare,</strong></span> <span class='ocrx_word' id='word_1_117' title='bbox 998 1616 1170 1669; x_wconf 90' lang='lat' dir='ltr'><strong>solum</strong></span> <span class='ocrx_word' id='word_1_118' title='bbox 1205 1615 1482 1668; x_wconf 89' lang='lat' dir='ltr'><strong>Dominum</strong></span> <span class='ocrx_word' id='word_1_119' title='bbox 1509 1630 1746 1682; x_wconf 70' lang='lat' dir='ltr'><strong>quaerere</strong></span> <span class='ocrx_word' id='word_1_120' title='bbox 1767 1655 1779 1676; x_wconf 91' lang='lat'><strong>,</strong></span> 
     </span>
    </p>
   </div>
   <div class='ocr_carea' id='block_1_20' title="bbox 391 1683 1546 1740">
    <p class='ocr_par' dir='ltr' id='par_1_20' title="bbox 391 1683 1546 1740">
     <span class='ocr_line' id='line_1_20' title="bbox 391 1683 1546 1740; baseline 0.001 -4"><span class='ocrx_word' id='word_1_121' title='bbox 391 1683 684 1738; x_wconf 84' lang='lat' dir='ltr'><strong>Avaritiam</strong></span> <span class='ocrx_word' id='word_1_122' title='bbox 711 1686 879 1739; x_wconf 89' lang='lat' dir='ltr'><strong>vitare</strong></span> <span class='ocrx_word' id='word_1_123' title='bbox 905 1700 1153 1738; x_wconf 89' lang='lat' dir='ltr'><strong>cancrum</strong></span> <span class='ocrx_word' id='word_1_124' title='bbox 1183 1686 1546 1740; x_wconf 87' lang='lat' dir='ltr'><strong>incurabilem.</strong></span> 
     </span>
    </p>
   </div>
   <div class='ocr_carea' id='block_1_21' title="bbox 459 1753 1769 1816">
    <p class='ocr_par' dir='ltr' id='par_1_21' title="bbox 459 1753 1769 1816">
     <span class='ocr_line' id='line_1_21' title="bbox 459 1753 1769 1816; baseline 0.001 -10"><span class='ocrx_word' id='word_1_125' title='bbox 459 1753 568 1806; x_wconf 88' lang='lat' dir='ltr'><strong>Leo</strong></span> <span class='ocrx_word' id='word_1_126' title='bbox 596 1765 777 1809; x_wconf 86' lang='lat' dir='ltr'><strong>noster</strong></span> <span class='ocrx_word' id='word_1_127' title='bbox 800 1755 1120 1809; x_wconf 82' lang='lat' dir='ltr'><strong>obdormivit</strong></span> <span class='ocrx_word' id='word_1_128' title='bbox 1149 1763 1204 1808; x_wconf 93' lang='lat' dir='ltr'><strong>ut</strong></span> <span class='ocrx_word' id='word_1_129' title='bbox 1231 1755 1282 1808; x_wconf 93' lang='lat' dir='ltr'><strong>in</strong></span> <span class='ocrx_word' id='word_1_130' title='bbox 1309 1764 1479 1808; x_wconf 90' lang='lat' dir='ltr'><strong>morte</strong></span> <span class='ocrx_word' id='word_1_131' title='bbox 1505 1756 1769 1816; x_wconf 80' lang='lat' dir='ltr'><strong>vinceret,</strong></span> 
     </span>
    </p>
   </div>
   <div class='ocr_carea' id='block_1_22' title="bbox 392 1821 1463 1893">
    <p class='ocr_par' dir='ltr' id='par_1_22' title="bbox 392 1821 1463 1893">
     <span class='ocr_line' id='line_1_22' title="bbox 392 1821 1463 1893; baseline 0.002 -19"><span class='ocrx_word' id='word_1_132' title='bbox 392 1821 514 1893; x_wconf 87' lang='lat' dir='ltr'><strong>Ideo</strong></span> <span class='ocrx_word' id='word_1_133' title='bbox 542 1825 810 1892; x_wconf 75' lang='lat' dir='ltr'><strong>evigilavit</strong></span> <span class='ocrx_word' id='word_1_134' title='bbox 838 1835 895 1878; x_wconf 90' lang='lat' dir='ltr'><strong>ut</strong></span> <span class='ocrx_word' id='word_1_135' title='bbox 921 1826 1190 1893; x_wconf 86' lang='lat' dir='ltr'><strong>possimus</strong></span> <span class='ocrx_word' id='word_1_136' title='bbox 1229 1840 1463 1893; x_wconf 79' lang='lat' dir='ltr'><strong>surgere.</strong></span> 
     </span>
    </p>
   </div>
   <div class='ocr_carea' id='block_1_23' title="bbox 392 1892 1651 1963">
    <p class='ocr_par' dir='ltr' id='par_1_23' title="bbox 392 1892 1651 1963">
     <span class='ocr_line' id='line_1_23' title="bbox 392 1892 1651 1963; baseline -0.001 -18"><span class='ocrx_word' id='word_1_137' title='bbox 392 1892 498 1963; x_wconf 73' lang='lat' dir='ltr'><strong>Per</strong></span> <span class='ocrx_word' id='word_1_138' title='bbox 510 1907 674 1963; x_wconf 86' lang='lat' dir='ltr'><strong>quem</strong></span> <span class='ocrx_word' id='word_1_139' title='bbox 697 1898 837 1961; x_wconf 89' lang='lat' dir='ltr'><strong>jnste</strong></span> <span class='ocrx_word' id='word_1_140' title='bbox 864 1892 1200 1949; x_wconf 89' lang='lat' dir='ltr'><strong>merebamur</strong></span> <span class='ocrx_word' id='word_1_141' title='bbox 1239 1911 1267 1947; x_wconf 89' lang='lat' dir='ltr'><strong>a</strong></span> <span class='ocrx_word' id='word_1_142' title='bbox 1297 1892 1467 1963; x_wconf 69' lang='lat' dir='ltr'><strong>pinnis</strong></span> <span class='ocrx_word' id='word_1_143' title='bbox 1498 1893 1651 1959; x_wconf 87' lang='lat' dir='ltr'><strong>eripi.</strong></span> 
     </span>
    </p>
   </div>
   <div class='ocr_carea' id='block_1_24' title="bbox 463 1960 1945 2033">
    <p class='ocr_par' dir='ltr' id='par_1_24' title="bbox 463 1960 1945 2033">
     <span class='ocr_line' id='line_1_24' title="bbox 463 1960 1945 2033; baseline -0.004 -16"><span class='ocrx_word' id='word_1_144' title='bbox 463 1960 704 2029; x_wconf 75' lang='lat' dir='ltr'><strong>Virginis</strong></span> <span class='ocrx_word' id='word_1_145' title='bbox 719 1965 817 2033; x_wconf 88' lang='lat' dir='ltr'><strong>hoc</strong></span> <span class='ocrx_word' id='word_1_146' title='bbox 838 1975 1050 2018; x_wconf 85' lang='lat' dir='ltr'><strong>sextum</strong></span> <span class='ocrx_word' id='word_1_147' title='bbox 1071 1965 1275 2033; x_wconf 84' lang='lat' dir='ltr'><strong>signum</strong></span> <span class='ocrx_word' id='word_1_148' title='bbox 1298 1960 1659 2028; x_wconf 77' lang='lat' dir='ltr'><strong>competenter</strong></span> <span class='ocrx_word' id='word_1_149' title='bbox 1682 1960 1945 2030; x_wconf 85' lang='lat' dir='ltr'><strong>sequitur.</strong></span> 
     </span>
    </p>
   </div>
   <div class='ocr_carea' id='block_1_25' title="bbox 388 2029 1586 2102">
    <p class='ocr_par' dir='ltr' id='par_1_25' title="bbox 388 2029 1586 2102">
     <span class='ocr_line' id='line_1_25' title="bbox 388 2029 1586 2102; baseline 0.001 -18"><span class='ocrx_word' id='word_1_150' title='bbox 388 2029 544 2102; x_wconf 80' lang='lat' dir='ltr'><strong>Sexta</strong></span> <span class='ocrx_word' id='word_1_151' title='bbox 570 2033 748 2085; x_wconf 88' lang='lat' dir='ltr'><strong>mundi</strong></span> <span class='ocrx_word' id='word_1_152' title='bbox 773 2032 883 2102; x_wconf 88' lang='lat' dir='ltr'><strong>jam</strong></span> <span class='ocrx_word' id='word_1_153' title='bbox 914 2044 1066 2088; x_wconf 65' lang='lat' dir='ltr'><strong>aetate</strong></span> <span class='ocrx_word' id='word_1_154' title='bbox 1092 2029 1236 2088; x_wconf 73' lang='lat' dir='ltr'><strong>vehit</strong></span> <span class='ocrx_word' id='word_1_155' title='bbox 1267 2035 1360 2088; x_wconf 87' lang='lat' dir='ltr'><strong>Dei</strong></span> <span class='ocrx_word' id='word_1_156' title='bbox 1390 2034 1586 2096; x_wconf 82' lang='lat' dir='ltr'><strong>Filius,</strong></span> 
     </span>
    </p>
   </div>
   <div class='ocr_carea' id='block_1_26' title="bbox 389 2100 1660 2172">
    <p class='ocr_par' dir='ltr' id='par_1_26' title="bbox 389 2100 1660 2172">
     <span class='ocr_line' id='line_1_26' title="bbox 389 2100 1660 2172; baseline 0 -17"><span class='ocrx_word' id='word_1_157' title='bbox 389 2100 670 2169; x_wconf 64' lang='lat' dir='ltr'><strong>Aiquitatis</strong></span> <span class='ocrx_word' id='word_1_158' title='bbox 699 2100 884 2158; x_wconf 81' lang='lat' dir='ltr'><strong>libram</strong></span> <span class='ocrx_word' id='word_1_159' title='bbox 925 2113 1090 2171; x_wconf 86' lang='lat' dir='ltr'><strong>tenet,</strong></span> <span class='ocrx_word' id='word_1_160' title='bbox 1133 2106 1255 2172; x_wconf 88' lang='lat' dir='ltr'><strong>jure</strong></span> <span class='ocrx_word' id='word_1_161' title='bbox 1282 2105 1420 2158; x_wconf 85' lang='lat' dir='ltr'><strong>Deus</strong></span> <span class='ocrx_word' id='word_1_162' title='bbox 1449 2103 1660 2158; x_wconf 90' lang='lat' dir='ltr'><strong>dicitur.</strong></span> 
     </span>
    </p>
   </div>
   <div class='ocr_carea' id='block_1_27' title="bbox 1991 416 3461 490">
    <p class='ocr_par' dir='ltr' id='par_1_27' title="bbox 1991 416 3461 490">
     <span class='ocr_line' id='line_1_27' title="bbox 1991 416 3461 490; baseline -0.005 -13"><span class='ocrx_word' id='word_1_163' title='bbox 1991 433 2038 488; x_wconf 78' lang='grc' dir='ltr'><strong>Α</strong></span> <span class='ocrx_word' id='word_1_164' title='bbox 2143 424 2273 476; x_wconf 88' lang='lat' dir='ltr'><strong>IIuie</strong></span> <span class='ocrx_word' id='word_1_165' title='bbox 2313 437 2445 490; x_wconf 90' lang='lat' dir='ltr'><strong>puro</strong></span> <span class='ocrx_word' id='word_1_166' title='bbox 2487 423 2528 474; x_wconf 89' lang='lat' dir='ltr'><strong>si</strong></span> <span class='ocrx_word' id='word_1_167' title='bbox 2557 421 2672 488; x_wconf 87' lang='lat' dir='ltr'><strong>quis</strong></span> <span class='ocrx_word' id='word_1_168' title='bbox 2703 418 2864 490; x_wconf 85' lang='lat' dir='ltr'><strong>corde</strong></span> <span class='ocrx_word' id='word_1_169' title='bbox 2891 417 3024 472; x_wconf 82' lang='lat' dir='ltr'><strong>bene</strong></span> <span class='ocrx_word' id='word_1_170' title='bbox 3051 416 3424 490; x_wconf 69' lang='lat' dir='ltr'><strong>ministraverit</strong></span> <span class='ocrx_word' id='word_1_171' title='bbox 3449 461 3461 476; x_wconf 82' lang='lat'><em>.</em></span> 
     </span>
    </p>
   </div>
   <div class='ocr_carea' id='block_1_28' title="bbox 2067 488 3492 555">
    <p class='ocr_par' dir='ltr' id='par_1_28' title="bbox 2067 488 3492 555">
     <span class='ocr_line' id='line_1_28' title="bbox 2067 488 3492 555; baseline -0.006 -8"><span class='ocrx_word' id='word_1_172' title='bbox 2067 495 2183 547; x_wconf 87' lang='lat' dir='ltr'><strong>.Iant</strong></span> <span class='ocrx_word' id='word_1_173' title='bbox 2209 488 2427 546; x_wconf 85' lang='lat' dir='ltr'><strong>securus</strong></span> <span class='ocrx_word' id='word_1_174' title='bbox 2469 506 2570 543; x_wconf 88' lang='lat' dir='ltr'><strong>non</strong></span> <span class='ocrx_word' id='word_1_175' title='bbox 2599 489 2807 543; x_wconf 88' lang='lat' dir='ltr'><strong>timebit</strong></span> <span class='ocrx_word' id='word_1_176' title='bbox 2848 504 3109 541; x_wconf 86' lang='lat' dir='ltr'><strong>venenum</strong></span> <span class='ocrx_word' id='word_1_177' title='bbox 3149 488 3442 555; x_wconf 82' lang='lat' dir='ltr'><strong>pestiferurt</strong></span> <span class='ocrx_word' id='word_1_178' title='bbox 3480 529 3492 548; x_wconf 86' lang='lat'><strong>,</strong></span> 
     </span>
    </p>
   </div>
   <div class='ocr_carea' id='block_1_29' title="bbox 2070 559 3493 626">
    <p class='ocr_par' dir='ltr' id='par_1_29' title="bbox 2070 559 3493 626">
     <span class='ocr_line' id='line_1_29' title="bbox 2070 559 3493 626; baseline -0.007 -8"><span class='ocrx_word' id='word_1_179' title='bbox 2070 565 2396 618; x_wconf 85' lang='lat' dir='ltr'><strong>Ceneulcare</strong></span> <span class='ocrx_word' id='word_1_180' title='bbox 2417 561 2524 626; x_wconf 90' lang='lat' dir='ltr'><strong>jant</strong></span> <span class='ocrx_word' id='word_1_181' title='bbox 2557 575 2674 613; x_wconf 90' lang='lat' dir='ltr'><strong>cum</strong></span> <span class='ocrx_word' id='word_1_182' title='bbox 2703 561 2876 624; x_wconf 85' lang='lat' dir='ltr'><strong>planta</strong></span> <span class='ocrx_word' id='word_1_183' title='bbox 2917 560 3252 624; x_wconf 74' lang='lat' dir='ltr'><strong>seorpionem</strong></span> <span class='ocrx_word' id='word_1_184' title='bbox 3282 559 3493 623; x_wconf 83' lang='lat' dir='ltr'><strong>poterit.</strong></span> 
     </span>
    </p>
   </div>
   <div class='ocr_carea' id='block_1_30' title="bbox 2136 630 3342 697">
    <p class='ocr_par' dir='ltr' id='par_1_30' title="bbox 2136 630 3342 697">
     <span class='ocr_line' id='line_1_30' title="bbox 2136 630 3342 697; baseline -0.006 -10"><span class='ocrx_word' id='word_1_185' title='bbox 2136 634 2300 687; x_wconf 86' lang='lat' dir='ltr'><strong>Scuto</strong></span> <span class='ocrx_word' id='word_1_186' title='bbox 2324 631 2444 684; x_wconf 87' lang='lat' dir='ltr'><strong>lidei</strong></span> <span class='ocrx_word' id='word_1_187' title='bbox 2476 639 2742 697; x_wconf 85' lang='lat' dir='ltr'><strong>protectus</strong></span> <span class='ocrx_word' id='word_1_188' title='bbox 2787 643 2983 680; x_wconf 81' lang='lat' dir='ltr'><strong>saevum</strong></span> <span class='ocrx_word' id='word_1_189' title='bbox 3016 630 3342 696; x_wconf 80' lang='lat' dir='ltr'><strong>sagittarium</strong></span> 
     </span>
    </p>
   </div>
   <div class='ocr_carea' id='block_1_31' title="bbox 2073 699 3493 763">
    <p class='ocr_par' dir='ltr' id='par_1_31' title="bbox 2073 699 3493 763">
     <span class='ocr_line' id='line_1_31' title="bbox 2073 699 3493 763; baseline -0.005 -7"><span class='ocrx_word' id='word_1_190' title='bbox 2073 704 2432 758; x_wconf 81' lang='lat' dir='ltr'><strong>Deformatum</strong></span> <span class='ocrx_word' id='word_1_191' title='bbox 2467 713 2568 752; x_wconf 90' lang='lat' dir='ltr'><strong>non</strong></span> <span class='ocrx_word' id='word_1_192' title='bbox 2593 699 2821 761; x_wconf 90' lang='lat' dir='ltr'><strong>timebit,</strong></span> <span class='ocrx_word' id='word_1_193' title='bbox 2849 712 2968 750; x_wconf 91' lang='lat' dir='ltr'><strong>eum</strong></span> <span class='ocrx_word' id='word_1_194' title='bbox 2994 699 3201 763; x_wconf 68' lang='lat' dir='ltr'><strong>equinis</strong></span> <span class='ocrx_word' id='word_1_195' title='bbox 3227 699 3493 762; x_wconf 74' lang='lat' dir='ltr'><strong>i-rurilms,</strong></span> 
     </span>
    </p>
   </div>
   <div class='ocr_carea' id='block_1_32' title="bbox 2069 768 3356 843">
    <p class='ocr_par' dir='ltr' id='par_1_32' title="bbox 2069 768 3356 843">
     <span class='ocr_line' id='line_1_32' title="bbox 2069 768 3356 843; baseline -0.004 -18"><span class='ocrx_word' id='word_1_196' title='bbox 2069 774 2186 843; x_wconf 84' lang='lat' dir='ltr'><strong>Ipse</strong></span> <span class='ocrx_word' id='word_1_197' title='bbox 2215 786 2424 838; x_wconf 89' lang='lat' dir='ltr'><strong>quoque</strong></span> <span class='ocrx_word' id='word_1_198' title='bbox 2455 769 2726 843; x_wconf 77' lang='lat' dir='ltr'><strong>superabit</strong></span> <span class='ocrx_word' id='word_1_199' title='bbox 2756 768 3041 843; x_wconf 67' lang='lat' dir='ltr'><strong>uelandum</strong></span> <span class='ocrx_word' id='word_1_200' title='bbox 3067 768 3356 843; x_wconf 75' lang='lat' dir='ltr'><strong>diabolum.</strong></span> 
     </span>
    </p>
   </div>
   <div class='ocr_carea' id='block_1_33' title="bbox 2138 837 3471 910">
    <p class='ocr_par' dir='ltr' id='par_1_33' title="bbox 2138 837 3471 910">
     <span class='ocr_line' id='line_1_33' title="bbox 2138 837 3471 910; baseline -0.005 -14"><span class='ocrx_word' id='word_1_201' title='bbox 2138 837 2494 910; x_wconf 80' lang='lat' dir='ltr'><strong>Capricornus</strong></span> <span class='ocrx_word' id='word_1_202' title='bbox 2528 837 2598 910; x_wconf 81' lang='lat' dir='ltr'><strong>ac</strong></span> <span class='ocrx_word' id='word_1_203' title='bbox 2623 838 2879 910; x_wconf 78' lang='lat' dir='ltr'><strong>deformis</strong></span> <span class='ocrx_word' id='word_1_204' title='bbox 2923 838 3068 910; x_wconf 82' lang='lat' dir='ltr'><strong>vultu</strong></span> <span class='ocrx_word' id='word_1_205' title='bbox 3097 837 3471 907; x_wconf 84' lang='lat' dir='ltr'><strong>despicabilis,</strong></span> 
     </span>
    </p>
   </div>
   <div class='ocr_carea' id='block_1_34' title="bbox 2068 907 3167 974">
    <p class='ocr_par' dir='ltr' id='par_1_34' title="bbox 2068 907 3167 974">
     <span class='ocr_line' id='line_1_34' title="bbox 2068 907 3167 974; baseline -0.003 -11"><span class='ocrx_word' id='word_1_206' title='bbox 2068 907 2484 964; x_wconf 57' lang='lat' dir='ltr'><strong>Alios&#39;amentes</strong></span> <span class='ocrx_word' id='word_1_207' title='bbox 2527 908 2674 972; x_wconf 76' lang='lat' dir='ltr'><strong>facit,</strong></span> <span class='ocrx_word' id='word_1_208' title='bbox 2705 908 2837 960; x_wconf 91' lang='lat' dir='ltr'><strong>alios</strong></span> <span class='ocrx_word' id='word_1_209' title='bbox 2864 907 3167 974; x_wconf 78' lang='lat' dir='ltr'><strong>sacrilegos,</strong></span> 
     </span>
    </p>
   </div>
   <div class='ocr_carea' id='block_1_35' title="bbox 2058 977 3158 1045">
    <p class='ocr_par' dir='ltr' id='par_1_35' title="bbox 2058 977 3158 1045">
     <span class='ocr_line' id='line_1_35' title="bbox 2058 977 3158 1045; baseline -0.005 -10"><span class='ocrx_word' id='word_1_210' title='bbox 2058 981 2392 1045; x_wconf 69' lang='lat' dir='ltr'><strong>&quot;Homicidas,</strong></span> <span class='ocrx_word' id='word_1_211' title='bbox 2424 981 2673 1045; x_wconf 81' lang='lat' dir='ltr'><strong>furiosos,</strong></span> <span class='ocrx_word' id='word_1_212' title='bbox 2713 979 2842 1030; x_wconf 92' lang='lat' dir='ltr'><strong>alios</strong></span> <span class='ocrx_word' id='word_1_213' title='bbox 2873 977 3158 1030; x_wconf 89' lang='lat' dir='ltr'><strong>adulteros.</strong></span> 
     </span>
    </p>
   </div>
   <div class='ocr_carea' id='block_1_36' title="bbox 2137 1046 3599 1110">
    <p class='ocr_par' dir='ltr' id='par_1_36' title="bbox 2137 1046 3599 1110">
     <span class='ocr_line' id='line_1_36' title="bbox 2137 1046 3599 1110; baseline -0.007 -4"><span class='ocrx_word' id='word_1_214' title='bbox 2137 1051 2238 1106; x_wconf 89' lang='lat' dir='ltr'><strong>Sed</strong></span> <span class='ocrx_word' id='word_1_215' title='bbox 2272 1051 2353 1104; x_wconf 90' lang='lat' dir='ltr'><strong>Itis</strong></span> <span class='ocrx_word' id='word_1_216' title='bbox 2381 1051 2629 1103; x_wconf 91' lang='lat' dir='ltr'><strong>omnibus</strong></span> <span class='ocrx_word' id='word_1_217' title='bbox 2654 1047 2926 1102; x_wconf 87' lang='lat' dir='ltr'><strong>conversis</strong></span> <span class='ocrx_word' id='word_1_218' title='bbox 2963 1057 3122 1110; x_wconf 90' lang='lat' dir='ltr'><strong>atque</strong></span> <span class='ocrx_word' id='word_1_219' title='bbox 3149 1047 3287 1101; x_wconf 87' lang='lat' dir='ltr'><strong>bene</strong></span> <span class='ocrx_word' id='word_1_220' title='bbox 3329 1046 3599 1108; x_wconf 79' lang='lat' dir='ltr'><strong>ﬂentibus,</strong></span> 
     </span>
    </p>
   </div>
   <div class='ocr_carea' id='block_1_37' title="bbox 2065 1117 3364 1188">
    <p class='ocr_par' dir='ltr' id='par_1_37' title="bbox 2065 1117 3364 1188">
     <span class='ocr_line' id='line_1_37' title="bbox 2065 1117 3364 1188; baseline -0.002 -15"><span class='ocrx_word' id='word_1_221' title='bbox 2065 1121 2298 1188; x_wconf 78' lang='lat' dir='ltr'><strong>Tergere</strong></span> <span class='ocrx_word' id='word_1_222' title='bbox 2342 1120 2410 1173; x_wconf 88' lang='lat' dir='ltr'><strong>de</strong></span> <span class='ocrx_word' id='word_1_223' title='bbox 2440 1121 2614 1173; x_wconf 84' lang='lat' dir='ltr'><strong>fronte</strong></span> <span class='ocrx_word' id='word_1_224' title='bbox 2645 1120 2781 1171; x_wconf 90' lang='lat' dir='ltr'><strong>solet</strong></span> <span class='ocrx_word' id='word_1_225' title='bbox 2810 1117 3071 1188; x_wconf 84' lang='lat' dir='ltr'><strong>candidus</strong></span> <span class='ocrx_word' id='word_1_226' title='bbox 3095 1118 3364 1188; x_wconf 85' lang='lat' dir='ltr'><strong>aquarius,</strong></span> 
     </span>
    </p>
   </div>
   <div class='ocr_carea' id='block_1_38' title="bbox 2055 1187 3549 1259">
    <p class='ocr_par' dir='ltr' id='par_1_38' title="bbox 2055 1187 3549 1259">
     <span class='ocr_line' id='line_1_38' title="bbox 2055 1187 3549 1259; baseline -0.006 -13"><span class='ocrx_word' id='word_1_227' title='bbox 2055 1187 2296 1246; x_wconf 77' lang='lat' dir='ltr'><strong>Crimina</strong></span> <span class='ocrx_word' id='word_1_228' title='bbox 2327 1205 2447 1259; x_wconf 73' lang='lat' dir='ltr'><strong>qua:</strong></span> <span class='ocrx_word' id='word_1_229' title='bbox 2468 1198 2658 1255; x_wconf 75' lang='lat' dir='ltr'><strong>Sponte</strong></span> <span class='ocrx_word' id='word_1_230' title='bbox 2690 1192 2816 1240; x_wconf 89' lang='lat' dir='ltr'><strong>liunt</strong></span> <span class='ocrx_word' id='word_1_231' title='bbox 2844 1188 2926 1240; x_wconf 89' lang='lat' dir='ltr'><strong>vel</strong></span> <span class='ocrx_word' id='word_1_232' title='bbox 2955 1187 3203 1259; x_wconf 85' lang='lat' dir='ltr'><strong>instinctu</strong></span> <span class='ocrx_word' id='word_1_233' title='bbox 3227 1187 3549 1259; x_wconf 68' lang='lat' dir='ltr'><strong>dmtttonuut.</strong></span> 
     </span>
    </p>
   </div>
   <div class='ocr_carea' id='block_1_39' title="bbox 2139 1255 3366 1327">
    <p class='ocr_par' dir='ltr' id='par_1_39' title="bbox 2139 1255 3366 1327">
     <span class='ocr_line' id='line_1_39' title="bbox 2139 1255 3366 1327; baseline -0.005 -13"><span class='ocrx_word' id='word_1_234' title='bbox 2139 1262 2250 1314; x_wconf 89' lang='lat' dir='ltr'><strong>Duo</strong></span> <span class='ocrx_word' id='word_1_235' title='bbox 2273 1255 2440 1326; x_wconf 71' lang='lat' dir='ltr'><strong>pisces</strong></span> <span class='ocrx_word' id='word_1_236' title='bbox 2469 1263 2555 1323; x_wconf 85' lang='lat' dir='ltr'><strong>qui</strong></span> <span class='ocrx_word' id='word_1_237' title='bbox 2585 1267 2878 1327; x_wconf 76' lang='lat' dir='ltr'><strong>Sequuntur</strong></span> <span class='ocrx_word' id='word_1_238' title='bbox 2902 1273 3005 1310; x_wconf 91' lang='lat' dir='ltr'><strong>uno</strong></span> <span class='ocrx_word' id='word_1_239' title='bbox 3033 1256 3154 1310; x_wconf 89' lang='lat' dir='ltr'><strong>sinu</strong></span> <span class='ocrx_word' id='word_1_240' title='bbox 3192 1255 3322 1311; x_wconf 85' lang='lat' dir='ltr'><strong>editi</strong></span> <span class='ocrx_word' id='word_1_241' title='bbox 3348 1294 3366 1318; x_wconf 86' lang='lat'><strong>,</strong></span> 
     </span>
    </p>
   </div>
   <div class='ocr_carea' id='block_1_40' title="bbox 2065 1327 3414 1400">
    <p class='ocr_par' dir='ltr' id='par_1_40' title="bbox 2065 1327 3414 1400">
     <span class='ocr_line' id='line_1_40' title="bbox 2065 1327 3414 1400; baseline -0.004 -17"><span class='ocrx_word' id='word_1_242' title='bbox 2065 1330 2209 1384; x_wconf 89' lang='lat' dir='ltr'><strong>Duos</strong></span> <span class='ocrx_word' id='word_1_243' title='bbox 2238 1333 2463 1400; x_wconf 90' lang='lat' dir='ltr'><strong>populos</strong></span> <span class='ocrx_word' id='word_1_244' title='bbox 2493 1328 2740 1400; x_wconf 83' lang='lat' dir='ltr'><strong>ligurant,</strong></span> <span class='ocrx_word' id='word_1_245' title='bbox 2773 1337 2990 1400; x_wconf 75' lang='lat' dir='ltr'><strong>vocatos</strong></span> <span class='ocrx_word' id='word_1_246' title='bbox 3033 1342 3127 1395; x_wconf 88' lang='lat' dir='ltr'><strong>per</strong></span> <span class='ocrx_word' id='word_1_247' title='bbox 3149 1327 3370 1400; x_wconf 85' lang='lat' dir='ltr'><strong>gratiam</strong></span> <span class='ocrx_word' id='word_1_248' title='bbox 3395 1365 3414 1389; x_wconf 86' lang='lat'><strong>,</strong></span> 
     </span>
    </p>
   </div>
   <div class='ocr_carea' id='block_1_41' title="bbox 2065 1397 3319 1469">
    <p class='ocr_par' dir='ltr' id='par_1_41' title="bbox 2065 1397 3319 1469">
     <span class='ocr_line' id='line_1_41' title="bbox 2065 1397 3319 1469; baseline -0.004 -16"><span class='ocrx_word' id='word_1_249' title='bbox 2065 1397 2403 1468; x_wconf 40' lang='lat' dir='ltr'><strong>Baptis’tnatis</strong></span> <span class='ocrx_word' id='word_1_250' title='bbox 2446 1400 2583 1453; x_wconf 84' lang='lat' dir='ltr'><strong>unda</strong></span> <span class='ocrx_word' id='word_1_251' title='bbox 2621 1399 2775 1462; x_wconf 81' lang='lat' dir='ltr'><strong>Ioles,</strong></span> <span class='ocrx_word' id='word_1_252' title='bbox 2805 1398 2903 1450; x_wconf 90' lang='lat' dir='ltr'><strong>soli</strong></span> <span class='ocrx_word' id='word_1_253' title='bbox 2932 1397 3043 1469; x_wconf 69' lang='lat' dir='ltr'><strong>Deo</strong></span> <span class='ocrx_word' id='word_1_254' title='bbox 3078 1399 3319 1469; x_wconf 84' lang='lat' dir='ltr'><strong>credere.</strong></span> 
     </span>
    </p>
   </div>
   <div class='ocr_carea' id='block_1_42' title="bbox 2139 1467 3318 1537">
    <p class='ocr_par' dir='ltr' id='par_1_42' title="bbox 2139 1467 3318 1537">
     <span class='ocr_line' id='line_1_42' title="bbox 2139 1467 3318 1537; baseline -0.003 -15"><span class='ocrx_word' id='word_1_255' title='bbox 2139 1471 2376 1523; x_wconf 86' lang='lat' dir='ltr'><strong>Insanire</strong></span> <span class='ocrx_word' id='word_1_256' title='bbox 2399 1470 2508 1537; x_wconf 91' lang='lat' dir='ltr'><strong>jam</strong></span> <span class='ocrx_word' id='word_1_257' title='bbox 2547 1469 2760 1520; x_wconf 90' lang='lat' dir='ltr'><strong>illorum</strong></span> <span class='ocrx_word' id='word_1_258' title='bbox 2785 1467 2999 1521; x_wconf 77' lang='lat' dir='ltr'><strong>desinat</strong></span> <span class='ocrx_word' id='word_1_259' title='bbox 3017 1467 3282 1520; x_wconf 89' lang='lat' dir='ltr'><strong>dementia</strong></span> <span class='ocrx_word' id='word_1_260' title='bbox 3303 1505 3318 1525; x_wconf 86' lang='lat'><strong>.</strong></span> 
     </span>
    </p>
   </div>
   <div class='ocr_carea' id='block_1_43' title="bbox 2063 1537 3315 1605">
    <p class='ocr_par' dir='ltr' id='par_1_43' title="bbox 2063 1537 3315 1605">
     <span class='ocr_line' id='line_1_43' title="bbox 2063 1537 3315 1605; baseline -0.002 -14"><span class='ocrx_word' id='word_1_261' title='bbox 2063 1539 2162 1605; x_wconf 85' lang='lat' dir='ltr'><strong>Qui</strong></span> <span class='ocrx_word' id='word_1_262' title='bbox 2191 1542 2241 1592; x_wconf 93' lang='lat' dir='ltr'><strong>in</strong></span> <span class='ocrx_word' id='word_1_263' title='bbox 2270 1540 2409 1592; x_wconf 65' lang='lat' dir='ltr'><strong>coelo</strong></span> <span class='ocrx_word' id='word_1_264' title='bbox 2437 1554 2555 1591; x_wconf 90' lang='lat' dir='ltr'><strong>esse</strong></span> <span class='ocrx_word' id='word_1_265' title='bbox 2583 1537 2804 1591; x_wconf 85' lang='lat' dir='ltr'><strong>credunt</strong></span> <span class='ocrx_word' id='word_1_266' title='bbox 2833 1538 3006 1605; x_wconf 85' lang='lat' dir='ltr'><strong>aliqua</strong></span> <span class='ocrx_word' id='word_1_267' title='bbox 3039 1537 3279 1590; x_wconf 88' lang='lat' dir='ltr'><strong>mortalia</strong></span> <span class='ocrx_word' id='word_1_268' title='bbox 3300 1577 3315 1598; x_wconf 90' lang='lat'><strong>,</strong></span> 
     </span>
    </p>
   </div>
   <div class='ocr_carea' id='block_1_44' title="bbox 2062 1605 3456 1677">
    <p class='ocr_par' dir='ltr' id='par_1_44' title="bbox 2062 1605 3456 1677">
     <span class='ocr_line' id='line_1_44' title="bbox 2062 1605 3456 1677; baseline -0.003 -14"><span class='ocrx_word' id='word_1_269' title='bbox 2062 1612 2226 1663; x_wconf 89' lang='lat' dir='ltr'><strong>Cassa</strong></span> <span class='ocrx_word' id='word_1_270' title='bbox 2257 1618 2530 1677; x_wconf 85' lang='lat' dir='ltr'><strong>spernant,</strong></span> <span class='ocrx_word' id='word_1_271' title='bbox 2565 1607 2648 1659; x_wconf 91' lang='lat' dir='ltr'><strong>illa</strong></span> <span class='ocrx_word' id='word_1_272' title='bbox 2675 1608 2895 1659; x_wconf 83' lang='lat' dir='ltr'><strong>credant</strong></span> <span class='ocrx_word' id='word_1_273' title='bbox 2924 1621 3040 1673; x_wconf 69' lang='lat' dir='ltr'><strong>qua:</strong></span> <span class='ocrx_word' id='word_1_274' title='bbox 3073 1607 3162 1659; x_wconf 86' lang='lat' dir='ltr'><strong>Dei</strong></span> <span class='ocrx_word' id='word_1_275' title='bbox 3193 1605 3456 1661; x_wconf 82' lang='lat' dir='ltr'><strong>Ecclesia.</strong></span> 
     </span>
    </p>
   </div>
   <div class='ocr_carea' id='block_1_45' title="bbox 2132 1677 3183 1744">
    <p class='ocr_par' dir='ltr' id='par_1_45' title="bbox 2132 1677 3183 1744">
     <span class='ocr_line' id='line_1_45' title="bbox 2132 1677 3183 1744; baseline -0.004 -12"><span class='ocrx_word' id='word_1_276' title='bbox 2132 1679 2393 1732; x_wconf 80' lang='lat' dir='ltr'><strong>Animalia</strong></span> <span class='ocrx_word' id='word_1_277' title='bbox 2422 1678 2626 1743; x_wconf 86' lang='lat' dir='ltr'><strong>pusilla,</strong></span> <span class='ocrx_word' id='word_1_278' title='bbox 2656 1690 2841 1744; x_wconf 83' lang='lat' dir='ltr'><strong>magna</strong></span> <span class='ocrx_word' id='word_1_279' title='bbox 2867 1686 2919 1729; x_wconf 88' lang='lat' dir='ltr'><strong>et</strong></span> <span class='ocrx_word' id='word_1_280' title='bbox 2942 1677 3148 1741; x_wconf 84' lang='lat' dir='ltr'><strong>reptilia</strong></span> <span class='ocrx_word' id='word_1_281' title='bbox 3169 1719 3183 1743; x_wconf 93' lang='lat'><strong>,</strong></span> 
     </span>
    </p>
   </div>
   <div class='ocr_carea' id='block_1_46' title="bbox 1982 1745 3420 1828">
    <p class='ocr_par' dir='ltr' id='par_1_46' title="bbox 1982 1745 3420 1828">
     <span class='ocr_line' id='line_1_46' title="bbox 1982 1745 3420 1828; baseline -0.001 -30"><span class='ocrx_word' id='word_1_282' title='bbox 1982 1771 2030 1828; x_wconf 76' lang='grc' dir='ltr'><strong>Β</strong></span> <span class='ocrx_word' id='word_1_283' title='bbox 2061 1749 2249 1828; x_wconf 69' lang='lat' dir='ltr'><strong>Carnis</strong></span> <span class='ocrx_word' id='word_1_284' title='bbox 2279 1750 2515 1814; x_wconf 89' lang='lat' dir='ltr'><strong>pondere</strong></span> <span class='ocrx_word' id='word_1_285' title='bbox 2540 1760 2754 1828; x_wconf 82' lang='lat' dir='ltr'><strong>gravata</strong></span> <span class='ocrx_word' id='word_1_286' title='bbox 2796 1761 2900 1828; x_wconf 76' lang='lat' dir='ltr'><strong>non</strong></span> <span class='ocrx_word' id='word_1_287' title='bbox 2933 1745 3383 1828; x_wconf 73' lang='lat' dir='ltr'><strong>petuntcmlestia</strong></span> <span class='ocrx_word' id='word_1_288' title='bbox 3405 1784 3420 1806; x_wconf 90' lang='lat'><strong>,</strong></span> 
     </span>
    </p>
   </div>
   <div class='ocr_carea' id='block_1_47' title="bbox 2059 1815 3490 1874">
    <p class='ocr_par' dir='ltr' id='par_1_47' title="bbox 2059 1815 3490 1874">
     <span class='ocr_line' id='line_1_47' title="bbox 2059 1815 3490 1874; baseline -0.005 0"><span class='ocrx_word' id='word_1_289' title='bbox 2059 1820 2166 1874; x_wconf 85' lang='lat' dir='ltr'><strong>Sed</strong></span> <span class='ocrx_word' id='word_1_290' title='bbox 2208 1834 2330 1872; x_wconf 92' lang='lat' dir='ltr'><strong>cum</strong></span> <span class='ocrx_word' id='word_1_291' title='bbox 2357 1832 2516 1871; x_wconf 87' lang='lat' dir='ltr'><strong>carne</strong></span> <span class='ocrx_word' id='word_1_292' title='bbox 2545 1823 2732 1869; x_wconf 91' lang='lat' dir='ltr'><strong>horum</strong></span> <span class='ocrx_word' id='word_1_293' title='bbox 2761 1817 2988 1869; x_wconf 87' lang='lat' dir='ltr'><strong>credunt</strong></span> <span class='ocrx_word' id='word_1_294' title='bbox 3019 1815 3240 1869; x_wconf 90' lang='lat' dir='ltr'><strong>interire</strong></span> <span class='ocrx_word' id='word_1_295' title='bbox 3266 1817 3490 1868; x_wconf 80' lang='lat' dir='ltr'><strong>animus.</strong></span> 
     </span>
    </p>
   </div>
   <div class='ocr_carea' id='block_1_48' title="bbox 2133 1884 3243 1948">
    <p class='ocr_par' dir='ltr' id='par_1_48' title="bbox 2133 1884 3243 1948">
     <span class='ocr_line' id='line_1_48' title="bbox 2133 1884 3243 1948; baseline -0.005 -6"><span class='ocrx_word' id='word_1_296' title='bbox 2133 1887 2230 1943; x_wconf 88' lang='lat' dir='ltr'><strong>Ubi</strong></span> <span class='ocrx_word' id='word_1_297' title='bbox 2261 1889 2534 1940; x_wconf 90' lang='lat' dir='ltr'><strong>hominum</strong></span> <span class='ocrx_word' id='word_1_298' title='bbox 2559 1897 2615 1940; x_wconf 89' lang='lat' dir='ltr'><strong>et</strong></span> <span class='ocrx_word' id='word_1_299' title='bbox 2648 1884 2738 1938; x_wconf 90' lang='lat' dir='ltr'><strong>Dei</strong></span> <span class='ocrx_word' id='word_1_300' title='bbox 2768 1885 3028 1939; x_wconf 87' lang='lat' dir='ltr'><strong>mediator</strong></span> <span class='ocrx_word' id='word_1_301' title='bbox 3055 1884 3243 1948; x_wconf 71' lang='lat' dir='ltr'><strong>fuerit,</strong></span> 
     </span>
    </p>
   </div>
   <div class='ocr_carea' id='block_1_49' title="bbox 2059 1955 3247 2018">
    <p class='ocr_par' dir='ltr' id='par_1_49' title="bbox 2059 1955 3247 2018">
     <span class='ocr_line' id='line_1_49' title="bbox 2059 1955 3247 2018; baseline -0.006 -4"><span class='ocrx_word' id='word_1_302' title='bbox 2059 1960 2191 2014; x_wconf 88' lang='lat' dir='ltr'><strong>Esse</strong></span> <span class='ocrx_word' id='word_1_303' title='bbox 2217 1958 2288 2011; x_wconf 89' lang='lat' dir='ltr'><strong>ibi</strong></span> <span class='ocrx_word' id='word_1_304' title='bbox 2316 1959 2608 2011; x_wconf 85' lang='lat' dir='ltr'><strong>electorum</strong></span> <span class='ocrx_word' id='word_1_305' title='bbox 2640 1955 2913 2008; x_wconf 90' lang='lat' dir='ltr'><strong>credimus</strong></span> <span class='ocrx_word' id='word_1_306' title='bbox 2937 1965 2991 2007; x_wconf 84' lang='lat' dir='ltr'><strong>et</strong></span> <span class='ocrx_word' id='word_1_307' title='bbox 3017 1955 3247 2018; x_wconf 88' lang='lat' dir='ltr'><strong>animas,</strong></span> 
     </span>
    </p>
   </div>
   <div class='ocr_carea' id='block_1_50' title="bbox 2057 2024 3317 2094">
    <p class='ocr_par' dir='ltr' id='par_1_50' title="bbox 2057 2024 3317 2094">
     <span class='ocr_line' id='line_1_50' title="bbox 2057 2024 3317 2094; baseline -0.006 -10"><span class='ocrx_word' id='word_1_308' title='bbox 2057 2031 2183 2085; x_wconf 75' lang='lat' dir='ltr'><strong>Haec</strong></span> <span class='ocrx_word' id='word_1_309' title='bbox 2208 2029 2457 2083; x_wconf 89' lang='lat' dir='ltr'><strong>daturum</strong></span> <span class='ocrx_word' id='word_1_310' title='bbox 2500 2031 2569 2080; x_wconf 88' lang='lat' dir='ltr'><strong>se&#39;</strong></span> <span class='ocrx_word' id='word_1_311' title='bbox 2587 2027 2830 2094; x_wconf 87' lang='lat' dir='ltr'><strong>promisit</strong></span> <span class='ocrx_word' id='word_1_312' title='bbox 2855 2024 3057 2078; x_wconf 74' lang='lat' dir='ltr'><strong>infinita</strong></span> <span class='ocrx_word' id='word_1_313' title='bbox 3089 2025 3317 2078; x_wconf 88' lang='lat' dir='ltr'><strong>bonitas.</strong></span> 
     </span>
    </p>
   </div>
   <div class='ocr_carea' id='block_1_51' title="bbox 1468 2320 2546 2410">
    <p class='ocr_par' dir='ltr' id='par_1_51' title="bbox 1468 2320 2546 2410">
     <span class='ocr_line' id='line_1_51' title="bbox 1468 2320 2546 2410; baseline -0.016 1"><span class='ocrx_word' id='word_1_314' title='bbox 1468 2327 1994 2410; x_wconf 78' lang='lat' dir='ltr'><strong>MANFRED&#39;I</strong></span> <span class='ocrx_word' id='word_1_315' title='bbox 2065 2320 2546 2402; x_wconf 80' lang='lat' dir='ltr'><strong>CARMINA.</strong></span> 
     </span>
    </p>
   </div>
   <div class='ocr_carea' id='block_1_52' title="bbox 920 2502 1414 2546">
    <p class='ocr_par' dir='ltr' id='par_1_52' title="bbox 920 2502 1414 2546">
     <span class='ocr_line' id='line_1_52' title="bbox 920 2502 1414 2546; baseline -0.004 0"><span class='ocrx_word' id='word_1_316' title='bbox 920 2502 993 2546; x_wconf 78' lang='lat' dir='ltr'><strong>&#39;bs</strong></span> <span class='ocrx_word' id='word_1_317' title='bbox 1033 2508 1169 2545; x_wconf 62' lang='lat' dir='ltr'><strong>anno</strong></span> <span class='ocrx_word' id='word_1_318' title='bbox 1207 2505 1414 2544; x_wconf 71' lang='lat' dir='ltr'><strong>suum.</strong></span> 
     </span>
    </p>
   </div>
   <div class='ocr_carea' id='block_1_53' title="bbox 393 2583 1624 2653">
    <p class='ocr_par' dir='ltr' id='par_1_53' title="bbox 393 2583 1624 2653">
     <span class='ocr_line' id='line_1_53' title="bbox 393 2583 1624 2653; baseline -0.007 -14"><span class='ocrx_word' id='word_1_319' title='bbox 393 2587 578 2639; x_wconf 88' lang='lat' dir='ltr'><strong>Aunus</strong></span> <span class='ocrx_word' id='word_1_320' title='bbox 601 2583 818 2649; x_wconf 88' lang='lat' dir='ltr'><strong>solaris,</strong></span> <span class='ocrx_word' id='word_1_321' title='bbox 847 2584 935 2653; x_wconf 91' lang='lat' dir='ltr'><strong>qui</strong></span> <span class='ocrx_word' id='word_1_322' title='bbox 967 2597 1188 2653; x_wconf 83' lang='lat' dir='ltr'><strong>magnus</strong></span> <span class='ocrx_word' id='word_1_323' title='bbox 1219 2597 1364 2653; x_wconf 67' lang='lat' dir='ltr'><strong>saepe</strong></span> <span class='ocrx_word' id='word_1_324' title='bbox 1377 2590 1624 2653; x_wconf 73' lang='lat' dir='ltr'><strong>vocatur,</strong></span> 
     </span>
    </p>
   </div>
   <div class='ocr_carea' id='block_1_54' title="bbox 392 2649 1563 2720">
    <p class='ocr_par' dir='ltr' id='par_1_54' title="bbox 392 2649 1563 2720">
     <span class='ocr_line' id='line_1_54' title="bbox 392 2649 1563 2720; baseline -0.008 -10"><span class='ocrx_word' id='word_1_325' title='bbox 392 2655 654 2711; x_wconf 82' lang='lat' dir='ltr'><strong>Circuitus</strong></span> <span class='ocrx_word' id='word_1_326' title='bbox 681 2654 812 2709; x_wconf 89' lang='lat' dir='ltr'><strong>solis</strong></span> <span class='ocrx_word' id='word_1_327' title='bbox 841 2649 1007 2708; x_wconf 80' lang='lat' dir='ltr'><strong>semel</strong></span> <span class='ocrx_word' id='word_1_328' title='bbox 1040 2649 1120 2706; x_wconf 72' lang='lat' dir='ltr'><strong>est</strong></span> <span class='ocrx_word' id='word_1_329' title='bbox 1153 2667 1246 2720; x_wconf 91' lang='lat' dir='ltr'><strong>per</strong></span> <span class='ocrx_word' id='word_1_330' title='bbox 1272 2649 1563 2705; x_wconf 85' lang='lat' dir='ltr'><strong>zodiacum.</strong></span> 
     </span>
    </p>
   </div>
   <div class='ocr_carea' id='block_1_55' title="bbox 964 2743 1380 2797">
    <p class='ocr_par' dir='ltr' id='par_1_55' title="bbox 964 2743 1380 2797">
     <span class='ocr_line' id='line_1_55' title="bbox 964 2743 1380 2797; baseline -0.007 0"><span class='ocrx_word' id='word_1_331' title='bbox 964 2743 1040 2797; x_wconf 83' lang='lat' dir='ltr'><strong>De</strong></span> <span class='ocrx_word' id='word_1_332' title='bbox 1060 2760 1212 2796; x_wconf 82' lang='lat' dir='ltr'><strong>cursu</strong></span> <span class='ocrx_word' id='word_1_333' title='bbox 1236 2743 1380 2795; x_wconf 79' lang='lat' dir='ltr'><strong>solis.</strong></span> 
     </span>
    </p>
   </div>
   <div class='ocr_carea' id='block_1_56' title="bbox 393 2833 1714 2903">
    <p class='ocr_par' dir='ltr' id='par_1_56' title="bbox 393 2833 1714 2903">
     <span class='ocr_line' id='line_1_56' title="bbox 393 2833 1714 2903; baseline -0.005 -14"><span class='ocrx_word' id='word_1_334' title='bbox 393 2833 594 2889; x_wconf 86' lang='lat' dir='ltr'><strong>Cursus</strong></span> <span class='ocrx_word' id='word_1_335' title='bbox 627 2833 814 2903; x_wconf 78' lang='lat' dir='ltr'><strong>viginti</strong></span> <span class='ocrx_word' id='word_1_336' title='bbox 842 2834 1141 2902; x_wconf 89' lang='lat' dir='ltr'><strong>completur</strong></span> <span class='ocrx_word' id='word_1_337' title='bbox 1169 2841 1222 2887; x_wconf 93' lang='lat' dir='ltr'><strong>et</strong></span> <span class='ocrx_word' id='word_1_338' title='bbox 1240 2847 1376 2886; x_wconf 85' lang='lat' dir='ltr'><strong>octo</strong></span> <span class='ocrx_word' id='word_1_339' title='bbox 1404 2847 1500 2900; x_wconf 90' lang='lat' dir='ltr'><strong>per</strong></span> <span class='ocrx_word' id='word_1_340' title='bbox 1527 2847 1714 2886; x_wconf 88' lang='lat' dir='ltr'><strong>annos.</strong></span> 
     </span>
    </p>
   </div>
   <div class='ocr_carea' id='block_1_57' title="bbox 949 2924 1406 2979">
    <p class='ocr_par' dir='ltr' id='par_1_57' title="bbox 949 2924 1406 2979">
     <span class='ocr_line' id='line_1_57' title="bbox 949 2924 1406 2979; baseline -0.007 -1"><span class='ocrx_word' id='word_1_341' title='bbox 949 2925 1026 2979; x_wconf 83' lang='lat' dir='ltr'><strong>De</strong></span> <span class='ocrx_word' id='word_1_342' title='bbox 1053 2941 1188 2978; x_wconf 83' lang='lat' dir='ltr'><strong>anno</strong></span> <span class='ocrx_word' id='word_1_343' title='bbox 1217 2924 1406 2977; x_wconf 83' lang='lat' dir='ltr'><strong>lunari.</strong></span> 
     </span>
    </p>
   </div>
   <div class='ocr_carea' id='block_1_58' title="bbox 395 3011 1530 3081">
    <p class='ocr_par' dir='ltr' id='par_1_58' title="bbox 395 3011 1530 3081">
     <span class='ocr_line' id='line_1_58' title="bbox 395 3011 1530 3081; baseline -0.004 -10"><span class='ocrx_word' id='word_1_344' title='bbox 395 3019 582 3071; x_wconf 83' lang='lat' dir='ltr'><strong>Annus</strong></span> <span class='ocrx_word' id='word_1_345' title='bbox 605 3011 807 3070; x_wconf 88' lang='lat' dir='ltr'><strong>lunaris</strong></span> <span class='ocrx_word' id='word_1_346' title='bbox 859 3026 943 3071; x_wconf 91' lang='lat' dir='ltr'><strong>est</strong></span> <span class='ocrx_word' id='word_1_347' title='bbox 968 3018 1106 3071; x_wconf 76' lang='lat' dir='ltr'><strong>luam</strong></span> <span class='ocrx_word' id='word_1_348' title='bbox 1137 3017 1414 3078; x_wconf 87' lang='lat' dir='ltr'><strong>circuitus,</strong></span> <span class='ocrx_word' id='word_1_349' title='bbox 1442 3015 1530 3081; x_wconf 90' lang='lat' dir='ltr'><strong>qui</strong></span> 
     </span>
    </p>
   </div>
   <div class='ocr_carea' id='block_1_59' title="bbox 398 3083 1814 3149">
    <p class='ocr_par' dir='ltr' id='par_1_59' title="bbox 398 3083 1814 3149">
     <span class='ocr_line' id='line_1_59' title="bbox 398 3083 1814 3149; baseline -0.006 -7"><span class='ocrx_word' id='word_1_350' title='bbox 398 3087 544 3142; x_wconf 80' lang='lat' dir='ltr'><strong>Nunc</strong></span> <span class='ocrx_word' id='word_1_351' title='bbox 569 3099 652 3142; x_wconf 85' lang='lat' dir='ltr'><strong>est</strong></span> <span class='ocrx_word' id='word_1_352' title='bbox 669 3089 969 3142; x_wconf 87' lang='lat' dir='ltr'><strong>communis</strong></span> <span class='ocrx_word' id='word_1_353' title='bbox 988 3129 1001 3149; x_wconf 90' lang='lat'><strong>,</strong></span> <span class='ocrx_word' id='word_1_354' title='bbox 1035 3103 1173 3140; x_wconf 92' lang='lat' dir='ltr'><strong>nunc</strong></span> <span class='ocrx_word' id='word_1_355' title='bbox 1201 3087 1546 3141; x_wconf 86' lang='lat' dir='ltr'><strong>embolisutus</strong></span> <span class='ocrx_word' id='word_1_356' title='bbox 1578 3083 1814 3136; x_wconf 88' lang='lat' dir='ltr'><strong>habetur.</strong></span> 
     </span>
    </p>
   </div>
   <div class='ocr_carea' id='block_1_60' title="bbox 968 3177 1400 3230">
    <p class='ocr_par' dir='ltr' id='par_1_60' title="bbox 968 3177 1400 3230">
     <span class='ocr_line' id='line_1_60' title="bbox 968 3177 1400 3230; baseline 0.002 -1"><span class='ocrx_word' id='word_1_357' title='bbox 968 3177 1042 3230; x_wconf 86' lang='lat' dir='ltr'><strong>De</strong></span> <span class='ocrx_word' id='word_1_358' title='bbox 1069 3193 1219 3230; x_wconf 81' lang='lat' dir='ltr'><strong>cursu</strong></span> <span class='ocrx_word' id='word_1_359' title='bbox 1247 3177 1400 3230; x_wconf 73' lang='lat' dir='ltr'><strong>lunw.</strong></span> 
     </span>
    </p>
   </div>
   <div class='ocr_carea' id='block_1_61' title="bbox 400 3266 1782 3337">
    <p class='ocr_par' dir='ltr' id='par_1_61' title="bbox 400 3266 1782 3337">
     <span class='ocr_line' id='line_1_61' title="bbox 400 3266 1782 3337; baseline -0.004 -16"><span class='ocrx_word' id='word_1_360' title='bbox 400 3267 496 3321; x_wconf 86' lang='lat' dir='ltr'><strong>Ast</strong></span> <span class='ocrx_word' id='word_1_361' title='bbox 518 3266 634 3337; x_wconf 87' lang='lat' dir='ltr'><strong>ejus</strong></span> <span class='ocrx_word' id='word_1_362' title='bbox 663 3281 848 3322; x_wconf 89' lang='lat' dir='ltr'><strong>cursus</strong></span> <span class='ocrx_word' id='word_1_363' title='bbox 880 3275 988 3321; x_wconf 83' lang='lat' dir='ltr'><strong>tres</strong></span> <span class='ocrx_word' id='word_1_364' title='bbox 1017 3267 1204 3335; x_wconf 88' lang='lat' dir='ltr'><strong>bisque</strong></span> <span class='ocrx_word' id='word_1_365' title='bbox 1237 3269 1290 3319; x_wconf 88' lang='lat' dir='ltr'><strong>lit</strong></span> <span class='ocrx_word' id='word_1_366' title='bbox 1324 3276 1445 3321; x_wconf 91' lang='lat' dir='ltr'><strong>octo</strong></span> <span class='ocrx_word' id='word_1_367' title='bbox 1477 3281 1568 3337; x_wconf 85' lang='lat' dir='ltr'><strong>per</strong></span> <span class='ocrx_word' id='word_1_368' title='bbox 1595 3279 1782 3326; x_wconf 91' lang='lat' dir='ltr'><strong>annos,</strong></span> 
     </span>
    </p>
   </div>
   <div class='ocr_carea' id='block_1_62' title="bbox 400 3336 1642 3404">
    <p class='ocr_par' dir='ltr' id='par_1_62' title="bbox 400 3336 1642 3404">
     <span class='ocr_line' id='line_1_62' title="bbox 400 3336 1642 3404; baseline -0.002 -14"><span class='ocrx_word' id='word_1_369' title='bbox 400 3338 474 3390; x_wconf 80' lang='lat' dir='ltr'><strong>Ex</strong></span> <span class='ocrx_word' id='word_1_370' title='bbox 503 3336 584 3390; x_wconf 79' lang='lat' dir='ltr'><strong>his</strong></span> <span class='ocrx_word' id='word_1_371' title='bbox 614 3337 904 3391; x_wconf 87' lang='lat' dir='ltr'><strong>luminibus</strong></span> <span class='ocrx_word' id='word_1_372' title='bbox 936 3351 1030 3390; x_wconf 93' lang='lat' dir='ltr'><strong>nos</strong></span> <span class='ocrx_word' id='word_1_373' title='bbox 1060 3347 1385 3404; x_wconf 85' lang='lat' dir='ltr'><strong>pertractare</strong></span> <span class='ocrx_word' id='word_1_374' title='bbox 1415 3336 1642 3397; x_wconf 87' lang='lat' dir='ltr'><strong>duobus,</strong></span> 
     </span>
    </p>
   </div>
   <div class='ocr_carea' id='block_1_63' title="bbox 398 3406 1754 3469">
    <p class='ocr_par' dir='ltr' id='par_1_63' title="bbox 398 3406 1754 3469">
     <span class='ocr_line' id='line_1_63' title="bbox 398 3406 1754 3469; baseline -0.003 -9"><span class='ocrx_word' id='word_1_375' title='bbox 398 3409 677 3469; x_wconf 77' lang='lat' dir='ltr'><strong>Convenit,</strong></span> <span class='ocrx_word' id='word_1_376' title='bbox 705 3416 758 3459; x_wconf 89' lang='lat' dir='ltr'><strong>et</strong></span> <span class='ocrx_word' id='word_1_377' title='bbox 782 3408 978 3460; x_wconf 84' lang='lat' dir='ltr'><strong>nostris</strong></span> <span class='ocrx_word' id='word_1_378' title='bbox 1010 3409 1302 3461; x_wconf 87' lang='lat' dir='ltr'><strong>rationibus</strong></span> <span class='ocrx_word' id='word_1_379' title='bbox 1333 3406 1524 3459; x_wconf 89' lang='lat' dir='ltr'><strong>addere</strong></span> <span class='ocrx_word' id='word_1_380' title='bbox 1552 3406 1754 3468; x_wconf 78' lang='lat' dir='ltr'><strong>sedem,</strong></span> 
     </span>
    </p>
   </div>
   <div class='ocr_carea' id='block_1_64' title="bbox 403 3476 1764 3545">
    <p class='ocr_par' dir='ltr' id='par_1_64' title="bbox 403 3476 1764 3545">
     <span class='ocr_line' id='line_1_64' title="bbox 403 3476 1764 3545; baseline -0.005 -13"><span class='ocrx_word' id='word_1_381' title='bbox 403 3477 469 3532; x_wconf 86' lang='lat' dir='ltr'><strong>Ut</strong></span> <span class='ocrx_word' id='word_1_382' title='bbox 498 3493 656 3545; x_wconf 85' lang='lat' dir='ltr'><strong>super</strong></span> <span class='ocrx_word' id='word_1_383' title='bbox 689 3477 802 3530; x_wconf 63' lang='lat' dir='ltr'><strong>haec</strong></span> <span class='ocrx_word' id='word_1_384' title='bbox 835 3476 1030 3530; x_wconf 79' lang='lat' dir='ltr'><strong>fuerint</strong></span> <span class='ocrx_word' id='word_1_385' title='bbox 1055 3494 1169 3543; x_wconf 73' lang='lat' dir='ltr'><strong>quae</strong></span> <span class='ocrx_word' id='word_1_386' title='bbox 1204 3476 1538 3529; x_wconf 88' lang='lat' dir='ltr'><strong>l&#39;undatttenta</strong></span> <span class='ocrx_word' id='word_1_387' title='bbox 1574 3476 1764 3535; x_wconf 69' lang='lat' dir='ltr'><strong>locata,</strong></span> 
     </span>
    </p>
   </div>
   <div class='ocr_carea' id='block_1_65' title="bbox 399 3545 1581 3615">
    <p class='ocr_par' dir='ltr' id='par_1_65' title="bbox 399 3545 1581 3615">
     <span class='ocr_line' id='line_1_65' title="bbox 399 3545 1581 3615; baseline -0.003 -15"><span class='ocrx_word' id='word_1_388' title='bbox 399 3548 648 3600; x_wconf 82' lang='lat' dir='ltr'><strong>Obicibus</strong></span> <span class='ocrx_word' id='word_1_389' title='bbox 679 3547 887 3600; x_wconf 84' lang='lat' dir='ltr'><strong>valeant</strong></span> <span class='ocrx_word' id='word_1_390' title='bbox 917 3563 1019 3599; x_wconf 90' lang='lat' dir='ltr'><strong>non</strong></span> <span class='ocrx_word' id='word_1_391' title='bbox 1053 3557 1364 3615; x_wconf 81' lang='lat' dir='ltr'><strong>argumenta</strong></span> <span class='ocrx_word' id='word_1_392' title='bbox 1391 3545 1581 3609; x_wconf 77' lang='lat' dir='ltr'><strong>refelli,</strong></span> 
     </span>
    </p>
   </div>
   <div class='ocr_carea' id='block_1_66' title="bbox 1774 2919 1784 2944">
    <p class='ocr_par' dir='ltr' id='par_1_66' title="bbox 1774 2919 1784 2944">
     <span class='ocr_line' id='line_1_66' title="bbox 1774 2919 1784 2944; baseline 0 0"><span class='ocrx_word' id='word_1_393' title='bbox 1774 2919 1784 2944; x_wconf 73' lang='grc' dir='ltr'><em>Ι</em></span> 
     </span>
    </p>
   </div>
   <div class='ocr_carea' id='block_1_67' title="bbox 400 3612 1962 3685">
    <p class='ocr_par' dir='ltr' id='par_1_67' title="bbox 400 3612 1962 3685">
     <span class='ocr_line' id='line_1_67' title="bbox 400 3612 1962 3685; baseline -0.003 -16"><span class='ocrx_word' id='word_1_394' title='bbox 400 3617 503 3670; x_wconf 83' lang='lat' dir='ltr'><strong>Sed</strong></span> <span class='ocrx_word' id='word_1_395' title='bbox 539 3619 762 3685; x_wconf 88' lang='lat' dir='ltr'><strong>printum</strong></span> <span class='ocrx_word' id='word_1_396' title='bbox 789 3616 1038 3684; x_wconf 89' lang='lat' dir='ltr'><strong>quiddam</strong></span> <span class='ocrx_word' id='word_1_397' title='bbox 1069 3612 1313 3670; x_wconf 82' lang='lat' dir='ltr'><strong>volumus</strong></span> <span class='ocrx_word' id='word_1_398' title='bbox 1344 3631 1584 3669; x_wconf 86' lang='lat' dir='ltr'><strong>reserare</strong></span> <span class='ocrx_word' id='word_1_399' title='bbox 1612 3612 1748 3684; x_wconf 91' lang='lat' dir='ltr'><strong>quod</strong></span> <span class='ocrx_word' id='word_1_400' title='bbox 1783 3613 1962 3674; x_wconf 78' lang='lat' dir='ltr'><strong>instat,</strong></span> 
     </span>
    </p>
   </div>
   <div class='ocr_carea' id='block_1_68' title="bbox 404 3686 1622 3753">
    <p class='ocr_par' dir='ltr' id='par_1_68' title="bbox 404 3686 1622 3753">
     <span class='ocr_line' id='line_1_68' title="bbox 404 3686 1622 3753; baseline -0.002 -13"><span class='ocrx_word' id='word_1_401' title='bbox 404 3687 541 3741; x_wconf 84' lang='lat' dir='ltr'><strong>Utile</strong></span> <span class='ocrx_word' id='word_1_402' title='bbox 563 3689 699 3753; x_wconf 88' lang='lat' dir='ltr'><strong>quod</strong></span> <span class='ocrx_word' id='word_1_403' title='bbox 730 3687 956 3739; x_wconf 89' lang='lat' dir='ltr'><strong>multum</strong></span> <span class='ocrx_word' id='word_1_404' title='bbox 989 3686 1137 3739; x_wconf 89' lang='lat' dir='ltr'><strong>nobis</strong></span> <span class='ocrx_word' id='word_1_405' title='bbox 1169 3689 1366 3739; x_wconf 83' lang='lat' dir='ltr'><strong>instare</strong></span> <span class='ocrx_word' id='word_1_406' title='bbox 1395 3686 1622 3739; x_wconf 81' lang='lat' dir='ltr'><strong>videtur.</strong></span> 
     </span>
    </p>
   </div>
   <div class='ocr_carea' id='block_1_69' title="bbox 735 3789 1619 3837">
    <p class='ocr_par' dir='ltr' id='par_1_69' title="bbox 735 3789 1619 3837">
     <span class='ocr_line' id='line_1_69' title="bbox 735 3789 1619 3837; baseline -0.001 -9"><span class='ocrx_word' id='word_1_407' title='bbox 735 3790 801 3828; x_wconf 76' lang='grc' dir='ltr'><strong>ΒΕ</strong></span> <span class='ocrx_word' id='word_1_408' title='bbox 839 3790 1082 3837; x_wconf 77' lang='lat' dir='ltr'><strong>QUATUOR</strong></span> <span class='ocrx_word' id='word_1_409' title='bbox 1119 3789 1443 3829; x_wconf 73' lang='lat' dir='ltr'><strong>TEMI’ORIBUS</strong></span> <span class='ocrx_word' id='word_1_410' title='bbox 1480 3790 1619 3827; x_wconf 75' lang='grc' dir='ltr'><strong>ΑΝΝΙ.</strong></span> 
     </span>
    </p>
   </div>
   <div class='ocr_carea' id='block_1_70' title="bbox 407 3864 1858 3935">
    <p class='ocr_par' dir='ltr' id='par_1_70' title="bbox 407 3864 1858 3935">
     <span class='ocr_line' id='line_1_70' title="bbox 407 3864 1858 3935; baseline -0.002 -18"><span class='ocrx_word' id='word_1_411' title='bbox 407 3865 528 3933; x_wconf 81' lang='lat' dir='ltr'><strong>Ver,</strong></span> <span class='ocrx_word' id='word_1_412' title='bbox 560 3875 740 3933; x_wconf 76' lang='lat' dir='ltr'><strong>testas,</strong></span> <span class='ocrx_word' id='word_1_413' title='bbox 769 3877 1080 3931; x_wconf 87' lang='lat' dir='ltr'><strong>autumnus,</strong></span> <span class='ocrx_word' id='word_1_414' title='bbox 1115 3867 1304 3929; x_wconf 87' lang='lat' dir='ltr'><strong>hiems,</strong></span> <span class='ocrx_word' id='word_1_415' title='bbox 1338 3877 1459 3920; x_wconf 89' lang='lat' dir='ltr'><strong>sunt</strong></span> <span class='ocrx_word' id='word_1_416' title='bbox 1485 3876 1708 3935; x_wconf 90' lang='lat' dir='ltr'><strong>quatuor</strong></span> <span class='ocrx_word' id='word_1_417' title='bbox 1737 3864 1858 3917; x_wconf 87' lang='lat' dir='ltr'><strong>anni</strong></span> 
     </span>
    </p>
   </div>
   <div class='ocr_carea' id='block_1_71' title="bbox 401 3936 1767 4006">
    <p class='ocr_par' dir='ltr' id='par_1_71' title="bbox 401 3936 1767 4006">
     <span class='ocr_line' id='line_1_71' title="bbox 401 3936 1767 4006; baseline -0.004 -17"><span class='ocrx_word' id='word_1_418' title='bbox 401 3936 661 4006; x_wconf 87' lang='lat' dir='ltr'><strong>&#39;I‘etttpora</strong></span> <span class='ocrx_word' id='word_1_419' title='bbox 694 3953 810 4006; x_wconf 69' lang='lat' dir='ltr'><strong>quae</strong></span> <span class='ocrx_word' id='word_1_420' title='bbox 841 3945 988 3990; x_wconf 85' lang='lat' dir='ltr'><strong>certo</strong></span> <span class='ocrx_word' id='word_1_421' title='bbox 1021 3953 1240 3990; x_wconf 87' lang='lat' dir='ltr'><strong>numero</strong></span> <span class='ocrx_word' id='word_1_422' title='bbox 1270 3938 1437 3989; x_wconf 83' lang='lat' dir='ltr'><strong>divisa</strong></span> <span class='ocrx_word' id='word_1_423' title='bbox 1469 3947 1767 4004; x_wconf 89' lang='lat' dir='ltr'><strong>patescunt,</strong></span> 
     </span>
    </p>
   </div>
   <div class='ocr_carea' id='block_1_72' title="bbox 399 4005 1756 4075">
    <p class='ocr_par' dir='ltr' id='par_1_72' title="bbox 399 4005 1756 4075">
     <span class='ocr_line' id='line_1_72' title="bbox 399 4005 1756 4075; baseline -0.002 -16"><span class='ocrx_word' id='word_1_424' title='bbox 399 4007 601 4074; x_wconf 82' lang='lat' dir='ltr'><strong>Cuique</strong></span> <span class='ocrx_word' id='word_1_425' title='bbox 630 4005 774 4061; x_wconf 90' lang='lat' dir='ltr'><strong>dedit</strong></span> <span class='ocrx_word' id='word_1_426' title='bbox 805 4015 983 4060; x_wconf 89' lang='lat' dir='ltr'><strong>ternos</strong></span> <span class='ocrx_word' id='word_1_427' title='bbox 1005 4021 1096 4060; x_wconf 92' lang='lat' dir='ltr'><strong>sua</strong></span> <span class='ocrx_word' id='word_1_428' title='bbox 1125 4007 1502 4075; x_wconf 90' lang='lat' dir='ltr'><strong>contemplatio</strong></span> <span class='ocrx_word' id='word_1_429' title='bbox 1530 4021 1756 4060; x_wconf 76' lang='lat' dir='ltr'><strong>incuses.</strong></span> 
     </span>
    </p>
   </div>
   <div class='ocr_carea' id='block_1_73' title="bbox 1048 4097 1306 4152">
    <p class='ocr_par' dir='ltr' id='par_1_73' title="bbox 1048 4097 1306 4152">
     <span class='ocr_line' id='line_1_73' title="bbox 1048 4097 1306 4152; baseline 0.004 -1"><span class='ocrx_word' id='word_1_430' title='bbox 1048 4098 1127 4152; x_wconf 82' lang='lat' dir='ltr'><strong>De</strong></span> <span class='ocrx_word' id='word_1_431' title='bbox 1165 4097 1306 4152; x_wconf 83' lang='lat' dir='ltr'><strong>Vere.</strong></span> 
     </span>
    </p>
   </div>
   <div class='ocr_carea' id='block_1_74' title="bbox 403 4183 1684 4256">
    <p class='ocr_par' dir='ltr' id='par_1_74' title="bbox 403 4183 1684 4256">
     <span class='ocr_line' id='line_1_74' title="bbox 403 4183 1684 4256; baseline -0.002 -16"><span class='ocrx_word' id='word_1_432' title='bbox 403 4185 644 4251; x_wconf 73' lang='lat' dir='ltr'><strong>Martius,</strong></span> <span class='ocrx_word' id='word_1_433' title='bbox 675 4183 894 4256; x_wconf 83' lang='lat' dir='ltr'><strong>Aprilis,</strong></span> <span class='ocrx_word' id='word_1_434' title='bbox 927 4197 980 4243; x_wconf 91' lang='lat' dir='ltr'><strong>et</strong></span> <span class='ocrx_word' id='word_1_435' title='bbox 1005 4189 1194 4253; x_wconf 87' lang='lat' dir='ltr'><strong>Maius,</strong></span> <span class='ocrx_word' id='word_1_436' title='bbox 1226 4188 1377 4242; x_wconf 83' lang='lat' dir='ltr'><strong>Veris</strong></span> <span class='ocrx_word' id='word_1_437' title='bbox 1411 4186 1684 4242; x_wconf 89' lang='lat' dir='ltr'><strong>habentur.</strong></span> 
     </span>
    </p>
   </div>
   <div class='ocr_carea' id='block_1_75' title="bbox 1003 4279 1331 4334">
    <p class='ocr_par' dir='ltr' id='par_1_75' title="bbox 1003 4279 1331 4334">
     <span class='ocr_line' id='line_1_75' title="bbox 1003 4279 1331 4334; baseline 0 -2"><span class='ocrx_word' id='word_1_438' title='bbox 1003 4279 1081 4332; x_wconf 82' lang='lat' dir='ltr'><strong>De</strong></span> <span class='ocrx_word' id='word_1_439' title='bbox 1111 4280 1331 4334; x_wconf 69' lang='lat' dir='ltr'><strong>lEstate.</strong></span> 
     </span>
    </p>
   </div>
   <div class='ocr_carea' id='block_1_76' title="bbox 404 4365 1657 4438">
    <p class='ocr_par' dir='ltr' id='par_1_76' title="bbox 404 4365 1657 4438">
     <span class='ocr_line' id='line_1_76' title="bbox 404 4365 1657 4438; baseline -0.001 -17"><span class='ocrx_word' id='word_1_440' title='bbox 404 4365 612 4433; x_wconf 83' lang='lat' dir='ltr'><strong>Iunius,</strong></span> <span class='ocrx_word' id='word_1_441' title='bbox 641 4368 932 4438; x_wconf 87' lang='lat' dir='ltr'><strong>Augustus,</strong></span> <span class='ocrx_word' id='word_1_442' title='bbox 963 4368 1191 4424; x_wconf 65' lang='lat' dir='ltr'><strong>Estatis</strong></span> <span class='ocrx_word' id='word_1_443' title='bbox 1221 4369 1408 4431; x_wconf 85' lang='lat' dir='ltr'><strong>Julius,</strong></span> <span class='ocrx_word' id='word_1_444' title='bbox 1444 4368 1657 4422; x_wconf 89' lang='lat' dir='ltr'><strong>adsunt.</strong></span> 
     </span>
    </p>
   </div>
   <div class='ocr_carea' id='block_1_77' title="bbox 998 4459 1364 4514">
    <p class='ocr_par' dir='ltr' id='par_1_77' title="bbox 998 4459 1364 4514">
     <span class='ocr_line' id='line_1_77' title="bbox 998 4459 1364 4514; baseline -0.005 -2"><span class='ocrx_word' id='word_1_445' title='bbox 998 4459 1075 4514; x_wconf 85' lang='lat' dir='ltr'><strong>De</strong></span> <span class='ocrx_word' id='word_1_446' title='bbox 1097 4461 1364 4512; x_wconf 81' lang='lat' dir='ltr'><strong>Autumno.</strong></span> 
     </span>
    </p>
   </div>
   <div class='ocr_carea' id='block_1_78' title="bbox 405 4548 1852 4623">
    <p class='ocr_par' dir='ltr' id='par_1_78' title="bbox 405 4548 1852 4623">
     <span class='ocr_line' id='line_1_78' title="bbox 405 4548 1852 4623; baseline -0.002 -21"><span class='ocrx_word' id='word_1_447' title='bbox 405 4548 765 4623; x_wconf 78' lang='lat' dir='ltr'><strong>Autumnique</strong></span> <span class='ocrx_word' id='word_1_448' title='bbox 792 4550 1040 4616; x_wconf 88' lang='lat' dir='ltr'><strong>October,</strong></span> <span class='ocrx_word' id='word_1_449' title='bbox 1071 4551 1505 4619; x_wconf 87' lang='lat' dir='ltr'><strong>Septemberque,</strong></span> <span class='ocrx_word' id='word_1_450' title='bbox 1534 4548 1852 4602; x_wconf 83' lang='lat' dir='ltr'><strong>November.</strong></span> 
     </span>
    </p>
   </div>
   <div class='ocr_carea' id='block_1_79' title="bbox 1034 4641 1335 4695">
    <p class='ocr_par' dir='ltr' id='par_1_79' title="bbox 1034 4641 1335 4695">
     <span class='ocr_line' id='line_1_79' title="bbox 1034 4641 1335 4695; baseline 0 -1"><span class='ocrx_word' id='word_1_451' title='bbox 1034 4641 1111 4694; x_wconf 84' lang='lat' dir='ltr'><strong>De</strong></span> <span class='ocrx_word' id='word_1_452' title='bbox 1137 4641 1335 4695; x_wconf 82' lang='lat' dir='ltr'><strong>Hieme.</strong></span> 
     </span>
    </p>
   </div>
   <div class='ocr_carea' id='block_1_80' title="bbox 405 4729 1859 4799">
    <p class='ocr_par' dir='ltr' id='par_1_80' title="bbox 405 4729 1859 4799">
     <span class='ocr_line' id='line_1_80' title="bbox 405 4729 1859 4799; baseline -0.003 -14"><span class='ocrx_word' id='word_1_453' title='bbox 405 4731 539 4786; x_wconf 91' lang='lat' dir='ltr'><strong>Sunt</strong></span> <span class='ocrx_word' id='word_1_454' title='bbox 576 4729 764 4785; x_wconf 87' lang='lat' dir='ltr'><strong>hiemis</strong></span> <span class='ocrx_word' id='word_1_455' title='bbox 793 4731 977 4793; x_wconf 85' lang='lat' dir='ltr'><strong>Janus,</strong></span> <span class='ocrx_word' id='word_1_456' title='bbox 1013 4732 1330 4787; x_wconf 81' lang='lat' dir='ltr'><strong>Februarius</strong></span> <span class='ocrx_word' id='word_1_457' title='bbox 1363 4741 1520 4799; x_wconf 84' lang='lat' dir='ltr'><strong>atque</strong></span> <span class='ocrx_word' id='word_1_458' title='bbox 1551 4730 1859 4796; x_wconf 79' lang='lat' dir='ltr'><strong>December,</strong></span> 
     </span>
    </p>
   </div>
   <div class='ocr_carea' id='block_1_81' title="bbox 407 4803 1683 4869">
    <p class='ocr_par' dir='ltr' id='par_1_81' title="bbox 407 4803 1683 4869">
     <span class='ocr_line' id='line_1_81' title="bbox 407 4803 1683 4869; baseline 0 -15"><span class='ocrx_word' id='word_1_459' title='bbox 407 4803 462 4854; x_wconf 93' lang='lat' dir='ltr'><strong>In</strong></span> <span class='ocrx_word' id='word_1_460' title='bbox 491 4817 715 4869; x_wconf 89' lang='lat' dir='ltr'><strong>quorum</strong></span> <span class='ocrx_word' id='word_1_461' title='bbox 750 4803 920 4869; x_wconf 89' lang='lat' dir='ltr'><strong>primo</strong></span> <span class='ocrx_word' id='word_1_462' title='bbox 951 4804 1086 4856; x_wconf 89' lang='lat' dir='ltr'><strong>Deus</strong></span> <span class='ocrx_word' id='word_1_463' title='bbox 1115 4803 1458 4856; x_wconf 82' lang='lat' dir='ltr'><strong>immutabilis</strong></span> <span class='ocrx_word' id='word_1_464' title='bbox 1489 4813 1541 4855; x_wconf 91' lang='lat' dir='ltr'><strong>et</strong></span> <span class='ocrx_word' id='word_1_465' title='bbox 1571 4819 1683 4866; x_wconf 77' lang='lat' dir='ltr'><strong>rex,</strong></span> 
     </span>
    </p>
   </div>
   <div class='ocr_carea' id='block_1_82' title="bbox 407 4871 1589 4938">
    <p class='ocr_par' dir='ltr' id='par_1_82' title="bbox 407 4871 1589 4938">
     <span class='ocr_line' id='line_1_82' title="bbox 407 4871 1589 4938; baseline -0.001 -13"><span class='ocrx_word' id='word_1_466' title='bbox 407 4871 729 4938; x_wconf 76' lang='lat' dir='ltr'><strong>Principium</strong></span> <span class='ocrx_word' id='word_1_467' title='bbox 761 4871 889 4925; x_wconf 81' lang='lat' dir='ltr'><strong>fecit</strong></span> <span class='ocrx_word' id='word_1_468' title='bbox 917 4880 1116 4924; x_wconf 70' lang='lat' dir='ltr'><strong>natura:</strong></span> <span class='ocrx_word' id='word_1_469' title='bbox 1146 4873 1393 4925; x_wconf 90' lang='lat' dir='ltr'><strong>conditor</strong></span> <span class='ocrx_word' id='word_1_470' title='bbox 1423 4874 1589 4937; x_wconf 86' lang='lat' dir='ltr'><strong>orbis,</strong></span> 
     </span>
    </p>
   </div>
   <div class='ocr_carea' id='block_1_83' title="bbox 407 4942 1569 5010">
    <p class='ocr_par' dir='ltr' id='par_1_83' title="bbox 407 4942 1569 5010">
     <span class='ocr_line' id='line_1_83' title="bbox 407 4942 1569 5010; baseline -0.001 -17"><span class='ocrx_word' id='word_1_471' title='bbox 407 4942 576 5009; x_wconf 80' lang='lat' dir='ltr'><strong>Atque</strong></span> <span class='ocrx_word' id='word_1_472' title='bbox 605 4943 858 4994; x_wconf 84' lang='lat' dir='ltr'><strong>creaturis</strong></span> <span class='ocrx_word' id='word_1_473' title='bbox 893 4943 1002 4994; x_wconf 74' lang='lat' dir='ltr'><strong>lixit</strong></span> <span class='ocrx_word' id='word_1_474' title='bbox 1030 4942 1315 5010; x_wconf 91' lang='lat' dir='ltr'><strong>primordia</strong></span> <span class='ocrx_word' id='word_1_475' title='bbox 1345 4943 1569 5006; x_wconf 90' lang='lat' dir='ltr'><strong>cunctis,</strong></span> 
     </span>
    </p>
   </div>
   <div class='ocr_carea' id='block_1_84' title="bbox 405 5009 1822 5080">
    <p class='ocr_par' dir='ltr' id='par_1_84' title="bbox 405 5009 1822 5080">
     <span class='ocr_line' id='line_1_84' title="bbox 405 5009 1822 5080; baseline -0.004 -16"><span class='ocrx_word' id='word_1_476' title='bbox 405 5010 807 5079; x_wconf 83' lang='lat' dir='ltr'><strong>Complcvitqtte</strong></span> <span class='ocrx_word' id='word_1_477' title='bbox 839 5025 992 5064; x_wconf 87' lang='lat' dir='ltr'><strong>suum</strong></span> <span class='ocrx_word' id='word_1_478' title='bbox 1021 5009 1159 5080; x_wconf 88' lang='lat' dir='ltr'><strong>quod</strong></span> <span class='ocrx_word' id='word_1_479' title='bbox 1189 5012 1437 5065; x_wconf 85' lang='lat' dir='ltr'><strong>scribitur</strong></span> <span class='ocrx_word' id='word_1_480' title='bbox 1471 5026 1588 5064; x_wconf 89' lang='lat' dir='ltr'><strong>esse</strong></span> <span class='ocrx_word' id='word_1_481' title='bbox 1619 5009 1822 5069; x_wconf 75' lang='lat' dir='ltr'><strong>diultus,</strong></span> 
     </span>
    </p>
   </div>
   <div class='ocr_carea' id='block_1_85' title="bbox 407 5081 1719 5149">
    <p class='ocr_par' dir='ltr' id='par_1_85' title="bbox 407 5081 1719 5149">
     <span class='ocr_line' id='line_1_85' title="bbox 407 5081 1719 5149; baseline 0 -15"><span class='ocrx_word' id='word_1_482' title='bbox 407 5081 510 5134; x_wconf 85' lang='lat' dir='ltr'><strong>Sex</strong></span> <span class='ocrx_word' id='word_1_483' title='bbox 544 5094 679 5148; x_wconf 88' lang='lat' dir='ltr'><strong>opus</strong></span> <span class='ocrx_word' id='word_1_484' title='bbox 705 5091 866 5147; x_wconf 87' lang='lat' dir='ltr'><strong>atque</strong></span> <span class='ocrx_word' id='word_1_485' title='bbox 890 5081 956 5132; x_wconf 88' lang='lat' dir='ltr'><strong>ab</strong></span> <span class='ocrx_word' id='word_1_486' title='bbox 984 5081 1081 5134; x_wconf 88' lang='lat' dir='ltr'><strong>hac</strong></span> <span class='ocrx_word' id='word_1_487' title='bbox 1110 5092 1322 5148; x_wconf 88' lang='lat' dir='ltr'><strong>septena</strong></span> <span class='ocrx_word' id='word_1_488' title='bbox 1358 5081 1472 5133; x_wconf 91' lang='lat' dir='ltr'><strong>luce</strong></span> <span class='ocrx_word' id='word_1_489' title='bbox 1501 5088 1719 5149; x_wconf 70' lang='lat' dir='ltr'><strong>QIIICth.</strong></span> 
     </span>
    </p>
   </div>
   <div class='ocr_carea' id='block_1_86' title="bbox 406 5150 1541 5218">
    <p class='ocr_par' dir='ltr' id='par_1_86' title="bbox 406 5150 1541 5218">
     <span class='ocr_line' id='line_1_86' title="bbox 406 5150 1541 5218; baseline -0.003 -14"><span class='ocrx_word' id='word_1_490' title='bbox 406 5151 580 5204; x_wconf 87' lang='lat' dir='ltr'><strong>Altius</strong></span> <span class='ocrx_word' id='word_1_491' title='bbox 607 5165 736 5218; x_wconf 87' lang='lat' dir='ltr'><strong>ergo</strong></span> <span class='ocrx_word' id='word_1_492' title='bbox 767 5151 893 5203; x_wconf 88' lang='lat' dir='ltr'><strong>libet</strong></span> <span class='ocrx_word' id='word_1_493' title='bbox 921 5151 1073 5218; x_wconf 83' lang='lat' dir='ltr'><strong>hujus</strong></span> <span class='ocrx_word' id='word_1_494' title='bbox 1101 5161 1304 5204; x_wconf 86' lang='lat' dir='ltr'><strong>secreta</strong></span> <span class='ocrx_word' id='word_1_495' title='bbox 1333 5150 1541 5218; x_wconf 90' lang='lat' dir='ltr'><strong>aperire</strong></span> 
     </span>
    </p>
   </div>
   <div class='ocr_carea' id='block_1_87' title="bbox 409 5219 1739 5288">
    <p class='ocr_par' dir='ltr' id='par_1_87' title="bbox 409 5219 1739 5288">
     <span class='ocr_line' id='line_1_87' title="bbox 409 5219 1739 5288; baseline -0.002 -14"><span class='ocrx_word' id='word_1_496' title='bbox 409 5221 677 5288; x_wconf 89' lang='lat' dir='ltr'><strong>Dispositi.</strong></span> <span class='ocrx_word' id='word_1_497' title='bbox 705 5221 1128 5286; x_wconf 89' lang='lat' dir='ltr'><strong>documentaque</strong></span> <span class='ocrx_word' id='word_1_498' title='bbox 1159 5222 1364 5275; x_wconf 87' lang='lat' dir='ltr'><strong>tradere</strong></span> <span class='ocrx_word' id='word_1_499' title='bbox 1397 5231 1571 5286; x_wconf 90' lang='lat' dir='ltr'><strong>postea</strong></span> <span class='ocrx_word' id='word_1_500' title='bbox 1609 5219 1739 5272; x_wconf 90' lang='lat' dir='ltr'><strong>uati.</strong></span> 
     </span>
    </p>
   </div>
   <div class='ocr_carea' id='block_1_88' title="bbox 599 5322 1786 5365">
    <p class='ocr_par' dir='ltr' id='par_1_88' title="bbox 599 5322 1786 5365">
     <span class='ocr_line' id='line_1_88' title="bbox 599 5322 1786 5365; baseline 0.003 -3"><span class='ocrx_word' id='word_1_501' title='bbox 599 5324 665 5362; x_wconf 74' lang='lat' dir='ltr'><strong>DE</strong></span> <span class='ocrx_word' id='word_1_502' title='bbox 703 5322 905 5362; x_wconf 71' lang='lat' dir='ltr'><strong>SEPTEM</strong></span> <span class='ocrx_word' id='word_1_503' title='bbox 946 5324 1128 5363; x_wconf 80' lang='lat' dir='ltr'><strong>IIIEBUS</strong></span> <span class='ocrx_word' id='word_1_504' title='bbox 1168 5327 1234 5363; x_wconf 83' lang='lat' dir='ltr'><strong>ET</strong></span> <span class='ocrx_word' id='word_1_505' title='bbox 1274 5326 1551 5364; x_wconf 66' lang='lat' dir='ltr'><strong>HOMINIBUS</strong></span> <span class='ocrx_word' id='word_1_506' title='bbox 1591 5325 1786 5365; x_wconf 72' lang='grc' dir='ltr'><strong>Εοιιωι.</strong></span> 
     </span>
    </p>
   </div>
   <div class='ocr_carea' id='block_1_89' title="bbox 409 5396 1655 5466">
    <p class='ocr_par' dir='ltr' id='par_1_89' title="bbox 409 5396 1655 5466">
     <span class='ocr_line' id='line_1_89' title="bbox 409 5396 1655 5466; baseline 0.004 -18"><span class='ocrx_word' id='word_1_507' title='bbox 409 5396 676 5466; x_wconf 86' lang='lat' dir='ltr'><strong>Principio</strong></span> <span class='ocrx_word' id='word_1_508' title='bbox 704 5398 885 5451; x_wconf 89' lang='lat' dir='ltr'><strong>mundi</strong></span> <span class='ocrx_word' id='word_1_509' title='bbox 916 5409 1120 5466; x_wconf 87' lang='lat' dir='ltr'><strong>septem</strong></span> <span class='ocrx_word' id='word_1_510' title='bbox 1158 5401 1298 5454; x_wconf 90' lang='lat' dir='ltr'><strong>Deus</strong></span> <span class='ocrx_word' id='word_1_511' title='bbox 1332 5402 1419 5455; x_wconf 93' lang='lat' dir='ltr'><strong>ille</strong></span> <span class='ocrx_word' id='word_1_512' title='bbox 1447 5411 1655 5456; x_wconf 91' lang='lat' dir='ltr'><strong>creator</strong></span> 
     </span>
    </p>
   </div>
   <div class='ocr_carea' id='block_1_90' title="bbox 410 5467 1744 5538">
    <p class='ocr_par' dir='ltr' id='par_1_90' title="bbox 410 5467 1744 5538">
     <span class='ocr_line' id='line_1_90' title="bbox 410 5467 1744 5538; baseline 0.002 -19"><span class='ocrx_word' id='word_1_513' title='bbox 410 5467 634 5538; x_wconf 79' lang='lat' dir='ltr'><strong>Instituit</strong></span> <span class='ocrx_word' id='word_1_514' title='bbox 657 5472 855 5538; x_wconf 87' lang='lat' dir='ltr'><strong>cyclos,</strong></span> <span class='ocrx_word' id='word_1_515' title='bbox 887 5485 1020 5534; x_wconf 87' lang='lat' dir='ltr'><strong>quos</strong></span> <span class='ocrx_word' id='word_1_516' title='bbox 1049 5471 1275 5536; x_wconf 74' lang='lat' dir='ltr'><strong>sphaera:</strong></span> <span class='ocrx_word' id='word_1_517' title='bbox 1305 5473 1532 5525; x_wconf 88' lang='lat' dir='ltr'><strong>circulus</strong></span> <span class='ocrx_word' id='word_1_518' title='bbox 1560 5473 1744 5536; x_wconf 86' lang='lat' dir='ltr'><strong>ambit,</strong></span> 
     </span>
    </p>
   </div>
   <div class='ocr_carea' id='block_1_91' title="bbox 407 5537 1689 5606">
    <p class='ocr_par' dir='ltr' id='par_1_91' title="bbox 407 5537 1689 5606">
     <span class='ocr_line' id='line_1_91' title="bbox 407 5537 1689 5606; baseline 0.003 -18"><span class='ocrx_word' id='word_1_519' title='bbox 407 5537 620 5605; x_wconf 86' lang='lat' dir='ltr'><strong>Singula</strong></span> <span class='ocrx_word' id='word_1_520' title='bbox 651 5537 739 5606; x_wconf 88' lang='lat' dir='ltr'><strong>qui</strong></span> <span class='ocrx_word' id='word_1_521' title='bbox 773 5539 921 5591; x_wconf 83' lang='lat' dir='ltr'><strong>tinxit</strong></span> <span class='ocrx_word' id='word_1_522' title='bbox 949 5539 1046 5590; x_wconf 88' lang='lat' dir='ltr'><strong>sub</strong></span> <span class='ocrx_word' id='word_1_523' title='bbox 1073 5542 1231 5592; x_wconf 80' lang='lat' dir='ltr'><strong>certis</strong></span> <span class='ocrx_word' id='word_1_524' title='bbox 1260 5542 1504 5594; x_wconf 84' lang='lat' dir='ltr'><strong>cursibus</strong></span> <span class='ocrx_word' id='word_1_525' title='bbox 1532 5552 1689 5602; x_wconf 88' lang='lat' dir='ltr'><strong>astra,</strong></span> 
     </span>
    </p>
   </div>
   <div class='ocr_carea' id='block_1_92' title="bbox 409 5606 1686 5676">
    <p class='ocr_par' dir='ltr' id='par_1_92' title="bbox 409 5606 1686 5676">
     <span class='ocr_line' id='line_1_92' title="bbox 409 5606 1686 5676; baseline 0.004 -19"><span class='ocrx_word' id='word_1_526' title='bbox 409 5606 718 5661; x_wconf 80' lang='lat' dir='ltr'><strong>Nominibus</strong></span> <span class='ocrx_word' id='word_1_527' title='bbox 745 5609 1074 5675; x_wconf 84' lang='lat' dir='ltr'><strong>prepriisque</strong></span> <span class='ocrx_word' id='word_1_528' title='bbox 1103 5609 1433 5676; x_wconf 76' lang='lat' dir='ltr'><strong>pltllOSOpllla</strong></span> <span class='ocrx_word' id='word_1_529' title='bbox 1467 5611 1686 5672; x_wconf 83' lang='lat' dir='ltr'><strong>notavit,</strong></span> 
     </span>
    </p>
   </div>
   <div class='ocr_carea' id='block_1_93' title="bbox 410 5677 1862 5748">
    <p class='ocr_par' dir='ltr' id='par_1_93' title="bbox 410 5677 1862 5748">
     <span class='ocr_line' id='line_1_93' title="bbox 410 5677 1862 5748; baseline 0.004 -22"><span class='ocrx_word' id='word_1_530' title='bbox 410 5677 633 5748; x_wconf 47' lang='lat' dir='ltr'><strong>iﬁlittttitte</strong></span> <span class='ocrx_word' id='word_1_531' title='bbox 661 5680 872 5732; x_wconf 80' lang='lat' dir='ltr'><strong>Saturni</strong></span> <span class='ocrx_word' id='word_1_532' title='bbox 910 5679 1157 5744; x_wconf 85' lang='lat' dir='ltr'><strong>primum,</strong></span> <span class='ocrx_word' id='word_1_533' title='bbox 1190 5679 1334 5732; x_wconf 86' lang='lat' dir='ltr'><strong>Juvis</strong></span> <span class='ocrx_word' id='word_1_534' title='bbox 1365 5695 1520 5748; x_wconf 88' lang='lat' dir='ltr'><strong>atque</strong></span> <span class='ocrx_word' id='word_1_535' title='bbox 1550 5682 1862 5743; x_wconf 85' lang='lat' dir='ltr'><strong>secundum,</strong></span> 
     </span>
    </p>
   </div>
   <div class='ocr_carea' id='block_1_94' title="bbox 414 5746 1660 5810">
    <p class='ocr_par' dir='ltr' id='par_1_94' title="bbox 414 5746 1660 5810">
     <span class='ocr_line' id='line_1_94' title="bbox 414 5746 1660 5810; baseline 0.003 -11"><span class='ocrx_word' id='word_1_536' title='bbox 414 5746 550 5801; x_wconf 77' lang='lat' dir='ltr'><strong>Ilars</strong></span> <span class='ocrx_word' id='word_1_537' title='bbox 575 5749 672 5802; x_wconf 87' lang='lat' dir='ltr'><strong>sub</strong></span> <span class='ocrx_word' id='word_1_538' title='bbox 702 5749 777 5802; x_wconf 90' lang='lat' dir='ltr'><strong>eis</strong></span> <span class='ocrx_word' id='word_1_539' title='bbox 807 5762 1048 5808; x_wconf 88' lang='lat' dir='ltr'><strong>currens.</strong></span> <span class='ocrx_word' id='word_1_540' title='bbox 1080 5760 1132 5803; x_wconf 90' lang='lat' dir='ltr'><strong>ct</strong></span> <span class='ocrx_word' id='word_1_541' title='bbox 1160 5760 1318 5804; x_wconf 76' lang='lat' dir='ltr'><strong>sexto</strong></span> <span class='ocrx_word' id='word_1_542' title='bbox 1348 5746 1660 5810; x_wconf 83' lang='lat' dir='ltr'><strong>Mercurius.</strong></span> 
     </span>
    </p>
   </div>
   <div class='ocr_carea' id='block_1_95' title="bbox 1996 4454 2049 4511">
    <p class='ocr_par' dir='ltr' id='par_1_95' title="bbox 1996 4454 2049 4511">
     <span class='ocr_line' id='line_1_95' title="bbox 1996 4454 2049 4511; baseline 0 0"><span class='ocrx_word' id='word_1_543' title='bbox 1996 4454 2049 4511; x_wconf 90' lang='lat' dir='ltr'><strong>D</strong></span> 
     </span>
    </p>
   </div>
   <div class='ocr_carea' id='block_1_96' title="bbox 2075 2469 3472 2540">
    <p class='ocr_par' dir='ltr' id='par_1_96' title="bbox 2075 2469 3472 2540">
     <span class='ocr_line' id='line_1_96' title="bbox 2075 2469 3472 2540; baseline -0.002 -13"><span class='ocrx_word' id='word_1_544' title='bbox 2075 2474 2220 2528; x_wconf 89' lang='lat' dir='ltr'><strong>Luna</strong></span> <span class='ocrx_word' id='word_1_545' title='bbox 2249 2471 2458 2540; x_wconf 79' lang='lat' dir='ltr'><strong>quidem</strong></span> <span class='ocrx_word' id='word_1_546' title='bbox 2490 2469 2710 2524; x_wconf 91' lang='lat' dir='ltr'><strong>minimo</strong></span> <span class='ocrx_word' id='word_1_547' title='bbox 2740 2469 2971 2523; x_wconf 88' lang='lat' dir='ltr'><strong>decurrit</strong></span> <span class='ocrx_word' id='word_1_548' title='bbox 2997 2469 3222 2537; x_wconf 89' lang='lat' dir='ltr'><strong>septima</strong></span> <span class='ocrx_word' id='word_1_549' title='bbox 3254 2470 3412 2537; x_wconf 87' lang='lat' dir='ltr'><strong>coelo,</strong></span> <span class='ocrx_word' id='word_1_550' title='bbox 3467 2529 3472 2537; x_wconf 36' lang='grc' dir='ltr'><strong>η</strong></span> 
     </span>
    </p>
   </div>
   <div class='ocr_carea' id='block_1_97' title="bbox 2071 2540 3351 2610">
    <p class='ocr_par' dir='ltr' id='par_1_97' title="bbox 2071 2540 3351 2610">
     <span class='ocr_line' id='line_1_97' title="bbox 2071 2540 3351 2610; baseline -0.001 -18"><span class='ocrx_word' id='word_1_551' title='bbox 2071 2551 2305 2610; x_wconf 65' lang='lat' dir='ltr'><strong>Quaeque</strong></span> <span class='ocrx_word' id='word_1_552' title='bbox 2333 2543 2446 2594; x_wconf 90' lang='lat' dir='ltr'><strong>dies</strong></span> <span class='ocrx_word' id='word_1_553' title='bbox 2474 2542 2634 2594; x_wconf 86' lang='lat' dir='ltr'><strong>astris</strong></span> <span class='ocrx_word' id='word_1_554' title='bbox 2659 2541 2864 2608; x_wconf 91' lang='lat' dir='ltr'><strong>accepit</strong></span> <span class='ocrx_word' id='word_1_555' title='bbox 2900 2553 3090 2594; x_wconf 90' lang='lat' dir='ltr'><strong>nomen</strong></span> <span class='ocrx_word' id='word_1_556' title='bbox 3121 2540 3188 2592; x_wconf 89' lang='lat' dir='ltr'><strong>ab</strong></span> <span class='ocrx_word' id='word_1_557' title='bbox 3217 2541 3351 2602; x_wconf 84' lang='lat' dir='ltr'><strong>istis,</strong></span> 
     </span>
    </p>
   </div>
   <div class='ocr_carea' id='block_1_98' title="bbox 2074 2609 3376 2678">
    <p class='ocr_par' dir='ltr' id='par_1_98' title="bbox 2074 2609 3376 2678">
     <span class='ocr_line' id='line_1_98' title="bbox 2074 2609 3376 2678; baseline -0.002 -14"><span class='ocrx_word' id='word_1_558' title='bbox 2074 2609 2180 2667; x_wconf 87' lang='lat' dir='ltr'><strong>ltac</strong></span> <span class='ocrx_word' id='word_1_559' title='bbox 2219 2609 2424 2666; x_wconf 78' lang='lat' dir='ltr'><strong>ratione</strong></span> <span class='ocrx_word' id='word_1_560' title='bbox 2454 2612 2706 2678; x_wconf 90' lang='lat' dir='ltr'><strong>operique</strong></span> <span class='ocrx_word' id='word_1_561' title='bbox 2738 2620 2919 2662; x_wconf 89' lang='lat' dir='ltr'><strong>nostro</strong></span> <span class='ocrx_word' id='word_1_562' title='bbox 2951 2609 3203 2678; x_wconf 90' lang='lat' dir='ltr'><strong>competit</strong></span> <span class='ocrx_word' id='word_1_563' title='bbox 3234 2621 3376 2676; x_wconf 80' lang='lat' dir='ltr'><strong>apte.</strong></span> 
     </span>
    </p>
   </div>
   <div class='ocr_carea' id='block_1_99' title="bbox 2073 2679 3307 2747">
    <p class='ocr_par' dir='ltr' id='par_1_99' title="bbox 2073 2679 3307 2747">
     <span class='ocr_line' id='line_1_99' title="bbox 2073 2679 3307 2747; baseline -0.003 -11"><span class='ocrx_word' id='word_1_564' title='bbox 2073 2683 2183 2736; x_wconf 84' lang='lat' dir='ltr'><strong>Lux</strong></span> <span class='ocrx_word' id='word_1_565' title='bbox 2215 2698 2333 2736; x_wconf 91' lang='lat' dir='ltr'><strong>eutn</strong></span> <span class='ocrx_word' id='word_1_566' title='bbox 2360 2691 2516 2734; x_wconf 70' lang='lat' dir='ltr'><strong>nocte</strong></span> <span class='ocrx_word' id='word_1_567' title='bbox 2543 2695 2636 2732; x_wconf 89' lang='lat' dir='ltr'><strong>sua</strong></span> <span class='ocrx_word' id='word_1_568' title='bbox 2670 2681 2850 2744; x_wconf 76' lang='lat' dir='ltr'><strong>viginti</strong></span> <span class='ocrx_word' id='word_1_569' title='bbox 2883 2689 3133 2747; x_wconf 87' lang='lat' dir='ltr'><strong>quattuor</strong></span> <span class='ocrx_word' id='word_1_570' title='bbox 3163 2679 3307 2733; x_wconf 89' lang='lat' dir='ltr'><strong>horis</strong></span> 
     </span>
    </p>
   </div>
   <div class='ocr_carea' id='block_1_100' title="bbox 2070 2750 3490 2819">
    <p class='ocr_par' dir='ltr' id='par_1_100' title="bbox 2070 2750 3490 2819">
     <span class='ocr_line' id='line_1_100' title="bbox 2070 2750 3490 2819; baseline -0.004 -14"><span class='ocrx_word' id='word_1_571' title='bbox 2070 2755 2369 2819; x_wconf 89' lang='lat' dir='ltr'><strong>Constat,et</strong></span> <span class='ocrx_word' id='word_1_572' title='bbox 2398 2765 2653 2803; x_wconf 65' lang='lat' dir='ltr'><strong>aaterttttm</strong></span> <span class='ocrx_word' id='word_1_573' title='bbox 2683 2750 2898 2802; x_wconf 85' lang='lat' dir='ltr'><strong>deducit</strong></span> <span class='ocrx_word' id='word_1_574' title='bbox 2929 2751 2994 2802; x_wconf 90' lang='lat' dir='ltr'><strong>ab</strong></span> <span class='ocrx_word' id='word_1_575' title='bbox 3028 2750 3226 2803; x_wconf 64' lang='lat' dir='ltr'><strong>aethere</strong></span> <span class='ocrx_word' id='word_1_576' title='bbox 3256 2766 3490 2813; x_wconf 89' lang='lat' dir='ltr'><strong>cursum,</strong></span> 
     </span>
    </p>
   </div>
   <div class='ocr_carea' id='block_1_101' title="bbox 2071 2821 3337 2885">
    <p class='ocr_par' dir='ltr' id='par_1_101' title="bbox 2071 2821 3337 2885">
     <span class='ocr_line' id='line_1_101' title="bbox 2071 2821 3337 2885; baseline -0.004 -9"><span class='ocrx_word' id='word_1_577' title='bbox 2071 2823 2223 2876; x_wconf 80' lang='lat' dir='ltr'><strong>Nunc</strong></span> <span class='ocrx_word' id='word_1_578' title='bbox 2251 2838 2280 2873; x_wconf 87' lang='lat' dir='ltr'><strong>a</strong></span> <span class='ocrx_word' id='word_1_579' title='bbox 2306 2821 2537 2873; x_wconf 83' lang='lat' dir='ltr'><strong>Saturno</strong></span> <span class='ocrx_word' id='word_1_580' title='bbox 2569 2830 2622 2872; x_wconf 91' lang='lat' dir='ltr'><strong>tu</strong></span> <span class='ocrx_word' id='word_1_581' title='bbox 2655 2833 3038 2872; x_wconf 84' lang='lat' dir='ltr'><strong>connumerare</strong></span> <span class='ocrx_word' id='word_1_582' title='bbox 3064 2833 3337 2885; x_wconf 79' lang='lat' dir='ltr'><strong>Supremo,</strong></span> 
     </span>
    </p>
   </div>
   <div class='ocr_carea' id='block_1_102' title="bbox 2073 2887 3349 2959">
    <p class='ocr_par' dir='ltr' id='par_1_102' title="bbox 2073 2887 3349 2959">
     <span class='ocr_line' id='line_1_102' title="bbox 2073 2887 3349 2959; baseline -0.002 -15"><span class='ocrx_word' id='word_1_583' title='bbox 2073 2893 2246 2959; x_wconf 83' lang='lat' dir='ltr'><strong>Incipe</strong></span> <span class='ocrx_word' id='word_1_584' title='bbox 2276 2902 2390 2958; x_wconf 68' lang='lat' dir='ltr'><strong>post</strong></span> <span class='ocrx_word' id='word_1_585' title='bbox 2421 2891 2538 2942; x_wconf 90' lang='lat' dir='ltr'><strong>illos</strong></span> <span class='ocrx_word' id='word_1_586' title='bbox 2571 2890 2708 2942; x_wconf 85' lang='lat' dir='ltr'><strong>lunae</strong></span> <span class='ocrx_word' id='word_1_587' title='bbox 2741 2887 3124 2959; x_wconf 15' lang='lat' dir='ltr'><strong>numerabisiet</strong></span> <span class='ocrx_word' id='word_1_588' title='bbox 3147 2889 3349 2954; x_wconf 89' lang='lat' dir='ltr'><strong>orbem,</strong></span> 
     </span>
    </p>
   </div>
   <div class='ocr_carea' id='block_1_103' title="bbox 2073 2958 3284 3026">
    <p class='ocr_par' dir='ltr' id='par_1_103' title="bbox 2073 2958 3284 3026">
     <span class='ocr_line' id='line_1_103' title="bbox 2073 2958 3284 3026; baseline -0.005 -10"><span class='ocrx_word' id='word_1_589' title='bbox 2073 2962 2162 3016; x_wconf 91' lang='lat' dir='ltr'><strong>Sic</strong></span> <span class='ocrx_word' id='word_1_590' title='bbox 2189 2958 2242 3014; x_wconf 91' lang='lat' dir='ltr'><strong>in</strong></span> <span class='ocrx_word' id='word_1_591' title='bbox 2273 2961 2494 3014; x_wconf 84' lang='lat' dir='ltr'><strong>circuitu</strong></span> <span class='ocrx_word' id='word_1_592' title='bbox 2531 2973 2622 3026; x_wconf 90' lang='lat' dir='ltr'><strong>per</strong></span> <span class='ocrx_word' id='word_1_593' title='bbox 2651 2968 2871 3012; x_wconf 88' lang='lat' dir='ltr'><strong>eunctos</strong></span> <span class='ocrx_word' id='word_1_594' title='bbox 2898 2958 3135 3012; x_wconf 89' lang='lat' dir='ltr'><strong>calculus</strong></span> <span class='ocrx_word' id='word_1_595' title='bbox 3169 2959 3284 3021; x_wconf 90' lang='lat' dir='ltr'><strong>ibit,</strong></span> 
     </span>
    </p>
   </div>
   <div class='ocr_carea' id='block_1_104' title="bbox 2075 3029 3591 3096">
    <p class='ocr_par' dir='ltr' id='par_1_104' title="bbox 2075 3029 3591 3096">
     <span class='ocr_line' id='line_1_104' title="bbox 2075 3029 3591 3096; baseline -0.001 -13"><span class='ocrx_word' id='word_1_596' title='bbox 2075 3033 2167 3084; x_wconf 80' lang='lat' dir='ltr'><strong>Cui</strong></span> <span class='ocrx_word' id='word_1_597' title='bbox 2201 3044 2450 3083; x_wconf 86' lang='lat' dir='ltr'><strong>numerus</strong></span> <span class='ocrx_word' id='word_1_598' title='bbox 2475 3032 2674 3096; x_wconf 88' lang='lat' dir='ltr'><strong>primus</strong></span> <span class='ocrx_word' id='word_1_599' title='bbox 2703 3039 2818 3096; x_wconf 88' lang='lat' dir='ltr'><strong>post</strong></span> <span class='ocrx_word' id='word_1_600' title='bbox 2846 3037 3095 3096; x_wconf 86' lang='lat' dir='ltr'><strong>quattuor</strong></span> <span class='ocrx_word' id='word_1_601' title='bbox 3115 3040 3272 3096; x_wconf 90' lang='lat' dir='ltr'><strong>atque</strong></span> <span class='ocrx_word' id='word_1_602' title='bbox 3301 3029 3482 3083; x_wconf 82' lang='lat' dir='ltr'><strong>decent</strong></span> <span class='ocrx_word' id='word_1_603' title='bbox 3515 3032 3591 3082; x_wconf 87' lang='lat' dir='ltr'><strong>bis</strong></span> 
     </span>
    </p>
   </div>
   <div class='ocr_carea' id='block_1_105' title="bbox 1995 3088 3298 3166">
    <p class='ocr_par' dir='ltr' id='par_1_105' title="bbox 1995 3088 3298 3166">
     <span class='ocr_line' id='line_1_105' title="bbox 1995 3088 3298 3166; baseline 0.001 -16"><span class='ocrx_word' id='word_1_604' title='bbox 1995 3088 2044 3150; x_wconf 87' lang='lat' dir='ltr'><strong>C</strong></span> <span class='ocrx_word' id='word_1_605' title='bbox 2075 3101 2350 3164; x_wconf 72' lang='lat' dir='ltr'><strong>Convenit,</strong></span> <span class='ocrx_word' id='word_1_606' title='bbox 2383 3088 2520 3152; x_wconf 78' lang='lat' dir='ltr'><strong>illius</strong></span> <span class='ocrx_word' id='word_1_607' title='bbox 2544 3088 2764 3152; x_wconf 79' lang='lat' dir='ltr'><strong>assumit</strong></span> <span class='ocrx_word' id='word_1_608' title='bbox 2793 3088 2986 3151; x_wconf 75' lang='lat' dir='ltr'><strong>noltteu</strong></span> <span class='ocrx_word' id='word_1_609' title='bbox 3016 3088 3298 3166; x_wconf 73' lang='lat' dir='ltr'><strong>habetque.</strong></span> 
     </span>
    </p>
   </div>
   <div class='ocr_carea' id='block_1_106' title="bbox 2595 3187 3092 3242">
    <p class='ocr_par' dir='ltr' id='par_1_106' title="bbox 2595 3187 3092 3242">
     <span class='ocr_line' id='line_1_106' title="bbox 2595 3187 3092 3242; baseline 0.004 -2"><span class='ocrx_word' id='word_1_610' title='bbox 2595 3190 2668 3242; x_wconf 88' lang='lat' dir='ltr'><strong>De</strong></span> <span class='ocrx_word' id='word_1_611' title='bbox 2697 3190 2778 3240; x_wconf 81' lang='lat' dir='ltr'><strong>die</strong></span> <span class='ocrx_word' id='word_1_612' title='bbox 2800 3187 3092 3242; x_wconf 78' lang='lat' dir='ltr'><strong>Dominico.</strong></span> 
     </span>
    </p>
   </div>
   <div class='ocr_carea' id='block_1_107' title="bbox 2071 3278 3340 3349">
    <p class='ocr_par' dir='ltr' id='par_1_107' title="bbox 2071 3278 3340 3349">
     <span class='ocr_line' id='line_1_107' title="bbox 2071 3278 3340 3349; baseline -0.002 -15"><span class='ocrx_word' id='word_1_613' title='bbox 2071 3281 2208 3349; x_wconf 83' lang='lat' dir='ltr'><strong>Ergo</strong></span> <span class='ocrx_word' id='word_1_614' title='bbox 2243 3279 2410 3348; x_wconf 90' lang='lat' dir='ltr'><strong>prima</strong></span> <span class='ocrx_word' id='word_1_615' title='bbox 2435 3278 2551 3333; x_wconf 91' lang='lat' dir='ltr'><strong>dies</strong></span> <span class='ocrx_word' id='word_1_616' title='bbox 2578 3279 2804 3332; x_wconf 85' lang='lat' dir='ltr'><strong>vocitata</strong></span> <span class='ocrx_word' id='word_1_617' title='bbox 2836 3287 2918 3332; x_wconf 88' lang='lat' dir='ltr'><strong>est</strong></span> <span class='ocrx_word' id='word_1_618' title='bbox 2948 3279 3164 3332; x_wconf 89' lang='lat' dir='ltr'><strong>nomine</strong></span> <span class='ocrx_word' id='word_1_619' title='bbox 3192 3279 3340 3333; x_wconf 90' lang='lat' dir='ltr'><strong>solis.</strong></span> 
     </span>
    </p>
   </div>
   <div class='ocr_carea' id='block_1_108' title="bbox 2622 3369 3076 3424">
    <p class='ocr_par' dir='ltr' id='par_1_108' title="bbox 2622 3369 3076 3424">
     <span class='ocr_line' id='line_1_108' title="bbox 2622 3369 3076 3424; baseline -0.004 -1"><span class='ocrx_word' id='word_1_620' title='bbox 2622 3370 2696 3423; x_wconf 84' lang='lat' dir='ltr'><strong>De</strong></span> <span class='ocrx_word' id='word_1_621' title='bbox 2736 3370 2818 3422; x_wconf 82' lang='lat' dir='ltr'><strong>die</strong></span> <span class='ocrx_word' id='word_1_622' title='bbox 2849 3369 3076 3424; x_wconf 82' lang='lat' dir='ltr'><strong>Veneris.</strong></span> 
     </span>
    </p>
   </div>
   <div class='ocr_carea' id='block_1_109' title="bbox 2071 3458 3348 3527">
    <p class='ocr_par' dir='ltr' id='par_1_109' title="bbox 2071 3458 3348 3527">
     <span class='ocr_line' id='line_1_109' title="bbox 2071 3458 3348 3527; baseline -0.004 -12"><span class='ocrx_word' id='word_1_623' title='bbox 2071 3463 2219 3516; x_wconf 80' lang='lat' dir='ltr'><strong>Nunc</strong></span> <span class='ocrx_word' id='word_1_624' title='bbox 2245 3462 2356 3515; x_wconf 88' lang='lat' dir='ltr'><strong>veri</strong></span> <span class='ocrx_word' id='word_1_625' title='bbox 2387 3461 2534 3526; x_wconf 90' lang='lat' dir='ltr'><strong>solis,</strong></span> <span class='ocrx_word' id='word_1_626' title='bbox 2568 3459 2653 3527; x_wconf 87' lang='lat' dir='ltr'><strong>qui</strong></span> <span class='ocrx_word' id='word_1_627' title='bbox 2689 3475 2785 3513; x_wconf 91' lang='lat' dir='ltr'><strong>nos</strong></span> <span class='ocrx_word' id='word_1_628' title='bbox 2814 3459 2879 3514; x_wconf 92' lang='lat' dir='ltr'><strong>de</strong></span> <span class='ocrx_word' id='word_1_629' title='bbox 2907 3469 3078 3513; x_wconf 87' lang='lat' dir='ltr'><strong>morte</strong></span> <span class='ocrx_word' id='word_1_630' title='bbox 3105 3458 3348 3518; x_wconf 83' lang='lat' dir='ltr'><strong>redemit.</strong></span> 
     </span>
    </p>
   </div>
   <div class='ocr_carea' id='block_1_110' title="bbox 2071 3531 3486 3592">
    <p class='ocr_par' dir='ltr' id='par_1_110' title="bbox 2071 3531 3486 3592">
     <span class='ocr_line' id='line_1_110' title="bbox 2071 3531 3486 3592; baseline -0.006 -7"><span class='ocrx_word' id='word_1_631' title='bbox 2071 3531 2199 3585; x_wconf 83' lang='lat' dir='ltr'><strong>Pars</strong></span> <span class='ocrx_word' id='word_1_632' title='bbox 2231 3547 2481 3586; x_wconf 90' lang='lat' dir='ltr'><strong>numerus</strong></span> <span class='ocrx_word' id='word_1_633' title='bbox 2508 3533 2648 3585; x_wconf 77' lang='lat' dir='ltr'><strong>Iunze</strong></span> <span class='ocrx_word' id='word_1_634' title='bbox 2676 3532 2766 3584; x_wconf 90' lang='lat' dir='ltr'><strong>dat</strong></span> <span class='ocrx_word' id='word_1_635' title='bbox 2798 3545 2986 3583; x_wconf 89' lang='lat' dir='ltr'><strong>nomen</strong></span> <span class='ocrx_word' id='word_1_636' title='bbox 3019 3531 3191 3582; x_wconf 89' lang='lat' dir='ltr'><strong>inesse</strong></span> <span class='ocrx_word' id='word_1_637' title='bbox 3217 3531 3486 3592; x_wconf 66' lang='lat' dir='ltr'><strong>secundm,</strong></span> 
     </span>
    </p>
   </div>
   <div class='ocr_carea' id='block_1_111' title="bbox 2071 3600 3386 3670">
    <p class='ocr_par' dir='ltr' id='par_1_111' title="bbox 2071 3600 3386 3670">
     <span class='ocr_line' id='line_1_111' title="bbox 2071 3600 3386 3670; baseline -0.003 -15"><span class='ocrx_word' id='word_1_638' title='bbox 2071 3605 2134 3655; x_wconf 80' lang='lat' dir='ltr'><strong>Et</strong></span> <span class='ocrx_word' id='word_1_639' title='bbox 2163 3601 2242 3656; x_wconf 88' lang='lat' dir='ltr'><strong>sic</strong></span> <span class='ocrx_word' id='word_1_640' title='bbox 2270 3617 2492 3670; x_wconf 73' lang='lat' dir='ltr'><strong>qumque</strong></span> <span class='ocrx_word' id='word_1_641' title='bbox 2517 3602 2632 3654; x_wconf 87' lang='lat' dir='ltr'><strong>dies</strong></span> <span class='ocrx_word' id='word_1_642' title='bbox 2663 3601 2864 3667; x_wconf 85' lang='lat' dir='ltr'><strong>accepit</strong></span> <span class='ocrx_word' id='word_1_643' title='bbox 2897 3615 3087 3652; x_wconf 88' lang='lat' dir='ltr'><strong>nomen</strong></span> <span class='ocrx_word' id='word_1_644' title='bbox 3117 3600 3184 3652; x_wconf 92' lang='lat' dir='ltr'><strong>ab</strong></span> <span class='ocrx_word' id='word_1_645' title='bbox 3213 3604 3386 3670; x_wconf 76' lang='lat' dir='ltr'><strong>astris,</strong></span> 
     </span>
    </p>
   </div>
   <div class='ocr_carea' id='block_1_112' title="bbox 2069 3669 3351 3738">
    <p class='ocr_par' dir='ltr' id='par_1_112' title="bbox 2069 3669 3351 3738">
     <span class='ocr_line' id='line_1_112' title="bbox 2069 3669 3351 3738; baseline -0.005 -12"><span class='ocrx_word' id='word_1_646' title='bbox 2069 3672 2174 3726; x_wconf 87' lang='lat' dir='ltr'><strong>Sed</strong></span> <span class='ocrx_word' id='word_1_647' title='bbox 2202 3669 2341 3726; x_wconf 90' lang='lat' dir='ltr'><strong>nunc</strong></span> <span class='ocrx_word' id='word_1_648' title='bbox 2369 3669 2639 3724; x_wconf 80' lang='lat' dir='ltr'><strong>lleetamus</strong></span> <span class='ocrx_word' id='word_1_649' title='bbox 2668 3681 2826 3738; x_wconf 88' lang='lat' dir='ltr'><strong>atque</strong></span> <span class='ocrx_word' id='word_1_650' title='bbox 2859 3672 3212 3738; x_wconf 64' lang='lat' dir='ltr'><strong>praamisimus</strong></span> <span class='ocrx_word' id='word_1_651' title='bbox 3242 3669 3351 3724; x_wconf 78' lang='lat' dir='ltr'><strong>illa.</strong></span> 
     </span>
    </p>
   </div>
   <div class='ocr_carea' id='block_1_113' title="bbox 2069 3742 3422 3810">
    <p class='ocr_par' dir='ltr' id='par_1_113' title="bbox 2069 3742 3422 3810">
     <span class='ocr_line' id='line_1_113' title="bbox 2069 3742 3422 3810; baseline -0.004 -15"><span class='ocrx_word' id='word_1_652' title='bbox 2069 3744 2360 3795; x_wconf 86' lang='lat' dir='ltr'><strong>Articulum</strong></span> <span class='ocrx_word' id='word_1_653' title='bbox 2387 3743 2671 3810; x_wconf 69' lang='lat' dir='ltr'><strong>ol‘licioque</strong></span> <span class='ocrx_word' id='word_1_654' title='bbox 2707 3742 2825 3810; x_wconf 88' lang='lat' dir='ltr'><strong>styli</strong></span> <span class='ocrx_word' id='word_1_655' title='bbox 2860 3742 3116 3807; x_wconf 88' lang='lat' dir='ltr'><strong>promissa</strong></span> <span class='ocrx_word' id='word_1_656' title='bbox 3147 3753 3422 3801; x_wconf 84' lang='lat' dir='ltr'><strong>canamus,</strong></span> 
     </span>
    </p>
   </div>
   <div class='ocr_carea' id='block_1_114' title="bbox 2071 3809 3350 3878">
    <p class='ocr_par' dir='ltr' id='par_1_114' title="bbox 2071 3809 3350 3878">
     <span class='ocr_line' id='line_1_114' title="bbox 2071 3809 3350 3878; baseline -0.003 -13"><span class='ocrx_word' id='word_1_657' title='bbox 2071 3813 2270 3878; x_wconf 85' lang='lat' dir='ltr'><strong>Quarta</strong></span> <span class='ocrx_word' id='word_1_658' title='bbox 2301 3812 2416 3866; x_wconf 89' lang='lat' dir='ltr'><strong>luce</strong></span> <span class='ocrx_word' id='word_1_659' title='bbox 2446 3809 2714 3866; x_wconf 83' lang='lat' dir='ltr'><strong>Deusduo</strong></span> <span class='ocrx_word' id='word_1_660' title='bbox 2744 3809 2923 3863; x_wconf 87' lang='lat' dir='ltr'><strong>mundi</strong></span> <span class='ocrx_word' id='word_1_661' title='bbox 2956 3810 3154 3862; x_wconf 84' lang='lat' dir='ltr'><strong>Iuntina</strong></span> <span class='ocrx_word' id='word_1_662' title='bbox 3183 3809 3350 3862; x_wconf 78' lang='lat' dir='ltr'><strong>tinxit.</strong></span> 
     </span>
    </p>
   </div>
   <div class='ocr_carea' id='block_1_115' title="bbox 2657 3901 3041 3956">
    <p class='ocr_par' dir='ltr' id='par_1_115' title="bbox 2657 3901 3041 3956">
     <span class='ocr_line' id='line_1_115' title="bbox 2657 3901 3041 3956; baseline -0.008 0"><span class='ocrx_word' id='word_1_663' title='bbox 2657 3904 2734 3956; x_wconf 76' lang='lat' dir='ltr'><strong>De</strong></span> <span class='ocrx_word' id='word_1_664' title='bbox 2771 3901 3041 3955; x_wconf 82' lang='lat' dir='ltr'><strong>Mercurio.</strong></span> 
     </span>
    </p>
   </div>
   <div class='ocr_carea' id='block_1_116' title="bbox 2070 3990 3341 4060">
    <p class='ocr_par' dir='ltr' id='par_1_116' title="bbox 2070 3990 3341 4060">
     <span class='ocr_line' id='line_1_116' title="bbox 2070 3990 3341 4060; baseline -0.002 -14"><span class='ocrx_word' id='word_1_665' title='bbox 2070 3991 2430 4060; x_wconf 83' lang='lat' dir='ltr'><strong>Planetasque</strong></span> <span class='ocrx_word' id='word_1_666' title='bbox 2459 3992 2611 4057; x_wconf 85' lang='lat' dir='ltr'><strong>alios,</strong></span> <span class='ocrx_word' id='word_1_667' title='bbox 2643 3992 2820 4044; x_wconf 88' lang='lat' dir='ltr'><strong>stellas</strong></span> <span class='ocrx_word' id='word_1_668' title='bbox 2847 4002 2901 4045; x_wconf 90' lang='lat' dir='ltr'><strong>et</strong></span> <span class='ocrx_word' id='word_1_669' title='bbox 2929 3990 3100 4044; x_wconf 83' lang='lat' dir='ltr'><strong>sidera</strong></span> <span class='ocrx_word' id='word_1_670' title='bbox 3129 4001 3341 4053; x_wconf 90' lang='lat' dir='ltr'><strong>cuncta,</strong></span> 
     </span>
    </p>
   </div>
   <div class='ocr_carea' id='block_1_117' title="bbox 2074 4061 3311 4129">
    <p class='ocr_par' dir='ltr' id='par_1_117' title="bbox 2074 4061 3311 4129">
     <span class='ocr_line' id='line_1_117' title="bbox 2074 4061 3311 4129; baseline -0.001 -16"><span class='ocrx_word' id='word_1_671' title='bbox 2074 4062 2129 4113; x_wconf 93' lang='lat' dir='ltr'><strong>In</strong></span> <span class='ocrx_word' id='word_1_672' title='bbox 2164 4065 2497 4115; x_wconf 87' lang='lat' dir='ltr'><strong>lirmamento</strong></span> <span class='ocrx_word' id='word_1_673' title='bbox 2526 4063 2716 4129; x_wconf 80' lang='lat' dir='ltr'><strong>quibus</strong></span> <span class='ocrx_word' id='word_1_674' title='bbox 2747 4061 3075 4114; x_wconf 87' lang='lat' dir='ltr'><strong>immutabile</strong></span> <span class='ocrx_word' id='word_1_675' title='bbox 3105 4076 3311 4123; x_wconf 87' lang='lat' dir='ltr'><strong>cursus,</strong></span> 
     </span>
    </p>
   </div>
   <div class='ocr_carea' id='block_1_118' title="bbox 2071 4128 3560 4198">
    <p class='ocr_par' dir='ltr' id='par_1_118' title="bbox 2071 4128 3560 4198">
     <span class='ocr_line' id='line_1_118' title="bbox 2071 4128 3560 4198; baseline -0.003 -14"><span class='ocrx_word' id='word_1_676' title='bbox 2071 4131 2289 4186; x_wconf 86' lang='lat' dir='ltr'><strong>Addidit</strong></span> <span class='ocrx_word' id='word_1_677' title='bbox 2315 4143 2366 4184; x_wconf 93' lang='lat' dir='ltr'><strong>et</strong></span> <span class='ocrx_word' id='word_1_678' title='bbox 2399 4133 2667 4198; x_wconf 91' lang='lat' dir='ltr'><strong>proprium</strong></span> <span class='ocrx_word' id='word_1_679' title='bbox 2698 4145 2908 4183; x_wconf 81' lang='lat' dir='ltr'><strong>cursum</strong></span> <span class='ocrx_word' id='word_1_680' title='bbox 2941 4129 3076 4183; x_wconf 88' lang='lat' dir='ltr'><strong>haud</strong></span> <span class='ocrx_word' id='word_1_681' title='bbox 3101 4131 3357 4183; x_wconf 75' lang='lat' dir='ltr'><strong>excedere</strong></span> <span class='ocrx_word' id='word_1_682' title='bbox 3381 4128 3560 4198; x_wconf 89' lang='lat' dir='ltr'><strong>jussit,</strong></span> 
     </span>
    </p>
   </div>
   <div class='ocr_carea' id='block_1_119' title="bbox 2073 4199 3287 4268">
    <p class='ocr_par' dir='ltr' id='par_1_119' title="bbox 2073 4199 3287 4268">
     <span class='ocr_line' id='line_1_119' title="bbox 2073 4199 3287 4268; baseline 0.001 -16"><span class='ocrx_word' id='word_1_683' title='bbox 2073 4201 2167 4253; x_wconf 87' lang='lat' dir='ltr'><strong>llic</strong></span> <span class='ocrx_word' id='word_1_684' title='bbox 2189 4212 2269 4254; x_wconf 87' lang='lat' dir='ltr'><strong>est</strong></span> <span class='ocrx_word' id='word_1_685' title='bbox 2299 4201 2386 4254; x_wconf 91' lang='lat' dir='ltr'><strong>ille</strong></span> <span class='ocrx_word' id='word_1_686' title='bbox 2413 4201 2526 4253; x_wconf 86' lang='lat' dir='ltr'><strong>dies</strong></span> <span class='ocrx_word' id='word_1_687' title='bbox 2553 4205 2603 4252; x_wconf 91' lang='lat' dir='ltr'><strong>itt</strong></span> <span class='ocrx_word' id='word_1_688' title='bbox 2631 4215 2736 4267; x_wconf 93' lang='lat' dir='ltr'><strong>quo</strong></span> <span class='ocrx_word' id='word_1_689' title='bbox 2764 4199 3020 4266; x_wconf 89' lang='lat' dir='ltr'><strong>sapientia</strong></span> <span class='ocrx_word' id='word_1_690' title='bbox 3052 4201 3287 4268; x_wconf 87' lang='lat' dir='ltr'><strong>scripsit,</strong></span> 
     </span>
    </p>
   </div>
   <div class='ocr_carea' id='block_1_120' title="bbox 2072 4269 3194 4338">
    <p class='ocr_par' dir='ltr' id='par_1_120' title="bbox 2072 4269 3194 4338">
     <span class='ocr_line' id='line_1_120' title="bbox 2072 4269 3194 4338; baseline -0.003 -14"><span class='ocrx_word' id='word_1_691' title='bbox 2072 4269 2322 4338; x_wconf 72' lang='lat' dir='ltr'><strong>(Equales</strong></span> <span class='ocrx_word' id='word_1_692' title='bbox 2350 4271 2505 4323; x_wconf 87' lang='lat' dir='ltr'><strong>horas</strong></span> <span class='ocrx_word' id='word_1_693' title='bbox 2538 4273 2708 4322; x_wconf 87' lang='lat' dir='ltr'><strong>noctis</strong></span> <span class='ocrx_word' id='word_1_694' title='bbox 2740 4271 2851 4322; x_wconf 85' lang='lat' dir='ltr'><strong>lieri</strong></span> <span class='ocrx_word' id='word_1_695' title='bbox 2881 4278 3039 4338; x_wconf 87' lang='lat' dir='ltr'><strong>atque</strong></span> <span class='ocrx_word' id='word_1_696' title='bbox 3069 4271 3194 4334; x_wconf 90' lang='lat' dir='ltr'><strong>diei,</strong></span> 
     </span>
    </p>
   </div>
   <div class='ocr_carea' id='block_1_121' title="bbox 2075 4341 3208 4404">
    <p class='ocr_par' dir='ltr' id='par_1_121' title="bbox 2075 4341 3208 4404">
     <span class='ocr_line' id='line_1_121' title="bbox 2075 4341 3208 4404; baseline 0 -12"><span class='ocrx_word' id='word_1_697' title='bbox 2075 4341 2140 4392; x_wconf 84' lang='lat' dir='ltr'><strong>Et</strong></span> <span class='ocrx_word' id='word_1_698' title='bbox 2170 4353 2382 4393; x_wconf 88' lang='lat' dir='ltr'><strong>cursum</strong></span> <span class='ocrx_word' id='word_1_699' title='bbox 2415 4341 2541 4393; x_wconf 90' lang='lat' dir='ltr'><strong>solis</strong></span> <span class='ocrx_word' id='word_1_700' title='bbox 2572 4341 2730 4393; x_wconf 86' lang='lat' dir='ltr'><strong>fuerit</strong></span> <span class='ocrx_word' id='word_1_701' title='bbox 2758 4341 2932 4392; x_wconf 87' lang='lat' dir='ltr'><strong>studio</strong></span> <span class='ocrx_word' id='word_1_702' title='bbox 2965 4341 3208 4404; x_wconf 90' lang='lat' dir='ltr'><strong>rationis,</strong></span> 
     </span>
    </p>
   </div>
   <div class='ocr_carea' id='block_1_122' title="bbox 2072 4410 3210 4479">
    <p class='ocr_par' dir='ltr' id='par_1_122' title="bbox 2072 4410 3210 4479">
     <span class='ocr_line' id='line_1_122' title="bbox 2072 4410 3210 4479; baseline -0.002 -16"><span class='ocrx_word' id='word_1_703' title='bbox 2072 4410 2330 4463; x_wconf 76' lang='lat' dir='ltr'><strong>Cll&#39;CUlIUS</strong></span> <span class='ocrx_word' id='word_1_704' title='bbox 2359 4411 2471 4477; x_wconf 90' lang='lat' dir='ltr'><strong>ejus</strong></span> <span class='ocrx_word' id='word_1_705' title='bbox 2499 4411 2742 4477; x_wconf 83' lang='lat' dir='ltr'><strong>cognovit</strong></span> <span class='ocrx_word' id='word_1_706' title='bbox 2773 4411 2988 4479; x_wconf 79' lang='lat' dir='ltr'><strong>pervigil</strong></span> <span class='ocrx_word' id='word_1_707' title='bbox 3017 4425 3210 4474; x_wconf 85' lang='lat' dir='ltr'><strong>annus,</strong></span> 
     </span>
    </p>
   </div>
   <div class='ocr_carea' id='block_1_123' title="bbox 2073 4480 3264 4546">
    <p class='ocr_par' dir='ltr' id='par_1_123' title="bbox 2073 4480 3264 4546">
     <span class='ocr_line' id='line_1_123' title="bbox 2073 4480 3264 4546; baseline 0.002 -14"><span class='ocrx_word' id='word_1_708' title='bbox 2073 4480 2178 4532; x_wconf 87' lang='lat' dir='ltr'><strong>&#39;l‘er</strong></span> <span class='ocrx_word' id='word_1_709' title='bbox 2205 4490 2415 4532; x_wconf 86' lang='lat' dir='ltr'><strong>centum</strong></span> <span class='ocrx_word' id='word_1_710' title='bbox 2456 4481 2566 4534; x_wconf 87' lang='lat' dir='ltr'><strong>lteri</strong></span> <span class='ocrx_word' id='word_1_711' title='bbox 2596 4495 2713 4532; x_wconf 89' lang='lat' dir='ltr'><strong>cum</strong></span> <span class='ocrx_word' id='word_1_712' title='bbox 2743 4483 3022 4546; x_wconf 76' lang='lat' dir='ltr'><strong>sexaginta</strong></span> <span class='ocrx_word' id='word_1_713' title='bbox 3055 4481 3264 4546; x_wconf 88' lang='lat' dir='ltr'><strong>diebus,</strong></span> 
     </span>
    </p>
   </div>
   <div class='ocr_carea' id='block_1_124' title="bbox 2073 4548 3545 4618">
    <p class='ocr_par' dir='ltr' id='par_1_124' title="bbox 2073 4548 3545 4618">
     <span class='ocr_line' id='line_1_124' title="bbox 2073 4548 3545 4618; baseline 0 -18"><span class='ocrx_word' id='word_1_714' title='bbox 2073 4549 2314 4616; x_wconf 86' lang='lat' dir='ltr'><strong>Quinque</strong></span> <span class='ocrx_word' id='word_1_715' title='bbox 2344 4548 2661 4616; x_wconf 88' lang='lat' dir='ltr'><strong>superjeetis</strong></span> <span class='ocrx_word' id='word_1_716' title='bbox 2689 4551 2846 4602; x_wconf 88' lang='lat' dir='ltr'><strong>simul</strong></span> <span class='ocrx_word' id='word_1_717' title='bbox 2878 4561 2930 4604; x_wconf 89' lang='lat' dir='ltr'><strong>et</strong></span> <span class='ocrx_word' id='word_1_718' title='bbox 2958 4561 3204 4603; x_wconf 82' lang='lat' dir='ltr'><strong>constare</strong></span> <span class='ocrx_word' id='word_1_719' title='bbox 3234 4550 3545 4618; x_wconf 81' lang='lat' dir='ltr'><strong>quadrante,</strong></span> 
     </span>
    </p>
   </div>
   <div class='ocr_carea' id='block_1_125' title="bbox 2073 4618 3400 4687">
    <p class='ocr_par' dir='ltr' id='par_1_125' title="bbox 2073 4618 3400 4687">
     <span class='ocr_line' id='line_1_125' title="bbox 2073 4618 3400 4687; baseline -0.004 -14"><span class='ocrx_word' id='word_1_720' title='bbox 2073 4620 2178 4673; x_wconf 90' lang='lat' dir='ltr'><strong>Sed</strong></span> <span class='ocrx_word' id='word_1_721' title='bbox 2210 4621 2466 4687; x_wconf 89' lang='lat' dir='ltr'><strong>cujusque</strong></span> <span class='ocrx_word' id='word_1_722' title='bbox 2495 4621 2571 4672; x_wconf 88' lang='lat' dir='ltr'><strong>rei</strong></span> <span class='ocrx_word' id='word_1_723' title='bbox 2601 4625 2864 4686; x_wconf 82' lang='lat' dir='ltr'><strong>quadrans</strong></span> <span class='ocrx_word' id='word_1_724' title='bbox 2894 4629 2974 4673; x_wconf 90' lang='lat' dir='ltr'><strong>est</strong></span> <span class='ocrx_word' id='word_1_725' title='bbox 3003 4618 3171 4686; x_wconf 90' lang='lat' dir='ltr'><strong>portio</strong></span> <span class='ocrx_word' id='word_1_726' title='bbox 3195 4629 3400 4684; x_wconf 86' lang='lat' dir='ltr'><strong>quarta,</strong></span> 
     </span>
    </p>
   </div>
   <div class='ocr_carea' id='block_1_126' title="bbox 2072 4689 3420 4756">
    <p class='ocr_par' dir='ltr' id='par_1_126' title="bbox 2072 4689 3420 4756">
     <span class='ocr_line' id='line_1_126' title="bbox 2072 4689 3420 4756; baseline 0.001 -16"><span class='ocrx_word' id='word_1_727' title='bbox 2072 4689 2201 4741; x_wconf 85' lang='lat' dir='ltr'><strong>&#39;l&#39;res</strong></span> <span class='ocrx_word' id='word_1_728' title='bbox 2232 4703 2359 4743; x_wconf 89' lang='lat' dir='ltr'><strong>vero</strong></span> <span class='ocrx_word' id='word_1_729' title='bbox 2390 4689 2605 4756; x_wconf 67' lang='lat' dir='ltr'><strong>reliquae</strong></span> <span class='ocrx_word' id='word_1_730' title='bbox 2634 4690 2883 4740; x_wconf 89' lang='lat' dir='ltr'><strong>dicuntur</strong></span> <span class='ocrx_word' id='word_1_731' title='bbox 2913 4692 3126 4741; x_wconf 89' lang='lat' dir='ltr'><strong>nomine</strong></span> <span class='ocrx_word' id='word_1_732' title='bbox 3155 4689 3420 4752; x_wconf 86' lang='lat' dir='ltr'><strong>dodrans,</strong></span> 
     </span>
    </p>
   </div>
   <div class='ocr_carea' id='block_1_127' title="bbox 2076 4757 3315 4824">
    <p class='ocr_par' dir='ltr' id='par_1_127' title="bbox 2076 4757 3315 4824">
     <span class='ocr_line' id='line_1_127' title="bbox 2076 4757 3315 4824; baseline -0.001 -13"><span class='ocrx_word' id='word_1_733' title='bbox 2076 4757 2224 4811; x_wconf 89' lang='lat' dir='ltr'><strong>Unde</strong></span> <span class='ocrx_word' id='word_1_734' title='bbox 2254 4759 2368 4812; x_wconf 90' lang='lat' dir='ltr'><strong>dies</strong></span> <span class='ocrx_word' id='word_1_735' title='bbox 2402 4759 2486 4810; x_wconf 90' lang='lat' dir='ltr'><strong>isti</strong></span> <span class='ocrx_word' id='word_1_736' title='bbox 2522 4758 2811 4824; x_wconf 86' lang='lat' dir='ltr'><strong>procedunt</strong></span> <span class='ocrx_word' id='word_1_737' title='bbox 2842 4759 2922 4810; x_wconf 87' lang='lat' dir='ltr'><strong>vel</strong></span> <span class='ocrx_word' id='word_1_738' title='bbox 2954 4769 3315 4820; x_wconf 89' lang='lat' dir='ltr'><strong>numerantur,</strong></span> 
     </span>
    </p>
   </div>
   <div class='ocr_carea' id='block_1_128' title="bbox 2074 4825 3554 4894">
    <p class='ocr_par' dir='ltr' id='par_1_128' title="bbox 2074 4825 3554 4894">
     <span class='ocr_line' id='line_1_128' title="bbox 2074 4825 3554 4894; baseline -0.001 -14"><span class='ocrx_word' id='word_1_739' title='bbox 2074 4828 2174 4881; x_wconf 82' lang='lat' dir='ltr'><strong>I&#39;et&#39;</strong></span> <span class='ocrx_word' id='word_1_740' title='bbox 2202 4829 2516 4881; x_wconf 88' lang='lat' dir='ltr'><strong>documenta</strong></span> <span class='ocrx_word' id='word_1_741' title='bbox 2547 4826 2766 4891; x_wconf 88' lang='lat' dir='ltr'><strong>damus,</strong></span> <span class='ocrx_word' id='word_1_742' title='bbox 2797 4827 2842 4879; x_wconf 86' lang='lat' dir='ltr'><strong>si</strong></span> <span class='ocrx_word' id='word_1_743' title='bbox 2873 4841 3029 4881; x_wconf 89' lang='lat' dir='ltr'><strong>nosse</strong></span> <span class='ocrx_word' id='word_1_744' title='bbox 3057 4827 3224 4894; x_wconf 86' lang='lat' dir='ltr'><strong>cupis,</strong></span> <span class='ocrx_word' id='word_1_745' title='bbox 3257 4825 3554 4880; x_wconf 80' lang='lat' dir='ltr'><strong>manifeste.</strong></span> 
     </span>
    </p>
   </div>
   <div class='ocr_carea' id='block_1_129' title="bbox 2213 4928 3492 4980">
    <p class='ocr_par' dir='ltr' id='par_1_129' title="bbox 2213 4928 3492 4980">
     <span class='ocr_line' id='line_1_129' title="bbox 2213 4928 3492 4980; baseline 0.004 -11"><span class='ocrx_word' id='word_1_746' title='bbox 2213 4932 2279 4969; x_wconf 79' lang='lat' dir='ltr'><strong>DE</strong></span> <span class='ocrx_word' id='word_1_747' title='bbox 2317 4929 2480 4970; x_wconf 77' lang='lat' dir='ltr'><strong>CUBSU</strong></span> <span class='ocrx_word' id='word_1_748' title='bbox 2519 4928 2660 4971; x_wconf 75' lang='lat' dir='ltr'><strong>SOLIS</strong></span> <span class='ocrx_word' id='word_1_749' title='bbox 2698 4931 2763 4968; x_wconf 81' lang='grc' dir='ltr'><strong>ΕΤ</strong></span> <span class='ocrx_word' id='word_1_750' title='bbox 2804 4932 2958 4980; x_wconf 71' lang='grc' dir='ltr'><strong>ΔΝΜ,</strong></span> <span class='ocrx_word' id='word_1_751' title='bbox 2994 4933 3061 4970; x_wconf 84' lang='grc' dir='ltr'><strong>ΕΤ</strong></span> <span class='ocrx_word' id='word_1_752' title='bbox 3098 4931 3258 4973; x_wconf 76' lang='lat' dir='ltr'><strong>SIGNIS</strong></span> <span class='ocrx_word' id='word_1_753' title='bbox 3298 4933 3492 4974; x_wconf 74' lang='grc' dir='ltr'><strong>Εειιιωι.</strong></span> 
     </span>
    </p>
   </div>
   <div class='ocr_carea' id='block_1_130' title="bbox 2075 5005 3302 5072">
    <p class='ocr_par' dir='ltr' id='par_1_130' title="bbox 2075 5005 3302 5072">
     <span class='ocr_line' id='line_1_130' title="bbox 2075 5005 3302 5072; baseline 0.002 -14"><span class='ocrx_word' id='word_1_754' title='bbox 2075 5007 2348 5058; x_wconf 84' lang='lat' dir='ltr'><strong>Astrorum</strong></span> <span class='ocrx_word' id='word_1_755' title='bbox 2379 5018 2567 5057; x_wconf 89' lang='lat' dir='ltr'><strong>cursus</strong></span> <span class='ocrx_word' id='word_1_756' title='bbox 2595 5012 2649 5057; x_wconf 90' lang='lat' dir='ltr'><strong>et</strong></span> <span class='ocrx_word' id='word_1_757' title='bbox 2675 5005 2834 5069; x_wconf 80' lang='lat' dir='ltr'><strong>lunae,</strong></span> <span class='ocrx_word' id='word_1_758' title='bbox 2863 5007 2991 5059; x_wconf 90' lang='lat' dir='ltr'><strong>solis</strong></span> <span class='ocrx_word' id='word_1_759' title='bbox 3019 5016 3070 5059; x_wconf 90' lang='lat' dir='ltr'><strong>et</strong></span> <span class='ocrx_word' id='word_1_760' title='bbox 3096 5010 3302 5072; x_wconf 88' lang='lat' dir='ltr'><strong>orhetn,</strong></span> 
     </span>
    </p>
   </div>
   <div class='ocr_carea' id='block_1_131' title="bbox 2075 5075 3480 5148">
    <p class='ocr_par' dir='ltr' id='par_1_131' title="bbox 2075 5075 3480 5148">
     <span class='ocr_line' id='line_1_131' title="bbox 2075 5075 3480 5148; baseline 0.004 -23"><span class='ocrx_word' id='word_1_761' title='bbox 2075 5075 2298 5148; x_wconf 54' lang='lat' dir='ltr'><strong>Igdidicit</strong></span> <span class='ocrx_word' id='word_1_762' title='bbox 2329 5077 2556 5143; x_wconf 88' lang='lat' dir='ltr'><strong>primum</strong></span> <span class='ocrx_word' id='word_1_763' title='bbox 2590 5078 2908 5148; x_wconf 79' lang='lat' dir='ltr'><strong>scripsitque</strong></span> <span class='ocrx_word' id='word_1_764' title='bbox 2936 5076 3180 5147; x_wconf 56' lang='lat' dir='ltr'><strong>(Egyptia</strong></span> <span class='ocrx_word' id='word_1_765' title='bbox 3214 5081 3480 5148; x_wconf 83' lang='lat' dir='ltr'><strong>nymphis,</strong></span> 
     </span>
    </p>
   </div>
   <div class='ocr_carea' id='block_1_132' title="bbox 2073 5144 3274 5213">
    <p class='ocr_par' dir='ltr' id='par_1_132' title="bbox 2073 5144 3274 5213">
     <span class='ocr_line' id='line_1_132' title="bbox 2073 5144 3274 5213; baseline 0.003 -17"><span class='ocrx_word' id='word_1_766' title='bbox 2073 5144 2312 5197; x_wconf 86' lang='lat' dir='ltr'><strong>Tradidit</strong></span> <span class='ocrx_word' id='word_1_767' title='bbox 2338 5154 2392 5197; x_wconf 91' lang='lat' dir='ltr'><strong>et</strong></span> <span class='ocrx_word' id='word_1_768' title='bbox 2419 5160 2575 5198; x_wconf 88' lang='lat' dir='ltr'><strong>curas</strong></span> <span class='ocrx_word' id='word_1_769' title='bbox 2607 5146 2762 5213; x_wconf 88' lang='lat' dir='ltr'><strong>lmjus</strong></span> <span class='ocrx_word' id='word_1_770' title='bbox 2789 5144 3098 5199; x_wconf 76' lang='lat' dir='ltr'><strong>mortalibus</strong></span> <span class='ocrx_word' id='word_1_771' title='bbox 3125 5144 3274 5212; x_wconf 71' lang='lat' dir='ltr'><strong>artis,</strong></span> 
     </span>
    </p>
   </div>
   <div class='ocr_carea' id='block_1_133' title="bbox 2074 5215 3396 5284">
    <p class='ocr_par' dir='ltr' id='par_1_133' title="bbox 2074 5215 3396 5284">
     <span class='ocr_line' id='line_1_133' title="bbox 2074 5215 3396 5284; baseline 0.004 -19"><span class='ocrx_word' id='word_1_772' title='bbox 2074 5220 2245 5284; x_wconf 59' lang='lat' dir='ltr'><strong>Atque</strong></span> <span class='ocrx_word' id='word_1_773' title='bbox 2275 5215 2427 5266; x_wconf 90' lang='lat' dir='ltr'><strong>itiner</strong></span> <span class='ocrx_word' id='word_1_774' title='bbox 2455 5215 2581 5268; x_wconf 87' lang='lat' dir='ltr'><strong>solis</strong></span> <span class='ocrx_word' id='word_1_775' title='bbox 2615 5230 2705 5281; x_wconf 87' lang='lat' dir='ltr'><strong>per</strong></span> <span class='ocrx_word' id='word_1_776' title='bbox 2735 5219 2871 5283; x_wconf 86' lang='lat' dir='ltr'><strong>quod</strong></span> <span class='ocrx_word' id='word_1_777' title='bbox 2902 5217 3176 5270; x_wconf 89' lang='lat' dir='ltr'><strong>deducitur</strong></span> <span class='ocrx_word' id='word_1_778' title='bbox 3205 5235 3396 5284; x_wconf 82' lang='lat' dir='ltr'><strong>annus,</strong></span> 
     </span>
    </p>
   </div>
   <div class='ocr_carea' id='block_1_134' title="bbox 2075 5282 3278 5355">
    <p class='ocr_par' dir='ltr' id='par_1_134' title="bbox 2075 5282 3278 5355">
     <span class='ocr_line' id='line_1_134' title="bbox 2075 5282 3278 5355; baseline 0.003 -19"><span class='ocrx_word' id='word_1_779' title='bbox 2075 5282 2357 5336; x_wconf 85' lang='lat' dir='ltr'><strong>Zudiacum</strong></span> <span class='ocrx_word' id='word_1_780' title='bbox 2383 5287 2617 5337; x_wconf 83' lang='lat' dir='ltr'><strong>vocitatts</strong></span> <span class='ocrx_word' id='word_1_781' title='bbox 2649 5287 2820 5352; x_wconf 82' lang='lat' dir='ltr'><strong>signat</strong></span> <span class='ocrx_word' id='word_1_782' title='bbox 2850 5287 3092 5355; x_wconf 85' lang='lat' dir='ltr'><strong>indagine</strong></span> <span class='ocrx_word' id='word_1_783' title='bbox 3121 5294 3278 5353; x_wconf 81' lang='lat' dir='ltr'><strong>mira,</strong></span> 
     </span>
    </p>
   </div>
   <div class='ocr_carea' id='block_1_135' title="bbox 2073 5355 3270 5425">
    <p class='ocr_par' dir='ltr' id='par_1_135' title="bbox 2073 5355 3270 5425">
     <span class='ocr_line' id='line_1_135' title="bbox 2073 5355 3270 5425; baseline 0.005 -22"><span class='ocrx_word' id='word_1_784' title='bbox 2073 5355 2239 5418; x_wconf 83' lang='lat' dir='ltr'><strong>Quam</strong></span> <span class='ocrx_word' id='word_1_785' title='bbox 2268 5355 2401 5408; x_wconf 84' lang='lat' dir='ltr'><strong>bene</strong></span> <span class='ocrx_word' id='word_1_786' title='bbox 2423 5355 2655 5407; x_wconf 86' lang='lat' dir='ltr'><strong>declarat</strong></span> <span class='ocrx_word' id='word_1_787' title='bbox 2679 5357 2969 5408; x_wconf 70' lang='lat' dir='ltr'><strong>Macrobius</strong></span> <span class='ocrx_word' id='word_1_788' title='bbox 2994 5359 3080 5409; x_wconf 80' lang='lat' dir='ltr'><strong>ille</strong></span> <span class='ocrx_word' id='word_1_789' title='bbox 3099 5373 3270 5425; x_wconf 56' lang='lat' dir='ltr'><strong>sagati</strong></span> 
     </span>
    </p>
   </div>
   <div class='ocr_carea' id='block_1_136' title="bbox 2075 5426 3431 5492">
    <p class='ocr_par' dir='ltr' id='par_1_136' title="bbox 2075 5426 3431 5492">
     <span class='ocr_line' id='line_1_136' title="bbox 2075 5426 3431 5492; baseline 0.001 -16"><span class='ocrx_word' id='word_1_790' title='bbox 2075 5426 2314 5492; x_wconf 83' lang='lat' dir='ltr'><strong>Ingenio,</strong></span> <span class='ocrx_word' id='word_1_791' title='bbox 2345 5427 2624 5491; x_wconf 80' lang='lat' dir='ltr'><strong>studioque</strong></span> <span class='ocrx_word' id='word_1_792' title='bbox 2657 5426 2820 5492; x_wconf 85' lang='lat' dir='ltr'><strong>probo</strong></span> <span class='ocrx_word' id='word_1_793' title='bbox 2849 5428 3002 5478; x_wconf 69' lang='lat' dir='ltr'><strong>doret</strong></span> <span class='ocrx_word' id='word_1_794' title='bbox 3031 5442 3148 5480; x_wconf 75' lang='lat' dir='ltr'><strong>esse</strong></span> <span class='ocrx_word' id='word_1_795' title='bbox 3176 5431 3431 5492; x_wconf 61' lang='lat' dir='ltr'><strong>laborem,</strong></span> 
     </span>
    </p>
   </div>
   <div class='ocr_carea' id='block_1_137' title="bbox 2079 5495 3310 5562">
    <p class='ocr_par' dir='ltr' id='par_1_137' title="bbox 2079 5495 3310 5562">
     <span class='ocr_line' id='line_1_137' title="bbox 2079 5495 3310 5562; baseline -0.001 -16"><span class='ocrx_word' id='word_1_796' title='bbox 2079 5496 2227 5546; x_wconf 81' lang='lat' dir='ltr'><strong>hunc</strong></span> <span class='ocrx_word' id='word_1_797' title='bbox 2259 5509 2354 5560; x_wconf 88' lang='lat' dir='ltr'><strong>per</strong></span> <span class='ocrx_word' id='word_1_798' title='bbox 2383 5495 2623 5546; x_wconf 82' lang='lat' dir='ltr'><strong>bissenas</strong></span> <span class='ocrx_word' id='word_1_799' title='bbox 2651 5496 2827 5546; x_wconf 81' lang='lat' dir='ltr'><strong>divisit</strong></span> <span class='ocrx_word' id='word_1_800' title='bbox 2861 5496 3072 5562; x_wconf 78' lang='lat' dir='ltr'><strong>provida</strong></span> <span class='ocrx_word' id='word_1_801' title='bbox 3115 5510 3310 5561; x_wconf 81' lang='lat' dir='ltr'><strong>partes,</strong></span> 
     </span>
    </p>
   </div>
   <div class='ocr_carea' id='block_1_138' title="bbox 2077 5563 3462 5631">
    <p class='ocr_par' dir='ltr' id='par_1_138' title="bbox 2077 5563 3462 5631">
     <span class='ocr_line' id='line_1_138' title="bbox 2077 5563 3462 5631; baseline 0.004 -15"><span class='ocrx_word' id='word_1_802' title='bbox 2077 5563 2262 5617; x_wconf 49' lang='lat' dir='ltr'><strong>I’at’tcs</strong></span> <span class='ocrx_word' id='word_1_803' title='bbox 2290 5564 2437 5631; x_wconf 86' lang='lat' dir='ltr'><strong>signa</strong></span> <span class='ocrx_word' id='word_1_804' title='bbox 2470 5579 2685 5627; x_wconf 86' lang='lat' dir='ltr'><strong>vocans,</strong></span> <span class='ocrx_word' id='word_1_805' title='bbox 2716 5579 2832 5631; x_wconf 68' lang='lat' dir='ltr'><strong>quae</strong></span> <span class='ocrx_word' id='word_1_806' title='bbox 2862 5567 3209 5619; x_wconf 81' lang='lat' dir='ltr'><strong>conveniente</strong></span> <span class='ocrx_word' id='word_1_807' title='bbox 3241 5571 3462 5622; x_wconf 84' lang='lat' dir='ltr'><strong>notavit.</strong></span> 
     </span>
    </p>
   </div>
   <div class='ocr_carea' id='block_1_139' title="bbox 2687 5654 2970 5710">
    <p class='ocr_par' dir='ltr' id='par_1_139' title="bbox 2687 5654 2970 5710">
     <span class='ocr_line' id='line_1_139' title="bbox 2687 5654 2970 5710; baseline 0.011 -3"><span class='ocrx_word' id='word_1_808' title='bbox 2687 5654 2758 5708; x_wconf 81' lang='lat' dir='ltr'><strong>De</strong></span> <span class='ocrx_word' id='word_1_809' title='bbox 2783 5657 2970 5710; x_wconf 79' lang='lat' dir='ltr'><strong>Ariele.</strong></span> 
     </span>
    </p>
   </div>
   <div class='ocr_carea' id='block_1_140' title="bbox 2079 5747 3519 5824">
    <p class='ocr_par' dir='ltr' id='par_1_140' title="bbox 2079 5747 3519 5824">
     <span class='ocr_line' id='line_1_140' title="bbox 2079 5747 3519 5824; baseline 0.004 -22"><span class='ocrx_word' id='word_1_810' title='bbox 2079 5747 2304 5803; x_wconf 86' lang='lat' dir='ltr'><strong>Nomine</strong></span> <span class='ocrx_word' id='word_1_811' title='bbox 2334 5761 2564 5818; x_wconf 89' lang='lat' dir='ltr'><strong>namque</strong></span> <span class='ocrx_word' id='word_1_812' title='bbox 2594 5748 2753 5816; x_wconf 85' lang='lat' dir='ltr'><strong>aries,</strong></span> <span class='ocrx_word' id='word_1_813' title='bbox 2786 5751 2908 5805; x_wconf 81' lang='lat' dir='ltr'><strong>coeli</strong></span> <span class='ocrx_word' id='word_1_814' title='bbox 2941 5765 3061 5820; x_wconf 84' lang='lat' dir='ltr'><strong>pars</strong></span> <span class='ocrx_word' id='word_1_815' title='bbox 3086 5752 3256 5821; x_wconf 84' lang='lat' dir='ltr'><strong>prima</strong></span> <span class='ocrx_word' id='word_1_816' title='bbox 3277 5762 3519 5824; x_wconf 81' lang='lat' dir='ltr'><strong>vocatur,</strong></span> 
     </span>
    </p>
   </div>
  </div>
