4220 6450
589 356 694 412 613

590 474 694 525 Seu
724 472 863 534 quod
889 478 1155 534 praecipue
1176 462 1272 515 hoc
1298 459 1488 513 animal
1521 474 1627 534 pra:
1656 472 1852 534 cornua
1883 456 2071 518 fervet,

592 543 659 596 Ut
686 529 765 591 soi
800 536 1019 590 fervoris
1050 532 1209 585 radiis
1238 533 1384 599 quasi
1416 530 1666 581 cornibus
1694 529 1860 599 ipsam

589 611 900 661 Concretam
930 604 1098 671 glacie
1132 596 1345 661 terram,
1381 600 1685 665 brumzpque
1718 596 1946 665 rigorem

592 679 776 745 Incipit
804 670 1155 745 excreere,get
1181 670 1468 745 seminibus
1501 682 1758 745 reserare,
1788 732 1800 744 .

589 734 714 800 Sit-e'
742 744 880 807 quod
914 744 1033 793 hinc
1063 742 1217 793 Aries
1245 740 1433 791 dextro
1463 734 1760 803 procumbit
1788 734 1838 785 in
1867 746 2043 792 armo,

590 820 733 869 Sic-tt
762 816 827 867 ab
859 814 956 864 hoc
983 810 1221 863 dextram
1252 810 1330 861 sol
1365 810 1553 858 lttstrat
1581 814 1826 873 tempore
1856 811 2060 869 partem

588 885 817 945 Zodiaci,
848 892 969 933 sunt
997 894 1222 945 namque
1248 882 1351 929 duo
1381 875 1750 951 ltetntspltterta
1779 874 1920 951 eteli.

587 959 683 1010 Ast
715 953 866 1007 Aries
897 950 1050 1016 primi
1081 944 1258 1013 caput,
1290 956 1371 999 est
1399 957 1447 997 et
1480 944 1904 1016 Librasecuudi,

590 1026 656 1078 Et
686 1011 911 1090 spatium
939 1011 1163 1072 alterius
1188 1016 1483 1090 dimensum
1521 1012 1756 1090 partibus
1783 1011 1982 1075 inquis,

587 1081 787 1148 Circuit
815 1105 973 1158 atque
1000 1089 1153 1142 Aries
1179 1087 1448 1138 decumbit
1482 1093 1626 1152 parte
1652 1081 1889 1136 sinislra.

1188 1176 1266 1230 De
1293 1176 1483 1229 Tauro.

588 1273 692 1329 Sed
721 1273 880 1326 'l‘anrt
907 1284 1099 1324 nomen
1130 1269 1261 1333 parti
1300 1266 1601 1331 imposuere
1629 1262 1902 1323 secundae,

588 1345 677 1398 Sol
710 1343 957 1411 quoniam
995 1337 1117 1392 caeli
1148 1348 1327 1411 partes
1357 1336 1478 1411 dum
1511 1334 1928 1411 permeatistas,

585 1402 887 1466 Canescunt
910 1409 1106 1473 fruges,
1137 1402 1380 1472 taurique
1411 1405 1675 1469 boumque
1708 1402 1943 1464 labores,

587 1480 987 1537 Fervidiotibus
1015 1488 1066 1531 et
1100 1478 1258 1530 terris
1283 1477 1390 1540 jam
1420 1474 1556 1526 falce
1581 1482 1873 1526 metuntur.

1189 1565 1264 1617 De
1287 1564 1527 1616 Geminis.

593 1666 689 1716 Ast
714 1661 854 1714 aliud
887 1661 1101 1726 signum,
1123 1656 1466 1709 Geminorum
1499 1653 1712 1726 nomine
1741 1652 1949 1715 dicunt,

591 1733 647 1783 In
678 1733 855 1798 Specie
882 1724 1037 1798 cygni
1086 1725 1277 1779 Ledam
1305 1727 1512 1798 decepit
1539 1724 1764 1785 adulter,

590 1800 688 1854 llic
712 1790 852 1853 onus
880 1790 1123 1851 ei‘utero
1155 1795 1355 1861 peperit
1388 1797 1679 1859 fratresque
1704 1790 1982 1857 gemellos,

590 1870 751 1938 lnque
781 1870 948 1923 vicem
980 1870 1193 1938 fratrem
1222 1864 1487 1917 Pollucem
1521 1862 1706 1938 Castor
1732 1862 1950 1938 amavit,

593 1933 826 1993 Mortalis
857 1940 1046 1999 fuerat,
1080 1937 1168 2001 qui
1200 1944 1421 1986 mortem
1453 1942 1624 1984 matre
1656 1933 1880 1991 ferebat,

595 2009 909 2061 lnnnnrlalis
939 2018 1083 2063 erat,
1114 2005 1202 2071 qui
1236 2018 1331 2071 pro
1362 2012 1508 2065 patre
1538 2010 1708 2053 morte
1738 2001 1976 2071 carebat,

592 2079 689 2132 Hic
718 2077 962 2145 quoniam
989 2070 1281 2145 patre’tnde
1306 2070 1485 2145 fratris
1514 2079 1684 2145 morte
1712 2070 1933 2138 recepit.

592 2140 857 2201 Fraternrc
885 2145 1038 2197 morti
1066 2145 1130 2195 de
1165 2142 1267 2193 vita
1297 2140 1654 2206 participavit,

592 2217 960 2279 l‘artit-ipandn
991 2214 1131 2265 vices
1155 2211 1247 2265 sed
1282 2212 1427 2263 sidus
1462 2212 1511 2261 in
1546 2211 1745 2262 atthere
1777 2208 1918 2271 facti,

592 2291 746 2339 i’arte
773 2288 984 2352 quidem
1016 2286 1133 2335 coeli
1169 2298 1179 2333 :
1206 2282 1397 2352 rsicsol
1427 2280 1555 2352 dum
1581 2280 1748 2332 currit
1779 2281 1830 2331 in
1864 2283 1961 2331 ista

592 2350 824 2409 Arbusta
854 2364 905 2406 et
934 2354 1108 2417 fruges
1138 2351 1267 2403 solis
1297 2350 1595 2402 lenioribus
1626 2360 1798 2411 arent,

592 2424 949 2489 lncipiuntque
986 2422 1121 2474 mori
1156 2420 1304 2471 vitidi
1336 2434 1454 2487 qum
1486 2418 1674 2471 fronde
1702 2418 1971 2479 vigebant.

592 2498 762 2561 Atque
795 2488 885 2558 per
914 2503 1147 2545 aestatem
1178 2491 1327 2556 quasi
1360 2500 1572 2561 mortua
1604 2492 1741 2541 sicca
1778 2488 2049 2550 videntur,

592 2558 769 2619 Mundi
802 2578 923 2632 pars
956 2563 1114 2614 habet
1143 2561 1229 2613 hic
1259 2575 1405 2611 zonae
1438 2558 1610 2611 vicina
1645 2569 1895 2627 perustae.

1210 2647 1286 2701 De
1307 2647 1523 2702 Cancro.

594 2747 766 2810 Atque
801 2750 985 2795 notant
1012 2748 1267 2810 quantum
1297 2740 1396 2790 sub
1423 2737 1614 2810 Cancri
1646 2736 1862 2810 nomine
1888 2735 2121 2804 signum,

597 2805 694 2866 last
718 2817 766 2864 in
800 2811 1075 2880 propatulo
1101 2809 1200 2861 sita
1231 2809 1541 2880 signiﬁcatio
1564 2805 1775 2869 Cancri,

595 2876 1006 2936 lin-edit'versus
1036 2889 1092 2931 ut
1122 2894 1214 2944 per
1242 2876 1461 2943 vestigia
1493 2891 1705 2937 cancer,
1756 2943 1761 2944 γ
1876 2914 1895 2923 κ

596 2955 685 3006 Sic
710 2953 832 3003 dum
864 2952 938 3002 sol
973 2943 1152 3013 nequit
1181 2949 1314 2998 banc
1338 2948 1457 2999 cudi
1488 2943 1861 3000 transcendere
1886 2951 2084 3014 partem
2106 2984 2121 3007 ,

596 3022 847 3075 Inferiora
878 3021 1006 3081 petit
1034 3022 1258 3070 InStrato
1284 3017 1534 3082 solstitio,
1568 3030 1607 3068 si
1637 3016 1669 3068 b

596 3093 793 3157 Quarta
826 3101 970 3154 parte
1001 3089 1136 3153 ejus,
1166 3101 1265 3151 qua
1302 3088 1525 3151 primum
1556 3086 1767 3157 coniicit
1798 3093 1997 3145 ortum.

598 3156 967 3225 Scribere,sed
1003 3171 1209 3225 tempus
1239 3171 1341 3208 non
1373 3166 1454 3207 est
1482 3156 1782 3209 cxsortibus
1809 3166 2008 3224 aptum.

1243 3245 1318 3298 De
1343 3242 1528 3298 Leone.

600 3341 677 3394 Ac
700 3338 893 3408 quintae
921 3336 1051 3403 parti
1078 3352 1266 3391 nomen
1298 3351 1519 3402 posuere
1551 3336 1760 3397 Leonis.

600 3406 932 3463 lloc'animal
964 3408 1166 3459 curtctis
1201 3416 1413 3472 praestat
1446 3410 1652 3459 fervore
1680 3406 1898 3470 caloris,

598 3480 760 3546 Cujus
787 3478 1024 3531 membra
1054 3486 1195 3530 tenct
1225 3480 1371 3544 vigor
1395 3486 1451 3528 et
1479 3477 1557 3529 vis
1584 3485 1732 3545 parte
1764 3476 1947 3542 priori,

605 3549 1004 3617 Degeneratqne
1031 3556 1087 3600 et
1109 3546 1349 3617 debilitat
1376 3547 1475 3598 sub
1503 3546 1808 3614 posteriori,

603 3616 699 3671 sn;
720 3622 882 3683 magis
911 3619 1086 3668 exurit
1114 3616 1194 3668 sol
1225 3630 1384 3683 quam
1418 3629 1508 3681 per
1536 3625 1728 3668 caetera
1760 3618 1926 3683 signa,

601 3692 774 3754 Atque
803 3702 954 3738 suum
992 3686 1151 3737 robur
1179 3684 1333 3735 terris
1359 3683 1608 3736 diffundit
1633 3685 1862 3754 anhelis,

599 3753 707 3809 Nec
736 3771 839 3807 non
870 3754 1282 3824 extremissigni
1311 3755 1670 3824 subgpartibus
1696 3753 1876 3824 hujus,

604 3826 807 3893 Mitigat
836 3824 1080 3893 ardorem
1112 3823 1369 3875 duntaxat
1396 3822 1706 3876 debiliorem

603 3896 657 3949 lu
690 3892 883 3949 terram
913 3892 1118 3960 positis,
1149 3907 1283 3961 quos
1312 3902 1429 3960 post
1456 3894 1675 3962 vestigia
1704 3892 1915 3963 linquit.

1201 3981 1279 4035 De
1318 3981 1540 4052 Virgine.

510 4138 513 4141 _
600 4076 801 4130 Nomen
830 4075 967 4129 inest
995 4084 1173 4140 sexto,
1199 4075 1361 4144 Virgo
1390 4091 1485 4144 pro
1516 4085 1754 4144 tempore
1779 4078 1951 4146 signo,

600 4146 762 4199 Terra
791 4147 927 4213 quod
957 4147 1110 4199 eﬂ‘eta
1149 4150 1299 4213 quasi
1330 4148 1476 4215 virgo
1508 4147 1696 4199 femina
1727 4155 1956 4212 constet,

599 4224 774 4286 Atque
809 4218 939 4269 nihil
969 4218 1173 4269 fructus
1199 4218 1301 4269 isto
1327 4218 1423 4269 sub
1452 4218 1626 4271 sidere
1650 4218 1845 4287 gignat.

1233 4325 1306 4376 De
1329 4324 1502 4380 Libra.

604 4430 799 4484 Verum
831 4430 1029 4484 zodiaci
1061 4445 1180 4496 pars
1210 4432 1435 4499 septima
1465 4422 1885 4500 Libra'vocatur,

604 4502 858 4566 {Equales
890 4503 1101 4567 proprio
1130 4516 1248 4553 cum
1283 4502 1496 4555 nomine
1524 4516 1845 4569 monstrans,

607 4573 764 4626 l’arte
789 4572 887 4626 sub
918 4573 1019 4625 bac
1043 4574 1164 4625 cwli
1191 4573 1360 4624 noctis
1387 4572 1502 4624 ﬁeri
1531 4581 1690 4641 atque
1717 4576 1844 4628 diei.

1176 4679 1253 4733 De
1281 4679 1560 4750 Scorpione

601 4796 855 4865 Scorpius
883 4805 1073 4849 octavo
1101 4810 1352 4862 nauoque
1381 4794 1691 4861 Sagittarius
1718 4793 1818 4847 fert
1854 4821 1863 4829 ο

598 4864 825 4933 Nomen,
849 4878 905 4922 et
939 4868 1061 4920 hinc
1091 4866 1288 4920 imbres
1320 4866 1531 4934 signant
1559 4872 1615 4919 et
1638 4864 1911 4934 grandinis
1941 4865 2094 4919 ietus.

1170 4977 1244 5031 De
1269 4975 1596 5047 Capricorno.

600 5090 734 5145 ilinc
751 5090 1010 5144 decimum
1033 5089 1256 5158 spbrerte
1281 5091 1489 5157 signum
1513 5088 2168 5156 vocitantCapricornum,

599 5164 715 5213 Atta
744 5161 872 5228 petit
896 5175 1106 5228 semper
1136 5158 1351 5212 frondes
1378 5161 1641 5226 pascendo
1663 5162 1887 5223 capella,

598 5233 686 5283 Sic
711 5245 775 5283 ex
804 5230 1027 5283 adverso
1056 5229 1266 5282 rediens
1295 5229 1373 5280 sol
1409 5234 1509 5280 atta
1543 5232 1795 5295 requirit,

595 5300 887 5355 Solstitium
914 5315 1036 5367 pars
1060 5308 1243 5365 quarta
1283 5299 1428 5357 facit,
1457 5298 1732 5366 solemque
1764 5299 2005 5354 remittit.

1225 5388 1298 5440 De
1327 5388 1567 5453 Aquario.

599 5479 944 5534 Undecimum
967 5495 1171 5549 Signum
1195 5480 1277 5531 cui
1308 5496 1498 5534 nomen
1530 5482 1789 5550 Aquarius
1814 5483 2035 5538 addunt.

1214 5571 1291 5624 De
1319 5570 1571 5626 Piscibus.

598 5658 766 5731 Atque
791 5648 1157 5731 duodecimum
1189 5663 1369 5715 dicunt
1393 5679 1459 5717 ex
1488 5666 1712 5718 nomine
1746 5666 1916 5731 pisces
1944 5709 1959 5731 ,

598 5726 745 5791 Quod
775 5729 977 5782 nivibus
1007 5732 1145 5798 quod
1177 5734 1329 5786 cedat
1354 5735 1504 5802 aquis
1542 5736 1642 5789 ltoc
1674 5726 1912 5805 tempore
1936 5726 2111 5794 tellus.

1272 349 1471 403 Βῐίῐὶίῐὶ
1514 344 1964 402 VENERAlilLIS
2003 344 2155 399 OPP.
2198 341 2375 399 PARS
2415 342 2502 398 Ill.
2542 370 2611 383 —-
2650 339 3132 396 PARJENETICA.

2171 457 2224 514 Α

2188 1797 2238 1858 Β

3734 331 3841 388 611

2880 449 2955 503 De
2980 452 3213 503 bissexlo.

2259 532 2395 600 Ergo
2423 546 2515 597 per
2545 532 2659 583 lucc
2687 530 3111 595 contemplantes
3155 537 3430 600 recurrere
3459 525 3654 590 solem,

2260 599 2367 654 ηπ
2398 616 2591 655 annum
2621 601 2730 651 liet-i
2761 601 3065 661 designztlttr
3093 599 3328 659 ratione,

2261 672 2455 722 llortnu
2482 672 2753 738 signorum
2784 669 2863 720 sol
2891 672 3095 728 lustrat,
3120 665 3368 738 quodque
3393 662 3615 738 diebus,

2256 735 2617 806 'I'rigenisfac
2646 739 2862 790 dimidia
2892 753 3014 790 cum
3047 738 3284 806 quinque
3308 735 3395 806 bis
3418 736 3576 795 liora,

2258 803 2372 861 llos
2394 825 2579 861 (mines
2600 824 2860 860 summam
2893 817 2946 860 tu
2981 805 3354 870 multiplicabis
3386 803 3436 855 in
3468 818 3651 867 unam,

2259 879 2334 930 De
2358 883 2561 932 cunctis
2589 880 2751 942 signis
2784 880 2940 931 horas
2972 878 3305 941 mediamque
3334 874 3618 937 reducens,

2260 946 2603 1013 Inveniestlue
2631 951 2744 999 dies
2773 963 2894 999 cum
2925 945 3197 1015 sexaginta
3232 952 3517 998 trecentos.
3650 998 3659 1009 ,

2260 1017 2353 1069 llis
2376 1033 2587 1084 quoque
2615 1020 2845 1084 quinque
2867 1016 2981 1069 dics
3011 1018 3106 1067 bos
3133 1016 3366 1068 calculus
3401 1015 3584 1074 addet,

2263 1088 2347 1138 Bis
2376 1101 2519 1138 sena:
2547 1089 2733 1138 mediae
2764 1101 2902 1138 nunc
2930 1094 3131 1137 restant
3162 1088 3377 1150 insuper
3407 1084 3551 1137 hom
3574 1124 3590 1150 ,

2262 1155 2472 1208 El'l'tcies
2502 1171 2679 1220 senas,
2708 1158 2801 1209 bas
2830 1155 2871 1207 si
2902 1155 3165 1223 colligi-ris
3197 1154 3376 1218 horas,

2264 1227 2354 1299 lla:
2380 1228 2575 1299 junctte
2605 1219 2871 1294 quadrans
2897 1234 2978 1277 est
3008 1219 3179 1299 portio
3208 1233 3392 1288 quarta
3422 1219 3549 1285 dici,
3730 1287 3742 1299 .

2265 1296 2327 1348 Et
2358 1296 2526 1347 tribus
2549 1306 2630 1347 est
2658 1307 2866 1347 eantum
2895 1294 3032 1361 quod
3066 1310 3171 1347 non
3203 1301 3510 1347 numeretur
3539 1307 3588 1344 ιιι
3618 1294 3803 1355 annis,

2262 1370 2353 1416 Ast
2384 1380 2521 1415 anno
2551 1373 2739 1433 quarto
2768 1366 3087 1431 quadrantes
3116 1373 3551 1433 quattuorunutn

2260 1430 2583 1502 Complent,
2599 1430 3033 1502 constituuntque
3060 1433 3201 1485 diem
3234 1434 3332 1485 sub
3362 1431 3562 1485 foribus
3592 1430 3742 1493 anni,

2266 1503 2359 1555 llic
2392 1505 2674 1556 ltisSCXlillS
2708 1515 2847 1555 totus
2879 1505 3151 1555 votabitttr
3179 1516 3348 1553 annus
3369 1542 3385 1563 ,

2263 1574 2526 1625 Constans
2552 1573 2800 1626 trecentis
2827 1589 2921 1626 sex
2949 1573 3220 1639 semginta
3253 1573 3462 1625 diebus.

2323 1696 2496 1743 QUAM!
2525 1697 2755 1735 DICATUR
2782 1696 3088 1748 BISSEXTUS,
3119 1697 3185 1735 ετ
3212 1696 3385 1745 ουΑΒΙΖ
3415 1696 3496 1735 SIT
3524 1695 3805 1737 ιιινεκτυς.

2267 1772 2413 1837 Quod
2442 1774 2483 1825 si
2516 1774 2815 1841 neglectum
2846 1773 3023 1833 fuerit,
3053 1772 3360 1840 producitur
3381 1787 3533 1826 error

2265 1844 2483 1908 Tantus,
2516 1856 2571 1895 ut
2597 1844 2765 1895 :estivi
2793 1842 3016 1895 brumali
3048 1856 3287 1909 tempore
3334 1855 3545 1895 menses

2259 1914 2553 1964 Occurrant
2578 1929 2589 1964 :
2625 1915 2739 1965 vice
2764 1927 2914 1965 versa
2946 1921 3313 1981 permutentur
3343 1923 3401 1964 ut
3428 1912 3550 1980 ipsi,

2260 1984 2347 2033 Illa
2377 1983 2490 2035 dies
2522 1984 2676 2048 igitur
2708 1991 2882 2034 tantus
2914 1982 3120 2034 videtur
3151 1991 3209 2033 ut
3249 1996 3419 2045 error,

2260 2054 2515 2105 Inseritur
2544 2052 2699 2105 simul
2730 2066 2792 2105 ac
2823 2053 3086 2105 bissextus
3113 2052 3231 2115 jure
3261 2061 3514 2115 vocatur,

2258 2122 2409 2186 Quod
2440 2138 2664 2175 numero
2692 2123 2902 2189 legitur,
2935 2123 3013 2175 bis
3042 2119 3200 2173 Marti
3230 2134 3380 2174 sexto
3411 2121 3692 2188 Kalendas,
3718 2131 3731 2142 '

2260 2190 2408 2243 Hanc
2435 2206 2845 2244 concurrentum
2878 2195 3059 2245 sedem
3088 2192 3276 2245 dixete
3299 2194 3527 2256 Quirites
3549 2232 3565 2254 ,

2259 2262 2388 2313 Nam
2418 2273 2788 2329 quotacuuque
2813 2262 2923 2312 dies
2954 2262 3081 2313 feria
3115 2271 3421 2314 numeratur
3461 2264 3513 2315 in
3543 2266 3639 2317 ista
3673 2302 3689 2327 ,

2260 2330 2362 2382 Tot
2387 2342 2768 2384 concurrentes
2797 2332 2901 2383 alio
2927 2342 3206 2383 sumuntur
3231 2331 3284 2383 in
3314 2347 3471 2394 anno,

2260 2401 2365 2454 Sed
2391 2401 2649 2455 bissextili
2674 2400 3015 2470 superaddita
3060 2402 3283 2453 sumitur
3308 2415 3471 2455 anno.

2733 2530 2799 2569 DE
2828 2530 3107 2569 NOIINIIUS
3129 2529 3379 2569 IENSIUI.

2263 2603 2327 2658 Et
2354 2603 2472 2672 quia
2504 2603 2774 2673 signorum
2798 2604 2919 2658 data
2947 2606 3263 2674 signiﬁcatio
3292 2604 3454 2660 claret
3489 2620 3503 2657 :

2263 2674 2413 2727 Nunc
2440 2676 2509 2727 de
2538 2676 2842 2728 nominibus
2868 2691 3125 2729 conemur
3154 2676 3389 2730 scribere
3429 2687 3694 2729 mensum.

2264 2745 2430 2797 Roma
2458 2754 2643 2810 potens
2671 2747 2798 2797 olim
2828 2761 2948 2798 cum
2981 2746 3204 2813 gemmis
3237 2745 3586 2810 pltilosOpbia:

2268 2815 2546 2878 Vernaret,
2580 2829 2794 2867 cursum
2826 2818 3030 2882 totique
3059 2817 3357 2882 imponeret
3382 2816 3520 2879 orbi,

2265 2884 2498 2936 Primum
2534 2886 2760 2937 bissenis
2800 2885 2978 2938 divisit
3011 2889 3243 2952 partibus
3269 2900 3462 2937 annum
3483 2923 3499 2946 ,

2262 2952 2453 3009 Incidit
2480 2955 2603 3007 hinc
2626 2964 2681 3008 et
2709 2955 2900 3023 cuique
2931 2957 3179 3008 vocabula
3206 2970 3435 3023 congrua
3465 2962 3620 3021 parti.

2894 3042 2969 3097 De
3000 3043 3214 3098 Martio.

2276 3120 2491 3175 Martius
2518 3135 2546 3173 a
2575 3120 2806 3175 maribus
2838 3124 2988 3187 cuius
3019 3138 3137 3189 pars
3168 3122 3333 3189 prima
3369 3131 3627 3186 vocatur,

2266 3193 2415 3256 Quod
2447 3203 2570 3244 tunc
2588 3192 2726 3246 Juno
2748 3192 2952 3256 Jovem,
2978 3193 3115 3257 quod
3145 3194 3298 3246 tellus
3323 3192 3552 3260 postulet
3573 3191 3827 3258 imbrem.

2269 3263 2335 3314 Et
2364 3264 2453 3316 liat
2477 3277 2775 3331 praegnans,
2805 3274 2857 3315 et
2885 3262 3075 3315 fetibus
3099 3271 3221 3327 apta
3255 3269 3533 3315 tumescat.

2920 3341 2996 3393 De
3022 3343 3203 3409 Aprili.

2266 3424 2366 3475 Ast
2392 3419 2493 3474 alia
2521 3419 2714 3490 Aprilis
2745 3422 2997 3490 quoniam
3036 3436 3222 3474 natura
3251 3421 3519 3490 aperitur.

2268 3492 2467 3545 Dicitur
2491 3491 2555 3545 ad
2585 3494 2767 3556 tiores,
2800 3494 3002 3547 fructus
3029 3501 3084 3546 et
3113 3492 3350 3560 gramina
3377 3500 3586 3546 cuncta.

2915 3570 2994 3625 De
3029 3570 3084 3625 Μ
3090 3574 3193 3624 aio.

2267 3646 2443 3705 Tertia
2471 3650 2728 3721 majorum
2757 3651 2924 3706 Maius
2948 3651 3015 3705 de
3047 3661 3194 3720 parte
3224 3660 3460 3706 vocatur.

2902 3742 2976 3796 De
2994 3741 3173 3796 Junio.

2266 3820 2455 3875 Junius
2487 3820 2538 3873 in
2569 3832 2777 3889 quarta,
2800 3821 3101 3891 junioribus
3129 3830 3210 3876 est
3236 3823 3517 3881 vocitatus.

2268 3892 2503 3958 Namque
2531 3893 2758 3959 bipertiti
2793 3896 3001 3946 fuerant
3028 3896 3094 3947 de
3119 3908 3266 3946 more
3295 3895 3527 3960 Quirites
3552 3933 3570 3957 .

2276 3968 2445 4027 Atque
2473 3976 2636 4014 senex
2670 3964 2837 4029 major
2863 3978 2983 4030 pars
3012 3965 3348 4017 consultabat
3372 3962 3423 4015 in
3455 3966 3585 4016 urbe
3608 4002 3623 4026 ,

2274 4030 2624 4099 militiamque
2649 4047 2836 4086 manus
2859 4035 3114 4101 juvcnum
3138 4037 3330 4087 virtute
3358 4037 3589 4100 regebat,

2271 4104 2405 4155 tlinc
2431 4104 2590 4165 igitur
2619 4103 2788 4157 Maius
2815 4114 2870 4156 et
2894 4102 3084 4155 Junius
3110 4114 3191 4157 est
3222 4107 3503 4158 vocitatus.

2917 4179 2997 4233 De
3033 4180 3194 4236 Julia.

2917 4187 2997 4233 De
3033 4187 3194 4236 Julia.

2268 4256 2439 4313 Julius
2468 4274 2497 4313 ιι
2529 4272 2720 4327 magno
2750 4260 2973 4313 sortitur
2997 4258 3207 4314 Ctesare
3238 4276 3452 4317 nomen.

2884 4347 2961 4402 De
3000 4350 3248 4419 Augusto.

2275 4428 2475 4483 Nomen
2504 4429 2570 4483 ab
2600 4429 2838 4498 Augusto
2863 4432 3031 4483 mensi
3059 4433 3357 4499 imposuere
3379 4432 3643 4500 sequenti.

2604 4545 2671 4583 DE
2697 4543 2938 4591 QUATUOR
2975 4545 3184 4586 υιτιιιιε
3224 4547 3493 4588 IENSIBUS.

2271 4621 2529 4688 Quattuor
2560 4620 2681 4673 liiuc
2711 4620 2796 4673 alii
2822 4631 3162 4688 sumpserunt
3190 4637 3382 4677 nomen
3411 4624 3478 4676 ab
3505 4622 3696 4677 imbre.
3749 4657 3763 4674 τ

2693 4707 2768 4760 De
2794 4708 3077 4777 Septembri
3115 4718 3160 4761 et
3201 4710 3429 4766 Octobri.

2272 4789 2509 4845 Primum
2534 4787 2785 4853 Quintilis
2813 4798 2936 4840 sunt
2959 4789 3284 4853 Sextiitsque
3313 4788 3502 4844 vocati.

2664 4878 2741 4931 De
2773 4878 3042 4932 Novembri
3076 4889 3121 4931 ct
3154 4878 3433 4932 Decembri.

2275 4977 2339 5029 Et
2367 4990 2589 5029 numero
2614 4984 2864 5039 quantum
2893 4983 3015 5026 sunt
3041 4973 3210 5040 primo
3238 4986 3419 5024 mense
3448 4970 3664 5035 remoti,

2273 5047 2609 5114 Temperiem
2636 5046 2755 5098 mali
2790 5059 3012 5098 numero
3042 5057 3254 5110 quoque
3284 5042 3661 5110 signiﬁcantes.

2870 5132 2947 5186 De
2970 5130 3244 5185 Januario.

2278 5216 2318 5269 A
2347 5216 2482 5270 Jauo
2509 5217 2707 5269 mensis
2732 5214 3037 5277 Januarius,
3071 5214 3157 5271 qui
3185 5221 3269 5267 est
3297 5211 3589 5276 vocitatus,

2275 5285 2595 5354 Principium
2626 5302 2798 5338 rerum
2829 5285 3018 5338 Janntn
3050 5283 3231 5337 feriata
3273 5292 3508 5354 vetustas

2272 5351 2532 5418 Credidit,
2561 5365 2721 5424 atque
2747 5357 2891 5408 illtnn
2922 5368 3160 5407 menSem
3194 5353 3381 5405 mirata
3405 5351 3618 5416 dicavit,

2273 5428 2603 5495 Quapropter
2634 5423 2833 5479 mensus
2861 5424 3143 5478 Januarius
3168 5432 3326 5491 caput
3355 5423 3499 5478 anni.

2865 5513 2939 5568 De
2972 5510 3271 5566 Februario.

2277 5597 2565 5650 Postrema:
2596 5597 2730 5664 parti
2760 5610 2950 5647 nomen
2990 5594 3312 5648 Februarius
3338 5594 3557 5657 indunt,

2248 5670 2404 5720 .Nam
2435 5663 2678 5721 lebiuare
2708 5666 2920 5732 quidem
2957 5665 3140 5717 dicunt
3169 5679 3393 5732 purgare
3425 5663 3592 5718 Latini
3613 5701 3628 5725 ,

2277 5741 2388 5794 Mos
2412 5738 2578 5806 viguit
2611 5736 2727 5791 talis
2753 5735 3001 5789 Romanis
3032 5734 3234 5789 civdtus
3265 5732 3412 5803 olim,
