4220 6452
342 346 451 403 (illi

346 467 501 521 Anno
526 465 628 519 sub
654 464 840 533 quinto
869 463 992 516 dum
1021 476 1214 517 census
1240 462 1406 517 fertur
1436 466 1499 517 ad
1529 466 1736 530 urbem,

347 536 536 589 Minoia
567 550 687 589 cum
718 535 880 587 muris
912 536 1104 595 templa
1134 545 1185 587 et
1217 537 1441 587 lustrare
1484 537 1735 599 deorum,

346 608 563 661 Scilicet
588 607 740 657 istius
769 607 967 657 mensis
1000 604 1099 655 sub
1129 604 1242 657 luce
1277 606 1509 657 secunda
1536 645 1551 667 ,

345 676 414 731 Ut
441 674 591 743 quasi
622 684 911 743 purgarent
940 673 1120 725 delicti
1150 674 1456 726 excessibus
1486 675 1667 727 urbem
1688 714 1702 733 ,

345 744 410 798 Et
440 748 587 798 venia
621 754 781 811 atque
806 745 950 795 salus
981 758 1073 809 per
1104 745 1360 809 supplicia
1394 745 1491 796 ista
1519 748 1770 803 daretur.

345 816 551 876 Dicere,
585 814 835 875 lustrare,
867 816 945 864 sic
973 823 1029 865 et
1057 828 1283 881 purgare
1308 814 1571 875 solemus,

347 885 435 938 Sic
465 894 517 938 et
544 884 817 938 multoties
847 882 1039 935 dicitur
1067 884 1421 950 quinquennia
1455 884 1617 936 lustra
1646 922 1663 946 ,

340 956 446 1010 Sed
481 971 574 1022 per
603 956 905 1006 inaccessos
934 968 1068 1018 Opus
1093 963 1177 1007 est
1206 968 1342 1005 nunc
1372 953 1589 1006 tendere
1616 952 1807 1006 saltus.

338 1032 513 1095 Atque
537 1026 695 1078 itiner
718 1037 949 1091 coeptum
982 1022 1126 1075 vario
1154 1038 1404 1077 sermone
1432 1023 1626 1077 levare.

525 1147 592 1189 DE
632 1144 991 1186 REGULARIBUS
1029 1146 1298 1185 FBRIARUH
1324 1169 1339 1197 ν
1382 1146 1735 1185 κλιειηωιῇωί

801 1237 868 1277 ΕΤ
903 1238 970 1277 DE
1009 1238 1185 1276 EORUII
1224 1238 1453 1278 ORIGINE.

338 1340 572 1393 Primum
606 1356 745 1393 nunc
775 1337 935 1407 igitur
966 1338 1244 1391 videamus
1268 1336 1631 1405 redigtilares,

338 1411 489 1466 Unde
520 1411 825 1476 procedant,
856 1417 912 1461 et
939 1424 1122 1461 eorum
1154 1423 1272 1476 quae
1300 1407 1370 1459 sit
1396 1410 1565 1476 origo.

339 1483 511 1534 l’ritna
541 1480 655 1534 dies
687 1480 866 1532 mundi
893 1478 1215 1532 describitur
1245 1479 1330 1531 illa
1361 1478 1519 1531 fuisse
1545 1522 1559 1543 ,

338 1554 449 1615 Qua
480 1550 651 1604 lucem
684 1551 906 1617 legimus
931 1549 1158 1618 primum
1196 1549 1392 1602 luxisse
1422 1558 1653 1618 creatam
1679 1589 1696 1613 ,

339 1622 451 1675 Hoc
479 1632 557 1673 est
587 1620 801 1673 Zodiaci
830 1628 885 1672 et
914 1617 1152 1673 Vervecis
1184 1620 1356 1685 portio
1399 1617 1588 1685 prima.

339 1695 383 1744 Α
408 1695 578 1756 prima
609 1706 735 1757 ergo
763 1692 849 1742 die
876 1688 1379 1756 numerabimusque
1411 1687 1675 1742 Kalendas

339 1761 484 1815 illius
514 1763 734 1824 mensis,
764 1759 832 1814 de
860 1776 963 1827 quo
990 1772 1314 1826 Cognoscere
1347 1757 1558 1824 quieris,

338 1836 586 1898 Quosque
615 1830 732 1885 dies
754 1838 869 1896 post
898 1829 1029 1891 huic,
1057 1844 1150 1896 per
1177 1841 1381 1896 septem
1414 1829 1588 1883 divide
1608 1843 1848 1895 cunctos,

338 1901 494 1955 Hunc
524 1915 804 1956 numerum
828 1899 1075 1969 quoniam
1104 1914 1370 1965 nunquam
1399 1902 1770 2001 transcetidrere
1795 1917 1913 1969 pos-

1696 1984 1811 2025 Slllll

340 2041 595 2110 Quodque
617 2040 970 2106 supercrescit
996 2054 1091 2106 pro
1116 2038 1414 2107 redigulare
1443 2006 1754 2103 tenebis)“
1779 2006 1792 2025 Ι
1820 2011 1837 2038 ’

339 2113 394 2168 Si
421 2109 595 2166 minus
624 2123 706 2164 est
735 2112 917 2164 itidem
951 2127 1046 2178 pro
1077 2109 1461 2178 redigularibus
1486 2109 1645 2163 adsit.

340 2185 554 2252 Septem
582 2182 627 2235 si
660 2182 853 2234 iuerint
882 2191 956 2252 tet
988 2178 1462 2252 triensibiisaddito
1488 2192 1714 2245 septem,

341 2248 842 2305 Et'coticurrentmn
874 2249 940 2302 de
968 2263 1170 2303 summa
1202 2248 1456 2302 subtrahe
1485 2253 1690 2315 si-deni,

341 2321 565 2375 Veneris
595 2321 661 2373 ad
692 2321 845 2374 Marti
878 2330 1156 2386 postquam
1190 2320 1519 2372 numerando
1548 2319 1835 2386 Kalendas,

340 2392 408 2445 Et
435 2393 534 2445 sibi
566 2393 652 2459 qui
684 2399 887 2445 restant
914 2389 1183 2442 ascribere
1212 2389 1444 2455 quinque
1482 2402 1751 2444 memento

338 2461 429 2514 Illa
451 2460 567 2515 dies
593 2459 724 2514 feria
758 2461 865 2513 visa
890 2469 976 2512 est
998 2461 1283 2512 decurrere
1312 2462 1500 2525 prima,

336 2531 469 2583 Dum
500 2531 732 2585 Pltmlius
761 2545 972 2583 cursum
998 2531 1229 2582 nondum
1260 2530 1571 2596 pricfccerat
1598 2531 1742 2593 anizi,

338 2603 434 2654 llic
457 2605 602 2670 prius
634 2601 837 2667 incepta
870 2614 1196 2652 concurrens
1228 2601 1391 2666 prima
1423 2611 1607 2653 Vocata
1637 2612 1737 2662 est,

334 2671 615 2726 Ceiicurrit
641 2671 901 2739 siquidem
932 2680 1099 2723 t0tutn
1125 2669 1372 2738 capulata
1401 2686 1492 2737 per
1530 2686 1750 2726 annum.

743 2762 914 2828 Quare
950 2763 1210 2832 regulares
1247 2763 1505 2818 dicantur.

332 2852 485 2907 Nunc
507 2867 609 2919 qua
634 2867 956 2906 concurrens
985 2852 1235 2919 procedat
1261 2854 1468 2923 origine
1496 2854 1682 2921 prima,

334 2924 613 2986 Addinins,
643 2935 696 2975 et
725 2924 841 2980 talis
870 2924 994 2989 quid
1026 2922 1199 2982 signet
1221 2922 1411 2989 copula
1442 2926 1614 2979 nobis.

331 2999 463 3059 Qua:
493 3003 877 3048 concurrentes
907 2991 1025 3045 idco
1049 2993 1299 3047 dicuntur
1323 3005 1529 3059 aperte,

333 3063 484 3130 Quod
517 3063 714 3131 pariter
737 3072 903 3117 lutum
929 3078 1049 3114 cum
1080 3064 1463 3129 redigularibos
1486 3080 1644 3129 anno,

332 3137 587 3199 Currnnt,
620 3144 674 3186 et
701 3134 884 3186 feriam
908 3141 1068 3198 quota
1092 3133 1156 3185 sit
1192 3144 1411 3185 ventura
1441 3132 1712 3202 Kalendis,

331 3203 662 3273 Significant,
693 3211 747 3258 ct
776 3202 833 3255 lit
862 3218 956 3271 per
984 3203 1111 3256 solis
1138 3205 1315 3271 regula
1342 3219 1575 3257 rursum.

333 3275 500 3328 Sume
527 3274 646 3327 dies
669 3273 828 3342 igitur
856 3287 956 3337 qua
985 3277 1206 3338 primum
1237 3274 1429 3325 claruit
1462 3276 1628 3338 orbis,

332 3344 477 3415 Luce
508 3358 697 3407 novus,
728 3350 1053 3415 cunctosque
1083 3342 1241 3394 simul
1274 3346 1579 3415 numerabis
1609 3348 1672 3398 ad
1713 3348 1906 3415 ipsum.

335 3413 518 3483 Usque
545 3415 722 3468 locum
751 3414 907 3466 sedes
930 3428 1035 3479 quo
1063 3417 1430 3465 concurrentis
1460 3412 1697 3471 habetur.

657 3504 926 3571 Quomodo
951 3503 1278 3558 inveniuntur
1303 3505 1583 3575 regulares.

786 3621 791 3626 ν
834 3594 1046 3648 Primus
1075 3612 1400 3651 concurrens.

335 3688 447 3743 llos
474 3700 684 3756 quoque
715 3687 1071 3754 praecipimus,
1103 3702 1200 3754 per
1226 3697 1429 3756 septem
1460 3689 1638 3745 divide
1673 3693 1837 3753 solus.

335 3758 437 3823 Qui
458 3766 701 3825 superest
720 3765 1129 3809 concurrentunt
1158 3760 1398 3823 signetur
1421 3763 1590 3828 origo,

335 3832 542 3881 Caetera
569 3840 687 3895 qua!
712 3830 950 3894 sequitur
977 3830 1078 3880 hoc
1103 3829 1292 3881 ordine
1318 3832 1697 3897 comperit-tur,

338 3901 488 3952 Sicut
515 3898 580 3950 ab
605 3900 701 3949 hac
725 3906 901 3950 actum
929 3908 1010 3949 est
1033 3913 1173 3950 anno
1201 3900 1396 3965 patlire
1421 3906 1674 3967 secundo,

336 3967 537 4035 liaeque
558 3967 676 4020 duae
703 3978 925 4019 currunt
955 3967 1045 4020 illo
1071 3968 1159 4037 qui
1191 3972 1377 4022 transit
1409 3972 1458 4023 in
1490 3987 1650 4036 anno,

337 4040 603 4106 Quodque
628 4037 975 4103 superfuerit,
1008 4043 1098 4090 uni
1129 4042 1491 4104 superaddere
1518 4058 1690 4106 cures,

341 4110 628 4175 'l'ertiaque
657 4120 711 4160 et
739 4119 925 4175 quarta
954 4109 1172 4175 rel:quis
1201 4112 1276 4163 sic
1305 4113 1743 4178 multiplicantur.

337 4184 435 4233 Ast
458 4193 600 4231 anno
630 4181 836 4246 quinto,
865 4178 1113 4246 quoniam
1144 4181 1408 4233 lii-sextus
1438 4184 1680 4247 liabetur,

339 4254 471 4314 Qua:
496 4264 654 4311 super
683 4255 993 4303 accrescunt
1020 4251 1172 4302 simul
1205 4251 1300 4303 bac
1327 4254 1375 4302 iu
1407 4257 1533 4305 sede
1560 4255 1857 4318 quiescunt,

342 4322 486 4373 Dicta
515 4320 644 4372 sede
673 4320 790 4370 dua:
821 4318 967 4372 feriati
999 4333 1347 4374 Iitttiierantur
1373 4324 1423 4373 in
1448 4339 1629 4389 unum,

338 4392 606 4456 Senaque
634 4389 940 4459 praedictum
973 4399 1115 4442 tenet
1136 4399 1189 4441 et
1216 4402 1333 4456 post
1362 4396 1582 4459 septima
1608 4411 1842 4458 cursum,

340 4460 598 4531 Quodque
620 4458 1020 4526 supergraditur
1054 4460 1131 4529 (ut
1153 4462 1281 4513 dicit
1310 4464 1513 4529 regula)
1544 4476 1771 4531 septem,

341 4530 477 4584 illud
498 4529 746 4593 sublatis,
773 4545 1096 4583 concurrens
1116 4532 1235 4599 jure
1258 4539 1488 4586 tenetur.

540 4622 811 4689 Quomodo
838 4626 1126 4676 inveniatur
1148 4624 1275 4693 feria
1304 4641 1392 4692 per
1418 4624 1727 4697 regularem.

344 4716 437 4768 llm
466 4725 844 4769 concurrentes
871 4728 994 4766 cum
1023 4714 1443 4783 pratcedentilius
1468 4726 1660 4780 auctae,

341 4784 639 4841 Ostendunt
670 4786 856 4838 feriant
889 4796 1047 4853 quota
1077 4787 1147 4837 sit
1178 4798 1396 4839 ventura
1421 4786 1691 4852 Kalendis,

340 4861 396 4910 Si
426 4864 633 4925 septem
659 4856 814 4909 luerit
844 4870 1085 4918 nuini-ro,
1123 4856 1212 4909 tibi
1243 4867 1467 4921 septima
1502 4860 1584 4909 tiei
1611 4872 1627 4922 ;

340 4930 397 4979 Si
427 4932 604 4981 minus
632 4935 734 4989 est,
770 4936 934 4981 totam
967 4926 1150 4978 feriam
1183 4940 1461 4980 numerato
1488 4925 1756 4992 Kalendis,

343 4995 401 5053 Si
432 5008 638 5066 septem
667 5000 880 5063 transit,
911 5010 1134 5050 numero
1155 4998 1409 5063 deponito
1434 5008 1657 5066 septem.

420 5124 483 5163 οε
518 5124 836 5164 ικνεῐιτιοκε
874 5125 1184 5163 οωυεωιιιςτ
1218 5124 1323 5162 DIEI
1366 5123 1571 5174 HENSIS,
1612 5125 1712 5164 PER
1744 5126 1858 5165 DIES

1029 5196 1235 5235 MENSIS.

346 5292 413 5345 Et
441 5292 483 5345 si
512 5307 605 5361 per
628 5302 793 5345 toturn
822 5307 1062 5347 mensem
1092 5293 1350 5362 cujusque
1375 5293 1500 5357 diei.

344 5363 516 5415 Nosse
540 5363 691 5431 cupis
714 5364 919 5427 feriam,
950 5363 1303 5431 procedentis
1329 5379 1544 5433 quoque
1574 5370 1795 5433 mensis,

346 5433 515 5486 Sume
541 5433 657 5486 dies
682 5444 927 5496 cunctos,
959 5433 1055 5486 sed
1097 5447 1194 5487 nec
1220 5437 1527 5490 numerabis
1554 5440 1817 5503 eamdem,

351 5505 548 5572 llisque
575 5503 932 5557 Kalendarum
961 5504 1145 5559 feriam
1175 5506 1522 5572 superaddite
1548 5515 1712 5563 totam

349 5574 404 5628 Si
436 5590 638 5641 septem
672 5573 875 5626 fuerint
901 5574 1103 5638 itidem,
1131 5575 1223 5629 tibi
1251 5577 1479 5643 septima
1508 5580 1620 5646 fiet,

351 5646 408 5697 Si
442 5660 614 5698 minor
636 5654 718 5699 est
738 5646 843 5697 illis
870 5660 1143 5708 numerus,
1176 5645 1269 5699 tibi
1290 5647 1413 5713 jure
1435 5650 1688 5711 tnanebit,

426 5716 877 5788 septemtransit,
907 5731 1132 5788 numero
1159 5716 1411 5781 ιΙθρυηίίθ
1431 5728 1659 5788 δθβίθηιν

348 5784 585 5853 Scilicet,
611 5786 850 5855 signetur
878 5786 1019 5856 quod
1041 5800 1105 5840 ea
1132 5788 1337 5841 ratione
1366 5784 1593 5843 tenetur.

1440 348 1632 404 SECT.
1675 349 1757 404 lll.
1784 377 1855 389 —-—
1890 348 2196 405 0111111Νὰ
2240 351 2462 408 υυΒΙΑ.

1941 465 1992 521 Α

1937 3157 1984 3219 C

3490 360 3595 417 €56

2149 482 2215 520 ΒΕ
2244 481 2597 522 ιιεοινιλιιωυε
2625 484 2800 535 ιυΝΞ,
2836 487 2902 525 ET
2932 486 2999 525 DE
3030 488 3199 528 [0111511
3233 490 3461 533 διιιῡιδε.

2016 556 2120 631 Sed
2143 557 2265 623 quia
2297 559 2548 631 circuitus
2569 568 2651 612 est
2674 562 2801 613 solis
2824 563 3057 615 carmine
3080 564 3331 631 seriplus,

2022 624 2536 699 Nunt-.Uassfgnemus
2568 631 2704 682 lunae
2732 646 2986 698 proposse
3018 624 3242 699 meatus,

2021 700 2111 747 Ast
2140 696 2272 748 alios
2305 698 2529 763 primum
2556 696 2849 766 pattduttltlS
2880 704 3227 765 redigulares,

2016 766 2114 828 Qui
2144 767 2549 820 subscribuutur
2576 769 2642 821 ab
2666 770 2801 823 Iun-.e
2831 773 3103 827 mensibus
3133 776 3266 829 istis.

2639 855 2714 910 De
2740 861 2948 920 epaclis.

2016 941 2179 998 Luna:
2199 945 2472 1013 circuitus,
2500 948 2701 1001 lunaris
2725 949 2916 1004 dicitur
2938 967 3127 1007 annus.

2510 1036 2583 1090 De
2609 1039 2893 1094 inventione
2930 1044 3106 1096 nullm.

2019 1121 2341 1197 Principium
2364 1124 2537 1194 cujus,
2562 1129 2649 1191 qni
2684 1143 2821 1183 nunc
2849 1131 3178 1194 Septembris
3209 1132 3486 1197 inibi-nim,

2018 1192 2677 1269 Mensisadest,veterum
2708 1214 2862 1264 quem
2904 1192 3043 1254 sicut
3071 1205 3255 1269 pagina
3289 1192 3482 1269 prodit.

2017 1262 2227 1339 {ﬁsytiti
2259 1266 2506 1339 astrologi
2537 1262 2761 1339 primum
2796 1270 3048 1323 invenere
3070 1262 3309 1339 sagaces,

2018 1333 2080 1386 lli
2106 1343 2227 1385 sunt
2252 1337 2471 1388 scrutati
2503 1338 2685 1403 vigiles
2715 1349 2916 1391 secreta
2950 1333 3212 1405 polorum,

2016 1405 2187 1475 A_tqtte
2220 1405 2574 1475 ttingis‘terium
2605 1423 2829 1475 quorum
2859 1410 3095 1464 didicere
3119 1412 3308 1475 Latini,

2019 1473 2471 1541 Gyninasininqnc
2499 1473 2640 1528 artes
2670 1478 2993 1531 admirantes
3024 1473 3318 1535 irritantur.

2019 1542 2081 1614 lli
2104 1558 2313 1614 quoque
2346 1556 2459 1609 post
2489 1546 2606 1597 illos
2630 1547 2995 1601 tlescribentes
3023 1562 3342 1614 statuerunt,

2016 1612 2209 1685 Sedetn
2238 1628 2541 1679 epaciarttin
2570 1616 2898 1681 Septembris
2926 1630 3081 1672 sexto
3109 1612 3396 1685 Kalendas,

2020 1681 2129 1736 Ilac
2156 1690 2292 1735 ιπωὶι)
2323 1685 2535 1736 inlisam
2566 1690 2802 1739 relcruiit
2825 1688 2876 1739 in
2907 1689 3033 1741 sede
3060 1703 3293 1745 Creatatn

2019 1751 2243 1824 Lunam,
2265 1753 2412 1824 quod
2443 1756 2588 1808 nullo
2615 1756 2770 1808 terris
2804 1756 3007 1824 fulgore
3034 1761 3261 1814 refulsit.

1943 1816 1987 1875 Β
2020 1822 2165 1874 lianc
2189 1816 2308 1890 quia
2343 1825 2538 1876 nullius
2566 1826 2771 1879 numeri
2800 1816 3096 1881 variaVerat
3120 1841 3248 1883 tetas

2016 1893 2253 1947 Lumine.
2287 1910 2389 1944 non
2415 1894 2573 1946 valuit
2599 1896 2805 1960 penitus
2828 1899 3095 1951 tricesima
3126 1901 3249 1959 dici,

2015 1962 2148 2034 llinc
2180 1963 2336 2029 igitur
2363 1964 2595 2017 Phoeben
2622 1968 2766 2017 nullo
2789 1969 3075 2033 splendore
3106 1972 3357 2034 scientes,

2012 2032 2213 2095 Nullas,
2247 2045 2461 2099 epzictas
2490 2034 2635 2086 illum
2665 2032 2851 2087 dixere
2884 2051 2977 2101 per
3004 2052 3221 2091 annum.

2013 2108 2109 2155 Ast
2134 2104 2233 2153 alia
2261 2104 2489 2169 primum
2524 2106 2681 2157 terris
2709 2109 2773 2158 de
2806 2108 3001 2159 lumine
3033 2112 3232 2170 lumen,

2016 2171 2265 2243 Fundens
2296 2173 2410 2225 luce
2443 2188 2599 2237 nova,
2628 2189 2774 2227 reeie
2801 2185 2881 2228 ost
2914 2187 3036 2231 tunc
3064 2180 3233 2243 prima
3259 2188 3463 2239 vocata,

2014 2242 2077 2314 Et
2108 2242 2357 2314 quoniam
2392 2244 2548 2296 tetris
2582 2244 2750 2297 illuxit
2781 2246 2979 2299 lumine
3011 2242 3259 2314 primum,

2013 2311 2109 2363 llic
2139 2315 2282 2378 prius
2310 2313 2536 2377 incoepta
2567 2321 2649 2367 est
2680 2319 2942 2368 numerari
2967 2311 3151 2382 quinto
3180 2317 3433 2371 Kalendis

2013 2382 2079 2453 lit
2098 2386 2343 2446 quoniam
2370 2384 2614 2436 Octobris
2644 2385 2823 2437 evenit
2852 2386 3033 2453 quinta
3062 2386 3329 2445 Kaleiidis.

2012 2451 2141 2526 piam
2167 2462 2545 2526 quotacunque
2569 2456 2657 2506 l'nit
2687 2465 2809 2526 tunc
2833 2451 2975 2520 luna,
2995 2458 3292 2526 quibusque
3312 2457 3582 2522 Kalendis,

2010 2522 2278 2595 Iliensibus
2309 2524 2389 2575 bis
2418 2525 2508 2575 toti
2534 2528 2634 2575 lein
2658 2525 2963 2577 scribuntur
2991 2522 3342 2595 redigulares,

2012 2592 2114 2644 Ista
2148 2593 2360 2660 quidem
2390 2595 2560 2646 currit
2592 2609 2683 2660 per
2714 2605 2931 2647 cunctos
2964 2592 3143 2661 regula
3175 2613 3406 2651 menses.

2494 2682 2571 2737 De
2600 2687 2871 2738 undecima
2898 2697 3100 2750 epacta.

2010 2773 2353 2829 Undecimam
2385 2784 2505 2844 post
2534 2775 2634 2829 hoc
2671 2792 2812 2828 anno
2838 2778 3046 2830 d-scerc
3075 2780 3342 2846 sequenti,

2014 2850 2261 2911 bpactam
2295 2856 2402 2899 tota
2433 2856 2535 2907 est,
2563 2862 2682 2897 nam
2709 2848 2910 2899 l’bwbe
2938 2849 3064 2900 sede
3095 2859 3295 2913 n0tata,

2012 2916 2075 2967 Et
2101 2927 2259 2982 quota
2290 2917 2419 2968 sede
2446 2930 2537 2967 sua
2564 2919 2770 2968 cunctis
2800 2915 3016 2982 effulget
3048 2920 3241 2970 inanis.

2013 2986 2224 3054 Epuctw
2257 2989 2478 3038 totidem
2509 2996 2830 3039 concurrunt
2852 3001 3064 3054 semper
3091 2990 3140 3040 iii
3170 2987 3323 3055 ipsis.

2079 3090 2219 3139 QUOD
2248 3091 2449 3130 EPACTA
2474 3092 2542 3129 ET
2567 3092 2859 3130 REGULARIS
2889 3093 3092 3131 DEllEN'l'
3111 3093 3256 3134 ιυΜὶι
3281 3095 3349 3134 ΔΙ)
3376 3095 3525 3135 INTE-

2449 3161 2677 3199 MiﬁbUM
2720 3162 2947 3200 ETATE)!
2977 3164 3150 3201 LUN£.

2018 3237 2231 3304 Epactte
2258 3235 2453 3300 junctze
2479 3251 2598 3289 cum
2629 3236 3013 3305 redignlaritius
3042 3239 3174 3302 istis,

2013 3306 2330 3373 Pin-signant
2363 3321 2523 3372 quom
2553 3306 2621 3358 sit
2651 3307 2849 3359 l’liwbe
2872 3308 3066 3359 lulsura
3093 3307 3369 3363 Kalendis.

2015 3378 2214 3428 florum
2321 3391 2572 3428 tiniiieriis
2602 3378 2811 3439 triginta
2840 3380 3081 3429 evenerit
3102 3380 3255 3441 intra,

2010 3448 2143 3499 Tota
2169 3458 2342 3498 manet
2382 3446 2598 3510 l’litebe,
2642 3445 2734 3499 scd
2762 3448 2804 3496 si
2834 3448 3168 3501 concreverit
3196 3451 3352 3513 ultra,

2011 3516 2118 3569 Illis
2145 3518 2367 3569 sublatis
2397 3518 2569 3568 aderit
2598 3515 2689 3568 tiiii
2721 3526 2826 3567 tota
2854 3515 3129 3580 Kalendis,

2014 3591 2154 3651 Quot
2185 3586 2376 3655 reliqui
2402 3588 2616 3649 fuerint,
2647 3585 2749 3638 lioc
2776 3597 2987 3639 consiet
3017 3588 3196 3656 regula
3224 3592 3446 3644 cunctis.

2175 3675 2324 3741 Quod
2353 3686 2477 3730 artus
2505 3677 2643 3729 lunae
2672 3694 2760 3743 ριιι·
2785 3679 2892 3730 dies
2917 3679 3105 3732 mensis
3135 3679 3438 3735 inveniatur.

2015 3767 2121 3821 Sed
2146 3768 2188 3819 si
2222 3782 2315 3833 per
2346 3776 2512 3819 totum
2540 3768 2689 3834 cupis
2718 3766 2818 3820 hoc
2841 3782 3168 3834 cognoscere
3193 3784 3453 3834 mensem,

2017 3837 2181 3893 Sume
2208 3840 2325 3889 dies
2358 3839 2555 3890 mensis
2576 3838 2664 3906 qui
2698 3844 3001 3905 praecedunt
3032 3842 3370 3903 hodiernum,

2018 3910 2080 3961 Et
2110 3920 2480 3975 quotacutique
2500 3905 2601 3960 fuit
2623 3918 2746 3961 tunc
2776 3907 2903 3974 ipsis
2929 3909 3047 3959 luna
3071 3907 3345 3975 Kalendis,

2019 3980 2157 4031 Illius
2189 3993 2468 4031 numerum
2500 3982 2784 4030 transactis
2813 3978 2949 4030 adde
2977 3978 3186 4031 diebus.

2019 4050 2215 4100 llurum
2244 4049 2289 4100 si
2322 4063 2572 4101 numerus
2601 4046 2812 4113 triginta
2844 4046 3080 4099 evenerit
3112 4049 3267 4114 infra,

2015 4118 2146 4172 Tota
2180 4128 2359 4170 manet
2390 4118 2607 4177 Plitebe,
2640 4118 2731 4169 sed
2764 4117 2808 4169 si
2840 4130 3170 4171 concreverit
3192 4120 3348 4182 ultra,

2022 4190 2127 4241 illis
2149 4188 2372 4240 sublatis
2399 4197 2528 4252 quot
2551 4196 2752 4240 restant
2785 4197 2816 4238 ιι
2844 4197 2889 4239 ta
2925 4198 3152 4249 tenetur,

2017 4260 2119 4311 Sed
2148 4270 2319 4311 tanien
2349 4260 2448 4309 hoc
2477 4272 2611 4323 Opus
2639 4267 2743 4323 est,
2772 4257 2910 4324 vigili
2936 4259 3003 4310 de
3031 4268 3208 4312 metite
3230 4269 3434 4321 nolaro,

2017 4330 2071 4381 Si
2100 4343 2268 4380 nienSi
2301 4329 2458 4381 fuerit
2490 4330 2744 4393 inscripta
2776 4330 3025 4380 vii-estina
3059 4344 3216 4381 noiia.

2026 4402 2188 4452 Deme
2212 4407 2310 4464 tot,
2340 4409 2550 4453 aetatem
2576 4400 2764 4466 reliqui
2798 4398 2935 4452 lunae
2967 4401 3057 4451 tibi
3084 4402 3339 4466 pandent,

1947 4510 1997 4568 Β
2022 4467 2133 4522 Hoc
2154 4484 2364 4539 quoque
2387 4484 2481 4523 cur
2509 4471 2598 4521 fiat
2618 4476 2852 4522 conabor
2884 4472 3107 4535 prodere
3136 4473 3344 4526 metris.

2576 4577 2643 4615 DE
2672 4576 2807 4615 ΔξςΝο
2837 4576 3050 4616 LUNAIU.

2025 4653 2238 4709 Zodiari
2268 4654 2473 4724 signum
2507 4656 2768 4723 percurrit
2796 4654 3046 4721 quodque
3073 4652 3299 4717 duobus,

2029 4729 2173 4779 Luna
2204 4723 2390 4779 diebus
2413 4739 2507 4778 sex
2538 4728 2703 4786 boris,
2736 4726 2887 4774 besse
2915 4723 3071 4775 unius
3099 4726 3260 4789 liorte,

2026 4797 2275 4863 Quosque
2303 4796 2414 4848 dies
2442 4798 2597 4859 igitur
2625 4795 2691 4845 de
2714 4795 2926 4863 cunctis
2954 4794 3145 4857 collige
3166 4794 3355 4862 signis,

2030 4861 2092 4919 Et
2119 4861 2285 4933 juncti
2317 4865 2513 4930 pariter
2542 4861 2725 4930 viginti
2747 4875 2997 4928 quitiuor
3022 4861 3237 4928 adsunt,

2028 4937 2264 5001 Tresque
2293 4935 2408 4988 dies
2436 4945 2583 5002 potes
2607 4949 2672 4986 ex
2697 4934 2841 4984 horis-
2869 4933 3224 5001 Superaddere
3247 4934 3415 4998 senis,
3499 4976 3502 4979 .

2032 5007 2099 5059 Et
2118 5006 2241 5075 quid
2263 5007 2332 5058 sit
2353 5005 2523 5059 bessis
2553 5019 2690 5057 nunc
2732 5007 2829 5075 liac
2859 5017 3062 5075 ratione
3091 5004 3317 5071 fatebor,

2028 5077 2084 5129 Si
2116 5074 2151 5128 ti
2166 5090 2225 5129 es
2254 5078 2304 5128 in
2336 5085 2511 5143 partes
2538 5075 2732 5143 aliquid
2765 5074 3017 5127 diviseris
3048 5089 3247 5144 tequas,

2030 5147 2252 5201 Nomine
2280 5161 2501 5215 quaeque
2530 5150 2694 5198 triens
2717 5143 2900 5207 fertur,
2932 5143 3239 5215 cunctaeque
3268 5155 3534 5209 tenentes,

2032 5218 2212 5271 l’ortio
2240 5218 2284 5269 si
2312 5217 2487 5281 luerit,
2519 5218 2638 5269 aliis
2663 5219 2930 5268 subtracta
2958 5216 3181 5280 duabus,

2035 5289 2172 5350 Una,
2199 5288 2318 5341 duae
2346 5287 2562 5356 reliquae
2585 5288 2833 5339 dicuntur
2859 5288 3075 5340 nomine
3104 5288 3304 5351 besses,

2035 5361 2269 5411 ltissibus
2297 5373 2361 5412 ex
2392 5358 2472 5410 bis
2501 5372 2591 5411 sex
2625 5365 2745 5409 octo
2776 5356 3107 5424 stipplcveris
3139 5361 3319 5423 lini-as,

2037 5431 2128 5482 llic
2159 5428 2318 5495 igitur
2348 5443 2570 5481 numero
2599 5426 2860 5489 Phoeben,
2888 5428 3091 5480 ambire
3113 5428 3341 5495 dierum,

2034 5502 2225 5552 ‘l‘otuui
2253 5500 2528 5551 zodiacum
2556 5502 2707 5551 daret
2735 5498 2995 5565 dictisque
3020 5501 3119 5552 sub
3143 5512 3271 5559 oris,

2035 5572 2150 5624 Non
2183 5578 2383 5623 tantum
2407 5569 2472 5621 ad
2494 5570 2665 5622 solem
2696 5570 2869 5635 spatio
2896 5577 3123 5623 transire
3151 5571 3250 5623 sub
3278 5570 3419 5638 ipso,

2035 5640 2287 5708 Signiferi
2319 5654 2494 5707 partes
2525 5640 2775 5704 quoniam
2804 5640 2927 5692 dum
2960 5640 3198 5705 pervolat
3229 5643 3364 5706 ips:i,

2036 5712 2126 5766 Sol
2160 5720 2323 5763 totum
2356 5713 2520 5763 ferme
2548 5711 2715 5763 tendit
2746 5724 3057 5777 percurrere
3083 5713 3312 5778 signum,

2036 5783 2144 5838 Nec
2165 5782 2304 5836 valet
2330 5783 2543 5837 ast-cudi
2574 5781 2796 5848 l’lttcbe,
2823 5795 2921 5837 nec
2951 5780 3117 5850 prima
3148 5795 3348 5841 iocari.
