4220 6450
699 302 800 360 647
1379 296 1581 354 ΒΕΒᾹΞ
1626 298 2074 353 VENERABILIS
2113 298 2262 352 OPP.
2302 297 2365 355 ιη

2302 297 2482 355 mas
2521 294 2608 353 ιιι.
2649 328 2717 339 -
2757 275 3240 355 ιπΑιιιεΝΕτιοΑζ
3856 301 3952 357 ets

693 416 756 471 Ni
790 412 888 470 sub
917 413 1077 468 fratre
1105 409 1249 480 prius
1274 410 1445 472 fuerit.
1477 410 1529 463 ni
1556 410 1989 475 transgrediatur,

696 482 975 554 Ergo'dies
1005 482 1109 536 duo
1139 481 1476 554 p'raedictisAet
1496 490 1753 554 quattuor
1780 482 1925 554 liora:

699 548 1000 615 Addmtur,
1032 548 1255 619 quorum
1289 550 1461 617 Spatio
1496 550 1749 603 Phoebum
1780 548 1890 615 ipsa
1920 559 2195 617 sequetur.

696 625 1009 678 Transvolet
1031 633 1083 676 et
1110 621 1199 673 ﬁat
1226 633 1455 687 superno
1480 620 1676 672 lumine
1703 620 1890 684 prima,

695 695 807 748 llnc
834 704 914 747 est
944 693 1140 745 lunaris
1171 691 1444 757 suppletus
1476 689 1540 742 ad
1578 691 1755 742 omnia
1779 688 1996 751 mensis,

694 767 862 829 Quem
892 776 989 815 nos
1012 759 1193 828 viginti
1222 768 1468 812 constare
1494 772 1797 826 novemque
1822 758 2027 829 diebus,

694 828 914 901 Insuper
938 839 993 885 et
1022 829 1232 901 scriptis
1256 830 1499 883 bissenus
1524 830 1815 895 promimus
1843 828 2008 901 horis.

694 898 933 970 Namque
963 901 1078 955 dies
1109 900 1255 970 horis
1286 914 1390 970 non
1424 908 1697 970 permanet
1726 900 1928 964 integer
1958 898 2093 961 istis,

697 974 765 1026 Et
793 969 913 1037 quia
945 980 1053 1023 tum
1079 969 1326 1023 dividitur
1358 969 1412 1021 in
1442 969 1717 1037 mensibus
1740 982 1895 1031 unus,

693 1036 926 1096 Alterius
947 1039 1145 1095 mensis
1172 1039 1347 1092 bissex
1372 1038 1678 1104 implebitur
1708 1036 1877 1100 horis,

694 1112 998 1166 Praesertim
1023 1110 1198 1178 primo
1219 1108 1377 1161 fuerit
1402 1123 1521 1178 cum
1552 1108 1767 1161 cardine
1795 1106 1998 1170 mundi,

694 1183 749 1236 In
781 1182 949 1235 media
980 1176 1231 1233 succensa
1258 1180 1363 1240 die,
1397 1176 1490 1231 sed
1519 1192 1701 1231 mense
1738 1178 1993 1239 secnmlo,

695 1253 860 1306 Nocte
888 1253 1188 1303 alternatim
1217 1249 1410 1312 media,
1443 1250 1520 1300 sic
1552 1248 1677 1300 inde
1703 1247 1962 1309 cucurrit,

697 1324 757 1374 lli
781 1323 956 1374 cuncti
986 1334 1249 1372 summam
1273 1332 1483 1371 menses
1510 1318 1818 1385 redigantur
1842 1316 1892 1368 in
1921 1332 2102 1381 unam,

699 1393 830 1446 Ilinc
856 1401 908 1444 et
937 1399 1229 1445 tercentum
1260 1403 1381 1440 cum
1412 1387 1794 1456 quinquaginta
1824 1386 2011 1439 diebus

695 1464 956 1527 Quattuor
977 1459 1199 1528 adjectis
1224 1473 1419 1510 annum
1450 1469 1694 1528 constare
1724 1456 1973 1510 latemur.

697 1532 793 1586 llic
816 1541 899 1586 est
922 1531 1013 1599 qui
1041 1527 1250 1597 proprie
1273 1528 1472 1581 lunaris
1494 1527 1687 1580 dicitur
1709 1540 1900 1578 annus.

753 1637 888 1687 QUOD
911 1636 1019 1676 UNL
1050 1635 1251 1674 BPA‘CTA
1280 1634 1601 1672 INVENIATUR
1628 1630 1727 1672 PER
1756 1633 1941 1682 ALIAI,
1974 1632 2213 1670 ADDENDO

1358 1705 1609 1743 UNDECIBI.

696 1784 824 1839 Illud
852 1793 905 1837 et
930 1785 1120 1838 intuitu
1152 1796 1289 1837 nunc
1313 1780 1674 1844 contemplare
1699 1779 1893 1849 sagaci,

697 1855 845 1921 Quod
868 1856 1076 1918 damus,
1108 1863 1162 1907 et
1188 1856 1407 1906 memori
1434 1851 1750 1917 patefactum
1785 1858 1963 1903 mente
1990 1865 2207 1919 repono.

696 1926 791 1978 llic
819 1935 1121 1989 epactarum
1142 1923 1306 1976 series
1328 1931 1379 1973 et
1406 1923 1552 1988 origo
1584 1921 1800 1986 patebit,

696 1998 831 2048 Sunt
848 1994 955 2047 duo
983 1994 1271 2060 inaequales
1295 1992 1384 2044 tibi
1412 2004 1547 2057 quos
1577 1990 1986 2060 monstravimus
2015 1992 2161 2044 anni.

699 2065 936 2118 Vincitur
958 2058 1181 2116 undenis
1211 2061 1410 2115 lunaris
1434 2061 1602 2112 forma
1628 2058 1834 2123 diebus,

698 2136 789 2188 llis
814 2134 936 2202 quia
969 2133 1169 2186 lunaris
1199 2132 1325 2184 solis
1351 2132 1719 2202 superaturgab
1748 2145 1910 2191 anno,

697 2200 930 2259 llndente
950 2212 1148 2269 epactte
1171 2210 1447 2254 sumuntur
1475 2200 1527 2252 in
1557 2200 1744 2253 ordine
1771 2205 1961 2266 primo,

696 2275 827 2327 Ilinc
851 2286 1103 2326 numerus
1132 2274 1337 2326 cunctis
1358 2271 1581 2322 addatur
1606 2286 1819 2338 semper
1847 2272 1899 2323 in
1929 2270 2081 2324 annis

696 2344 906 2411 EpaCtis
933 2344 1108 2395 allinis
1134 2340 1553 2411 praecedentibus
1576 2341 1750 2403 anuis,

690 2410 840 2480 Quod
870 2415 1042 2466 minus
1072 2422 1158 2465 aut
1185 2412 1305 2479 plus
1333 2420 1414 2463 est
1440 2410 1648 2476 triginta
1673 2426 1737 2462 ex
1762 2424 1908 2463 more
1932 2411 2161 2475 tenebis,

693 2484 833 2536 Illius
855 2493 1066 2549 epactas
1097 2483 1219 2534 anni
1243 2481 1331 2547 qui
1366 2490 1600 2545 tempore
1626 2482 1832 2544 transit,

690 2555 916 2607 Uctavas
943 2554 1175 2606 decimas
1203 2561 1414 2619 epat-tas
1446 2551 1660 2601 ultimus
1684 2566 1852 2601 annus

686 2623 951 2687 Continet,
982 2623 1066 2675 his
1092 2636 1213 2675 cum
1248 2622 1668 2687 przccetlentibus
1695 2619 1905 2674 additur
1936 2633 2094 2685 unus,

690 2694 783 2747 llic
803 2695 888 2760 qui
920 2692 1085 2746 lunari
1117 2705 1329 2757 semper
1359 2690 1669 2741 subducitur
1692 2704 1852 2752 anno,

691 2761 996 2829 Philosophi
1020 2762 1213 2815 saltum
1238 2774 1393 2823 quem
1430 2760 1565 2810 lunae
1590 2762 1804 2829 nomine
1834 2760 2038 2825 dicunt,

688 2833 762 2886 De
785 2847 889 2901 quo
912 2828 960 2885 ει
984 2831 1123 2883 Deus
1144 2828 1386 2901 annuerit
1411 2828 1757 2901 tractabimus
1785 2830 1911 2891 alte,

686 2898 833 2967 Quos
856 2901 901 2954 si
928 2898 1206 2968 conjungis
1231 2900 1424 2967 pariter
1454 2898 1667 2966 triginta
1699 2900 1923 2962 tenebis,

688 2972 780 3025 lla:
810 2980 932 3024 sunt
953 2979 1152 3037 epactte
1183 2984 1301 3036 qua:
1328 2978 1547 3020 currunt
1574 2969 1792 3021 cardine
1822 2972 2013 3037 primo,

689 3042 831 3094 Illius
859 3041 993 3110 cycli
1026 3040 1257 3110 retinent
1278 3052 1434 3110 quem
1460 3038 1921 3110 semperllehrzei,

683 3112 827 3178 Quas
855 3107 1093 3163 mensum
1121 3108 1299 3176 jungis
1328 3107 1370 3158 si
1402 3108 1789 3178 redigularihus
1818 3110 1966 3175 ipsis,

696 3176 797 3235 Pro
820 3194 1043 3235 numero
1072 3180 1229 3239 lunae,
1262 3192 1481 3230 numero
1513 3176 1762 3229 subdnris
1790 3183 2024 3243 easdem,

694 3252 763 3305 Et
790 3264 1039 3303 numeras
1066 3252 1259 3309 lunam,
1293 3248 1427 3299 sicut
1456 3249 1578 3298 dant
1610 3247 1954 3314 redignlares,

690 3321 832 3375 llhus
859 3322 912 3374 in
945 3318 1140 3372 mensis
1166 3319 1287 3369 anui
1320 3317 1577 3384 cujusque
1607 3317 1878 3380 Kalendis,

689 3393 822 3445 Ilinc
848 3390 1009 3446 etiam
1037 3392 1124 3459 qui
1149 3390 1304 3441 modo
1333 3396 1548 3458 epactas
1575 3388 1755 3442 dicere
1783 3391 1972 3444 nullas.

880 3522 947 3561 DE
977 3519 1126 3561 ANNIS
1153 3519 1600 3559 ENBOLISMALIBUS
1631 3518 1697 3556 liT
1721 3518 2069 3559 COIIUNIBIIS.

689 3621 839 3676 Nunc
863 3634 929 3674 ex
959 3617 1321 3674 endibolismis
1349 3625 1403 3668 ct
1425 3616 1792 3669 communibus
1823 3619 1995 3678 antiis,

691 3694 1017 3745 I’ertractare
1047 3689 1401 3741 necessarium
1424 3686 1755 3738 decernimus
1781 3686 1954 3750 isthic,

695 3760 1032 3814 Enuclcatins
1054 3767 1109 3809 ut
1134 3758 1269 3809 luna:
1300 3759 1490 3807 saltum
1520 3770 1840 3810 reseremus.

693 3830 859 3883 Divini
885 3827 1002 3882 libri
1034 3834 1253 3880 testatur
1285 3826 1468 3891 pagina
1501 3825 1698 3886 lunam,
1764 3852 1769 3861 ε

694 3900 909 3953 Iulixam
938 3898 1072 3952 caelo
1098 3910 1309 3948 cursum
1333 3898 1431 3947 sub
1459 3897 1570 3947 sole
1594 3894 1861 3956 habuisse,

696 3971 752 4023 In
777 3978 961 4037 quarta
989 3968 1114 4021 feria
1147 3967 1390 4037 positam,
1420 3979 1631 4017 cursum
1657 3966 1776 4037 inde
1806 3966 2011 4029 tulisse,

690 4034 862 4108 Atque
888 4039 976 4093 die
996 4052 1098 4106 qua
1129 4036 1442 4108 prunaluit,
1474 4050 1576 4088 non
1612 4034 1775 4103 prima
1808 4038 2031 4100 refulsit,

691 4109 752 4163 Ni
778 4106 904 4178 post
932 4123 1097 4161 annos
1128 4106 1250 4159 inde
1280 4106 1509 4159 decenos
1530 4115 1694 4178 atque
1726 4122 1983 4171 novenos,

695 4174 799 4233 Ilic'
818 4180 953 4232 Iunte
978 4190 1166 4231 cursus
1191 4185 1294 4239 est,
1325 4179 1505 4245 cyclus
1525 4174 1643 4242 jure
1672 4187 1910 4237 vocatus.

693 4250 819 4302 Inde
845 4250 986 4303 velut
1010 4247 1235 4311 primum
1270 4261 1360 4309 per
1388 4248 1634 4297 eumdem
1666 4255 1955 4301 transmeat
1982 4248 2191 4312 orliem,

691 4318 856 4386 Cujus
884 4318 1051 4385 prima
1073 4326 1229 4381 caput
1261 4315 1449 4367 transit
1475 4314 1675 4367 Iunatio
1705 4318 1907 4380 tnnndi,

690 4389 820 4453 Quae
844 4398 1084 4454 quartam
1109 4386 1367 4436 decimam
1398 4388 1661 4451 completo
1693 4386 1890 4438 lumine
1921 4388 2095 4440 lunam

693 4458 883 4511 Attulit
908 4458 957 4509 in
990 4455 1170 4517 Nonis,
1200 4454 1289 4521 qui
1316 4469 1452 4506 nunc
1479 4464 1561 4507 est
1589 4456 1786 4507 mensis
1816 4460 2033 4520 Aprilis,

697 4530 882 4595 Aptius
910 4536 962 4579 ut
992 4525 1248 4592 Memphis
1269 4524 1469 4585 docuit,
1501 4536 1649 4590 potes
1673 4524 1769 4595 ista
1795 4527 1992 4595 videre,

693 4594 889 4663 [tegula
923 4611 1041 4649 nam
1069 4610 1289 4661 quorum
1321 4594 1470 4664 cyclo
1501 4594 1744 4645 dissentit
1774 4594 2016 4661 llehraeo,

695 4668 799 4723 Sed
826 4678 1037 4735 pmpter
1070 4665 1268 4718 Pascha
1298 4665 1441 4717 varie
1471 4664 1814 4717 describimus
1838 4667 1955 4731 ista,

692 4739 827 4792 llinc
859 4739 1012 4806 igitur
1035 4738 1213 4804 cyclus
1241 4744 1321 4788 est
1343 4736 1430 4789 tali
1453 4735 1665 4788 nomine
1692 4735 1885 4799 dictus,

695 4811 827 4862 llinc
850 4824 940 4875 per
967 4820 1277 4860 communes
1300 4821 1466 4859 annos
1491 4806 1547 4858 lit
1569 4819 1620 4857 et
1651 4807 2052 4873 endibolismns,

692 4882 790 4945 Qui
819 4881 922 4931 duo
946 4877 1251 4945 praecedunt
1275 4891 1584 4929 cnnnnunes
1606 4875 1726 4943 jure
1750 4888 2025 4937 vocantur,

691 4949 842 5014 Quod
874 4947 1067 5001 fuerint
1088 4947 1254 5000 clausi
1280 4947 1504 5000 bissenis
1526 4946 1797 5000 mensibus
1823 4964 1986 5015 anno,

693 5021 796 5075 Sed
825 5030 1299 5087 superaccrescens
1320 5018 1579 5070 vocitatur
1603 5019 1791 5087 tertius
1815 5018 1922 5081 ille,

696 5086 946 5158 Unusque
968 5089 1183 5150 mensis,
1220 5087 1319 5139 hoc
1344 5096 1426 5139 est
1454 5086 1652 5158 lunatio
1680 5088 1866 5158 crevit,

692 5162 817 5214 lude
842 5156 1070 5228 sequens
1098 5172 1267 5210 annus
1296 5156 1575 5225 primordia
1603 5157 1827 5228 sumpsit
1852 5160 1916 5209 al)
1938 5159 2043 5223 illa,

690 5234 821 5296 Qute
844 5226 1087 5299 quartam
1111 5228 1369 5281 decimam
1399 5228 1574 5293 prodit
1602 5226 1797 5299 lunatio
1822 5228 2017 5294 lunam,

690 5302 816 5355 Post
850 5296 1005 5353 horas
1035 5300 1205 5351 noctis
1234 5299 1467 5365 aequales
1496 5306 1653 5364 atque
1674 5296 1801 5361 diei,

686 5373 745 5429 In
775 5386 878 5437 qua
912 5370 1181 5423 Paschalis
1213 5384 1241 5419 a
1275 5370 1439 5433 prima
1472 5367 1723 5419 terminus
1750 5367 1909 5431 adsit,

681 5442 799 5499 Sive
823 5441 933 5498 “sub
961 5444 1148 5511 aequali
1182 5437 1545 5494 tantuunnodo
1576 5447 1814 5511 tempore
1852 5443 1959 5511 tiat,

684 5516 841 5570 Unde
875 5518 929 5567 lit
961 5508 1252 5579 ut'sempcr
1282 5514 1359 5565 sic
1388 5518 1594 5565 crescat
1618 5508 1847 5563 circulus
1875 5510 1983 5575 ille,

684 5585 891 5637 Praeter
925 5584 974 5635 in
998 5583 1255 5651 ogdoade,
1290 5582 1427 5650 quod
1456 5597 1560 5635 non
1589 5582 1657 5634 sit
1678 5590 1731 5634 et
1760 5580 2067 5660 hendecade
2094 5594 2253 5631 anno.

685 5656 895 5721 Quique
923 5666 1117 5706 etenim
1148 5668 1371 5719 quorum
1402 5666 1738 5705 communem
1774 5656 2002 5717 prartulit
2034 5668 2249 5711 annum,

683 5720 778 5779 Ille
800 5720 1079 5781 notabilior
1110 5724 1249 5793 quod
1281 5724 1427 5797 cyclo
1449 5733 1655 5779 constet
1684 5724 1893 5787 eodem,

2289 4451 2339 4509 D

2294 414 2342 469 Α
2377 408 2575 460 Dicitur
2600 418 2824 462 octavus
2849 424 2912 463 ex
2941 409 3129 463 Grrcco
3160 409 3373 463 nomine
3401 409 3588 463 factus.

2373 478 2645 548 llendecas
2676 480 2761 532 hic
2789 480 3035 546 quoniam
3061 482 3370 533 mulecimus
3399 491 3515 548 ροςι
3546 479 3846 547 ogdoadem
3874 482 3947 534 lit.

2369 547 2451 599 Ad
2474 563 2751 601 numerum
2775 564 2998 617 quorum
3034 550 3171 603 facili
3205 547 3409 603 ratione
3440 552 3669 613 notabis,

2376 617 2821 671 Endibolismales
2844 628 2969 671 sunt
2987 624 3108 672 anni
3139 620 3366 686 denique
3390 632 3614 685 septem,

2370 686 2663 754 Nonaginta
2695 704 2831 740 unus
2858 690 3017 741 etiam
3049 704 3257 742 menses
3289 699 3654 754 numerantur,

2371 757 2510 828 l_\nni
2540 772 2852 812 communes
2878 774 3010 823 quos
3036 760 3205 823 signat
3235 760 3415 828 regula
3450 761 3647 817 bissex.

2368 823 2594 897 Centum
2618 828 2968 897 quadraginta
3003 830 3122 881 aliis
3150 839 3204 883 et
3231 823 3481 896 quattuor
3509 831 3732 894 addunt,

2374 896 2509 967 Sunt
2540 898 2737 962 pariter
2762 896 2927 965 junrti
2954 900 3165 967 triginta
3198 909 3251 952 et
3278 900 3511 966 quinque
3541 902 3755 953 ducenti

2370 965 2476 1035 Sed
2508 968 2763 1031 promissa
2799 968 2891 1021 tibi
2923 965 3059 1021 nunc
3088 965 3353 1022 disserere
3383 965 3715 1035 incipiamus,

2370 1034 2640 1090 Iliensibus
2668 1047 2721 1091 et
2744 1039 2884 1091 lunae
2910 1041 3099 1092 saltum
3133 1040 3423 1107 pandamus
3449 1034 3516 1093 ah
3544 1040 3681 1094 istis.

2938 1145 3005 1181 DE
3036 1142 3197 1183 SALTU
3220 1145 3395 1183 ωδε.

2365 1215 2616 1283 Signiferi
2650 1224 2766 1283 post
2794 1219 3076 1273 circuitum
3106 1235 3226 1272 cum
3263 1221 3429 1286 prima
3461 1229 3644 1274 vocata
3670 1228 3779 1284 est,

2374 1287 2443 1357 Et
2462 1302 2714 1340 succensa
2740 1289 2834 1341 fuit
2872 1290 3041 1342 lunari
3077 1306 3259 1344 mense
3293 1301 3525 1357 peracto,

2373 1355 2519 1428 Luna
2547 1358 2918 1412 duodecimam
2945 1362 3167 1413 necdum
3198 1355 3491 1427 perfecerat
3526 1363 3735 1428 horam,

2374 1426 2772 1497 Restabantque
2802 1443 2961 1496 super
2992 1431 3061 1483 illi
3089 1426 3505 1497 quaiu'diximus
3537 1430 3701 1495 hunc,

2376 1496 2463 1567 Bis
2488 1497 2595 1550 duo
2625 1509 2914 1564 momenta,
2947 1496 3306 1567 momentique
3334 1510 3386 1552 et
3410 1503 3564 1554 uncia
3588 1512 3641 1553 et
3670 1518 3832 1561 unus,

2374 1564 2601 1639 Tantum
2636 1580 2843 1620 atonms
2874 1586 2991 1635 quae
3019 1564 3286 1622 individua
3318 1582 3398 1623 est
3430 1574 3679 1635 temporis
3711 1584 3837 1639 apte
3868 1588 3881 1624 :

2376 1638 2505 1707 Qua:
2529 1638 2607 1690 sic
2637 1649 2895 1705 augentur
2928 1655 3020 1704 per
3046 1650 3268 1693 Cunctos
3289 1642 3463 1693 omnia
3496 1656 3730 1707 menses,

2378 1704 2679 1759 Diminuant
2709 1704 2869 1760 unum
2896 1725 3117 1762 numero
3150 1712 3348 1763 lunaris
3376 1721 3432 1763 ut
3457 1714 3601 1773 anni,

2376 1776 2524 1849 Cycli
2546 1776 2649 1829 [Ine
2676 1777 2813 1849 diem
2841 1778 2949 1845 jam
2980 1793 3120 1834 nunc
3144 1781 3348 1834 ratione
3376 1782 3679 1849 probemus,

2375 1848 2616 1918 Qualiter
2639 1864 2737 1899 una
2764 1847 2877 1901 dies
2904 1864 2967 1901 ex
3002 1852 3115 1903 istis
3149 1853 3348 1918 integra
3378 1847 3607 1904 crescat.

2372 1917 2475 1990 Sed
2507 1917 2632 1983 quia
2657 1929 2779 1969 sunt
2809 1934 3020 1971 menses
3044 1917 3330 1985 trigintaiet
3360 1921 3591 1990 quinque
3618 1921 3857 1985 ducenti,

2376 1984 2495 2037 Illos
2521 2001 2615 2049 pro
2640 2002 2859 2039 numero
2884 1984 3273 2043 momentorum
3299 1984 3421 2043 ante
3447 1984 3628 2055 relato,

2371 2058 2725 2129 Quadrupeda
2753 2067 2806 2110 et
2832 2061 3078 2127 nonginta
3111 2070 3163 2113 et
3184 2062 3529 2129 quadraginta
3555 2061 3781 2127 valebis,

2375 2125 2439 2198 μί
2470 2130 2719 2198 quoniam
2756 2125 2961 2193 punctis
2995 2131 3179 2181 horam
3202 2125 3453 2184 con-ta're
3482 2132 3756 2198 quaternis

2374 2193 2628 2269 picimus,
2660 2207 2712 2249 et
2744 2208 2934 2263 puncta
2966 2202 3251 2253 momentis
3281 2193 3695 2269 singula’denis,

2373 2262 2474 2335 Per
2500 2262 2842 2333 quadraginta
2873 2279 3182 2322 cunctorum
3215 2262 3393 2324 divide
3420 2262 3703 2335 summam,

2372 2332 2731 2409 [inveniesque
2760 2342 2917 2390 horas
2940 2338 3118 2405 viginti
3152 2352 3257 2392 tres
3290 2343 3645 2409 mediamque,

2370 2405 2541 2457 Alteri
2572 2407 2663 2459 sed
2692 2408 2735 2458 si
2757 2423 2903 2477 pars
2931 2410 3085 2475 hujus
3117 2411 3449 2477 supplebitur
3480 2405 3647 2473 horas,

2369 2477 2604 2547 Qua-que
2629 2475 2944 2529 duodecima
2972 2490 3054 2531 est
3086 2475 3258 2532 rerum
3289 2495 3408 2547 pars
3440 2483 3588 2533 uncia
3619 2481 3784 2544 dicta,

2371 2543 2565 2619 yerum
2597 2558 2923 2619 momentum
2950 2564 3202 2602 numerus
3222 2543 3499 2603 du—odettus
3525 2550 3805 2619 adimplet.

2374 2613 2619 2687 ljllliciunl
2640 2616 2813 2687 igitur
2841 2620 3048 2684 triginta
3081 2631 3133 2671 et
3158 2623 3391 2687 quinque
3421 2613 3678 2685 ducentae,

2368 2685 2609 2753 Quinque
2637 2686 2715 2737 bis
2737 2697 2891 2753 atque
2916 2703 3103 2742 novem
3130 2685 3415 2753 ntumeina,
3444 2692 3567 2755 ipsis
3588 2706 3669 2753 rue
3691 2691 3945 2745 subsunt.

2368 2759 2579 2825 Septem
2610 2772 2739 2822 quas
2762 2758 2952 2810 atomis
2984 2775 3222 2811 mensum
3252 2763 3500 2825 supplere
3525 2776 3745 2814 necesse
3778 2771 3879 2824 est,

2368 2824 2725 2894 Quadraginta
2758 2830 2947 2879 atomis
2971 2840 3171 2893 septem
3200 2831 3381 2893 simul,
3419 2835 3566 2883 uncia
3597 2841 3829 2884 constat.

2370 2894 2447 2966 ξι
2479 2896 2670 2948 atomis
2700 2897 2857 2961 igitur
2890 2899 3099 2965 triginta
3130 2908 3183 2951 et
3212 2902 3738 2966 quinquedncentis,

2370 2962 2550 3038 Uncia:
2573 2974 2629 3038 Aet
2658 2978 2937 3034 augentur,
2962 2962 3093 3035 quas
3122 2962 3671 3038 quinque-decemque
3704 2972 3904 3033 notavi,

2369 3036 2512 3108 Quas
2542 3034 2584 3086 si
2617 3039 2938 3103 prtescriptis
2962 3034 3163 3104 Septem
3188 3034 3531 3106 conjunxeris
3552 3034 3726 3108 teque,

2293 3105 2341 3168 C
2374 3106 2697 3157 Momentum
2726 3109 2923 3159 ellicses
2957 3124 2970 3160 :
3002 3111 3224 3175 altisque
3251 3105 3473 3162 addatur
3503 3112 3566 3162 ad
3598 3105 3795 3177 ipsum,

2373 3176 2489 3239 Quo
2513 3190 2761 3227 numerus
2786 3178 2971 3229 IlletlliB
2997 3179 3181 3245 juuctn
3211 3181 3541 3247 supplebitur
3571 3176 3738 3246 bene,

2371 3248 2500 3319 Quae
2529 3247 2572 3297 si
2596 3248 2778 3319 viginti
2811 3248 3083 3319 tribusest
3112 3250 3302 3300 media:
3334 3266 3543 3317 quoque
3567 3251 3765 3319 vincta,

2374 3315 2579 3382 Integer
2602 3316 2691 3367 ille
2720 3317 2855 3381 dies,
2890 3317 3068 3385 viginti
3095 3315 3514 3383 quattuor—horis

2370 3385 2681 3457 lictilicitnr,
2710 3388 2796 3452 qui
2828 3388 2904 3439 sic
2933 3390 3128 3439 IIIIIII'lS
3160 3390 3323 3457 saltus
3356 3390 3599 3457 habetur,

2373 3455 2426 3508 ln
2454 3471 2592 3507 ttono
2618 3456 2824 3507 decimo
2855 3460 2987 3525 cycli
3019 3473 3139 3509 cum
3170 3456 3341 3511 Julius
3369 3475 3530 3523 anno,

2376 3526 2574 3579 Debeat
2598 3536 2651 3577 ut
2674 3540 2886 3593 semper
2918 3530 3079 3580 ternis
3104 3544 3382 3581 numerare
3406 3529 3673 3595 Kalendis,

2371 3596 2591 3665 Augusti
2616 3596 2791 3647 lunam
2821 3598 3027 3665 sibique
3056 3600 3302 3651 vicesima
3335 3602 3445 3665 Iiat,

2373 3664 2466 3716 llic
2491 3675 2865 3733 praitergressa
2898 3664 3162 3721 tricesima
3194 3679 3433 3729 vocatur,

2370 3736 2656 3807 'I‘ertiaque
2687 3740 2907 3798 Augusti
2941 3749 3248 3791 numeratur
3271 3741 3391 3805 jure
3418 3739 3685 3807 Kalendis,

2370 3805 2466 3855 Ast
2496 3816 2800 3871 epartarum
2832 3819 3039 3859 constat
3065 3810 3267 3861 ratione
3299 3813 3540 3873 secundi,

2371 3873 2497 3929 Inde
2530 3885 2673 3929 tenet
2700 3892 2913 3929 cursum
2942 3894 3033 3945 per
3054 3888 3273 3931 cunctos
3305 3882 3640 3935 inviolatum.

2789 3985 2925 4033 QUOT
2961 3985 3113 4024 IIORIS
3142 3988 3345 4026 LUCEAT
3377 3990 3534 4028 LUNA.

2370 4061 2438 4113 At
2465 4061 2506 4115 si
2531 4062 2667 4115 scire
2697 4066 2846 4133 cupis
2877 4075 3003 4132 quot
3030 4066 3228 4119 thhe
3261 4066 3428 4120 luceat
3466 4066 3629 4131 horis,

2366 4132 2654 4202 Qremento
2681 4132 2810 4187 lueis
2834 4146 3058 4202 punctos
3088 4137 3337 4188 adhibeto
3364 4146 3668 4202 quaternos,

2368 4200 2621 4275 Noctibus
2650 4203 2703 4257 in
2733 4200 2939 4259 cunctis
2968 4220 2996 4257 a
3023 4207 3187 4274 prima
3221 4200 3465 4258 novimus
3497 4208 3693 4275 ipsam,

2367 4272 2447 4345 ad
2476 4274 2713 4338 quintam
2744 4276 3002 4328 decimam
3024 4272 3139 4343 'quo
3162 4275 3253 4327 liat
3284 4277 3484 4329 lumine
3508 4272 3682 4345 plena,

2369 4341 2434 4414 Et
2457 4347 2725 4412 sexaginta
2759 4359 2851 4413 per
2875 4341 3097 4412 punctos
3129 4346 3326 4414 fulgeat
3348 4348 3480 4411 ipsa,

2375 4412 2436 4464 Et
2468 4413 2627 4482 facies
2656 4412 2828 4482 quinis
2870 4419 3050 4468 horam
3081 4412 3373 4469 consistere
3400 4417 3625 4482 punctis,

2364 4479 2709 4551 Inveniesqne
2730 4496 2892 4552 quoto
2926 4498 3118 4552 puncto
3151 4490 3268 4537 luna
3304 4479 3473 4540 luceat
3507 4489 3655 4550 hora,

2362 4555 2404 4606 Α
2430 4556 2608 4621 quinta
2639 4556 2841 4609 decima
2867 4571 3087 4608 numero
3114 4557 3412 4624 deplcbitur
3444 4572 3630 4624 usque.

2362 4626 2479 4689 Quo
2506 4626 2680 4677 lumen
2714 4628 2895 4691 perdat
2917 4628 3073 4678 simul
3106 4638 3159 4677 et
3190 4628 3458 4693 trigesima
3492 4633 3601 4689 ttat,

2362 4700 2535 4761 Atque
2562 4697 2738 4763 quotis
2762 4694 2938 4748 itidem
2967 4699 3173 4763 punctis
3199 4700 3318 4750 litua
3353 4699 3523 4750 luceat
3551 4696 3716 4760 horis,

2362 4763 2707 4834 Inveniesque
2738 4766 2935 4820 Phtebe
2966 4767 3057 4818 sed
3089 4771 3160 4821 nil
3193 4768 3459 4820 tricesima
3491 4768 3650 4833 lucet,

2360 4833 2471 4887 Soli
2500 4833 2732 4901 Subjecta
2765 4839 2951 4902 majori
2982 4838 3178 4890 lmnine
3211 4850 3379 4903 rapta,

2363 4906 2510 4958 llanc
2536 4910 2717 4957 liut'attt
2752 4906 2919 4959 Graeci
2950 4908 3203 4971 vocitant,
3237 4910 3540 4973 eoitumque
3566 4907 3763 4971 Latini,

2362 4974 2576 5038 Dicunt,
2610 4978 2747 5043 quod
2783 4979 2979 5043 pariter
3007 4980 3327 5044 conjunctim
3358 4987 3535 5032 currat
3563 4992 3803 5045 uterque,

2364 5046 2613 5113 Eclipsitn
2636 5047 2765 5098 stilis
2790 5050 2902 5099 lieri
2929 5064 3032 5113 quo
3057 5058 3293 5115 tempore
3323 5052 3508 5111 claret,

2360 5120 2459 5169 Ast
2484 5132 2550 5169 ex
2587 5118 2687 5169 hoc
2712 5118 2834 5170 alibi
2859 5132 3069 5171 carmen
3100 5119 3385 5171 dictabitur
3414 5133 3613 5186 aptum.

2359 5222 2496 5270 QUOD
2526 5214 2775 5261 SUPERIUS
2802 5223 3039 5261 DISIUIJT
3072 5224 3136 5262 DE
3172 5224 3371 5273 ASTIIIS,
3404 5226 3536 5264 NUNC
3583 5224 3895 5273 EXSIQI‘H’L'
3920 5258 3931 5269 ,

2362 5299 2508 5352 Nunc
2539 5301 2603 5352 de
2626 5299 2879 5365 signifero
2904 5301 3144 5366 qntedam
3171 5317 3467 5354 memorare
3493 5317 3733 5366 ηερξηερ,

2360 5368 2416 5420 In
2448 5384 2553 5437 quo
2592 5380 2717 5421 sunt
2744 5374 2845 5422 lixa
2879 5380 3087 5438 tempus
3116 5372 3369 5423 variantia
3400 5372 3567 5439 signa,

2360 5441 2469 5493 th
2500 5456 2604 5507 quo
2631 5443 2853 5504 planetae
2879 5444 3081 5493 valiant
3113 5457 3205 5506 per
3232 5454 3467 5507 tempora
3498 5459 3707 5495 cursum

2359 5510 2516 5563 Urbis
2542 5510 2744 5563 zodiaci
2770 5513 2847 5563 sic
2874 5513 3174 5579 obliquatur
3200 5514 3268 5565 ab
3299 5518 3478 5574 Arcto,

2365 5580 2429 5632 Ut
2450 5580 2517 5631 sit
2546 5596 2796 5633 zonarum
2826 5583 2995 5634 media
3026 5592 3301 5649 porrectus
3333 5584 3395 5633 ad
3424 5586 3695 5650 Austrum,

2360 5655 2616 5716 Quattuor
2647 5661 2727 5704 est
2753 5652 2887 5705 inter
2917 5666 3077 5704 zonas
3108 5653 3207 5705 hoc
3237 5655 3347 5706 sole
3374 5664 3602 5719 perusta,

2362 5719 2419 5775 In
2446 5721 2622 5778 medio
2650 5722 2802 5791 cujus
2834 5723 2984 5777 Aries
3006 5730 3060 5778 et
3090 5722 3246 5779 Libra
3277 5724 3535 5789 residunt,
