4220 6512
349 466 449 520 63³ιὸ

348 587 521 649 Atque
546 579 633 634 die
662 577 858 649 Christi
889 576 1143 632 criicilixo
1170 588 1352 633 sancta
1383 588 1633 642 notatur;

348 647 582 720 Angelus
616 650 702 703 hic
730 647 1000 720 Christum
1033 660 1321 720 venturum,
1345 650 1552 703 nuntiat
1584 652 1777 718 ipsum,

350 722 426 777 De
440 718 590 775 solio
619 718 789 773 Patris
814 718 879 773 ad
914 722 1095 774 matris
1126 719 1354 789 Virginis
1382 721 1583 784 alvum,

349 792 576 845 Sumere
600 791 878 843 mortalem
914 805 1006 854 pro
1036 792 1213 843 mundi
1242 790 1466 843 crimine
1500 790 1750 853 formam,

354 862 464 915 Hac
493 875 702 929 quoque
731 860 977 924 deposuit
1005 860 1234 914 formam
1259 875 1417 914 cruce
1447 861 1675 914 solutam
1704 878 1717 924 ;

356 932 533 987 Tertia
557 941 740 984 sancta
771 930 885 983 dies
913 942 1216 1000 surgentem
1251 940 1421 984 morte
1453 930 1663 993 revixit,

357 1004 531 1066 Atque
560 1000 914 1071 immortalem
947 1001 1070 1056 vita:
1100 1001 1369 1071 surgeudo
1398 1002 1628 1064 reduxit,

358 1084 532 1142 Atque
561 1074 675 1125 dies
706 1070 865 1124 simili
898 1072 1173 1127 mortalem
1208 1081 1378 1125 matre
1407 1071 1620 1132 refudit,

361 1147 425 1198 Et
456 1145 613 1197 veluti
644 1152 829 1208 epacta
865 1142 1067 1196 decima
1096 1152 1149 1195 et
1177 1152 1397 1209 septena
1431 1145 1682 1207 recurrit,

361 1219 478 1281 Qua
507 1214 750 1267 Clirisms
783 1224 938 1265 natus
964 1213 1239 1267 de-cendit
1268 1212 1487 1281 virginis
1516 1215 1712 1279 alvum,

360 1280 453 1339 Sic
483 1284 582 1338 hac
614 1284 733 1336 luna
767 1281 852 1335 die
879 1282 1085 1336 decima
1110 1293 1163 1337 et
1191 1280 1405 1347 septena
1443 1280 1679 1347 refulsit,

363 1356 534 1409 Fulsit
561 1366 613 1407 et
644 1353 838 1421 Aprilis
863 1355 1110 1406 vicesima
1141 1352 1308 1420 prima
1340 1352 1615 1407 Kalendis.

366 1427 500 1481 llinc
529 1427 685 1493 igitur
710 1424 857 1477 clare
888 1426 1090 1491 poteris
1122 1434 1334 1488 peracta
1366 1424 1574 1486 videre,

364 1498 456 1551 ille
484 1496 622 1564 quod
655 1494 962 1564 undecimas
994 1502 1208 1559 epactas
1242 1494 1464 1560 portitat
1492 1493 1648 1547 annis
1675 1510 1689 1560 ;

367 1568 501 1621 lliuc
532 1566 687 1619 annis
717 1567 878 1617 vitam
909 1563 1105 1618 Christi
1138 1565 1355 1633 triginta
1381 1564 1611 1627 duobus,

366 1638 641 1693 hlensibus
664 1644 823 1705 atque
856 1635 1043 1701 tribus,
1075 1644 1220 1689 recte
1251 1645 1501 1689 constare
1532 1633 1781 1689 fatemur.

864 1743 931 1782 DE
960 1741 1084 1781 PASC
1094 1741 1176 1780 "18
1204 1740 1466 1780 TEBMINO.

436 1818 721 1874 Terminus
748 1827 831 1872 est
862 1817 1079 1871 Pascha:
1111 1816 1317 1870 vernali
1351 1826 1589 1883 tempore
1613 1814 1776 1879 lunae,

366 1891 562 1958 Quarta
589 1888 747 1945 simul
769 1888 995 1951 decima,
1029 1903 1146 1958 quae
1177 1889 1346 1954 primo
1374 1902 1556 1940 mense
1590 1886 1838 1956 refulget.

368 1967 481 2028 Qua
517 1962 769 2013 Dominus
801 1960 1000 2013 Pascha
1033 1957 1146 2028 ﬁeri
1177 1958 1429 2025 prmcepit
1460 1958 1718 2021 Hebrieis,

370 2026 507 2086 Hinc
535 2030 692 2099 igitur
722 2043 989 2084 memores
1015 2027 1288 2082 celebrant
1322 2029 1420 2080 hoc
1450 2035 1689 2099 tempore
1716 2026 1940 2094 Pascha,

370 2095 660 2172 Atque'die
683 2100 944 2172 incipiunt
970 2113 1231 2151 annorum
1266 2100 1397 2150 festa
1425 2095 1691 2165 sequenti.

373 2174 438 2227 Et
462 2168 708 2240 quartam
740 2170 1000 2223 decimam
1031 2184 1129 2222 nos
1159 2178 1538 2240 exspectamus
1567 2168 1834 2235 eamdem,

371 2238 621 2298 Nostrum
652 2250 706 2295 et
732 2240 1028 2294 differimus
1058 2254 1151 2304 pro
1182 2238 1458 2306 relligione
1484 2240 1582 2290 sub
1613 2240 1783 2306 ipsum

374 2315 579 2368 Pascha
606 2312 746 2365 diem
783 2311 1011 2373 Domini,
1041 2323 1149 2378 quo
1176 2307 1404 2377 sumpsit
1431 2324 1622 2362 nomen
1658 2310 1944 2376 habetque,

375 2389 599 2451 Quaque
624 2382 769 2435 salus
800 2378 1006 2435 cunctis
1035 2381 1169 2433 facta
1199 2390 1280 2451 est
1309 2382 1629 2434 resurrectio
1656 2380 1811 2435 Cbris
1837 2380 1872 2446 i,

374 2450 589 2509 Infestis
618 2453 735 2507 aliis
756 2451 823 2505 ad
853 2453 1013 2505 corda
1046 2450 1250 2504 reducti
1282 2450 1333 2503 in
1363 2459 1501 2513 acta,

377 2525 488 2579 Hac
518 2540 621 2578 non
652 2521 793 2577 facta
825 2520 1005 2585 modo,
1037 2520 1129 2575 sed
1160 2535 1280 2589 quae
1306 2530 1424 2574 sunt
1460 2522 1563 2575 line
1594 2520 1791 2586 futura,

375 2594 660 2662 Temporis
690 2596 802 2647 haec
828 2593 967 2647 si-rie
996 2592 1160 2659 prima
1189 2602 1349 2659 atque
1380 2601 1566 2644 octava
1595 2592 1850 2657 recurrit,

379 2665 555 2719 Prima
586 2665 725 2731 quod
758 2665 858 2717 bac
885 2664 1113 2733 legimus
1145 2662 1316 2716 lucem
1350 2662 1547 2715 luxisse
1571 2672 1828 2729 creatam,

378 2737 505 2790 Drta
534 2746 640 2799 est,
668 2734 917 2804 quoniam
953 2740 1070 2801 post
1098 2744 1303 2800 septem
1332 2733 1573 2804 provenit
1603 2733 1738 2799 ipsa,

377 2807 495 2875 Ipsa
527 2806 616 2859 die
641 2802 892 2873 quoniam
920 2804 1144 2875 primum
1174 2802 1444 2871 ιιι-ωεθδείι
1472 2806 1659 2857 eadem
1689 2820 1701 2854 :

380 2874 436 2931 lii
469 2888 655 2930 nostro
682 2878 856 2941 capite
885 2874 1169 2939 surrectio,
1197 2887 1396 2941 sesque
1428 2875 1680 2940 peractis,

379 2945 616 3001 {Elatum
644 2946 827 3000 tribuit
858 2947 1083 3011 vittaque
1114 2945 1379 2997 laboribus
1412 2944 1588 3010 hujus.

382 3022 723 3087 Septenaque
748 3018 1044 3069 animarum
1075 3014 1237 3087 dgue
1269 3016 1385 3069 luce
1416 3015 1627 3079 quietis,

380 3084 571 3142 Nostra
600 3084 783 3141 sumus
809 3088 895 3155 qui
927 3086 1161 3156 membra
1189 3085 1306 3154 ejus
1337 3088 1657 3140 resurrectio
1682 3084 1867 3156 digna,

381 3162 578 3213 Uctava
611 3166 769 3212 aatate
796 3154 1077 3210 saeclorum
1109 3154 1177 3208 sit
1205 3157 1523 3223 peragenda,

381 3230 515 3283 Cum
544 3243 726 3282 vocem
758 3228 949 3296 capitis
978 3223 1138 3278 fuerit
1168 3225 1257 3294 qui
1288 3236 1531 3280 mortuus
1562 3226 1759 3293 omnis,

382 3301 577 3353 Audiet
600 3310 654 3353 et
681 3299 896 3351 tumulis
923 3306 1203 3367 superacta
1236 3305 1409 3351 morte
1436 3305 1699 3367 resurget,

384 3372 525 3438 l‘lrgo
555 3370 902 3423 duodecimus
933 3365 1044 3420 tuin
1077 3367 1471 3438 terniinus‘ipse
1492 3365 1773 3438 Kalctidis,

382 3436 601 3509 Aprilis,
632 3438 1062 3507 quartodeciinas
1087 3436 1156 3490 sit
1189 3438 1239 3490 in
1274 3453 1440 3505 usque
1465 3437 1730 3493 Kalendas

385 3511 528 3575 Maii,
555 3527 673 3579 quis
699 3526 804 3563 nun
837 3510 1065 3563 inferius
1096 3521 1195 3561 nec
1224 3509 1431 3577 longius
1466 3509 1601 3575 ipse,

386 3587 519 3636 Lsse
552 3592 749 3651 poteSt.
788 3594 1104 3651 quacunque
1134 3580 1221 3632 die
1248 3580 1607 3651 sitgterininus
1637 3579 1826 3633 borum

386 3649 587 3707 Pascha
618 3652 705 3705 die
731 3651 937 3704 Domini
967 3650 1270 3703 celebratur
1302 3649 1404 3701 rite
1431 3651 1700 3717 sequenti.

388 3725 497 3777 llac
521 3723 702 3791 quinta
727 3723 932 3775 decima
963 3734 1231 3787 nunquam
1261 3722 1438 3773 minor
1467 3734 1588 3773 esse
1620 3718 1834 3775 valebit.

388 3794 591 3849 Phoebe
617 3808 718 3848 nec
748 3792 919 3860 major
949 3807 1106 3860 quam
1138 3802 1207 3843 Sll
1237 3792 1490 3845 vicesima
1522 3794 1714 3858 prima.

676 3900 813 3940 UNDE
839 3898 1110 3939 ιίιοεευΑτ
1140 3897 1410 3937 τειιιιιῖιυδ
1446 3898 1685 3937 PAsCIIB.

458 3976 563 4032 Sed
592 3978 636 4030 si
669 3989 832 4030 nus-se
863 3975 1005 4028 diem
1036 3974 1205 4043 cupis,
1236 3975 1287 4027 in
1319 3989 1424 4043 quo
1457 3975 1718 4027 terminus
1751 3973 1851 4027 iste

388 4048 671 4115 Procedat,
708 4061 896 4101 versus
928 4046 1049 4099 illos
1079 4046 1360 4115 vigilanter
1389 4048 1606 4108 habeto,

391 4127 626 4184 Quorum
659 4113 862 4185 primus
887 4116 1041 4170 adest
1065 4130 1094 4168 a
1124 4113 1279 4169 tionis
1304 4122 1517 4185 coeptu.
1545 4116 1761 4183 Aprilis,

390 4188 541 4257 Quod
577 4184 804 4257 primum
836 4188 993 4240 tionis
1025 4187 1225 4241 Plitebe
1250 4185 1403 4257 plena
1434 4184 1663 4257 rel'ul-it,

394 4256 674 4327 Principiis
705 4258 893 4311 horum
921 4257 1162 4325 signatur
1193 4256 1453 4311 terminus
1487 4256 1595 4322 ille,

394 4331 606 4385 Illorum
639 4330 771 4383 lines
798 4329 1171 4382 demonstrant
1200 4327 1556 4396 redigulares,

398 4402 504 4455 llos
533 4399 904 4472 igiturjuiigas
934 4413 1053 4452 cuin
1085 4400 1524 4472 concurrentibus
1557 4399 1703 4462 anui,

399 4472 464 4526 Et
490 4469 677 4525 feriant
709 4485 921 4533 nosces,
952 4470 1116 4523 veluti
1146 4470 1237 4521 tibi
1267 4469 1583 4536 scripsimus
1609 4482 1755 4531 ante,

397 4547 510 4608 Qua
534 4544 625 4595 tibi
656 4542 916 4595 clarescat
943 4554 1099 4608 quem
1130 4539 1326 4606 quaeris
1358 4540 1615 4592 terminus
1644 4539 1753 4594 ille.

399 4614 468 4667 At
492 4613 537 4666 si
565 4614 825 4667 deciderit
854 4613 1013 4664 menti
1044 4610 1164 4679 quis
1197 4623 1378 4663 versus
1410 4610 1654 4674 habetur,

399 4686 547 4738 Sicut
577 4694 628 4737 te
658 4683 884 4752 primum
913 4680 1071 4735 docui
1095 4693 1416 4749 cognoscere
1439 4681 1670 4748 CYL'itltll,

400 4758 530 4821 Quis
558 4751 739 4807 currat
770 4767 954 4807 versus
980 4751 1188 4805 Domini
1216 4765 1481 4818 cognosce
1512 4767 1602 4818 per
1628 4766 1819 4815 annos,

403 4825 556 4879 Hunc
582 4824 737 4879 aliter
765 4838 976 4877 versum
1007 4836 1220 4891 quoque
1250 4830 1301 4875 te
1331 4822 1566 4886 reperire
1594 4822 1817 4886 docebo,

404 4897 502 4963 Qui
532 4904 711 4965 proter
742 4897 921 4948 tritum
953 4895 1043 4947 tibi
1078 4899 1251 4965 taliter
1275 4894 1571 4965 invenietur
1599 4910 1611 4945 :

405 4966 464 5038 in
492 4963 665 5038 primo
691 4965 923 5038 articulo
943 4966 1010 5017 sit
1034 4963 1241 5038 pollicis
1273 4964 1361 5016 ille
1391 4963 1607 5038 sinister

406 5035 730 5104 Dispositus,
758 5047 866 5089 tum
896 5036 1090 5089 deinde
1117 5035 1250 5086 alios
1275 5036 1577 5088 numerabis
1606 5042 1659 5088 et
1686 5048 1895 5098 omnes,

406 5106 617 5177 Perque
644 5122 831 5160 ttianus
852 5120 1097 5177 summus
1125 5104 1320 5174 digitos
1347 5104 1596 5158 transibis
1621 5105 1688 5157 ad
1721 5108 1890 5172 ipsum

409 5176 626 5232 Pollicis
652 5192 819 5246 usque
848 5176 1021 5229 locum
1048 5177 1501 5246 quupriucipiuni
1533 5176 1826 5242 instituisti,

410 5248 474 5302 Et
501 5245 801 5318 quicunque
831 5248 944 5300 dies
974 5245 1209 5318 occurrit
1235 5260 1417 5299 rursus
1447 5249 1660 5311 eodem,

409 5316 692 5374 Terminus
716 5316 961 5380 instabit,
995 5331 1089 5385 per
1116 5325 1169 5369 et
1199 5316 1339 5370 hunc
1368 5331 1630 5384 cognosce
1656 5316 1911 5381 futurum,

412 5389 619 5460 Perque
646 5392 804 5457 alios,
830 5390 963 5443 alios
996 5387 1194 5457 pariter
1223 5389 1799 5460 disi-ernesuprenios,

412 5457 619 5531 Perque
646 5462 793 5515 locos
821 5469 1020 5514 tantum
1051 5464 1174 5531 quis
1195 5457 1450 5512 terminus
1477 5458 1594 5526 ipse
1624 5460 1874 5526 recurrit,

413 5530 665 5587 Circueas
691 5531 1061 5600 superadjecto
1087 5530 1179 5599 qui
1206 5530 1260 5583 in
1291 5531 1442 5583 tertia
1473 5538 1527 5581 et
1553 5544 1678 5595 uno,

415 5603 471 5657 Si
502 5608 651 5672 cupis
677 5606 885 5657 illorum
912 5614 1238 5671 cognoscere
1268 5601 1597 5672 redigulares
1622 5616 1635 5664 ;

420 5674 473 5726 In
505 5670 672 5743 prima
700 5674 827 5728 feria
857 5682 910 5728 tu
943 5670 1166 5744 primam
1196 5670 1375 5739 ponito
1403 5672 1608 5735 mundi,

417 5742 591 5815 Atque
620 5746 735 5800 dies
756 5750 824 5797 ab
854 5761 915 5799 ea
945 5742 1170 5801 cunctos
1197 5743 1590 5815 numerabisad
1624 5742 1797 5815 ipsum
1827 5760 1837 5793 :

422 5812 601 5885 Usque
626 5820 796 5870 locum
829 5815 1082 5882 feriatim,
1115 5828 1220 5882 quo
1251 5814 1345 5867 tibi
1373 5813 1631 5885 terminus
1659 5812 1838 5877 instat,

421 5882 591 5956 Atque
614 5898 771 5955 quota
802 5886 934 5941 feria
967 5890 1229 5954 reperitur
1260 5883 1522 5956 terminus
1551 5882 1661 5956 ille,

423 5953 522 6013 'l‘oi
546 5953 646 6013 sibi
673 5958 981 6030 subjungas,
1012 5953 1142 6025 quot
1170 5956 1364 6026 quieris
1395 5953 1740 6023 redigulares.

1460 463 1648 520 SEC'I‘.
1692 461 1779 519 111.
1823 493 1892 505 -
1930 459 2236 517 CARMINA
2279 463 2499 519 DUliiA.

3508 468 3607 520 054

1960 582 2007 639 Α
2043 578 2175 634 llinc
2206 578 2337 631 alios
2366 594 2458 644 per
2490 578 2795 632 Pasohafeni
2832 578 3068 641 reperire
3100 578 3330 643 valebis,

2041 656 2080 705 Α
2115 648 2280 718 prima
2308 648 2491 700 mundi
2528 648 2792 701 Paschalis
2825 650 3085 701 terminus
3119 650 3253 718 ipse,

2041 717 2269 785 Aspectu
2301 717 2548 783 memori,
2580 728 2707 781 quot
2731 720 2888 772 distet
2920 735 3082 772 cerne
3113 717 3324 779 diebus,

2042 793 2084 845 A
2115 790 2265 843 nobis
2295 788 2535 843 decimus
2567 788 2756 841 Fcbrui
2786 805 3068 842 niiineiare
3097 790 3370 851 Kalendis,

2047 860 2303 928 Expediet
2334 861 2552 912 totidem
2578 874 2798 927 quorum
2830 861 2929 912 sub
2961 862 3064 913 fine
3091 861 3308 924 paleﬂli,

2042 931 2324 986 Terminus
2353 932 2584 982 nccttrrit
2613 944 2768 997 quem
2800 931 3203 997 Septuagesima
3237 940 3521 995 monstrat,

2046 1003 2159 1057 lloc
2186 1016 2398 1067 semper
2420 1001 2678 1053 decimam
2713 1000 2945 1055 l’hmben
2972 1002 3023 1055 in
3050 1002 3153 1054 line
3176 1003 3407 1069 notabis,

2049 1074 2171 1125 llaic
2205 1071 2393 1123 Februi
2426 1070 2623 1124 mensis
2649 1071 2751 1123 erit
2776 1081 2827 1124 et
2858 1071 3101 1125 cludetur
3132 1072 3183 1124 in
3213 1072 3347 1139 ipso,

2050 1148 2144 1195 Ast
2178 1140 2367 1193 Feliriii
2399 1156 2564 1194 nonas
2596 1142 2776 1193 itidem
2813 1157 3095 1195 numerare
3127 1143 3397 1210 secundis,

2052 1213 2305 1279 Expedit,
2338 1220 2494 1277 atque
2523 1213 2657 1265 adde
2678 1227 2836 1278 quem
2865 1212 3273 1280 quadragesima
3300 1214 3510 1280 quierit.

2049 1283 2352 1346 Terminus,
2384 1282 2468 1335 hic
2500 1284 2675 1335 lunam
2704 1284 2865 1337 debes
2894 1298 3175 1337 numerare
3198 1287 3510 1340 secundam.

2054 1354 2178 1407 ":PC
2204 1352 2350 1405 Marti
2384 1353 2580 1423 mensis
2608 1353 2726 1413 erit,
2755 1362 2809 1405 et
2836 1353 3077 1407 cludetur
3106 1354 3157 1408 in
3184 1352 3325 1423 ipso,

2051 1424 2109 1479 Si
2140 1423 2392 1476 bissextili
2421 1421 2595 1486 fuerit,
2624 1424 2666 1475 si
2698 1426 2955 1477 terminus
2983 1442 3144 1489 anno,

2056 1496 2198 1548 Ultra
2232 1495 2521 1547 bissextum
2552 1494 2652 1547 sub
2675 1495 2831 1547 nonis
2865 1495 3165 1562 incipietur,

2054 1563 2340 1636 Terminus
2369 1563 2608 1636 estalius
2637 1579 2797 1630 quem
2823 1566 3233 1636 saiictairugatio
3264 1567 3480 1636 quierit,

2056 1637 2099 1689 A
2131 1633 2249 1686 Maii
2281 1634 2501 1686 decimis
2533 1635 2845 1700 praescripto
2869 1634 2986 1701 jure
3011 1633 3262 1689 Kalendis

2057 1705 2344 1769 Quaeritur,
2377 1706 2517 1756 hunc
2544 1704 2704 1756 etiam
2737 1713 2997 1757 monstrat
3021 1706 3269 1773 vigesima
3299 1704 3444 1770 luna,

2061 1774 2303 1847 Ilic‘Maii
2335 1775 2532 1828 mensis
2553 1775 2656 1847 erit
2684 1784 2736 1826 et
2764 1776 3112 1847 concludetur
3133 1777 3185 1829 in
3219 1778 3354 1847 ipso.

2062 1849 2132 1901 At
2162 1843 2503 1899 Pentecostes
2530 1845 2572 1897 si
2601 1842 2737 1897 forte
2766 1845 3051 1914 requiritur
3076 1845 3211 1912 ipse,

1982 1936 2026 1996 Β
2059 1920 2106 1996 ft
2138 1916 2256 1970 Maii
2276 1916 2443 1996 nonis
2464 1916 2726 1996 reperitur
2753 1914 2853 1969 rite
2882 1916 3148 1980 secundis,

2056 1986 2207 2040 lluuc
2237 1986 2396 2039 etiam
2427 1986 2547 2037 luna
2578 1986 2818 2055 designat
2847 1998 3085 2054 tempore
3113 1996 3323 2055 quarta,

2052 2059 2179 2111 llaec
2206 2055 2331 2111 Julii
2360 2055 2562 2109 mensis
2589 2058 2692 2109 erit
2721 2065 2776 2109 et
2804 2056 3053 2111 cludetur
3083 2058 3134 2110 in
3170 2061 3309 2125 ipso,

2048 2127 2156 2181 Sed
2188 2128 2313 2181 leria
2341 2140 2656 2194 quacunque
2686 2126 2781 2179 tibi
2812 2128 3117 2194 provenerit
3147 2128 3287 2196 ipse,

2049 2198 2334 2252 Terminus
2358 2196 2409 2250 in
2442 2197 2611 2266 luceai
2649 2198 2855 2250 Domini
2883 2197 3092 2252 differte
3121 2208 3457 2266 sequentem,

2052 2271 2096 2322 A
2124 2283 2230 2339 quo
2260 2282 2456 2322 nomen
2482 2265 2662 2331 habet,
2693 2282 2723 2321 a
2750 2282 2856 2337 quo
2885 2269 3145 2323 surrectio
3174 2271 3307 2324 facta
3339 2284 3455 2332 esu

2170 2397 2236 2436 ΒΕ
2266 2393 2664 2435 CONTROVERSIA
2694 2394 2972 2447 οῦυοιιοιε,
3007 2397 3072 2436 ET
3104 2398 3169 2437 DE
3193 2399 3511 2442 EMBOLISMO.

2126 2496 2194 2549 At
2223 2495 2482 2566 quoniam
2508 2495 2660 2561 primi
2690 2494 2750 2547 fit
2779 2496 3147 2551 controversia
3175 2496 3333 2566 cycli,

2051 2566 2181 2632 Quae
2210 2574 2388 2619 tamen
2422 2564 2589 2618 tribus
2619 2574 2702 2619 est
2729 2566 2906 2628 annis,
2934 2572 2989 2620 et
3016 2583 3159 2633 saepe
3186 2564 3523 2636 quibusdam,

2052 2637 2246 2691 Contra
2276 2646 2585 2702 epactarum
2608 2636 2807 2690 seriem
2840 2639 2916 2699 lii,
2946 2638 3068 2690 luna
3102 2637 3381 2705 Kalendis,

2054 2705 2490 2760 Endibolismalis
2511 2714 2566 2759 et
2586 2722 2702 2759 eam
2732 2707 2934 2760 lunatio
2966 2708 3158 2775 prodit,

2056 2778 2113 2849 lii
2139 2779 2331 2847 quibus
2352 2786 2435 2829 est
2459 2776 2868 2849 Nonis,4ldibus,
2892 2787 2946 2831 et
2966 2779 3155 2846 quibus
3186 2789 3344 2849 atque
3374 2780 3626 2837 Kalendis

2060 2847 2197 2912 Fiat,
2232 2848 2282 2900 in
2312 2857 2555 2900 extremo
2578 2847 2873 2901 referemus
2898 2850 3134 2903 carmine
3165 2847 3374 2916 aperte,

2062 2919 2208 2973 Hanc
2236 2926 2380 2972 tenet
2408 2927 2646 2981 octavus,
2681 2917 2923 2972 undenus
2954 2933 3007 2973 et
3034 2921 3250 2974 ultimus
3279 2935 3470 2977 annus.

2059 2990 2272 3058 Ugdoas
2302 2999 2520 3041 octavus
2549 2999 2652 3052 est,
2679 3003 2711 3043 e
2742 2988 2930 3042 (ἐι-ω(ιο
2957 2991 3169 3045 nomine
3199 2991 3418 3059 factum,

2065 3060 2175 3113 lloc
2203 3069 2559 3130 annoepacta
2588 3059 2792 3113 decima
2816 3070 2879 3130 et
2899 3072 3119 3129 septena
3145 3062 3395 3130 recurrit,

2066 3131 2314 3197 lncipitur
2339 3128 2502 3182 Nonis
2534 3140 2643 3182 tuin
2677 3128 2827 3182 Marti
2859 3128 2980 3184 luna
3006 3133 3279 3187 secundis.

2068 3198 2504 3254 Endibolismalis
2528 3208 2649 3268 post
2682 3200 2778 3252 hac
2805 3201 3071 3269 trigesima
3096 3202 3281 3268 Nonis,

2070 3271 2272 3325 Desinit
2305 3270 2502 3339 Aprilis
2533 3284 2638 3323 non
2670 3270 2786 3338 ejus
2809 3271 2909 3325 rite
2938 3273 3226 3337 secundas,

2066 3342 2193 3395 liide
2223 3343 2317 3395 sed
2344 3340 2544 3404 Aprilis
2567 3340 2685 3407 ejus
2713 3340 2915 3395 lunatio
2943 3341 3107 3396 Nonis

2066 3411 2273 3480 Incipit,
2302 3421 2356 3466 et
2382 3410 2502 3481 Maii
2536 3425 2674 3465 nona
2704 3410 2955 3480 vigesima
2988 3413 3187 3481 quintis

2068 3482 2272 3536 Desmit
2304 3484 2356 3535 in
2382 3480 2570 3548 Nonis,
2593 3481 2645 3535 in
2673 3482 2825 3550 cujus
2852 3482 2973 3536 luna
2999 3480 3245 3538 Kalendis

2070 3554 2294 3619 l'lpactas
2324 3568 2442 3606 esse
2468 3552 2608 3605 circa
2633 3550 2885 3619 vigesima
2914 3552 3137 3621 septima
3161 3562 3407 3621 constat;

2069 3623 2255 3689 Incipit
2286 3623 2338 3677 in
2366 3625 2571 3690 quartis
2602 3622 2720 3676 Maii
2755 3622 2957 3677 lunatio
2986 3623 3172 3690 Nonis,

2071 3695 2274 3748 Desinit
2299 3696 2351 3747 in
2374 3695 2584 3761 quartis
2611 3694 2754 3748 Junii
2779 3694 3046 3761 trigesima
3078 3695 3263 3761 Nonis,

2071 3710 2274 3748 uesmit
2299 3710 2351 3747 in
2416 3710 2584 3747 uariis
2611 3710 2754 3748 Jtlttll
2779 3710 3046 3761 trigemina
3078 3710 3221 3751 tVom:

2068 3769 2165 3819 Ast
2194 3766 2360 3819 ternis
2374 3710 2513 3817 iuna
2541 3762 2684 3819 Junii
2713 3764 3003 3834 primordia
3034 3767 3221 3833 sumit,

2070 3835 2275 3889 Desinit
2304 3834 2355 3888 iu
2382 3834 2511 3890 Julii
2540 3835 2786 3890 vicesima
2820 3850 2955 3888 nona
2985 3836 3256 3903 Kalendis,

2070 3910 2167 3959 Ast
2186 3914 2491 3975 epactarum
2520 3920 2741 3960 numero
2774 3906 3039 3975 trigesima
3069 3921 3297 3974 constat,

2074 3977 2312 4049 littenet
2338 3978 2458 4049 inde
2483 3990 2641 4049 suum
2668 3991 2760 4043 per
2788 3987 3007 4049 iunctos
3039 3981 3219 4047 regula
3244 3995 3481 4049 rursum,

2073 4047 2196 4099 Inde
2223 4047 2323 4099 sub
2352 4046 2632 4101 undecimo
2650 4047 2912 4116 vigesima
2940 4046 3215 4113 permanet
3243 4064 3406 4115 anno,

2075 4116 2273 4181 Epacta
2297 4126 2351 4171 et
2378 4116 2498 4171 Jani
2527 4115 2689 4170 Nonis
2721 4115 3009 4181 primordia
3040 4122 3225 4186 ternis,

2075 4185 2506 4240 Endibolismalis
2536 4186 2663 4241 anni
2695 4186 2894 4239 lunatio
2921 4188 3081 4240 sumit
3106 4185 3118 4241 ἐ

2074 4258 2317 4329 eluditur
2347 4266 2401 4311 et
2432 4256 2623 4311 Februi
2660 4258 2928 4327 trigesima
2953 4261 3148 4329 quippe
3174 4260 3450 4329 Kalendis,

2078 4327 2330 4409 incipitur
2358 4330 2560 4409 quartis
2588 4329 2704 4409 ejus
2732 4330 2934 4408 lunatio
2955 4328 3145 4409 Nonis,

2079 4400 2205 4467 Ejus
2234 4397 2386 4453 Marti
2415 4399 2583 4453 sextis
2612 4397 2774 4452 Nonis
2802 4398 3056 4466 vigesima
3088 4416 3250 4466 noua,

2078 4476 2232 4524 Auno
2259 4470 2477 4524 bissexti
2510 4480 2685 4540 tamen
2716 4471 2799 4523 liic
2831 4471 3103 4540 trigesima
3134 4483 3364 4530 constat.

2078 4541 2175 4594 llic
2198 4541 2335 4594 circa
2358 4552 2570 4611 epactas
2598 4538 2750 4593 Marti
2785 4541 2842 4593 lit
2871 4538 2994 4594 luna
3024 4541 3296 4611 Kalendis,

2080 4612 2203 4665 lude
2236 4620 2379 4666 tenet
2407 4610 2620 4665 solitum
2650 4626 2743 4678 per
2770 4621 2991 4665 cunctus
3012 4617 3189 4680 regula
3220 4610 3467 4680 cursum;

2004 4659 2053 4719 D
2077 4681 2304 4738 Ultimus
2330 4692 2548 4735 octavas
2574 4659 2813 4735 decimus
2843 4682 2962 4735 hinc
2984 4659 3444 4748 concutiet-annus:

2076 4753 2303 4822 Epactas
2339 4752 2516 4815 Marti,
2545 4760 2599 4822 et
2624 4752 2787 4804 Nonis
2816 4752 3014 4822 lunatio
3044 4762 3233 4817 ternis,

2076 4820 2515 4878 Endibolisinalis
2545 4820 2645 4891 hoc
2672 4835 2813 4873 anno
2845 4821 3059 4891 exordia
3091 4827 3249 4877 sumit
3275 4842 3289 4891 ;

2074 4896 2278 4950 Desinit
2306 4891 2509 4960 Aprilis
2528 4890 2704 4960 Nonis
2734 4890 3001 4959 trigesima
3038 4895 3224 4957 ternis,

2077 4966 2221 5019 Luna
2251 4966 2345 5017 sed
2361 4959 2570 5033 Aprilis
2586 4961 2763 5033 Nonis
2793 4965 3024 5028 iuctepta
3053 4964 3327 5033 secundis,

2082 5034 2332 5101 lncmptis
2362 5030 2527 5085 Nonis
2556 5030 2671 5085 Maii
2706 5031 2956 5086 vicesima
2981 5048 3119 5086 nona

2076 5106 2370 5167 Clauditur,
2403 5112 2484 5155 ast
2512 5102 2629 5172 ejus
2658 5102 2906 5157 viCesiuia
2934 5120 3069 5156 nona
3100 5104 3372 5171 Kalendis,

2081 5177 2155 5229 Ex
2186 5188 2490 5242 epaciarum
2520 5187 2743 5227 numero
2772 5174 2830 5227 tit
2860 5175 2982 5227 luna
3017 5187 3277 5242 patenter,

2078 5247 2335 5314 lucipitur
2364 5243 2540 5313 quiuis
2570 5245 2686 5297 Maii
2718 5243 2919 5298 lunatio
2948 5245 3133 5311 Nonis,

2081 5317 2288 5371 Desinit
2316 5326 2371 5370 et
2395 5316 2516 5369 Juiii
2548 5316 2820 5386 trigesima
2850 5318 2971 5367 luna
3000 5314 3275 5382 Kalendis,

2084 5387 2308 5456 Augusti
2338 5398 2391 5439 et
2417 5384 2817 5453 quartis'Nunis
2849 5386 3137 5453 primordia
3168 5389 3352 5453 sumit,

2084 5458 2195 5514 Hoc
2225 5472 2435 5526 quoque
2461 5469 2644 5509 mense
2672 5456 2795 5509 facit
2825 5458 2987 5509 finem
3015 5460 3264 5512 vicesima
3295 5476 3452 5513 nona.

2084 5533 2280 5583 Contra
2310 5538 2615 5593 epactaruni
2644 5539 2840 5599 seriem
2872 5529 3140 5599 trigesima
3172 5546 3295 5585 cum
3319 5533 3407 5599 sit,

2086 5601 2326 5654 Cluditur
2356 5600 2444 5650 hic
2474 5600 2639 5649 saltus
2665 5594 2801 5660 ﬁeri,
2827 5594 3034 5667 ratione
3063 5601 3334 5667 probatur,

2087 5668 2391 5737 Luiiarique
2417 5668 2531 5721 dies
2558 5682 2693 5720 unus
2724 5666 3035 5720 subducitur
3062 5686 3233 5733 atitiu;

2089 5740 2218 5795 Inde
2246 5740 2339 5793 sed
2370 5737 2594 5792 internis
2622 5738 2858 5805 Augusto
2889 5740 3114 5807 incoepta
3136 5738 3417 5808 Kalendis,

2087 5811 2284 5865 Contra
2307 5821 2613 5877 epactaruin
2642 5810 2835 5861 seriem
2866 5820 3175 5863 numeratur
3210 5815 3261 5866 in
3298 5814 3447 5880 ipsis,

2092 5883 2220 5936 linle
2245 5882 2407 5935 refert
2431 5894 2644 5933 cursum
2670 5894 2763 5949 per
2791 5890 3017 5934 cunctos
3049 5880 3385 5937 inviolatum.

2095 5950 2228 6009 llinc
2254 5952 2556 6007 Maul'rcdus
2584 5959 2723 6018 avet,
2753 5950 2901 6019 jubet
2927 5960 2978 6006 et
3009 5954 3341 6023 requiescere
3375 5956 3546 6019 Plato,
