4220 6456
586 410 690 464 63Γί

586 529 690 579 Sed
722 529 851 594 jam,
891 528 1046 595 Virgo
1077 529 1183 597 pia,
1217 527 1452 596 digneris
1481 538 1664 583 sancta
1697 528 1879 593 Maria,

586 598 845 666 Nequitite
881 612 1055 650 mores
1083 599 1308 666 vittaque
1336 600 1513 653 levare
1546 600 1776 666 labores,

587 667 721 739 llinc
749 669 937 721 fratres
966 668 1093 721 socii
1125 667 1312 735 dignas
1342 670 1614 737 itnparlile
1644 681 1843 739 grates.

587 741 642 791 In
674 738 808 791 festo
839 742 922 791 die
950 751 1224 791 cantemus
1253 739 1410 806 digna
1437 740 1638 800 Mariae,

587 808 818 861 Laudem
847 810 1084 862 (Ιὶοειιιιιιθ
1113 810 1185 861 illi
1210 809 1510 878 duxamque
1535 812 1766 865 feramus
1794 830 1805 863 :

584 880 798 934 Accessi
832 888 1063 947 portum,
1095 896 1199 949 quo
1225 881 1355 935 mihi
1388 896 1577 935 cursus
1604 893 1737 935 erat.

897 1102 1334 1160 COMPU'fA'l‘IU
1367 1108 1453 1158 All
1482 1104 1705 1158 ANUNY
1721 1103 1835 1158 ΜΟ.

653 1218 792 1274 Sunt
820 1219 943 1272 anni
996 1219 1063 1273 ab
1090 1218 1291 1288 origine
1321 1220 1523 1284 mmuli,
1573 1220 1710 1274 sicut
1735 1220 1785 1273 in
1816 1219 2005 1274 Orosio
2039 1220 2165 1288 legi-

584 1299 881 1359 tur,usqne
904 1290 967 1343 ad
1000 1291 1561 1354 nativitatemChristi,
1589 1290 1823 1358 quinque
1849 1291 2011 1343 millia
2043 1305 2167 1344 ceu-

586 1372 695 1413 tutn
724 1362 1017 1429 nonaginta
1059 1377 1273 1417 novem.
1325 1363 1405 1417 ΑΙ)
1438 1362 1568 1415 orbe
1614 1364 1831 1415 Condito
1881 1376 2049 1429 usque
2100 1361 2163 1412 ad

589 1431 774 1485 urbem
823 1430 1113 1494 comlitam,
1158 1434 1282 1486 anni
1314 1441 1441 1486 sunt
1487 1440 1714 1499 quatuor
1743 1432 1909 1485 millia
1940 1440 2172 1499 quatuor

585 1509 802 1555 centum
829 1502 1177 1571 quadraginta
1205 1514 1432 1571 septem.
1488 1503 1565 1554 Ab
1598 1502 1728 1554 urbe
1759 1503 1971 1556 condita
2002 1516 2169 1569 usque

584 1573 651 1625 ad
682 1572 1017 1625 nativitatem
1050 1574 1268 1636 Christi,
1320 1573 1447 1626 anni
1498 1580 1623 1625 sunt
1649 1574 1969 1640 septingenti
2012 1573 2166 1638 quin-

585 1643 834 1711 quaginta
861 1644 1005 1705 duo;
1037 1645 1220 1712 sicque
1246 1644 1373 1696 ﬁunt
1408 1644 1531 1696 anni
1564 1642 1800 1711 quinque
1831 1644 1995 1696 millia
2036 1656 2168 1697 cen-

592 1724 700 1765 tum
736 1713 1023 1783 nonaginta
1058 1729 1270 1769 novem.
1326 1712 1531 1769 Exinde
1566 1713 1691 1767 anni
1725 1712 1935 1768 Domini
1967 1728 2170 1781 suppu-

587 1792 784 1838 tantur.

1096 1872 1185 1931 DE
1216 1874 1398 1933 UBBE
1431 1876 1644 1931 ROMA.

661 1968 851 2035 Roma,
886 1969 1013 2023 urbs
1054 1970 1105 2022 in
1139 1969 1307 2035 Italia,
1366 1971 1525 2024 totius
1568 1969 1837 2037 quondam
1881 1969 2028 2022 orbis
2072 1968 2170 2020 do-

591 2041 757 2101 mina,
811 2055 838 2091 a
871 2041 1163 2094 conditoris
1191 2042 1274 2094 sui
1309 2041 1518 2094 ltotuuli
1565 2040 1781 2094 nomine
1826 2043 1906 2093 sie
1949 2050 2169 2093 vocata:

582 2125 746 2178 quam
780 2120 995 2178 propter
1016 2111 1264 2164 eximiam
1293 2112 1539 2164 virtutem
1566 2113 1804 2179 plerique
1829 2111 2147 2176 scriptorum

591 2181 741 2247 quasi
791 2184 903 2234 sola
936 2192 1103 2245 esset,
1154 2184 1425 2250 appellare
1460 2182 1654 2237 Urbem
1702 2181 1992 2234 malebant.
2044 2184 2172 2245 Qure

591 2252 830 2317 quidem,
883 2263 940 2304 ut
986 2253 1205 2307 Orosius
1258 2254 1307 2305 in
1354 2254 1607 2306 chronica
1636 2266 1732 2305 sua
1766 2261 2169 2315 commemorat,

584 2331 711 2389 post
735 2336 901 2375 annos
927 2330 1158 2391 quatuor
1180 2322 1341 2376 millia
1372 2324 1791 2393 quadringentos
1812 2324 2171 2393 quadraginta

594 2401 838 2458 septem,
905 2394 955 2445 id
1010 2404 1132 2458 est,
1203 2392 1679 2461 septingentesimo
1733 2392 2177 2461 quinquagesimo

591 2463 830 2516 secundo
856 2473 978 2518 ante
1024 2465 1443 2520 incarnationem
1478 2463 1686 2519 Domini
1726 2477 1870 2517 anno
1894 2502 1908 2528 ,
1960 2462 2177 2518 condita

590 2542 693 2586 εει.

1275 412 1473 466 Ιςιίυιῐί
1520 412 1973 467 VICNEIHDIIJS
2013 413 2159 466 OPP.
2203 411 2377 469 PARS
2417 410 2501 467 Ill.
2534 443 2599 451 —
2643 411 3123 467 PAll/ENETICA.

3764 410 3874 467 [56

2194 533 2237 587 Λ
2271 526 2548 582 Nobilibus
2570 527 2837 598 quondam
2870 528 3047 581 fueras
3072 537 3379 581 constructa
3415 527 3679 595 patmnis,

2344 598 2561 651 Subdita
2595 614 2735 653 nunc
2762 600 2951 657 servis,
2987 601 3087 651 heu
3122 600 3258 650 male
3282 598 3448 651 Roma
3479 599 3609 651 ruis.

2280 667 2581 722 Deseruere
2614 673 2685 722 tui
2720 679 2864 721 tanto
2896 680 2948 722 te
2977 678 3215 735 tempore
3244 685 3415 736 reges,

2342 739 2515 792 Cessit
2545 748 2601 793 et
2628 739 2694 792 ad
2723 740 2937 793 (ἰτωοος
2969 753 3160 792 nomen
3192 740 3467 809 honosque
3500 748 3644 790 tuus.

2274 809 2757 876 Consumtinopolis
2782 809 3001 872 ﬂorens,
3034 824 3170 863 nova
3205 810 3368 863 Itoma
3398 820 3640 869 vocatur,

2349 879 2588 933 Mordius‘
2611 890 2665 934 et
2696 882 2860 935 muris
2890 880 3056 933 “Otila
3089 890 3295 933 vetusta
3328 881 3498 938 cadis.

2273 950 2485 1004 Transit
2508 961 2562 1004 et
2593 952 2894 1018 imperium,
2927 952 3226 1017 mansitque
3259 950 3506 1018 superbia
3538 960 3744 1003 terum.

2344 1021 2527 1075 Cultus
2557 1022 2796 1075 avaritia:
2828 1033 2879 1076 te
2903 1023 3124 1075 nimium
3153 1031 3392 1088 superat.

2279 1092 2474 1160 Volgus
2501 1092 2568 1145 ab
2593 1093 2849 1146 extremis
2874 1094 3188 1145 diSIraetmn
3218 1093 3455 1157 partibus
3478 1090 3653 1149 orbis,

2345 1165 2636 1216 Servorum
2661 1165 2824 1225 servi,
2858 1178 2997 1217 nunc
3028 1163 3116 1213 tibi
3148 1174 3271 1214 sunt
3301 1161 3530 1215 Domini.

2276 1232 2327 1285 In
2362 1244 2411 1287 Ie
2439 1233 2696 1286 nobilium
2724 1246 2988 1286 reetorutn
3016 1248 3171 1286 nemo
3203 1235 3479 1294 remansit,

2351 1305 2669 1371 lngenuiqne
2698 1304 2796 1366 tui,
2833 1318 2954 1357 rura
2991 1302 3209 1371 Pelasga
3240 1304 3443 1359 colunt.

2275 1374 2554 1427 'l'runcasti
2590 1377 2739 1428 vivos
2764 1374 2963 1427 crudeli
2996 1375 3182 1427 funere
3211 1384 3451 1437 sanctos,

2349 1444 2591 1498 Vendere
2622 1461 2763 1497 nunc
2793 1446 2980 1497 horum
3012 1454 3220 1497 mortua
3251 1444 3485 1496 membra
3514 1443 3688 1496 doles.

2275 1513 2403 1568 Nam
2431 1517 2529 1567 lllsi
2563 1530 2613 1569 te
2644 1518 2891 1568 meritum
2926 1516 3067 1567 Petri
3100 1514 3353 1581 Paulique
3383 1514 3610 1573 foveret,

2346 1586 2611 1654 Tempore
2635 1586 2745 1655 jam
2780 1586 2938 1653 longo
2962 1584 3126 1638 [torua
3160 1586 3363 1639 misella
3391 1583 3553 1640 fores.

2617 1718 2705 1772 DE
2734 1718 3269 1775 TllEVERENSlUM
3303 1718 3502 1776 URBE.

2282 1832 2399 1886 Nini
2429 1832 2741 1886 Semiramis
2766 1848 2885 1899 qua:
2914 1843 3062 1887 tanto
3085 1834 3309 1903 conjuge
3336 1833 3477 1896 felix,

2206 1896 2251 1954 Β
2287 1904 2515 1957 Plurima
2552 1896 2808 1969 possedit,
2841 1903 2935 1957 sed
2969 1905 3117 1970 plura
3142 1896 3405 1973 prioribus
3429 1903 3594 1956 addit.

2281 1974 2392 2027 Non
2424 1982 2674 2026 contenta
2704 1979 2845 2036 suis.
2881 1990 2980 2027 nec
3012 1976 3136 2028 totis
3167 1974 3361 2029 finibus
3384 1975 3554 2037 orbis,

2282 2045 2493 2109 Expulit
2524 2060 2552 2096 a
2584 2044 2754 2111 patrio
2786 2044 3085 2111 privignum
3116 2045 3343 2099 Trebeta
3374 2062 3559 2114 regno.

2282 2115 2540 2183 l’rol'ugus
2572 2116 2832 2184 insignem
2866 2129 3100 2169 noStram
3132 2118 3219 2183 qui
3247 2116 3487 2168 condidit
3514 2114 3727 2177 urbem,

2280 2186 2528 2239 Treveris
2555 2185 2678 2239 huic
2706 2200 2899 2240 nomen
2926 2186 3082 2248 dans,
3112 2188 3180 2240 ob
3212 2188 3426 2239 factoris
3456 2200 3715 2238 amorem.

2278 2260 2405 2318 Uine
2435 2265 2595 2324 caput
2624 2256 2848 2326 Europae
2879 2260 3222 2325 cognoscitur
3252 2256 3589 2325 antiquitate,

2283 2327 2449 2381 Filius
2478 2326 2815 2397 hujusgltero,
2844 2333 3013 2396 patris
3046 2328 3159 2381 haec
3188 2327 3570 2397 epigrammata
3596 2341 3765 2397 pono;

2283 2397 2451 2460 Culus
2480 2398 2545 2450 ad
2572 2394 2794 2451 inferias
2825 2394 2909 2452 hic
2935 2414 3057 2452 cum
3085 2399 3216 2451 Jove
3246 2394 3384 2450 M'ars
3411 2407 3553 2451 tenet
3576 2412 3719 2458 aras,

2280 2466 2473 2524 Sidere
2501 2466 2753 2524 concordi
2781 2483 2881 2538 pax
2906 2482 2989 2524 est
3019 2484 3125 2522 non
3154 2467 3483 2524 dissocianti.

606 2667 3866 2692 W

832 2780 1437 2858 EPIGRAMMA
1496 2781 1624 2855 DE
1684 2778 2015 2855 BEATO
2064 2779 2465 2859 JOANNE
2514 2779 2646 2856 ET
2696 2777 2939 2858 EJUS
2990 2777 3644 2855 APOCALYPSI.

598 2939 766 2994 Exsul
798 2939 865 2992 ab
897 2939 1132 2992 humano
1162 2937 1286 2990 dum
1321 2937 1534 3006 pellitur
1570 2938 1701 2991 orbe
1729 2935 1962 2993 Joannes
1982 2980 1996 3004 ,

670 3031 737 3086 Et
768 3032 964 3087 vetitus
994 3029 1141 3086 Coici
1172 3040 1256 3085 est
1296 3045 1518 3085 eernere
1548 3045 1707 3099 regna
1737 3030 1860 3094 soli,

599 3125 770 3179 intrat
799 3137 969 3178 ovans
993 3124 1114 3179 coeli
1146 3122 1370 3177 Domino
1398 3122 1626 3177 dilectus
1658 3123 1710 3177 in
1739 3122 1938 3185 aulam,

686 3216 846 3287 Regis
875 3225 928 3269 et
956 3214 1228 3270 altithroni
1255 3216 1447 3285 gaudet
1475 3216 1664 3270 adesse
1692 3215 1890 3271 choris.

601 3310 700 3366 llic
730 3311 817 3365 ubi
846 3309 1149 3378 subjectum
1178 3324 1329 3365 sacra
1358 3309 1559 3364 lumina
1589 3310 1745 3364 vertit
1773 3309 1825 3363 in
1862 3308 2071 3371 orbem,

671 3403 903 3459 Currere
935 3403 1247 3473 ﬂuctivagos
1276 3404 1448 3458 cernit
1478 3404 1675 3470 ubique
1706 3412 1877 3469 rates,

604 3497 669 3548 lit
702 3496 860 3550 Bahel
889 3510 952 3550 ac
982 3495 1238 3551 Solimam
1273 3496 1455 3550 mixtis
1482 3495 1773 3565 confligere
1802 3496 1991 3549 castris
2024 3510 2039 3546 :

675 3588 809 3641 liinc
840 3595 1001 3657 atque
1034 3585 1156 3641 hinc
1183 3586 1388 3641 vicibus
1413 3587 1515 3641 tela
1550 3585 1835 3655 fugamque
1863 3584 2003 3653 capi.

602 3679 710 3734 Sed
742 3680 925 3732 mitem
954 3678 1196 3748 sequitur
1227 3677 1379 3731 miles
1409 3678 1499 3747 qui
1528 3677 1789 3731 candidus
1819 3678 2054 3744 Agnum,

674 3768 806 3823 Cum
838 3770 974 3823 duce
1002 3769 1262 3837 percipiat
1292 3782 1454 3837 regna
1483 3766 1636 3821 beata
1663 3767 1793 3834 poli.

603 3861 963 3931 Squammeus
994 3869 1078 3916 est
1105 3860 1290 3931 anguis
1311 3901 1325 3926 ,
1360 3876 1454 3929 per
1498 3859 1718 3914 Tartara
1749 3872 1891 3913 caaca
1924 3856 2188 3927 maniplos

2217 3666 2265 3729 C

2358 2938 2665 3009 Submergit
2696 2937 2942 3001 “amntis,
2976 2947 3124 3006 peste
3154 2935 3400 3001 fameque
3426 2950 3571 2990 suos.

2289 3032 2456 3102 lltljus
2482 3046 2601 3102 qua
2629 3031 2793 3085 facies
2832 3030 3139 3084 studiumve
3168 3030 3368 3083 ordove
3397 3029 3581 3091 duelli,

2357 3126 2461 3179 Ars
2489 3140 2629 3194 quas,
2666 3138 2855 3191 qttteve
2889 3123 3150 3190 phalanx,
3178 3122 3349 3191 palma
3384 3121 3467 3174 vel
3498 3133 3642 3172 arma
3675 3117 3868 3176 forent,

2288 3213 2533 3272 Pandere
2562 3216 2690 3270 dum
2720 3228 2993 3283 cuperem,
3016 3223 3254 3269 veterum
3283 3222 3392 3265 sata
3418 3213 3519 3267 lata
3560 3222 3869 3279 peragrans,

2363 3307 2620 3377 Excerpsi
2651 3304 2854 3373 campis
2883 3306 3121 3375 germina
3156 3318 3319 3372 pauca
3355 3302 3548 3365 sacris,

2289 3399 2455 3470 Copia
2487 3414 2554 3453 ne
2586 3397 2760 3468 potior
2785 3406 3005 3467 generet
3035 3395 3243 3450 fastidia
3277 3396 3476 3449 mensis
3498 3433 3514 3458 ,

2360 3493 2659 3549 Convivam
2692 3500 2782 3545 aut
2814 3503 3027 3545 tenuem
3063 3500 3205 3544 tanta
3236 3504 3426 3559 parare
3456 3495 3617 3542 vetet.

2290 3586 2483 3638 Nostra
2514 3585 2619 3637 tuis
2648 3597 2778 3652 ergo
2804 3582 3015 3650 sapiant
3044 3582 3087 3635 si
3119 3580 3319 3635 fercula
3347 3579 3528 3643 labris,

2366 3675 2627 3745 Regnauti
2654 3674 2838 3729 laudes
2869 3674 2935 3728 da
2963 3687 3127 3741 super
3156 3683 3296 3724 astra
3329 3670 3461 3724 Deo.

2290 3769 2382 3823 Sin
2414 3770 2569 3835 alias,
2602 3768 2809 3822 animos
2843 3777 3018 3821 tamen
3053 3767 3387 3831 amplexatus
3416 3764 3639 3827 amicos,

2363 3862 2495 3925 Quae
2524 3872 2659 3913 cano
2688 3858 3011 3927 corripiens,
3044 3856 3252 3926 pumice
3282 3856 3486 3924 frange,
3518 3869 3669 3922 rogo.

1020 4154 1903 4235 PABIENETICORUM
1973 4152 2655 4231 VENERABILIS
2714 4154 2997 4232 BEDZE
3052 4152 3469 4231 OPERUM

1400 4325 2117 4476 SECTIO
2207 4325 3017 4509 QUARTA

786 4579 936 4695 IN
1024 4573 1303 4708 QUA
1384 4571 2407 4689 CONTINENTUR
2494 4572 2824 4689 EJUS
2902 4572 3675 4691 EPISTOL/E.

1100 4855 1428 4913 EPISTULA
1469 4854 1699 4919 PRIMA,

1042 4989 1110 5029 Αῐ)
1149 4985 1381 5027 ALBISUM
1424 4983 1664 5023 Al‘BATEM
1704 4976 1751 5021 ⁸.

998 5108 1176 5172 (Giles,
1202 5105 1364 5167 Opera
1392 5104 1558 5163 Bedae,
1581 5110 1696 5151 tom.
1734 5101 1798 5165 1.)

681 5213 1150 5275 Desideratissimo
1192 5221 1246 5265 et
1291 5207 1747 5263 revereudissimo
1792 5207 1936 5263 Patri
1975 5208 2191 5278 Albino,

613 5314 753 5371 Beda
780 5309 979 5367 Christi
1006 5304 1255 5366 famulus,
1290 5303 1535 5357 salutem.

683 5402 1096 5462 Gratantissime
1123 5395 1331 5465 suscepi
1373 5392 1689 5449 munuscula
1725 5401 1825 5447 tute
1868 5390 2193 5458 dilectionis,

608 5515 728 5569 qua:
768 5513 863 5567 per
893 5492 1254 5549 venerabilem
1301 5486 1522 5542 fratrem
1571 5496 1810 5540 nostrum
1852 5482 2194 5538 Nothelmum

608 5588 980 5658 presbyterum
1004 5583 1217 5638 mittere
1245 5577 1494 5648 dignatus
1523 5590 1606 5641 es,
1627 5585 1684 5631 et
1709 5572 1943 5629 maxime
1969 5571 2195 5637 litteras,

681 5730 706 5757 α
755 5717 980 5773 Albinus
1023 5714 1221 5778 abbas,
1252 5710 1340 5767 cui
1368 5708 1693 5765 venerabilis
1720 5706 1868 5778 Beda
1885 5776 1890 5778 Α
1909 5703 2047 5757 hanc
2073 5702 2189 5778 epi-

610 5792 805 5847 stolam
836 5786 1052 5851 direxit,
1091 5775 1275 5855 auctor
1322 5782 1422 5855 ipsi
1464 5779 1563 5834 fuit
1600 5787 1774 5855 atque
1806 5776 2020 5842 adiutor
2048 5775 2186 5855 scri-

608 5862 795 5920 bendae
851 5848 1144 5925 Anglorum
1199 5848 1485 5917 Historiae,
1541 5849 1616 5904 uti
1669 5848 1812 5904 Beda
1856 5854 2082 5903 testatur
2134 5848 2188 5899 in

2228 4858 2281 4917 Ι)
2307 4854 2501 4924 quibus
2532 4868 2618 4908 me
2659 4853 2767 4923 jam
2816 4856 3047 4911 secunda
3083 4858 3196 4913 vice
3236 4858 3287 4912 in
3317 4859 3675 4914 ecclesiastica
3704 4863 3875 4931 gentis

2299 4953 2498 4999 nostra:
2528 4946 2770 5012 historia,
2799 4946 2863 5000 ad
2896 4964 3054 5016 quam
3088 4964 3173 5004 me
3198 4949 3532 5004 scribendam
3560 4950 3874 5020 jamdudum

2298 5035 2673 5104 instigaveras,
2728 5035 2916 5091 creber
2958 5037 3217 5106 adjuvare
3260 5050 3416 5108 atque
3457 5040 3737 5096 in~tituere
3776 5057 3873 5095 cu-

2300 5129 2451 5184 rasti.
2488 5130 2711 5199 Propter
2734 5131 2874 5199 quod
2917 5141 2969 5184 ct
3015 5131 3128 5199 ipse
3167 5131 3258 5185 tibi
3305 5132 3600 5187 rectissime
3626 5133 3871 5187 eamdem

2300 5221 2597 5287 historiam,
2631 5236 2752 5276 mox
2801 5233 2857 5275 ut
2900 5236 3274 5278 consummare
3306 5223 3475 5287 potui,
3510 5222 3573 5275 ad
3616 5224 3872 5276 transcri-

2300 5313 2530 5367 bendum
2563 5311 2764 5368 remisi.
2794 5310 2898 5366 Sed
2942 5319 2997 5366 et
3041 5312 3209 5381 aliud,
3240 5312 3378 5381 quod
3412 5321 3464 5367 te
3509 5312 3696 5381 partim
3727 5312 3873 5366 desi-

2298 5404 2489 5459 derare
2535 5402 2797 5472 comperi,
2836 5403 3087 5458 volumen
3127 5402 3218 5458 tibi
3265 5405 3381 5457 vice
3428 5402 3875 5458 remunerationis

2298 5512 2452 5566 asque
2477 5496 2543 5550 ad
2588 5496 3054 5551 transcribendum
3093 5495 3388 5563 destinavi,
3441 5496 3711 5559 videlicet,
3744 5495 3871 5547 illud

2300 5590 2440 5661 quod
2470 5588 2538 5645 de
2562 5598 2825 5644 structura
2852 5588 3035 5658 templi
3061 5588 3364 5644 Salomonis
3403 5596 3562 5658 atque
3590 5588 3871 5656 allegorica

2294 5699 2521 5770 epistola
2551 5698 2942 5770 nuncupatoria
2970 5697 3035 5770 ad
3065 5694 3379 5770 Ceolwlfum
3413 5712 3614 5765 regem.
3649 5698 3871 5751 Albinus

2296 5772 2397 5824 iste
2444 5769 2579 5825 alius
2625 5768 2820 5827 est—ab
2870 5768 3062 5823 Albino
3097 5769 3291 5823 Flacco
3335 5783 3431 5823 seu
3478 5769 3723 5833 Alcuino,
3767 5784 3873 5820 uno

2298 5841 2407 5898 fere
2433 5841 2634 5899 saeculo
2663 5849 2821 5898 aetate
2864 5839 3143 5909 superior;
3176 5838 3339 5896 abbas
3370 5854 3497 5897 vero
3538 5840 3591 5895 in
3637 5838 3873 5895 Cantua-
