4220 6458
427 329 528 385 657

1634 346 1826 400 SECT.
1871 346 1955 400 IV.
1999 375 2068 386 ——
2111 344 2484 402 EPISTOLE.

3587 364 3694 420 658

424 449 538 502 eius
590 445 1031 515 interpretatione
1068 467 1238 518 nuper
1283 455 1447 510 edidi.
1491 457 1694 528 Teque,
1746 463 2002 516 amantis-
2033 460 2084 518 Δ
2111 473 2213 526 qua
2254 473 2357 514 non
2387 471 2588 529 sperat,
2616 473 2928 521 eventurum
2957 468 3373 542 sit,-evaageiica
3410 478 3696 537 mauileste

424 551 560 590 sime
592 537 769 604 Pater,
795 544 1022 611 supplex
1055 546 1302 612 obsecro,
1341 560 1395 602 ut
1437 566 1533 617 pro
1564 567 1678 607 mea
1718 554 2002 624 fragilitate

421 645 542 681 cum
572 632 678 696 his,
703 633 792 701 qui
817 643 989 690 tecum
1021 647 1169 704 sunt,
1201 640 1410 696 fan'iulis
1437 643 1662 710 Christi,
1693 649 1830 714 apud
1855 647 2001 716 pium

420 718 665 774 indicem
695 723 915 778 sedulus
936 724 1274 785 intercedere
1303 734 1610 788 memineris
1643 753 1655 788 :
1688 738 1786 790 sed
1810 747 1862 791 et
1885 753 1999 803 eos,

421 810 486 863 ad
517 827 653 877 quos
685 813 873 869 eadem
914 828 1095 872 nostra
1145 825 1404 888 apuscula
1454 829 1736 893 pervenire
1783 827 1998 895 feceris,

423 900 522 953 hoc
554 900 693 955 idem
727 903 902 960 facere
930 911 1223 964 monueris.
1255 913 1395 970 Bene
1423 915 1559 983 vale,
1587 932 1800 988 semper
1820 935 2003 975 aman-

422 989 624 1046 tissime
657 991 707 1047 in
736 991 955 1051 Christo
980 997 1137 1053 l’ater
1165 1003 1391 1071 optime.

988 1109 1315 1167 EPISTOLA
1356 1115 1417 1183 11,

811 1214 878 1253 ΔΙ)
909 1216 1251 1260 εεσιιειιοτυκ
1283 1224 1620 1268 ANTISTITEH.

780 1294 975 1354 (Smith,
1001 1296 1162 1359 Opera
1187 1300 1412 1352 historica
1439 1305 1629 1368 Bedw.)

485 1371 842 1431 Dilectissimo
862 1392 924 1432 ac
946 1382 1383 1440 reverentissimo
1395 1389 1615 1444 antistiti
1637 1390 1930 1460 Ecgbercto
1947 1401 1972 1430 ³

416 1462 552 1517 Beda
583 1464 812 1524 hamulus
837 1469 1032 1526 Christi
1063 1475 1315 1530 salutem.

482 1555 696 1612 Memini
743 1569 794 1614 te
826 1560 1078 1619 hesterno
1106 1565 1309 1624 dixisse
1337 1583 1500 1636 anno,
1543 1586 1663 1626 cum
1695 1581 1866 1628 tecum
1891 1576 1996 1630 ali-

411 1657 538 1714 quot
577 1650 765 1705 diebus
806 1652 1014 1721 legendi
1052 1657 1218 1724 gratia
1251 1659 1302 1713 in
1331 1664 1658 1718 monasterio
1690 1673 1780 1719 tuo
1810 1665 1996 1721 demo-

413 1754 580 1804 rarer,
610 1743 748 1810 quod
796 1743 900 1799 hoc
930 1747 1088 1802 etiam
1132 1765 1274 1806 anno
1303 1753 1490 1819 velles,
1514 1770 1638 1828 cum
1672 1758 1722 1812 in
1747 1759 1992 1814 eumdem

435 1279 466 1308 ἱ

2106 547 2368 603 sententia
2393 550 2649 618 declarat,
2683 570 2784 622 qua
2830 556 3024 613 dicitur
3051 561 3116 615 ad
3161 564 3396 620 inutilem
3431 583 3642 625 servum
3675 593 3686 628 :

2109 638 2295 709 Ejicite
2317 641 2371 695 in
2419 643 2648 697 tenebras
2677 651 2972 719 exteriores,
3021 653 3090 708 ibi
3122 662 3219 710 erit
3239 661 3388 728 ﬂetus
3418 673 3464 716 et
3504 665 3695 720 stridor

2106 732 2332 786 dentium
2353 731 2374 806 (
2399 733 2538 789 Ibid.
2567 737 2609 805 ).

2178 825 2316 880 Ante
2343 827 2518 880 omnia
2564 843 2697 885 sane
2725 839 2827 888 tua:
2873 846 3077 892 sanctae
3125 844 3426 908 patoruitati
3465 851 3691 918 suadeo,

2107 921 2166 966 ut
2189 912 2257 965 ab
2287 915 2474 970 otiosis
2505 924 2558 972 te
2595 919 3136 992 confabulationibus,
3186 912 3686 1004 obtrectationibus,

2105 1005 2422 1076 carterisque
2451 1007 2644 1079 lingua:
2687 1012 2964 1071 indomita:
3003 1023 3262 1092 contagiis
3294 1030 3580 1096 pontificali
3610 1035 3694 1089 di-

2105 1095 2306 1164 gnitate
2351 1113 2605 1156 coerceas
2639 1105 2876 1161 :divinis
2909 1118 3090 1167 autem
3114 1095 3338 1183 eloquiis
3365 1135 3427 1176 ac
3468 1124 3692 1180 medita-

2107 1187 2338 1243 tionibus
2378 1189 2773 1261 Scripturarum
2807 1198 3038 1268 linguam
3063 1203 3220 1260 simul
3247 1217 3303 1262 et
3330 1222 3563 1269 mentem
3600 1233 3692 1269 tw-

2103 1292 2288 1348 cupes,
2321 1290 2378 1336 et
2408 1287 2639 1340 maxime
2677 1288 2918 1358 legendis
2948 1293 3086 1349 beati
3118 1294 3269 1354 Pauli
3298 1305 3532 1369 apostoli
3571 1308 3692 1377 Epi-

2102 1369 2257 1424 stolis
2284 1372 2350 1426 ad
2380 1373 2719 1432 Timotheum
2747 1391 2802 1435 et
2827 1382 3027 1452 Titum,
3051 1387 3146 1442 sed
3178 1399 3231 1444 et
3257 1394 3433 1450 verbis
3463 1369 3687 1455 sanctis-

2105 1460 2224 1515 simi
2275 1479 2424 1533 papa:
2469 1467 2710 1538 Gregorii
2755 1474 2945 1542 quibus
2993 1477 3062 1534 de
3103 1482 3207 1535 vita
3255 1484 3412 1542 simul
3451 1499 3506 1545 et
3547 1492 3688 1548 vitiis

2105 1561 2370 1607 rectorum
2423 1555 2542 1633 sive
2596 1559 2648 1614 in
2704 1561 2842 1616 libro
2889 1568 3103 1636 ltegulaz
3153 1571 3446 1632 Pastoralis
3487 1595 3582 1635 seu
3632 1585 3684 1636 in

2107 1641 2341 1696 homiliis
2389 1630 2664 1716 Evangelii
2692 1652 2914 1710 multum
2955 1660 3166 1714 curiose
3205 1663 3479 1733 disseruit,
3523 1680 3579 1724 ut
3616 1675 3687 1727 sit

2101 1749 2282 1788 sermo
2313 1744 2436 1792 tuus
2463 1752 2677 1810 semper
2701 1745 2980 1810 sapientia:
3009 1749 3121 1804 sale
3149 1755 3418 1823 conditus,
3449 1762 3687 1817 eminen-

411 1829 696 1886 devenims
727 1833 926 1900 locum.
961 1853 1046 1890 me
1074 1855 1307 1910 quoque,
1359 1844 1430 1898 ob
1465 1811 1983 1920 έδηιωυηθήιθέθηάί
2027 1811 2069 1870 Β
2100 1829 2202 1883 tior
2227 1830 2430 1900 vulgari
2475 1833 2744 1892 locutione
2764 1881 2778 1905 ,
2807 1855 2870 1895 ac
2896 1841 3084 1900 divino
3104 1849 3306 1906 auditui
3337 1853 3549 1923 dignior
3575 1861 3685 1916 elu-

407 1919 665 1986 studium,
697 1925 762 1978 ad
795 1935 943 1980 tuum
968 1928 1144 1984 accire
1176 1931 1310 2002 [Al.,
1347 1935 1613 2010 accipere]
1641 1919 1980 2010 colloquium.

405 2013 556 2079 Quod
587 2015 630 2068 si
665 2014 758 2081 ita,
795 2017 902 2073 Deo
929 2020 1164 2086 volente,
1214 2036 1392 2093 posset
1438 2028 1666 2097 impleri,
1701 2047 1805 2086 non
1852 2048 1986 2099 Opus

404 2115 546 2157 esset
575 2105 668 2159 tibi
702 2105 817 2161 hch
849 2125 942 2178 per
973 2110 1180 2167 litteras
1205 2114 1401 2185 scripta
1427 2118 1683 2189 dirigere,
1708 2137 1827 2176 cum
1858 2139 1984 2191 pos-

404 2207 517 2249 sem
548 2195 772 2253 liberius
800 2215 894 2255 ore
914 2201 980 2256 ad
1007 2217 1068 2258 os
1097 2204 1343 2274 loquens,
1368 2225 1594 2278 qumque
1621 2213 1807 2268 vellem
1833 2214 1981 2285 [Al.,

405 2283 637 2359 velim],
665 2289 780 2343 sive
818 2294 1122 2348 necessaria
1153 2296 1426 2365 ducerem,
1471 2312 1681 2358 secreta
1709 2303 1801 2360 tibi
1834 2283 1981 2364 vallo-

403 2378 620 2432 cutioue
660 2393 970 2451 suggerere.
1023 2383 1220 2442 Verum
1267 2389 1391 2458 quia
1441 2390 1542 2448 hoc
1585 2410 1652 2449 ne
1692 2395 1866 2466 fleret,
1894 2412 1985 2453 su-

406 2470 743 2538 perveniens,
786 2483 844 2528 ut
893 2478 1051 2542 nosti,
1084 2481 1329 2549 corporis
1375 2485 1478 2538 mei
1523 2485 1758 2542 valitudo
1801 2491 1982 2558 prohi-

406 2556 561 2612 buit:
611 2575 769 2630 agere
819 2574 996 2620 tamen
1040 2569 1180 2634 quod
1237 2571 1403 2638 potiti,
1460 2588 1584 2644 erga
1635 2556 1979 2633 dilectionem

404 2658 545 2704 tuam
590 2651 839 2710 fraterna:
867 2656 1170 2716 devotionis
1207 2661 1419 2729 intuitu,
1473 2667 1678 2734 curavi,
1723 2668 1985 2727 mittendo

401 2739 646 2797 videlicet
674 2759 770 2812 per
800 2746 1006 2804 litteras
1032 2751 1172 2820 quod
1200 2754 1555 2821 corporaliter
1588 2759 1852 2814 veniendo
1883 2777 1979 2832 per

397 2833 809 2894 collocutionem
853 2841 1221 2910 nequiveram.
1255 2846 1557 2919 Precorque
1590 2859 1641 2906 te
1671 2867 1765 2920 per
1795 2854 1977 2910 Domi-

400 2942 546 2993 num,
592 2945 658 2986 ne
684 2931 872 2988 harum
902 2938 1082 3004 apices
1112 2938 1412 2996 litterarum
1440 2945 1762 3014 arrogantia
1790 2963 1979 3017 super-

397 3018 576 3074 cilium
602 3035 724 3077 esse
755 3027 1064 3094 suspiceris,
1089 3030 1184 3086 sed
1211 3032 1524 3103 obsequium
1563 3039 1735 3106 potius
1765 3040 1979 3096 humili-

399 3109 521 3162 tatis
553 3124 616 3165 ac
647 3114 856 3180 pietatis
893 3120 1154 3176 veraciter
1176 3136 1295 3178 esse
1319 3138 1630 3194 cognoscas.

467 3203 735 3262 Exhortor
764 3209 943 3280 itaque
975 3220 1140 3278 tuam,
1169 3215 1514 3274 dilectissime
1540 3221 1592 3275 in
1623 3220 1836 3279 Christo
1865 3225 1976 3279 An-

396 3292 568 3359 tistes,
613 3299 972 3366 sanctitatem,
1005 3311 1064 3358 ut
1105 3305 1329 3374 gradum
1374 3321 1770 3367 sacrosanctum
1816 3330 1975 3384 quem

397 3384 488 3436 tibi
541 3386 739 3440 Auctor
777 3391 1037 3459 graduum
1083 3402 1140 3450 et
1183 3395 1536 3466 spiritualium
1580 3401 1802 3472 largitor
1848 3406 1976 3460 cba-

393 3479 668 3533 risrnatum
719 3483 1054 3540 committere
1097 3486 1344 3558 dignatus
1391 3501 1494 3558 est,
1539 3505 1878 3553 sacrosancta
1920 3507 1976 3553 et

389 3568 402 3636 l
436 3568 495 3622 ll.
522 3586 626 3627 om.
670 3570 746 3644 et]
779 3575 1091 3642 Operatione
1117 3588 1170 3633 et
1212 3578 1454 3635 doctrina
1493 3586 1812 3641 conlirmare
1861 3603 1974 3644 me-

393 3661 632 3716 mineris.
683 3663 878 3719 Neutra
929 3669 1072 3722 enim
1112 3669 1226 3725 hzcc
1275 3675 1441 3726 virtus
1490 3675 1608 3731 sine
1659 3676 1830 3732 altera
1870 3679 1974 3735 rite

393 3761 566 3816 potest
610 3755 819 3823 impleri
852 3773 867 3810 :
901 3757 956 3812 Si
985 3767 1074 3812 aut
1105 3759 1148 3815 is
1177 3762 1267 3830 qui
1308 3763 1442 3818 bene
1473 3765 1602 3820 vivit
1633 3766 1859 3824 docendi
1887 3767 1968 3824 of-

391 3847 566 3901 tieiunt
618 3850 856 3920 negligit,
913 3861 1003 3908 aut
1052 3865 1197 3912 recte
1244 3858 1443 3914 docens
1493 3863 1717 3918 antistes
1770 3875 1969 3920 rectam

389 3951 649 3996 exercere
688 3947 1050 4010 operationem
1097 3951 1408 4006 contemnit.
1450 3952 1548 4019 Qui
1593 3964 1768 4010 autem
1808 3955 1967 4028 [Al.,

394 4032 459 4082 At
485 4027 595 4100 qui]
649 4040 930 4102 utrumque
960 4035 1222 4092 veraciter
1250 4041 1386 4110 agit,
1435 4042 1674 4111 profecto
1707 4027 1826 4101 talis
1851 4064 1968 4103 ser—

389 4137 483 4175 vus
507 4123 788 4177 adventum
819 4124 1026 4181 Domini
1074 4130 1155 4183 sui
1207 4133 1628 4200 gratulabundus
1671 4148 1965 4208 exspectat,

386 4225 608 4280 sperans
634 4227 694 4268 se
719 4213 878 4268 citius
904 4215 1206 4273 auditurum
1241 4239 1252 4274 :
1291 4220 1450 4292 Euge,
1496 4241 1636 4280 serve
1672 4226 1799 4282 bone
1827 4238 1874 4282 et
1913 4231 1970 4292 ﬁ-

385 4302 532 4367 delis,
559 4304 677 4373 quia
703 4319 856 4373 super
892 4323 1055 4376 pauca
1104 4311 1248 4379 fuisti
1289 4312 1482 4379 ﬁdelis,
1531 4333 1692 4385 supra
1735 4319 1898 4375 multa
1923 4332 1969 4376 te

385 4395 688 4446 constituam
720 4412 733 4447 :
765 4394 917 4448 Intra
972 4397 1026 4450 in
1075 4399 1325 4470 gaudium
1375 4403 1571 4458 domini
1622 4409 1697 4460 tui
1738 4408 1965 4479 (Matth.

2089 1935 2290 1979 sescat.
2314 1925 2465 1982 Sicut
2488 1928 2629 1984 enim
2656 1931 2910 1990 indecens
2934 1947 3035 2003 est,
3060 1940 3106 1994 si
3131 1956 3252 1997 vasa
3279 1945 3464 2004 altaris
3494 1965 3677 2009 sacro-

2087 2025 2268 2070 sancta
2315 2017 2623 2089 vulgaribus
2667 2039 2900 2094 unquam
2930 2030 3116 2086 usibus
3163 2049 3228 2091 ac
3270 2037 3468 2096 vilibus
3511 2046 3683 2108 profa-

2088 2117 2281 2162 nentur
2302 2109 2518 2179 ofﬁciis,
2547 2113 2618 2168 ita
2643 2130 2948 2183 perversum
2974 2124 3120 2177 omni
3143 2127 3300 2182 modo
3327 2144 3391 2186 ac
3420 2134 3676 2192 miserum

2086 2209 2185 2262 est,
2216 2201 2257 2254 si
2291 2202 2334 2257 is
2361 2205 2448 2272 qui
2477 2207 2542 2259 ad
2573 2211 2937 2267 consecranda
2970 2213 3021 2268 in
3051 2215 3207 2272 altari
3258 2219 3531 2279 Dominica
3579 2243 3673 2282 sa-

2085 2305 2357 2351 cramenta
2396 2298 2674 2356 ordinatus
2705 2311 2807 2368 est,
2851 2320 2993 2360 nunc
3020 2308 3235 2374 quidem
3265 2312 3470 2370 eisdem
3498 2321 3673 2374 conti-

2086 2384 2294 2442 ciendis
2336 2395 2688 2448 sacramentis
2741 2396 2966 2452 Domino
3023 2399 3373 2460 famulaturus
3427 2411 3675 2478 assistat,

2086 2490 2227 2533 nunc
2263 2493 2511 2549 egressus
2562 2486 2852 2541 Ecclesiam
2906 2489 3020 2557 ipso
3063 2507 3157 2546 ore
3207 2493 3513 2567 eisdemque
3541 2500 3672 2571 [ΑΛ.

2082 2576 2290 2648 eisque]
2317 2577 2558 2632 manilius
2583 2579 2772 2647 quibus
2806 2581 2960 2648 paulo
2989 2594 3110 2638 ante
3135 2601 3286 2642 sacra
3330 2598 3672 2661 tractaverat,

2089 2678 2310 2736 repente
2338 2668 2525 2723 frivola
2571 2669 2716 2740 loqui
2749 2671 2830 2726 vel
2863 2687 3022 2743 agere
3050 2674 3336 2732 Dominum
3369 2683 3672 2742 offensurus

2085 2761 2333 2830 incipiat.

2154 2853 2234 2906 Ad
2265 2851 2668 2906 custodiendam
2701 2868 2826 2908 vero
2872 2855 3066 2927 lingua:
3105 2859 3189 2914 vel
3238 2864 3418 2930 operis
3463 2867 3671 2921 mundi-

2086 2941 2232 3006 tiam,
2265 2956 2385 2995 cnm
2419 2941 2645 2998 lectione
2677 2942 2878 3011 divina,
2909 2946 3068 3000 etiam
3094 2948 3327 3004 societas
3356 2966 3542 3007 eorum
3573 2956 3663 3025 qui

2078 3033 2292 3088 Christo
2323 3031 2466 3087 ﬁdeli
2489 3033 2772 3090 devotione
2798 3035 3144 3104 famulantur,
3175 3041 3459 3109 plurimum
3484 3045 3660 3115 juvat.

1999 3163 2048 3226 ε
2083 3123 2152 3178 Ut
2175 3124 2219 3178 si
2247 3125 2460 3194 quando
2484 3127 2564 3180 vel
2599 3126 2773 3196 lingua
2815 3127 3084 3196 lascivire,
3116 3133 3198 3188 vel
3227 3136 3468 3204 operatio
3498 3154 3660 3208 prava

2082 3213 2210 3268 inihi
2269 3213 2562 3284 subrepere
2636 3216 2883 3284 coeperit,
2938 3233 3062 3272 mox
3110 3223 3377 3279 sociorum
3429 3228 3665 3287 ﬁdelium

2079 3319 2236 3357 manu
2261 3318 2328 3357 ne
2355 3304 2545 3357 cadere
2577 3305 2779 3359 valeam
2811 3315 3100 3363 sustenter.
3130 3310 3282 3378 Quod
3327 3329 3446 3370 cum
3476 3323 3621 3375 omni
3640 3351 3652 3360 -

2079 3392 2177 3448 bus
2209 3392 2298 3447 Dei
2353 3392 2564 3448 famulis
2619 3393 2834 3450 sibimet
2886 3395 2956 3451 ita
3012 3401 3317 3468 prospicere
3368 3404 3663 3462 utillimum

2078 3483 2208 3556 [Αι.,
2245 3483 2610 3556 utilissimum]
2642 3487 2743 3550 sit,
2778 3496 2977 3556 quanto
3026 3489 3194 3560 magis
3223 3492 3297 3545 illi
3341 3495 3529 3562 gradui
3570 3500 3660 3567 qui

2077 3593 2181 3633 non
2230 3577 2425 3632 suimet
2482 3578 2847 3633 tantummodo
2896 3594 3080 3636 curam
3111 3598 3292 3652 agere,
3344 3587 3438 3642 3th
3492 3589 3654 3646 etiam

2075 3683 2202 3740 erga
2246 3671 2586 3725 commissam
2633 3671 2733 3726 sibi
2765 3671 3055 3727 Ecclesiam
3091 3688 3311 3730 necesse
3355 3675 3517 3735 habet
3545 3689 3659 3736 stu-

2073 3763 2218 3818 dium
2247 3762 2435 3818 salutis
2464 3761 2775 3830 impendere
2795 3777 2808 3824 ;
2831 3762 2981 3830 juxta
3007 3763 3154 3818 illum
3184 3770 3272 3836 qui
3296 3767 3473 3823 dixit:
3510 3769 3654 3825 Prce-

2073 3865 2148 3910 ter
2176 3871 2238 3909 ea
2262 3870 2376 3925 qua:
2401 3855 2716 3908 extrinsecus
2740 3862 2855 3907 sunt
2901 3853 3145 3908 instantia
3177 3873 3288 3911 mra
3333 3860 3654 3926 quotidiana,

2071 3945 2366 4000 sollicitudo
2414 3945 2641 3999 omnium
2692 3942 3060 4000 Ecclesiarum.
3097 3946 3225 4012 Quis
3253 3949 3574 4018 inﬁrmatur,
3609 3965 3658 4008 et

2070 4051 2164 4105 ego
2205 4051 2307 4089 non
2349 4035 2621 4102 inﬁrmor?
2674 4035 2803 4102 Quis
2847 4035 3254 4104 scandalizatur,
3301 4049 3350 4093 et
3398 4057 3491 4113 ego
3549 4059 3654 4100 non

2071 4127 2234 4181 uror?
2261 4125 2350 4197 (ΙΙ
2380 4127 2500 4182 Cor.
2533 4125 2652 4196 ιιι.)
2692 4126 2843 4192 Quod
2893 4142 2998 4182 non
3039 4127 3112 4182 ita
3160 4128 3370 4199 loquor,
3400 4136 3552 4201 quasi
3603 4146 3655 4192 te

2075 4217 2232 4272 aliter
2262 4217 2440 4272 facere
2489 4218 2680 4282 sciam,
2711 4217 2806 4272 sed
2839 4219 2958 4287 quia
3002 4219 3068 4275 de
3095 4219 3411 4288 quibusdam
3438 4225 3652 4294 episco-

2070 4308 2150 4374 pis
2173 4307 2309 4362 fama
2333 4307 2602 4378 vulgatum
2626 4315 2729 4376 est,
2760 4309 2902 4378 quod
2927 4310 3025 4379 ipsi
3058 4313 3126 4366 ita
3145 4309 3360 4369 Christo
3382 4318 3648 4384 serviant,

2073 4408 2130 4452 ut
2160 4399 2332 4454 nullos
2363 4414 2544 4454 secum
2591 4399 2817 4470 alicujus
2866 4401 3140 4472 religionis
3185 4414 3277 4459 aut
3307 4407 3652 4464 continentia:

385 4483 558 4554 xxv).
599 4485 656 4540 Si
703 4489 826 4555 quis
853 4505 1002 4557 vero,
1034 4489 1177 4558 quod
1225 4491 1384 4556 alisit,
1425 4495 1590 4563 gradu
1628 4498 1966 4568 episcopatus
1994 4527 2046 4588 υ
2074 4493 2214 4548 \‘it‘OS
2245 4491 2483 4588 habeam.
2504 4510 2516 4546 ε
2540 4492 2634 4588 εῄεξδ
2667 4495 2841 4588 Ροῑίυξ
2873 4492 2996 4588 ίμοε
3020 4496 3109 4562 (11³1
3141 4495 3292 4564 risui,
3315 4497 3474 4568 Ῐοοῖει
3501 4501 3652 4557 fab“-

386 4585 626 4644 arcepto,
658 4591 756 4632 nec
794 4577 1029 4648 seipsum
1061 4596 1088 4633 a
1118 4581 1271 4635 malis
1301 4584 1506 4638 actibus
1535 4584 1674 4641 bene
1709 4588 1956 4659 vivendo,

385 4681 481 4720 uec
502 4667 767 4722 subditam
793 4669 894 4725 sibi
931 4671 1138 4740 plebem
1167 4672 1495 4740 castigando,
1523 4675 1604 4729 Vt‘l
1628 4677 1965 4737 admonendo

384 4757 654 4829 corrigere
700 4767 857 4816 curat
887 4778 901 4815 :
932 4761 1058 4832 quid
1091 4761 1235 4833 huic,
1267 4763 1512 4821 veniente
1559 4767 1784 4824 Domino
1832 4769 1963 4827 hora

385 4933 547 5006 riensi
577 4936 900 4990 monasterio
938 4936 1109 4992 sancti
1159 4937 1320 4992 Petri.
1373 4937 1422 4994 ls
1473 4955 1571 5006 per
1616 4940 1959 5000 Nothelmum

385 5004 736 5066 Londinensis
767 5007 1021 5062 Ecclesiae
1052 5008 1420 5079 presbyterum
1453 5004 1612 5066 Beda:
1643 5016 1959 5070 munuscula

387 5076 721 5142 transmisit,
767 5086 822 5130 et
872 5076 1236 5141 tttouumenla,
1284 5095 1402 5148 qua:
1453 5081 1609 5134 Beihe
1660 5085 1958 5141 necessaria

388 5156 539 5198 erant
569 5146 620 5200 in
662 5151 1027 5215 componenda
1061 5146 1349 5217 Anglorum
1384 5151 1635 5205 Historia.
1675 5155 1798 5207 llarc
1838 5171 1957 5209 om-

389 5216 475 5268 nia
521 5226 767 5270 constant
814 5233 879 5271 ex
939 5218 1094 5272 Beda!
1147 5216 1453 5286 pia-latione
1504 5222 1568 5273 ad
1620 5223 1957 5280 (teolwll‘uni.

389 5286 554 5340 l‘orro
583 5286 719 5340 hanc
765 5288 1049 5356 epistolam
1077 5305 1140 5344 ex
1189 5305 1289 5344 ins.
1320 5292 1506 5346 codice
1539 5292 1814 5349 Mettensis
1845 5312 1959 5348 mo-

386 5356 603 5410 nasterii
631 5359 804 5412 sancti
849 5359 1051 5430 Arnu_lli
1081 5359 1243 5430 eruit,
1274 5361 1512 5430 mihique
1554 5365 1846 5420 transmisit
1875 5368 1958 5422 vir

384 5424 663 5504 religiosus
703 5427 933 5504 domnus
979 5427 1227 5504 Placidus
1280 5424 1660 5504 Beuvillonius,
1711 5434 1952 5504 ejusdem

385 5496 484 5549 loci
517 5506 627 5550 tum
659 5497 906 5573 subprior
941 5516 952 5551 :
985 5500 1170 5573 quoin
1201 5502 1385 5573 codice
1433 5496 1658 5556 habetur
1702 5496 1816 5560 hiee
1843 5508 1958 5573 epi-

379 5566 512 5620 stola
559 5581 680 5620 cum
729 5570 842 5646 hac.
879 5568 1225 5646 inscriptione
1257 5592 1270 5622 :
1320 5568 1512 5646 incipit
1542 5575 1778 5643 pra'fatio
1807 5566 1952 5646 pres—

382 5637 541 5705 byteri
595 5639 663 5690 ad
693 5639 964 5712 Alcuinum
1011 5641 1260 5712 abbatem.
1309 5643 1458 5705 Quod
1508 5637 1824 5712 argumento
1872 5658 1954 5702 est

381 5709 712 5773 superiorem
742 5709 1023 5776 epistolam
1054 5709 1382 5784 pra-rationis
1417 5713 1530 5765 vice
1570 5709 1620 5766 in
1662 5717 1952 5784 Allgiil'ﬂllil

382 5779 535 5834 Beda.-
567 5779 795 5835 llistoria
829 5779 991 5835 l‘uisse
1023 5781 1316 5850 appositam
1355 5798 1382 5834 a
1429 5783 1616 5840 scribis
1659 5779 1950 5855 nonnullis,

2078 4583 2165 4648 lis,
2195 4583 2680 4640 eomessatiouibus
2705 4593 2762 4639 et
2789 4585 3158 4655 ebrietatibus,
3189 4591 3506 4660 ueterisque
3530 4595 3652 4649 vita:

2068 4675 2390 4730 remissioris
2422 4675 2556 4747 ML,
2587 4675 3004 4749 remissioribus]
3033 4680 3298 4735 illecebris
3327 4683 3642 4751 subigantur

2067 4768 2196 4842 [AI.,
2246 4766 2636 4838 subjugantur],
2683 4778 2738 4823 et
2767 4770 2855 4838 qui
2905 4770 3074 4840 magis
3123 4775 3358 4840 quotidie
3401 4789 3643 4835 ventrem

2065 4943 2153 5015 qui
2186 4944 2434 5022 Albinum
2465 4943 2605 5022 hunc
2630 4944 2880 5022 eumdem
2904 4961 3040 5022 _rs_se
3066 4961 3187 5022 cum
3237 4948 3462 5022 Ale‘iiino
3492 4963 3644 5022 puta-

2065 5014 2286 5091 verunt._
2434 5015 2724 5091 observare
2748 5015 2942 5091 juverit
2972 5017 3046 5091 in‘
3069 5018 3280 5087 vulgata
3329 5014 3506 5076 Bedzn'
3529 5027 3643 5091 epi-

2063 5087 2195 5140 stola
2222 5084 2287 5138 ad
2315 5083 2660 5160 Wichredum
2690 5087 2753 5138 de
2776 5087 3080 5160 requinoctio
3123 5083 3275 5142 υένιιο
3305 5091 3463 5160 juxta
3503 5083 3643 5148 mia-

2064 5155 2281 5218 talium,
2332 5155 2526 5223 apponi
2595 5157 3082 5231 exempl_utn_anni
3139 5155 3477 5226 acccesxvr;
3533 5181 3639 5231 quo

2063 5225 2309 5292 exemplo
2341 5225 2599 5280 adductus
2629 5225 2884 5280 Baronius
2912 5226 3066 5280 Beda:
3088 5236 3299 5283 :ctatem
3325 5233 3460 5284 ultra
3496 5225 3638 5287 hunc

2062 5311 2260 5349 annum
2293 5298 2616 5370 prorogavit.
2655 5295 2866 5370 Verum
2890 5299 3281 5370 inuveterrimo
3327 5299 3484 5366 hujus
3521 5306 3636 5370 epi-

2062 5367 2215 5419 stola:
2245 5367 2564 5430 exemplari,
2596 5366 2737 5434 quod
2771 5367 2822 5419 in
2854 5365 3172 5421 bibliotheca
3224 5365 3502 5425 Lauhiensi
3544 5365 3633 5426 as-

2061 5444 2328 5502 servatur,
2359 5451 2464 5489 non
2495 5444 2770 5505 comparet
2807 5436 2908 5490 hoc
2951 5437 3280 5504 exemplum,
3322 5441 3438 5494 sine
3474 5443 3636 5498 dubio

2063 5506 2318 5559 insertum
2347 5506 2647 5578 a‘ligbrario,
2676 5507 2764 5578 qui
2794 5521 2860 5560 eo
2890 5521 3030 5560 anno
3061 5507 3197 5561 hanc
3228 5510 3508 5578 epistolam
3537 5513 3633 5569 de—

2061 5576 2349 5663 scribebat;
2383 5574 3105 5663 (Mantumxet.Analecfafi
3251 5574 3352 5663 ,λη
3426 5651 3456 5663 η
3526 5653 3538 5663 .

2134 5659 2158 5684 ι·
2202 5646 2296 5699 llic
2327 5647 2494 5698 factus
2522 5655 2604 5720 est
2630 5645 2812 5720 ‘Ebor.
2844 5648 3080 5720 antistes
3109 5663 3217 5720 an._
3251 5648 3375 5703 7.39..
3425 5651 3631 5720 Scripta

2061 5729 2142 5773 e~t
2185 5719 2296 5772 lucc
2344 5717 2563 5787 cpistola
2597 5716 2736 5770 circa
2785 5717 2990 5772 initium
3021 5733 3110 5773 an.
3155 5717 3287 5800 751,
3341 5737 3447 5790 quo
3491 5716 3630 5778 Beda

2062 5792 2184 5844 tiltzil
2200 5826 2211 5839 .
