4220 6522
562 358 591 407 (ἶ
602 357 664 411 59

1262 366 1460 423 BEDAE
1500 368 1951 427 VENERABILIS
1988 370 2139 427 OPP.
2182 372 2359 432 PARS
2397 374 2490 432 Ill.
2526 405 2600 419 —
2638 377 3113 437 PARENETICA.

3720 390 3827 446 660

566 473 814 541 dapibus,
848 488 1004 543 quam
1038 486 1268 532 mentem
1299 481 1576 538 sacrificiis
1594 486 1897 541 caelestibus
1917 496 2136 556 pascant
2163 488 2215 549 Α
2242 487 2408 543 tidoto
2435 490 2696 559 spirituali
2735 506 2922 549 contra
2963 496 3162 550 diaboli
3204 510 3405 553 venena
3451 516 3570 571 qum
3602 503 3709 560 illis
3738 504 3827 558 in-

562 565 696 629 ΜΛ,
730 566 959 639 parcnt].
1012 570 1155 635 Quos
1192 580 1276 624 tua
1307 583 1491 627 sancta
1533 579 1845 631 auctoritate
1867 578 1909 631 si
1942 577 2135 635 alicubi

561 658 827 723 repereris
856 658 1012 712 velim
1045 660 1304 730 corrigas,
1335 678 1660 734 moneasque
1692 668 1812 721 illos
1858 669 1991 723 tales
2021 684 2132 724 sua:

561 748 982 804 conversationis
1021 751 1225 805 diorum
1254 752 1373 808 sive
1409 764 1684 809 nocturna:
1716 766 1879 811 testes
1908 758 2130 821 habere,

560 836 648 903 qui
676 846 730 890 et
753 839 967 893 actione
1014 839 1126 895 Deo
1171 842 1331 911 digna
1377 852 1433 899 et
1477 845 1857 903 exhortatione
1899 863 2135 916 congrua

564 928 816 993 prodesse
839 932 1072 1000 pupulis,
1116 948 1179 989 ac
1229 936 1505 1004 spirituale
1557 940 1792 1007 ipsorum
1840 942 2135 995 antisutum

559 1035 692 1088 opus
707 1023 899 1090 iuvare
926 1024 1212 1082 sufficiant.
1240 1028 1378 1098 Lege
1399 1032 1539 1086 enim
1564 1033 1725 1087 Actus
1746 1038 2131 1101 apostolorum,

560 1123 615 1166 et
645 1114 869 1183 videbis,
904 1119 1172 1175 referente
1202 1120 1358 1177 beato
1398 1123 1562 1189 Luca,
1592 1130 1780 1196 quales
1828 1142 2008 1182 secum
2039 1142 2133 1181 co-

556 1205 715 1259 mites
752 1209 978 1277 apostoli
1015 1210 1207 1265 Paulus
1252 1221 1306 1267 et
1352 1213 1619 1270 Barnabas
1672 1217 1971 1285 habuerint,
2010 1218 2133 1286 quid

557 1296 722 1351 etiam
757 1301 878 1369 ipsi,
932 1303 1234 1373 ubicunque
1282 1306 1645 1371 devertissent,
1692 1309 1874 1376 operis
1905 1312 2132 1379 egerint.

552 1385 746 1443 Statim
795 1406 1023 1458 namque
1056 1403 1113 1448 ut
1141 1395 1382 1450 civitates
1431 1397 1519 1450 vel
1566 1412 1864 1467 synagogas
1912 1400 2134 1467 ingressi

553 1491 701 1548 sunt,
729 1486 949 1539 verbum
989 1486 1082 1541 Dei
1115 1488 1425 1556 praedicare,
1471 1498 1525 1542 et
1555 1505 1649 1557 per
1676 1494 1851 1544 omnia
1885 1492 2132 1547 dissemi-

557 1590 686 1631 nare
711 1578 993 1633 curabant.
1042 1579 1193 1646 Quod
1225 1582 1385 1635 etiam
1445 1590 1516 1647 te,
1564 1582 1971 1639 dilectissimum
2005 1586 2132 1640 mihi

555 1679 736 1734 caput,
776 1670 1039 1738 sagaciter
1068 1670 1303 1740 cupiam,
1337 1673 1637 1742 ubicunque
1689 1687 1840 1743 potes
1889 1678 2131 1747 implere.

558 1757 611 1808 lu
657 1758 759 1812 hoc
789 1774 1014 1828 namque
1063 1762 1297 1815 officium
1342 1779 1370 1815 a
1409 1764 1633 1819 Domino
1674 1768 1901 1831 electus,
1950 1771 2001 1823 in
2034 1771 2133 1826 hoc

551 1861 898 1906 consecratus
926 1868 983 1907 es
1029 1853 1161 1925 [Al.,
1214 1854 1454 1923 implere.
1510 1857 1563 1910 ltt
1611 1858 1712 1911 hoc
1742 1858 2127 1932 consecratus],
2165 1846 2207 1905 Β

550 1950 608 1994 ιιι
637 1942 854 1997 verbum
886 1947 1221 2012 evatzgelizes
1253 1947 1446 2001 virtute
1498 1962 1685 2017 magna
1738 1948 1871 2021 [.lL,
1922 1950 2131 2022 multa],

549 2033 822 2101 praebente
850 2032 941 2089 tibi
982 2036 1241 2090 auxilium
1274 2038 1390 2104 ipso
1424 2037 1569 2107 Rege
1611 2044 1868 2092 virtutum
1907 2041 2133 2097 Domino

550 2133 735 2179 nostro
764 2124 888 2180 Jesu
936 2125 1170 2181 Christo.
1204 2128 1358 2194 Quod
1406 2128 1475 2182 ita
1528 2129 1627 2183 tite
1659 2132 1902 2198 perficies
1930 2133 1975 2186 si
2009 2134 2128 2187 ubi-

548 2232 760 2287 cunque
790 2219 1121 2287 perveneris,
1154 2236 1275 2274 mox
1302 2220 1545 2275 collectis
1573 2223 1637 2276 ad
1667 2233 1719 2278 te
1752 2225 1993 2292 ejusdem
2024 2228 2125 2282 loci

549 2312 760 2375 incolis,
794 2312 1015 2367 verbum
1044 2313 1151 2367 illis
1179 2313 1568 2369 exhortationis
1602 2317 1929 2383 exhibueris,
1964 2321 2122 2375 simul

546 2412 602 2459 et
627 2408 935 2474 exemplum
963 2408 1173 2462 vivendi
1226 2423 1328 2462 una
1373 2425 1492 2463 cum
1535 2411 1783 2465 omnibus
1813 2412 1902 2481 qui
1950 2422 2125 2468 tecum

546 2497 796 2553 venerint
828 2498 980 2568 quasi
1005 2498 1241 2553 caelestis
1270 2499 1473 2554 militiae
1503 2501 1693 2555 ductor
1732 2504 2053 2559 ostenderis.

620 2610 687 2663 lit
710 2611 831 2679 quia
865 2612 1054 2666 latiora
1079 2622 1203 2666 sunt
1228 2612 1396 2681 spatia
1427 2613 1665 2668 locorum
1696 2631 1815 2685 quae
1838 2617 1902 2670 ad
1929 2618 2126 2687 guber-

545 2702 732 2754 nacula
778 2712 881 2755 tua:
932 2702 1182 2757 dimcesis
1214 2703 1507 2772 pertinent,
1557 2720 1718 2772 quam
1751 2716 1807 2760 ut
1836 2708 1981 2763 solos
2032 2725 2126 2777 per

539 2794 715 2848 e-nnia
749 2794 1075 2858 discurrere,
1109 2802 1165 2849 et
1205 2794 1259 2849 in
1302 2794 1527 2862 singulis
1556 2797 1747 2850 viculis
1786 2808 1947 2867 atque
1975 2802 2123 2869 agel-

543 2887 610 2940 lis
636 2887 852 2942 verbum
880 2887 970 2941 Dei
1003 2887 1318 2954 prtedicare,
1358 2889 1518 2941 etiam
1550 2890 1673 2943 anni
1709 2890 1870 2945 totius
1902 2907 2124 2947 emenso

542 2977 830 3045 curriculo,
876 2978 1138 3039 sufficias;
1171 2979 1531 3033 necessarium
1561 2980 1693 3035 satis
1723 2990 1825 3040 est.
1858 2992 1913 3035 ut
1944 2984 2123 3052 plures

542 3068 641 3122 tibi
673 3068 810 3123 sacri
837 3072 1014 3137 operis
1054 3069 1330 3139 adjutores
1374 3071 1625 3135 asciscas,
1678 3074 2017 3143 presbyteros
2044 3076 2121 3129 vi-

543 3161 739 3217 delicet
786 3161 1108 3230 ordinando,
1160 3170 1319 3232 atque
1358 3161 1686 3217 instituendo
1716 3164 1983 3231 doctores,
2027 3168 2114 3235 qui

540 3253 594 3307 in
646 3253 867 3322 singulis
898 3253 1081 3308 viculis
1115 3254 1454 3323 praedicando
1506 3253 1596 3309 Dei
1656 3258 1839 3323 verbo,
1884 3267 1939 3313 et
1981 3275 2112 3313 con-

539 3345 811 3400 secrandis
865 3347 1136 3419 mysteriis
1190 3346 1535 3412 cmlestibus,
1588 3361 1651 3401 ac
1705 3349 1933 3405 maxime
1997 3366 2116 3419 per-

535 3438 756 3508 agendis
803 3438 943 3493 sacri
985 3438 1321 3509 baptismatis
1361 3439 1575 3503 officiis,
1609 3440 1696 3494 ubi
1744 3444 2117 3511 Opportunitas

540 3530 824 3600 ingruerit,
873 3532 1139 3587 insiStant.
1193 3531 1246 3587 In
1301 3548 1403 3602 qua
1439 3532 1689 3588 videlicet
1737 3536 2117 3605 praedicatione

536 3623 746 3691 pepulis
775 3623 1099 3689 exhibenda,
1135 3625 1235 3678 hoc
1266 3639 1376 3694 pra:
1423 3626 1635 3681 czeteris
1665 3627 1812 3680 omni
1858 3628 2113 3684 instantia

534 3713 931 3787 procurandum
983 3714 1235 3780 arbitror,
1294 3726 1349 3768 ut
1409 3714 1564 3769 fidem
1622 3717 1940 3771 catholicam
1996 3736 2114 3789 qua:

537 3805 897 3873 apostolorum
973 3804 1231 3875 Symbolo
1297 3806 1625 3873 continetur,
1678 3817 1729 3862 et
1783 3808 2112 3865 Dominicam

536 3905 835 3957 orationem
860 3916 1016 3972 quam
1046 3904 1213 3956 sancti
1242 3903 1517 3973 Evangelii
1550 3918 1650 3958 nos
1681 3904 1953 3974 Scriptura
1981 3906 2112 3961 edo-

533 4002 637 4059 cet,
668 3995 905 4071 omnium
934 3995 1021 4065 qui
1049 3995 1114 4049 ad
1140 4005 1287 4049 tuum
1323 3996 1560 4065 regimen
1597 3996 1881 4065 pertinent,
1908 4014 2112 4051 memo-

532 4081 628 4137 ria:
665 4083 919 4139 radicitus
951 4084 1173 4154 infigere
1211 4099 1391 4142 cures.
1440 4087 1502 4139 Et
1550 4088 1764 4156 quidem
1807 4102 1993 4141 omnes
2019 4089 2109 4158 qui

531 4173 771 4229 Latinam
804 4176 1032 4244 linguam
1061 4178 1306 4234 lectionis
1334 4194 1430 4233 usu
1455 4178 1781 4245 didicerunt,
1806 4179 1967 4233 etiam
1994 4180 2110 4233 haec

527 4265 732 4332 optime
760 4265 1011 4322 didicisse
1040 4268 1398 4321 certissinmm
1441 4277 1522 4322 est
1562 4287 1574 4321 :
1608 4269 1700 4321 sed
1755 4269 1971 4337 idiotas,
2009 4272 2109 4324 hoc

526 4368 633 4424 est,
662 4374 755 4414 eos
784 4361 873 4429 qui
903 4361 1131 4430 propria:
1156 4371 1357 4416 tantum
1384 4362 1577 4432 lingua:
1609 4364 1849 4416 notitiam
1886 4364 2103 4430 habent,

527 4453 643 4507 hcce
672 4453 782 4521 ipsa
812 4467 905 4508 sua
935 4453 1107 4523 lingua
1147 4455 1343 4519 dicere,
1390 4469 1452 4508 ac
1492 4453 1680 4509 sedqu
1712 4455 1999 4510 tle-Cuttlal'e
2032 4458 2103 4509 fa-

2145 3209 2194 3271 ο

2243 580 2415 634 terdiu
2446 582 2529 636 vel
2570 592 2730 637 noctu
2756 594 2871 640 astu
2912 590 3143 659 maligno
3172 590 3406 657 obiicere
3433 605 3638 663 posset,
3682 612 3825 666 prae-

2242 672 2499 726 muniant.
2535 674 2837 731 Orationem
2877 694 3004 734 vero
3048 681 3375 738 Dominicam
3406 686 3601 753 saepius
3625 687 3828 741 decan-

2243 763 2339 815 tari
2366 762 2495 834 [Al.,
2536 765 2763 836 cantari]
2805 769 2916 838 ipsa
2946 772 3106 826 etiam
3135 788 3232 827 nos
3258 779 3588 831 consuetudo
3618 778 3825 833 sedula:

2239 856 2632 923 deprecationis
2657 874 2720 916 ac
2745 876 2977 931 genuum
3008 864 3251 922 flexionis
3278 867 3479 925 docuit.

2311 948 2460 1012 Quod
2494 950 2537 1003 si
2573 949 2686 1006 btec
2715 961 2770 1005 ut
2810 956 3143 1023 suggerimus
3187 956 3241 1010 in
3290 959 3539 1029 regendis
3584 976 3817 1029 pascen-

2239 1039 2428 1108 dis-que
2459 1043 2656 1098 Christi
2688 1047 2878 1102 ovibus
2926 1057 3011 1101 tua
3061 1052 3344 1117 pastoralis
3378 1052 3663 1109 auctoritas
3693 1073 3821 1122 per-

2242 1130 2461 1198 fecerit,
2502 1134 2602 1189 dici
2634 1153 2740 1189 non
2775 1148 2949 1205 potest
2977 1150 3233 1208 quantum
3267 1142 3364 1197 tibi
3394 1158 3639 1212 supernae
3669 1162 3819 1201 mer-

2240 1225 2386 1277 cedis
2418 1226 2557 1294 apud
2600 1227 2874 1284 Pastorem
2925 1241 3196 1300 pastorum
3246 1234 3296 1288 in
3345 1232 3521 1289 futuro
3552 1251 3819 1305 praepara-

2241 1320 2401 1372 veris.
2432 1321 2649 1386 Quanto
2675 1324 2816 1378 enim
2848 1326 3047 1380 rariora
3082 1327 3237 1396 hujus
3265 1329 3608 1384 sacratissimi
3636 1331 3819 1398 operis

2240 1410 2292 1464 in
2321 1413 2586 1481 episcopis
2619 1425 2816 1471 nostrte
2863 1419 3037 1485 gentis
3082 1420 3327 1487 exempla
3373 1422 3615 1489 reperis,
3666 1432 3818 1475 tanto

2238 1504 2426 1559 altiora
2472 1507 2756 1577 singularis
2798 1510 2971 1563 meriti
3016 1512 3232 1579 prmmia
3264 1512 3369 1583 [ΑΙ.
3414 1529 3516 1567 om.
3571 1512 3815 1587 prmmia]

2240 1596 2495 1665 recipies;
2532 1608 2717 1668 utpote
2746 1601 2834 1669 qui
2865 1602 3114 1669 pupulum
3145 1602 3236 1655 Dei
3267 1618 3362 1672 per
3385 1605 3626 1658 crebram
3656 1606 3817 1674 Sym-

2240 1688 2348 1742 boli
2376 1689 2458 1743 vel
2488 1690 2756 1745 Orationis
2810 1706 2979 1747 saera:
3025 1694 3454 1750 decantationem
3498 1696 3562 1749 ad
3606 1697 3817 1752 intelle-

2238 1789 2407 1846 ctum,
2437 1796 2701 1848 amorem,
2734 1800 2909 1855 spem,
2958 1786 3113 1840 fidem
3166 1798 3220 1841 et
3270 1789 3664 1857 inquisitionem
3712 1805 3811 1844 eo-

2240 1875 2482 1931 rumdem
2510 1891 2632 1945 quae
2659 1878 3015 1935 decantantur
3044 1882 3342 1937 cmlesuum
3373 1884 3632 1938 donorum
3655 1926 3669 1949 ,
3718 1902 3811 1955 pa-

2236 1974 2386 2020 terna
2415 1968 2612 2037 pietate
2636 1984 2699 2023 ac
2722 1971 3083 2026 sollicitudine
3112 1985 3450 2041 provocatum
3476 1978 3806 2032 accenderis.

2237 2058 2387 2113 Sicut
2442 2075 2474 2114 e
2524 2063 2797 2116 contrario
2852 2062 2897 2116 si
2954 2066 3299 2120 commissum
3355 2068 3447 2121 tibi
3502 2084 3530 2121 a
3586 2068 3810 2123 Domino

2236 2155 2507 2223 negotium
2548 2155 2728 2210 minus
2756 2157 3042 2227 diligenter
3075 2162 3462 2229 compleveris,
3513 2179 3605 2231 pro
3634 2176 3808 2219 reten-

2235 2242 2378 2299 tione
2409 2245 2594 2299 talenti
2622 2260 2743 2301 cum
2774 2262 2930 2301 servo
2960 2265 3183 2313 nequam
3226 2265 3277 2306 et
3320 2254 3470 2319 pigro
3500 2264 3699 2323 partem
3748 2271 3807 2310 es

2232 2345 2543 2405 recepturus
2574 2338 2625 2391 in
2659 2338 2835 2392 futuro
2863 2359 2874 2394 :
2926 2342 3156 2396 maxime
3188 2344 3229 2395 si
3267 2346 3572 2411 temporalia
3604 2346 3671 2399 ab
3700 2347 3805 2401 illis

2230 2429 2509 2482 commoda
2562 2430 2845 2498 requirere
2891 2441 3049 2498 atque
3098 2437 3341 2496 accipere
3376 2438 3801 2503 prmsumpseris,

2230 2517 2423 2579 quibus
2455 2520 2597 2571 nulla
2629 2521 2866 2574 cmlestis
2910 2522 3151 2577 beneficii
3183 2524 3321 2577 dona
3353 2528 3642 2593 rependere
3682 2543 3802 2593 pro-

2230 2605 2468 2661 baveris.
2523 2608 2656 2662 Cum
2689 2613 2831 2664 enim
2866 2612 3127 2666 Dominus
3160 2617 3375 2669 mittens
3424 2618 3489 2669 ad
3534 2621 3799 2685 evangeli-

2228 2698 2458 2752 z'tndum
2516 2700 2809 2769 discipulos
2862 2700 2969 2773 [ΑΙ.
3023 2720 3129 2758 om.
3178 2703 3489 2776 discipulos]
3535 2707 3798 2762 dixisset:

2232 2790 2423 2845 Euntes
2466 2802 2638 2845 autem
2678 2794 2973 2861 prmdicnte,
3009 2798 3234 2848 direntcs
3263 2798 3382 2865 quia
3431 2800 3802 2867 nppmpiuquat

2225 2900 2438 2954 regnum
2483 2888 2728 2940 malorum
2752 2886 2961 2956 (Matth.
2994 2890 3089 2957 x):
3145 2891 3303 2957 paulo
3352 2899 3471 2956 post
3519 2892 3801 2958 subiunxit

2227 2977 2359 3049 HL,
2384 2977 2446 3030 ad
2450 2976 2669 3049 iunxit],
2695 2978 2882 3033 dicens
2908 2996 2919 3030 :
2954 2978 3128 3033 Gratis
3159 2980 3441 3049 accepistis,
3465 2983 3622 3050 gratis
3650 2982 3800 3043 date;

2228 3067 2405 3122 Nolite
2434 3069 2700 3138 possidere
2728 3085 2913 3121 aurum
2938 3113 2952 3129 ,
2995 3086 3157 3138 neque
3195 3081 3456 3138 argentum
3484 3068 3689 3140 (Ibid.).
3741 3073 3796 3126 Si

2225 3172 2353 3226 ergo
2383 3158 2503 3212 illos
2528 3159 2697 3226 gratis
2736 3159 3076 3226 Evangelium
3109 3160 3395 3225 przcdicare
3420 3161 3600 3228 jussit,
3632 3176 3799 3229 neque

2226 3264 2414 3302 aurum
2444 3250 2527 3304 vel
2559 3259 2862 3319 argentum,
2891 3251 2971 3303 vel
2996 3251 3191 3316 aliquid
3225 3253 3463 3319 pecuniae
3489 3254 3797 3319 temporalis

2222 3342 2291 3395 ab
2332 3341 2415 3396 eis
2455 3342 2645 3407 quibus
2686 3342 3044 3409 praedicabant
3073 3344 3314 3411 accipere
3346 3345 3625 3412 permisit:
3670 3344 3796 3414 quid

2223 3449 2353 3503 rogo
2393 3435 2498 3489 illis
2541 3435 2630 3505 qui
2663 3434 2746 3489 his
2787 3436 3054 3490 contraria
3097 3447 3318 3505 gerunt,
3367 3437 3586 3504 periculi
3618 3437 3796 3491 immi-

2222 3526 2386 3579 ncat?

2297 3619 2526 3673 Attende
2556 3619 2679 3689 quid
2712 3621 3011 3689 gravissimi
3045 3621 3265 3676 sceleris
3311 3622 3385 3675 illi
3426 3621 3797 3675 commiserint

2221 3709 2310 3780 qui
2348 3720 2400 3763 et
2432 3719 2641 3764 terrena
2673 3712 2741 3765 ab
2771 3712 3106 3766 auditoribus
3148 3712 3260 3765 suis
3308 3712 3451 3765 lucra
3489 3712 3793 3781 diligentis-

2220 3801 2355 3855 sime
2386 3801 2660 3871 requirere
2686 3846 2701 3871 ,
2752 3811 2807 3857 et
2858 3818 2956 3869 pro
3002 3819 3187 3857 eorum
3226 3804 3400 3858 salute
3426 3813 3626 3857 aeterna
3661 3803 3792 3857 nihil

2218 3896 2440 3950 omnino
2463 3895 2823 3965 praedicando,
2849 3898 2930 3951 vel
2954 3898 3306 3961 exhortando,
3334 3899 3416 3953 vel
3443 3896 3792 3965 increpando,

2220 3988 2418 4044 laboris
2447 3990 2763 4058 impendere
2792 3991 3125 4045 contendunt
3154 3990 3284 4063 [Al.,
3311 3986 3638 4060 intendunt].
3672 3988 3796 4044 Sol-

2216 4080 2361 4136 licite
2392 4092 2551 4150 atque
2581 4081 2878 4136 intentione
2909 4083 3144 4148 curiosa,
3174 4082 3396 4135 antistes
3422 4080 3793 4142 dilectissime,

2218 4174 2510 4242 perpende.
2544 4174 2857 4229 Audivimus
2885 4176 3053 4237 enim,
3083 4183 3139 4228 et
3166 4174 3301 4227 fama
3329 4183 3429 4238 est,
3460 4172 3578 4243 quia
3608 4170 3793 4226 multa:

2214 4268 2354 4321 villm
2388 4282 2451 4322 ac
2477 4267 2633 4322 viculi
2667 4279 2865 4322 nostra:
2894 4269 3067 4335 gentis
3106 4268 3156 4319 in
3202 4267 3471 4320 montibus
3500 4266 3606 4318 sint
3636 4263 3791 4316 inac-

2213 4358 2381 4411 cessis
2411 4372 2473 4412 ae
2501 4356 2723 4411 saltibus
2753 4357 2990 4411 dumosis
3020 4355 3203 4426 positi,
3234 4356 3320 4409 ubi
3351 4370 3621 4425 nunquam
3653 4354 3794 4407 mul-

2214 4452 2285 4505 tis
2317 4451 2717 4506 transeuntibus
2746 4451 2900 4505 annis
2928 4450 3000 4504 sit
3022 4451 3168 4504 visus
3194 4448 3438 4515 antistes,
3471 4448 3559 4513 qui
3591 4445 3787 4501 ibidem

526 4543 655 4597 cito.
685 4544 837 4610 Quod
888 4562 991 4600 non
1033 4546 1207 4599 solum
1240 4548 1304 4600 de
1338 4546 1510 4611 laicis,
1544 4546 1593 4598 id
1627 4557 1730 4614 est,
1778 4546 1828 4599 in
1865 4547 2098 4613 populari
2137 4565 2186 4625 υ
2215 4543 2413 4613 aliquid
2457 4544 2739 4598 ministerii
2787 4552 2875 4595 aut
2923 4542 3108 4610 gratia!
3154 4542 3387 4596 cmlesus
3436 4538 3784 4602 exhibuerit;

522 4634 699 4691 adhuc
728 4636 833 4690 vita
866 4638 1191 4705 constitutis,
1222 4653 1408 4692 verum
1450 4637 1607 4691 etiam
1654 4638 1720 4691 de
1750 4637 1961 4692 clericis
1990 4639 2104 4693 sive

523 4727 802 4783 monachis
853 4728 941 4798 qui
1003 4725 1209 4783 Latiare
1263 4737 1389 4782 sunt
1444 4728 1638 4797 linguae
1681 4739 1928 4795 expertes
1989 4728 2101 4782 fieri

520 4828 753 4888 opertet.
783 4820 871 4875 Sic
899 4820 1041 4875 enim
1076 4820 1133 4874 fit
1176 4829 1234 4874 ut
1263 4830 1433 4875 cmtus
1474 4821 1650 4875 omnis
1700 4820 1939 4876 fidelium
1968 4836 2104 4889 quo-

520 4910 683 4965 modo
728 4910 901 4967 ﬁdelis
927 4927 1069 4976 esse,
1100 4928 1201 4981 qua
1245 4928 1304 4967 se
1337 4914 1587 4968 firmitate
1616 4913 1868 4967 credendi
1914 4923 2097 4967 contra

521 5000 917 5055 immuudnrum
977 5001 1258 5070 spirituum
1325 5002 1617 5057 certamina
1689 5002 1897 5057 munire
1944 5012 2102 5071 atque

516 5105 731 5147 armare
772 5093 987 5158 debeat,
1037 5092 1243 5159 discat;
1274 5094 1372 5157 sie,
1425 5103 1481 5147 ut
1526 5095 1725 5147 chorus
1770 5095 1902 5166 ML,
1938 5094 2018 5148 Fit
2046 5103 2103 5147 ut

516 5182 735 5257 chorus]
783 5186 958 5238 Omnis
1016 5183 1128 5239 Deo
1166 5185 1578 5253 supplicantium
1620 5182 1745 5251 quid
1795 5185 2028 5237 maxime
2068 5200 2096 5239 a

517 5275 696 5330 divina
729 5277 1014 5331 clementia
1059 5276 1225 5344 quaeri
1268 5282 1535 5345 oporteat,
1568 5285 1840 5345 agnoscat.
1881 5275 2102 5343 f‘rOptcr

514 5365 657 5433 quod
702 5375 757 5420 et
788 5366 905 5434 ipse
938 5365 1117 5421 multis
1166 5380 1311 5434 serpe
1361 5364 1730 5419 sacerdotibus
1778 5364 1956 5418 idiotis
1988 5364 2101 5420 ha-c

514 5466 761 5525 utraque,
792 5466 845 5510 et
875 5457 1186 5526 Symbolum
1219 5456 1490 5523 videlicet,
1525 5465 1577 5511 et
1612 5455 1941 5509 Dominicam
1966 5469 2093 5507 ora-

518 5550 714 5604 tionem
771 5550 822 5602 in
880 5550 1114 5619 linguam
1169 5549 1461 5620 Anglorum
1533 5548 1845 5602 translatam
1907 5546 2096 5602 obtuli.

512 5637 642 5690 Nam
672 5648 726 5693 et
772 5650 990 5693 sanctus
1018 5641 1241 5693 antistes
1283 5639 1599 5693 Ambrosius
1644 5639 1744 5692 hoc
1784 5639 1850 5691 tle
1879 5637 1981 5691 fide
2015 5638 2095 5691 lo-

512 5744 683 5797 quens
709 5730 980 5797 admonet,
1010 5739 1068 5786 ut
1088 5733 1249 5786 verba
1296 5734 1537 5803 Symboli
1575 5733 1852 5787 matutinis
1882 5747 2082 5801 sempe.

515 5819 660 5875 boris
707 5819 896 5877 fideles
932 5821 1128 5892 quique
1155 5821 1459 5888 decantent,
1505 5829 1558 5879 et
1591 5821 1690 5880 hoc
1719 5837 1777 5879 sc
1817 5821 1969 5894 quasi
2001 5838 2095 5881 an-

2214 4652 2438 4705 qnorum
2484 4646 2661 4690 tamen
2706 4648 2807 4689 nec
2848 4647 2987 4687 unus
3016 4634 3231 4701 quidem
3262 4647 3289 4685 a
3322 4630 3531 4685 tributis
3560 4628 3784 4682 antistiti

2211 4727 2498 4781 reddendis
2544 4740 2664 4780 esse
2710 4724 2877 4791 possit
2916 4723 3204 4777 immunis:
3249 4736 3346 4775 nec
3385 4721 3557 4773 solum
3591 4717 3784 4770 talibus

2208 4821 2340 4875 locis
2370 4821 2509 4875 desit
2537 4820 2761 4873 antistes
2787 4818 2875 4888 qui
2904 4833 3091 4872 manus
3119 4816 3461 4886 impositione
3491 4814 3782 4877 baptizatos

2207 4914 2527 4978 confirmet,
2576 4927 2759 4966 verum
2804 4913 2964 4967 etiam
3010 4910 3185 4963 omnis
3223 4909 3413 4962 doctor
3439 4908 3527 4977 qui
3572 4922 3665 4960 eos
3698 4906 3780 4959 vel

2209 5008 2329 5061 fidei
2388 5007 2665 5060 veritatem
2726 5006 2807 5058 vel
2866 5006 3244 5057 discretionem
3300 5003 3454 5056 bona:
3513 5015 3573 5054 ac
3628 4999 3782 5052 make

2204 5101 2434 5155 actionis
2465 5100 2705 5162 edoceat,
2738 5097 2896 5152 absit.
2948 5098 3144 5166 Sicque
3184 5096 3270 5159 fit,
3316 5103 3372 5147 nt
3401 5094 3777 5160 episcoporum

2205 5195 2419 5267 quidam
2476 5210 2580 5248 non
2632 5194 2803 5246 solum
2855 5194 3021 5261 gratis
3073 5205 3178 5243 non
3229 5187 3599 5255 evangelizent
3645 5182 3779 5254 [.ll.,

2204 5289 2418 5357 quidem
2469 5303 2572 5339 non
2618 5286 2791 5339 snlum
2830 5286 2999 5352 gratis
3028 5276 3445 5351 evangelizent],
3475 5278 3556 5333 vel
3590 5291 3781 5331 manus

2207 5382 2451 5437 fidelibus
2483 5382 2792 5447 impoaant;
2826 5392 3009 5431 verum
3048 5377 3232 5441 etiam,
3266 5373 3404 5442 quod
3437 5371 3648 5439 gravius
3677 5381 3778 5430 esu

2202 5487 2417 5543 accepta
2450 5475 2517 5530 ab
2545 5473 2879 5527 auditoribus
2906 5471 3017 5525 suis
3046 5470 3305 5537 pecunia,
3335 5482 3491 5535 quam
3526 5464 3780 5519 Dominus

2202 5566 2505 5636 prohibuit,
2546 5579 2678 5633 opus
2708 5563 2857 5617 verbi
2886 5561 3027 5630 quod
3060 5559 3315 5613 Dominus
3340 5557 3497 5626 jussit
3527 5568 3779 5609 exercere

2200 5665 2581 5713 contemnant:
2625 5671 2747 5711 cum
2801 5655 2909 5708 Deo
2954 5654 3181 5707 dilectus
3232 5650 3467 5719 pontifex
3516 5646 3773 5708 Samuel,

2200 5751 2355 5819 longe
2382 5748 2535 5802 aliter
2557 5748 2747 5803 fecisse
2768 5746 2911 5801 omni
2945 5744 3142 5814 populo
3173 5751 3309 5797 teste
3333 5742 3555 5809 legatur.
3588 5735 3771 5804 Itaque

2201 5849 2555 5907 conversatus,
2600 5840 2799 5911 inquit,
2827 5853 2998 5892 coram
3031 5836 3163 5891 vobis
3191 5834 3251 5888 ab
3278 5830 3617 5889 adolescentia
3655 5843 3771 5881 mm
