4220 6456
446 330 538 383 66!
1638 331 1824 383 Sl‘ICT.
1871 329 1957 382 IV.
1996 358 2063 367 —
2105 327 2474 386 EPISTULJ'J.

3604 337 3706 390 613‘)

441 472 595 524 atoue
621 456 688 508 ad
718 455 853 508 diem
882 452 1013 506 hunc
1036 493 1051 517 ,
1096 468 1207 505 ecce
1238 463 1421 520 privato
1447 466 1558 504 sum
1588 492 1603 515 ,
1656 446 1921 517 loquimini
1953 444 2017 495 tle
2048 445 2094 501 Α
2126 448 2257 515 ML,
2293 446 2512 500 liberius
2540 447 2746 518 possit].
2799 448 2929 515 Quis
2961 450 3104 503 enim
3154 466 3255 503 non
3288 452 3467 505 videat
3497 468 3699 522 (planta

438 566 516 601 tne
536 564 707 601 coram
737 546 956 599 Domino
985 555 1030 598 et
1054 560 1223 598 coram
1252 544 1454 598 Christo
1479 545 1615 614 ejus,
1651 552 1817 593 utrum
1841 542 2016 591 bovem

435 642 660 709 alicujus
694 640 917 699 tulerim,
947 654 1015 690 an
1039 638 1261 699 asinum,
1285 638 1329 687 si
1356 636 1641 705 quempiam
1675 633 2017 684 calumniatus

436 748 571 794 sum,
595 732 638 783 si
661 729 890 798 oppressi
915 728 1159 796 aliquem,
1185 729 1228 779 si
1249 729 1313 780 de
1334 743 1486 779 manu
1510 727 1807 793 cujusquam
1837 739 2017 774 munus

437 822 605 889 accepi
630 837 647 871 :
688 834 733 874 et
760 830 1079 874 contemnam
1108 820 1236 873 illud
1264 819 1434 884 hodie,
1464 819 1829 886 restituamquc
1856 816 2016 869 vobis.

442 911 505 963 lit
536 911 771 963 dixerunt
797 926 815 963 .'
849 908 969 962 Non
1005 925 1055 961 es
1090 909 1431 961 calumniatus
1459 925 1571 972 nos,
1606 923 1767 976 neque
1808 921 2021 974 oppres-

439 1002 570 1064 sisti,
602 1015 760 1069 neque
789 999 952 1052 tulisti
982 1000 1045 1051 de
1074 1016 1229 1051 manu
1255 999 1480 1065 alicujus
1505 999 1690 1067 quippi
1712 1015 1778 1048 tm
1810 996 1859 1065 (Ι
1892 996 2020 1062 Reg.

440 1089 557 1160 xu).
590 1087 756 1158 Cujus
785 1090 1103 1142 innocentia:
1130 1103 1192 1141 ac
1220 1088 1441 1157 jUSlilltE
1473 1090 1687 1152 merito,
1725 1088 1868 1142 inter
1902 1085 2025 1153 pri-

442 1197 555 1236 mos
587 1181 763 1249 populi
813 1180 905 1234 Dei
955 1180 1124 1234 duces
1173 1188 1227 1233 et
1274 1179 1588 1233 sacerdotes
1635 1177 2021 1241 annumerari,

442 1284 599 1338 atque
628 1272 680 1324 in
712 1270 958 1337 precibus
983 1272 1098 1323 suis
1124 1284 1358 1338 superno
1387 1271 1566 1321 auditu
1597 1279 1755 1337 atque
1784 1269 2021 1332 alloquio

441 1365 634 1434 dignus
689 1365 916 1418 existere
973 1363 1162 1416 metuit
1196 1403 1212 1427 ,
1276 1364 1487 1417 dicente
1543 1364 2020 1432 Psalmograpbo:

445 1454 647 1524 Moyses
677 1465 723 1507 et
757 1456 923 1507 Aaron
954 1456 1003 1506 iu
1036 1453 1377 1507 sacerdotibus
1408 1455 1537 1521 ejus,
1566 1464 1613 1508 et
1641 1454 1857 1509 Samuel
1890 1456 2024 1509 inter

443 1562 527 1600 eos
552 1546 641 1615 qui
672 1546 905 1599 invocant
935 1562 1115 1599 nomen
1148 1549 1283 1616 ejus,
1316 1547 1613 1600 invocabant
1649 1544 1935 1601 Dominum
1979 1560 2027 1602 et

446 1642 553 1707 ipse
580 1642 882 1693 craudiebat
926 1657 1009 1694 eos
1038 1657 1055 1694 :
1101 1642 1151 1694 in
1189 1641 1423 1695 columna
1454 1642 1602 1696 nubis
1634 1641 1933 1713 loquebatur
1958 1644 2026 1698 ad

447 1745 534 1782 eos
561 1726 728 1797 (Psal.
764 1731 971 1796 xcvnt).

2122 538 2190 591 sit
2222 539 2408 593 melius
2436 546 2542 592 tam
2565 556 2785 595 enorme
2808 543 3014 609 pondus
3037 545 3384 599 ecclesiastici
3415 549 3693 616 reginiiuis

2123 630 2173 682 in
2207 630 2405 697 plures,
2435 631 2521 697 qui
2552 630 2653 684 hoc
2681 632 3015 700 dispertitum
3049 636 3251 691 facilius
3280 637 3468 705 ferant,
3500 642 3695 704 dividi.

2121 736 2277 790 quam
2310 738 2470 774 unum
2499 723 2598 776 sub
2628 722 2769 778 fasce
2796 740 2953 792 quem
2988 736 3199 795 portare
3233 744 3338 782 non
3394 729 3569 797 possit.
3593 749 3694 795 op-

2124 812 2309 881 primi?
2336 811 2466 866 Nam
2498 820 2552 866 et
2579 825 2796 868 sanctus
2826 829 2961 885 papa
2991 816 3302 888 Gregorius.
3338 836 3458 875 cum
3490 824 3556 876 de
3588 824 3695 879 ﬁde

2124 913 2320 959 nostrae
2347 906 2521 975 gentis
2548 921 2666 976 qua:
2694 907 2868 964 adhuc
2898 909 3068 964 futura
3101 923 3153 966 et
3183 916 3552 970 conservanda
3585 930 3702 972 erat

2122 992 2175 1047 in
2204 995 2438 1062 Christo,
2462 997 2525 1051 ad
2558 999 2921 1054 beatissimum
2947 1005 3409 1076 archiepiseopum
3444 1012 3702 1079 Augusti-

2124 1099 2248 1137 num
2302 1086 2475 1141 ntissis
2525 1088 2762 1142 litterisu
2804 1091 3144 1160 disputaret,
3195 1096 3480 1154 duodecim
3531 1102 3585 1156 in
3637 1118 3699 1157 ei

2123 1175 2402 1246 episc0pos
2423 1221 2437 1245 ,
2489 1193 2767 1249 piatquam
2801 1185 2867 1237 ad
2903 1187 3059 1241 tidem
3093 1191 3336 1244 venirent
3368 1192 3504 1264 [Al.,
3536 1212 3693 1251 vene-

2127 1267 2301 1340 runt],
2338 1270 2668 1328 ordinandas
2696 1291 2816 1330 esse
2844 1276 3083 1333 decrevit
3112 1298 3122 1345 ;
3178 1282 3239 1336 in.
3263 1286 3455 1352 quibus
3488 1286 3694 1344 Ebora-

2125 1364 2298 1415 censis
2336 1364 2595 1431 antistes,
2644 1377 2865 1432 accepto
2914 1384 2942 1420 a
2993 1371 3123 1424 sede
3163 1374 3458 1441 apostolica
3509 1378 3693 1445 pallio,

2127 1456 2568 1519 ntetrOpolitanus
2599 1473 2719 1512 esse
2748 1459 2987 1514 deberet.
3032 1462 3200 1529 Quem
3233 1466 3478 1534 profecto
3512 1487 3702 1524 omne-

2129 1561 2243 1599 rnm
2271 1546 2645 1616 episcoporum
2676 1552 2831 1604 velim
2864 1553 3021 1608 modo
3052 1566 3351 1614 tuasancta
3384 1563 3701 1626 pateruitas.

2129 1640 2495 1704 patrocinante
2525 1640 2774 1706 praesidio
2804 1644 3028 1709 piissimi
3066 1662 3129 1699 ac
3174 1648 3281 1703 Deo
3326 1650 3507 1705 dilecti
3559 1654 3701 1719 regis

2130 1727 2355 1793 przefati,
2389 1729 2615 1783 solerter
2647 1731 2867 1799 implere
2898 1738 3209 1803 contendat,
3242 1750 3505 1809 quatenus
3533 1746 3715 1799 abun.

516 1791 577 1874 Si
616 1830 790 1873 autent
835 1820 1029 1889 aliquid
1077 1821 1318 1876 utilitatis
1350 1822 1594 1877 fidelibus
1624 1824 1853 1879 conferri
1884 1824 2018 1897 [.ιι.,
2055 1791 2104 1853 Β
2130 1820 2289 1874 dante
2346 1838 2568 1874 "mitem
2625 1826 2998 1895 εηίιῖζίειΐοΐηηι
3031 1869 3045 1891 ν
3120 1830 3410 1895 periculus
3472 1832 3716 1892 Ευειοὲὶίι

445 1908 715 1981 conferre]
768 1928 956 1967 nuntius
1006 1912 1348 1981 impositione
1398 1914 1528 1986 [Αι.,
1559 1915 2017 1988 impositionem],

445 2020 546 2074 qua
577 2004 807 2072 Spitittts
842 2014 1056 2059 sanctus
1083 2005 1364 2072 accipitur,
1415 2006 1688 2060 credimus
1716 2018 1767 2061 et
1796 2007 2019 2062 confite-

449 2109 586 2155 tnur,
618 2102 827 2147 constat
855 2109 885 2146 e
917 2095 1187 2148 contrario
1215 2096 1355 2163 quod
1411 2095 1524 2150 [nec
1567 2098 1679 2165 ipsa
1714 2096 1917 2151 utilitas
1947 2098 2027 2151 eis

449 2182 641 2251 quilms
671 2199 859 2235 manus
891 2185 1158 2250 impositio
1187 2184 1435 2249 defuerit,
1467 2189 1638 2239 abest.
1672 2186 1838 2255 Cujus
1871 2188 2025 2240 nimi-

447 2295 561 2332 rum
612 2279 841 2345 privatio
872 2280 995 2332 boiii
1026 2279 1091 2333 ad
1125 2295 1256 2347 quos
1301 2280 1529 2347 amplius
1558 2295 1722 2348 quam
1769 2281 1835 2335 ad
1884 2282 2026 2350 ipsos

448 2370 660 2439 reSpicit
710 2370 979 2426 antistites
1007 2411 1020 2432 ,
1072 2371 1159 2440 qui
1207 2370 1418 2425 illorum
1451 2387 1512 2427 se
1545 2373 1863 2442 promittunt
1908 2391 2026 2429 esse

452 2464 705 2530 pra-sules
732 2464 921 2528 quibus
961 2462 1217 2528 Spiritalis
1248 2463 1478 2517 officium
1529 2466 1842 2532 praesulatus
1872 2467 2011 2519 exhi-

449 2555 577 2607 bere
606 2563 696 2607 aut
728 2554 1007 2622 negligant
1035 2563 1126 2607 aut
1157 2555 1472 2622 nequeunt?
1515 2555 1676 2624 Cujus
1708 2557 1867 2610 totitts
1897 2557 2027 2611 faci-

449 2645 597 2697 noris
644 2645 787 2697 utilla
836 2645 1005 2713 magis
1034 2660 1193 2714 quam
1227 2646 1449 2699 avaritia
1480 2661 1640 2700 causa
1674 2658 1775 2701 est.
1829 2648 2025 2701 Contra

447 2751 608 2805 quam
638 2736 916 2803 disputans
946 2737 1236 2803 Apostolus
1260 2777 1277 2802 ,
1327 2737 1378 2791 in
1426 2753 1531 2807 quo
1560 2739 1807 2793 Christus
1839 2741 2027 2810 loque-

452 2830 627 2895 batur,
672 2829 845 2881 aiebat
874 2844 889 2885 :
929 2826 1099 2882 Radix
1127 2830 1356 2882 omnium
1388 2832 1642 2884 malorum
1670 2841 1743 2885 est
1774 2834 2028 2899 cupiditas

449 2920 500 2990 (l
532 2921 670 2974 Tim.
701 2936 773 2984 vt,
803 2919 916 2989 10).
972 2922 1035 2974 Et
1078 2938 1289 2976 rursum
1319 2943 1330 2975 :
1368 2922 1550 2995 Neque
1591 2928 1772 2990 avari,
1815 2925 2027 2994 inquit,

448 3029 660 3083 regnum
708 3010 801 3066 Dei
849 3015 1172 3083 possidebunt
1205 3014 1255 3087 (Ι
1290 3014 1407 3070 Cor.
1440 3034 1512 3083 vt,
1548 3020 1653 3085 lO).
1709 3018 1839 3073 Cum
1887 3022 2028 3074 enim

450 3104 674 3160 antistes
724 3106 963 3162 dictante
1010 3125 1194 3164 amore
1243 3112 1486 3179 pccmtia:
1535 3110 1791 3180 majorem
1847 3113 2026 3183 populi

451 3208 691 3266 partem,
738 3214 896 3267 quam
931 3201 1035 3254 ulla
1066 3201 1274 3257 ratione
1308 3217 1401 3270 per
1433 3211 1598 3256 totum
1630 3205 1752 3256 anni
1800 3205 2027 3274 spatium

454 3301 736 3356 peragrare
767 3289 1127 3358 praedicando,
1157 3302 1250 3346 aut
1275 3295 1505 3348 circuire
1539 3296 1800 3363 valuerit,
1851 3298 1902 3352 in
1935 3313 2032 3352 no-

452 3395 573 3434 men
602 3381 682 3435 sui
716 3383 1031 3450 prtesulatus
1058 3385 1411 3453 assumpserit
1438 3404 1451 3439 :
1494 3386 1627 3442 satis
1652 3389 1867 3444 exitiale
1897 3389 2028 3461 [Al.,

452 3471 743 3543 exitiabile]
793 3484 844 3527 et
872 3474 1190 3545 sibimetipsi
1217 3517 1233 3543 ,
1281 3488 1334 3531 et
1364 3478 1469 3531 illis
1500 3479 1691 3549 quibus
1722 3479 1855 3535 falso
1887 3498 2028 3551 prte-

453 3561 585 3615 sulis
611 3562 825 3617 nomine
855 3564 1106 3633 praalatus
1137 3576 1251 3633 est,
1296 3572 1679 3637 comprobatur
1706 3572 2032 3630 concinnare

455 3650 766 3718 periculum.

530 3741 653 3796 llaec
681 3752 783 3797 tu:e
810 3745 1113 3815 sanctitati,
1158 3748 1511 3804 dilectissime
1542 3753 1765 3808 antistes
1787 3795 1801 3818 ,
1849 3755 2035 3821 paucis

455 3832 524 3887 de
569 3833 870 3890 calamitate
914 3852 1018 3905 qua
1069 3846 1251 3894 nostra
1301 3855 1433 3910 gens
1482 3841 1783 3899 miserrime
1828 3845 2036 3901 laborat

457 3920 736 3977 insinuans
760 3965 775 3990 ,
824 3926 1051 3981 obsecro
1100 3928 1319 3984 sedulus
1360 3940 1415 3984 ut
1449 3930 1562 3986 lucc
1591 3948 1709 4001 qua:
1740 3936 2038 4002 perversis-

454 4013 589 4067 sime
616 4014 700 4076 agi
730 4015 999 4083 Conspicis
1027 4059 1042 4083 ,
1092 4030 1348 4087 quantum
1382 4022 1527 4075 vales
1569 4023 1632 4076 ad
1678 4035 1881 4078 rectam
1911 4026 2037 4082 vita:

458 4119 696 4160 normam
728 4123 982 4164 revocare
1012 4113 1326 4167 contendas.
1362 4114 1537 4169 llabes
1567 4116 1734 4182 enim,
1770 4129 1824 4171 ut
1852 4118 2037 4183 credo,

460 4198 919 4265 promptissimum
952 4210 1055 4253 tam
1076 4201 1205 4269 justi
1243 4203 1438 4258 laboris
1468 4204 1763 4274 adjutorem
1792 4249 1807 4274 ,
1860 4224 2035 4278 regem

456 4285 705 4342 videlicet
739 4287 1083 4353 Ceolwlfum,
1118 4294 1205 4359 qui
1237 4302 1289 4347 et
1319 4309 1415 4361 pro
1447 4295 1603 4349 insita
1628 4296 1727 4351 sibi
1754 4299 2040 4356 dilectione

458 4378 731 4445 religionis
759 4423 773 4446 ,
826 4380 1083 4451 quidquid
1134 4383 1197 4435 ad
1248 4385 1483 4451 regulam
1520 4388 1731 4454 pietatis
1765 4392 2038 4459 pertinet,

2130 1908 2325 1963 Christi
2359 1910 2410 1963 in
2444 1911 2525 1964 his
2552 1928 2672 1979 quae
2703 1914 2771 1966 ad
2800 1915 3002 1970 cultum
3032 1932 3200 1973 sacrae
3231 1923 3502 1991 religionis
3536 1929 3702 1992 perti-

2133 2010 2278 2065 nent,
2311 2002 2637 2057 instituatur.
2676 2003 2740 2057 Et
2769 2005 2982 2071 quidem
3013 2010 3257 2063 novimus
3285 2014 3404 2081 quia
3436 2030 3529 2083 per
3554 2018 3703 2071 iucu-

2133 2091 2263 2145 riam
2305 2105 2486 2159 regum
2521 2092 2970 2161 praecedentium,
3022 2098 3446 2171 donationesque
3492 2106 3706 2159 stultis-

2131 2184 2294 2236 simas
2336 2180 2533 2237 factum
2578 2196 2658 2237 est
2685 2224 2702 2249 ,
2758 2195 2814 2239 ut
2864 2202 2969 2240 non
3020 2187 3176 2244 facile
3207 2191 3355 2245 locus
3391 2209 3589 2248 vacans
3620 2196 3708 2251 ubi

2131 2274 2288 2328 sedes
2329 2274 2648 2344 episcopalis
2695 2293 2827 2332 nova
2881 2280 2995 2334 ﬁeri
3027 2282 3258 2349 debeat,
3309 2286 3536 2340 inveniri
3571 2287 3707 2359 [ΑΛ.

2132 2366 2401 2439 invenire]
2435 2369 2630 2424 valeat.

2203 2458 2535 2529 Quapropter
2574 2463 2914 2518 commodum
2959 2466 3237 2535 duxerim,
3290 2470 3469 2526 habito
3517 2474 3715 2539 maiori

2131 2550 2356 2603 concilio
2394 2560 2448 2605 et
2485 2566 2747 2607 consensu
2780 2553 2911 2627 [Al.,
2938 2571 3226 2625 consensu,
3255 2562 3451 2635 edicto]
3487 2566 3706 2633 pontiﬁ—

2132 2642 2233 2695 cali
2263 2643 2419 2697 simul
2452 2652 2509 2699 et
2533 2646 2714 2715 regali,
2749 2647 2926 2703 edicto
2956 2652 3309 2720 prospiciatur
3334 2656 3485 2711 locus
3514 2658 3704 2728 aliquis

2134 2734 2587 2790 monasteriorum
2611 2738 2697 2791 ubi
2720 2738 2875 2793 sedes
2904 2740 3220 2810 episc0palis
3247 2745 3353 2800 liat.
3389 2747 3459 2801 Et
3477 2764 3544 2803 ne
3568 2748 3704 2805 forte

2133 2824 2297 2879 abbas
2320 2826 2407 2880 vel
2434 2829 2681 2884 monachi
2707 2829 2830 2885 huic
2852 2831 3068 2888 decreto
3089 2839 3359 2893 contraire
3383 2856 3447 2896 ac
3470 2842 3720 2898 resistere

2138 2921 2483 2987 tentaverint,
2506 2922 2663 2977 detur
2688 2924 2790 2979 illis
2818 2927 3027 2982 licentia
3062 2941 3116 2983 ut
3140 2931 3209 2987 de
3240 2934 3350 2988 suis
3381 2926 3495 3005 ipsi
3517 2939 3718 3007 eligant

2134 3024 2255 3063 cum
2281 3010 2367 3079 qui
2392 3013 2673 3084 episcopus
2696 3018 2995 3103 ordinetur,
3018 3034 3070 3077 et
3091 3024 3450 3094 adjacentiom
3479 3031 3715 3087 locorum

2058 3139 2106 3203 Ο
2139 3111 2397 3170 quotquot
2425 3104 2489 3157 ad
2522 3108 2762 3161 eamdem
2795 3111 3070 3167 dimcesim
3102 3118 3423 3186 pertineant,
3458 3138 3559 3177 una
3592 3141 3712 3179 cum

2140 3190 2254 3258 ipso
2285 3196 2608 3251 monasterio
2648 3213 2828 3253 curam
2874 3214 3022 3270 gerat
3068 3206 3476 3278 episcopalem:
3528 3226 3621 3271 aut
3666 3218 3712 3270 si

2140 3282 2276 3337 torte
2306 3284 2358 3337 in
2391 3286 2506 3354 ipso
2539 3292 2864 3346 mooasterio
2894 3295 2984 3364 qui
3013 3299 3301 3367 episcopus
3341 3302 3576 3359 ordinari
3608 3306 3708 3361 de-

2139 3372 2263 3429 beat
2295 3375 2521 3432 inveniri
2555 3393 2811 3449 nequeat,
2858 3385 2906 3439 in
2940 3386 3171 3453 ipsorum
3204 3400 3381 3448 tamen
3409 3393 3563 3464 juxta
3595 3411 3712 3451 Sla-

2141 3474 2249 3519 tuta
2281 3482 2544 3524 canonum
2579 3476 2804 3542 pendeat
2830 3479 3077 3533 examine
3098 3522 3110 3541 .
3144 3482 3233 3551 qui
3262 3484 3329 3538 de
3357 3501 3453 3540 sua
3485 3486 3711 3545 dimcesi

2141 3558 2418 3614 erdinetur
2442 3562 2689 3617 antistes.
2743 3565 2895 3632 Qttod
2924 3570 2969 3622 si
3002 3570 3132 3634 hoc.
3169 3573 3241 3628 ita
3274 3584 3332 3629 ut
3358 3579 3714 3648 suggerimus.

2141 3645 2369 3703 Domino
2397 3651 2718 3720 adjuvante,
2763 3658 3082 3723 perfeceris,
3131 3661 3383 3721 facillime
3412 3645 3570 3724 etiam
3604 3670 3722 3743 [Αι.

2141 3758 2241 3795 om.
2272 3742 2456 3816 etiam]
2479 3786 2492 3808 ,
2520 3757 2576 3800 ut
2623 3748 2966 3817 arbitramur,
2999 3752 3099 3809 hoc
3139 3756 3439 3825 obtinebis,
3471 3772 3525 3817 ut
3569 3765 3718 3834 juxta

2142 3834 2359 3891 decreta
2387 3837 2533 3892 sedis
2560 3841 2899 3908 apostolicae,
2948 3843 3303 3905 Eboracensis
3334 3849 3571 3910 Ecclesia
3604 3875 3719 3914 me-

2144 3925 2520 3996 tr0politanum
2557 3932 2724 3997 possit
2758 3933 2957 3989 habere
2995 3939 3324 4006 pontificem.
3378 3948 3454 4000 Ac
3496 3949 3541 4003 si
3584 3964 3722 4017 epos

2140 4036 2260 4078 esse
2290 4025 2458 4079 visum
2494 4024 2656 4081 fuerit
2688 4038 2742 4082 ut
2775 4031 2863 4084 tali
2904 4039 3271 4104 monasterio,
3318 4055 3477 4097 causa
3506 4046 3721 4115 episco-

2143 4124 2295 4182 patus
2325 4116 2678 4185 suscipiendi,
2711 4122 2943 4190 amplius
2974 4126 3198 4195 aliquid
3226 4130 3468 4189 locorum
3499 4151 3564 4192 ac
3599 4154 3722 4205 pos-

2139 4209 2437 4263 sessionum
2467 4213 2653 4280 augeri
2685 4213 2876 4269 debeat
2904 4256 2920 4283 ,
2969 4232 3094 4273 sunt
3142 4222 3257 4278 loca
3289 4224 3567 4284 inuttmera
3597 4276 3611 4295 ,
3665 4247 3724 4289 ut

2143 4299 2385 4353 novimus
2433 4298 2567 4373 [Al.,
2598 4316 2721 4357 sunt
2751 4305 3055 4376 innumera,
3093 4315 3234 4383 Ston
3263 4319 3579 4375 stultissimo
3603 4363 3618 4387 ,
3670 4337 3728 4380 ut

2143 4389 2407 4462 novimus]
2441 4408 2629 4447 omnes
2652 4434 2665 4457 ,
2720 4398 2770 4449 in
2821 4405 3271 4461 tuonasteriorum
3302 4410 3535 4480 ascripta
3568 4430 3724 4471 voca-

460 4470 608 4521 tirma
634 4470 874 4537 protinus
897 4472 1192 4529 intentione
1216 4475 1469 4545 adjuvare
1489 4478 1717 4543 curabit,
1736 4491 1789 4535 et
1808 4486 2038 4540 maxime
2075 4499 2122 4557 ι)
2150 4486 2363 4551 bulum,
2405 4488 2499 4543 sed
2534 4491 2664 4544 nihil
2700 4509 2922 4562 prorsus
2951 4503 3262 4557 monasticae
3290 4510 3722 4568 conversationis

457 4560 543 4614 illa
574 4578 713 4630 quin,
749 4573 801 4616 ιιι
834 4580 953 4618 cum
984 4566 1057 4617 sis
1110 4570 1435 4636 pt'Opinquus
1463 4570 1603 4623 illius
1633 4574 2037 4631 amantissimus

458 4654 596 4706 bona
626 4658 879 4723 coeperis,
916 4657 1030 4724 ipse
1060 4669 1113 4713 ot
1146 4660 1488 4728 perﬁciantur
1519 4665 1870 4731 opitulabitur
1900 4666 2038 4741 [Al.,

457 4745 705 4812 opitulari
742 4746 1002 4820 curabit].
1057 4754 1395 4821 Quapropter
1424 4757 1582 4810 velim
1628 4758 1859 4814 solerter
1889 4762 2035 4816 illum

457 4835 769 4903 admoneas,
800 4847 856 4892 ut
888 4839 940 4893 in
969 4841 1157 4897 diebus
1184 4846 1379 4899 vestris
1404 4856 1601 4901 statum
1633 4860 1829 4906 nostra;
1858 4854 2039 4922 gentis

454 4926 874 4981 ecclesiasticum
928 4930 979 4982 in
1029 4932 1223 4985 melius
1254 4950 1412 5001 quam
1444 4935 1704 4993 hactenus
1735 4942 1910 4996 fuerat
1956 4944 2038 4998 in-

456 5027 699 5069 staurare
729 5027 884 5073 curet
910 5019 1047 5092 [Al.,
1080 5021 1322 5094 curetis].
1377 5026 1525 5093 Quod
1578 5045 1684 5082 non
1735 5031 1839 5085 alio
1868 5035 2040 5103 magis

456 5121 505 5157 Ut
536 5108 664 5160 mihi
693 5109 901 5164 videtur
936 5120 1112 5180 potest
1140 5113 1329 5169 ordine
1358 5116 1563 5184 perlici,
1594 5134 1751 5187 quam
1785 5120 1828 5175 si
1860 5123 2041 5191 plures

457 5209 654 5254 nostra;
681 5201 825 5269 genti
855 5212 1242 5260 consecrentur
1272 5209 1541 5264 antistites
1563 5250 1579 5276 ,
1620 5215 2039 5283 exeinplmnque

455 5291 750 5358 sequamini
784 5292 1134 5361 legislatoris,
1167 5296 1255 5365 qui
1288 5314 1406 5351 cum
1440 5302 1585 5353 stilus
1611 5302 1789 5370 jut-gia
1818 5318 1880 5358 ac
1908 5319 2039 5373 pcn-

456 5386 555 5436 tius
589 5385 890 5442 Israelitica:
939 5389 1114 5458 plebis
1165 5396 1432 5450 sustinere
1465 5412 1569 5450 non
1605 5412 1785 5464 poSsct
1812 5440 1829 5466 ,
1880 5402 2040 5473 elegit

456 5477 554 5529 sibi
584 5475 767 5534 divino
801 5480 1015 5548 adjutus
1047 5486 1310 5550 consilio,
1360 5498 1413 5542 et
1458 5494 1792 5546 consecravit
1821 5504 2039 5563 septua-

456 5568 598 5635 ginta
627 5572 867 5627 seniores
896 5588 1121 5641 quorum
1152 5593 1255 5645 ope
1278 5579 1409 5651 μί..
1439 5580 1590 5653 cura]
1622 5594 1783 5652 atque
1812 5588 2041 5643 consilio

459 5656 589 5729 ιΑι..
609 5659 830 5732 auxilio]
855 5662 1163 5731 impositum
1189 5668 1290 5721 sibi
1318 5685 1456 5725 onus
1484 5670 1632 5727 ferre
1661 5672 1833 5729 levius
1857 5690 2040 5744 posset

2146 4575 2393 4632 habentia
2422 4598 2435 4633 :
2464 4597 2495 4636 e
2520 4583 2714 4650 quibus
2742 4586 2898 4641 velim
2931 4590 3105 4660 aliqua
3134 4595 3200 4647 de
3233 4596 3442 4652 luxuria
3470 4602 3535 4656 ad
3565 4608 3727 4660 casti—

2146 4676 2327 4735 tatem,
2358 4671 2425 4724 de
2453 4675 2686 4728 vanitate
2713 4678 2778 4729 ad
2809 4685 3215 4748 temperantiam
3242 4686 3374 4757 [.4t.,
3400 4694 3725 4769 veritatem],

2145 4761 2211 4816 de
2243 4763 2650 4833 intemperantia
2687 4771 2891 4824 ventris
2922 4785 2974 4826 et
3000 4778 3142 4842 gula:
3171 4778 3235 4832 ad
3261 4783 3643 4841 continentiam
3674 4761 3730 4843 et

2146 4855 2395 4924 pietatem
2426 4858 2605 4913 cordis
2652 4863 2905 4931 synodica
2955 4871 3275 4926 auctoritate
3310 4875 3723 4947 transferantur,

2146 4958 2304 5016 atque
2334 4948 2385 5002 in
2417 4948 2741 5020 adiutorium
2773 4955 2914 5008 sedis
2944 4958 3263 5028 episc0palis
3296 4981 3412 5034 qtne
3440 4983 3612 5039 nuper
3640 4988 3729 5026 or-

2141 5037 2316 5092 dinari
2338 5037 2466 5111 [Al.,
2497 5042 2773 5116 ordinare]
2807 5047 3022 5110 debeat,
3050 5065 3417 5110 assumantur.

2220 5130 2281 5184 Et
2305 5132 2430 5197 quia
2460 5132 2765 5204 huiusmodi
2793 5140 3030 5194 maxima
3055 5152 3112 5197 et
3138 5145 3361 5214 plurimi
3389 5149 3522 5222 [Al.,
3552 5152 3730 5223 plural

2142 5232 2266 5275 sont
2301 5223 2417 5277 loca
2448 5242 2586 5292 qtae,
2620 5239 2675 5282 ut
2703 5231 2862 5299 vulgo
2893 5234 2997 5287 dici
3028 5238 3183 5301 solet,
3216 5254 3387 5309 neque
3423 5242 3531 5298 Deo
3559 5260 3733 5315 neque

2147 5312 2455 5369 hominibus
2485 5318 2635 5371 utilia
2664 5331 2807 5387 sunt,
2835 5323 2956 5391 quia
2984 5326 3233 5383 videlicet
3264 5347 3436 5402 neque
3468 5312 3729 5405 regula—ris

2147 5404 2444 5461 secundum
2473 5408 2637 5464 Deum
2664 5410 2857 5466 ibidem
2890 5414 2993 5468 vita
3026 5429 3290 5484 servatur,
3318 5437 3489 5493 neque
3515 5404 3605 5481 illa
3635 5429 3734 5481 mi-

2150 5496 2269 5550 lites
2296 5496 2410 5551 sive
2436 5499 2662 5554 comites
2688 5503 3023 5557 sazcnlarium
3057 5516 3379 5575 potestatum
3403 5515 3491 5584 qui
3518 5528 3731 5588 gentem

2150 5598 2383 5643 nostram
2427 5604 2456 5644 a
2499 5592 2740 5647 barbaris
2768 5594 3058 5653 defendant
3102 5602 3376 5670 possident
3406 5625 3419 5661 :
3454 5608 3499 5664 si
3531 5611 3650 5680 quis
3681 5612 3732 5665 in

2148 5680 2348 5736 eisdem
2383 5681 2512 5752 ipsis
2550 5681 2682 5739 locis
2726 5699 2823 5754 pro
2866 5689 3185 5748 necessitate
3215 5702 3514 5764 temporum
3546 5701 3728 5758 sedent

529 5782 554 5811 ⁸
584 5773 732 5831 Hanc
759 5775 1039 5845 epistolam
1071 5779 1310 5843 Grettorii
1344 5786 1460 5842 vide
1502 5788 1639 5844 inter
1669 5791 1782 5861 ejus
1814 5793 1986 5859 Opera
2012 5832 2028 5862 ,
2072 5795 2390 5869 Patrologite
2418 5808 2547 5857 tom.
2578 5799 2834 5871 LXXVII,
2864 5806 2968 5863 col.
3000 5807 3156 5869 1200.
3206 5809 3358 5869 Eutr.
