4220 6450
564 370 669 426 663

1260 357 1460 414 ΒΕῡΑΞ
1504 350 1947 409 γιεΝειιΑιιιιιδ
1983 349 2132 406 OPP.
2177 347 2348 403 PARS
2388 346 2472 405 Ill.
2514 378 2584 389 —
2626 343 3099 401 PARENETICA.

3722 345 3821 399 6(34

560 488 907 553 episcopatus
930 477 1215 533 constituat
1246 474 1376 543 [Al.,
1403 468 1773 539 constituere],
1802 483 1905 521 non
1929 468 2139 536 culpam
2172 467 2214 522 Α
2246 463 2588 517 monasteriis
2619 461 2811 517 alicubi
2841 460 2982 515 forte
3011 461 3324 515 aberrantes
3359 461 3691 526 invenerint,
3734 474 3829 515 aut

563 570 1016 645 praevaricationis
1066 568 1364 628 incurrere,
1407 564 1502 619 sed
1544 578 1677 631 Opus
1718 560 1925 615 virtutis
1972 560 2138 627 magis

564 681 721 730 agere
754 662 1086 734 probabitur.
1114 656 1394 723 Quomodo
1417 656 1561 711 enim
1594 655 1644 707 in
1677 664 1948 721 peccatum
1981 665 2138 719 repu-

564 761 660 812 tari
694 765 888 827 potest,
922 755 963 808 si
997 753 1187 820 injusta
1218 750 1515 820 principum
1545 747 1738 816 judicia
1770 754 1917 801 recto
1948 744 2136 798 melio-

564 866 679 905 rum
732 848 1027 918 principum
1077 843 1325 898 examine
1370 840 1748 910 corrigantur:
1795 853 1854 892 ac
1908 836 2135 889 mendax

563 942 740 1013 stylus,
759 939 1057 994 scribarum
1091 935 1393 1001 iniquorum
1428 932 1659 985 discreta
1692 927 2023 995 prudentium
2056 938 2139 977 sa-

564 1034 839 1090 cerdotum
866 1028 1133 1085 sententia
1160 1025 1401 1080 deleatur
1424 1038 1486 1076 ac
1513 1020 1781 1089 redigatur
1806 1022 1857 1073 in
1890 1017 2139 1081 nihilmn,

556 1127 711 1193 juxta
741 1122 1054 1189 exemplum
1085 1133 1248 1173 sacra:
1278 1116 1515 1170 historiae
1535 1155 1550 1181 ,
1589 1129 1704 1180 que
1746 1122 1983 1180 tempora
2032 1109 2135 1162 lle-

566 1232 688 1287 gum
721 1213 871 1271 Judte
901 1227 930 1267 a
964 1211 1125 1266 David
1164 1218 1219 1264 et
1262 1206 1547 1263 SalomOne
1587 1218 1754 1271 usque
1794 1202 1857 1255 ad
1900 1200 2140 1254 ultimum

564 1307 883 1363 Zedechiam
913 1302 1224 1359 describens
1245 1342 1259 1365 ,
1296 1297 1579 1352 nonnullos
1604 1294 1817 1364 quidem
1850 1294 1901 1346 in
1940 1294 2019 1347 eis
2058 1306 2143 1345 re-

565 1400 813 1471 Πείρως,
845 1395 939 1452 sed
970 1396 1147 1464 plures
1179 1392 1435 1461 reprobos
1465 1389 1733 1443 exstitisse
1761 1386 2037 1453 designat,
2070 1384 2145 1438 vi-

567 1492 823 1559 cibusque
874 1484 1261 1543 alternantibus
1312 1494 1453 1536 nunc
1508 1480 1698 1548 impios
1752 1480 2007 1529 honorum
2056 1474 2145 1543 qui

568 1591 694 1638 ante
731 1596 790 1636 se
837 1580 1044 1633 fuerant
1089 1576 1225 1631 facta
1276 1570 1584 1643 reprobare,
1634 1584 1772 1622 nunc
1812 1583 1843 1621 e
1881 1564 2147 1621 contrario

565 1680 739 1747 justos
776 1674 1059 1743 impiorum
1089 1672 1176 1740 qui
1223 1686 1281 1725 se
1324 1675 1711 1739 prceresserant
1747 1674 1896 1732 gesta
1939 1663 2144 1727 nociva,

570 1775 725 1833 prout
750 1765 951 1837 justum
979 1763 1113 1835 ML,
1144 1758 1383 1831 dignum]
1412 1769 1546 1823 erat,
1569 1758 1789 1828 jnvante
1818 1772 1875 1810 se
1904 1757 1991 1811 Dei
2022 1755 2142 1821 Spi-

567 1861 695 1919 ritu.
727 1874 821 1920 per
851 1856 1136 1926 prophetas
1176 1861 1394 1907 sanctos
1423 1866 1485 1904 ac
1525 1849 1831 1904 sacerdotes
1873 1848 2012 1900 omni
2057 1847 2138 1899 iu-

568 1951 761 2005 Stantia
793 1951 1133 2011 correxisxe;
1159 1946 1306 2015 juxta
1333 1943 1458 1998 illud
1487 1943 1624 1997 beati
1652 1941 1799 1995 ISaiae
1832 1941 2142 2008 prmcipien-

568 2043 636 2097 tis
675 2050 834 2111 atque
862 2038 1109 2100 dicentis,
1152 2034 1381 2089 Dissolvc
1417 2034 1767 2102 colligatioites
1807 2032 2141 2084 violentarum

564 2131 1041 2189 commutationum.
1070 2127 1281 2182 Dfmitte
1306 2126 1594 2196 confraclos
1624 2126 1675 2178 in
1706 2124 2067 2187 remissionem,
2095 2131 2142 2175 et

564 2242 761 2281 omnem
794 2223 1214 2290 conscriptionem
1244 2221 1473 2289 iniquam
1512 2218 1773 2286 disrmnpe
1810 2216 1941 2279 Usa.
1974 2214 2139 2283 Lvnt).

562 2322 679 2386 Quo
708 2314 973 2387 exemplo,
1019 2324 1158 2368 tuam
1200 2326 1411 2381 quoque
1454 2308 1787 2364 sanctitaten
1830 2307 1983 2361 decet
2021 2320 2141 2359 cum

572 2407 823 2479 religioso
871 2420 1034 2476 rege,
1081 2413 1275 2458 nostra:
1319 2402 1493 2471 gentis
1538 2399 1829 2467 irreligioso
1871 2409 1923 2453 et
1965 2397 2142 2467 iniqua

567 2501 799 2570 priorum
836 2508 981 2572 gesta
1024 2508 1182 2566 atque
1220 2496 1413 2563 scripta
1461 2496 1783 2554 convellere.
1828 2504 1879 2547 et
1921 2507 1983 2547 ea
2025 2508 2141 2562 quo

570 2596 857 2657 provincia:
881 2603 1099 2658 nostrae,
1128 2592 1245 2646 sive
1271 2590 1561 2644 secundum
1593 2588 1780 2652 Deum,
1812 2588 1924 2641 sive
1954 2600 2143 2639 secun-

565 2688 689 2739 dum
734 2684 989 2739 saeculum
1037 2683 1144 2736 sint
1190 2680 1362 2746 utilia,
1413 2680 1716 2747 prospicere
1770 2695 1782 2729 :
1835 2692 1900 2731 ne
1951 2676 2143 2730 nostris

565 2776 895 2845 temporibus
940 2772 1023 2827 vel
1074 2772 1331 2840 religione
1375 2779 1635 2832 cessante,
1684 2783 1834 2821 amor
1882 2768 2145 2835 timorque

564 2862 758 2919 interni
802 2862 1080 2917 deseratur
1124 2860 1473 2926 inspectoris.
1519 2856 1601 2909 vel
1648 2866 1951 2909 rarescente
1993 2856 2143 2921 c0pia

566 2954 770 3008 militia:
799 2952 1094 3016 saecularis,
1136 2949 1313 3003 absint
1340 2948 1428 3015 qui
1461 2947 1591 3001 lines
1634 2956 1845 2999 nostros
1883 2960 1911 2997 a
1958 2944 2145 2997 barba-

559 3047 671 3099 rica
712 3042 1019 3098 incursione
1060 3049 1326 3093 tueantur.
1373 3036 1522 3105 Quod
1555 3036 1698 3091 enim
1746 3046 1897 3101 turpe
1939 3044 2023 3089 est
2060 3034 2142 3089 dio

2240 568 2465 607 evocare
2510 554 2849 607 monasteriis
2895 552 2996 621 ipsi
3039 552 3334 615 Valuerint;
3379 551 3461 607 vel
3503 564 3650 606 certe
3693 567 3831 621 quos

2241 642 2339 712 ipsi
2382 644 2449 695 de
2491 644 2601 697 suis
2646 642 2963 697 satellitibus
3006 642 3071 695 ad
3115 643 3505 711 suscipiendam
3552 652 3829 697 tonsuram

2247 737 2507 801 promissa
2532 734 2628 787 sibi
2645 732 2950 789 obedientia
2973 732 3283 787 monachica
3305 732 3527 788 invitare
3540 734 3830 803 quiverint.

2245 825 2441 879 llornm
2492 824 2730 877 distortis
2779 823 3130 886 cohortibus,
3179 838 3305 877 suas
3347 837 3481 893 quas
3526 823 3834 879 instruxere

2242 918 2405 972 cellas
2454 917 2700 986 implent,
2748 918 3083 984 multumque
3129 915 3343 970 informi
3388 924 3547 983 atque
3591 915 3834 972 inaudito

2243 1010 2566 1079 spectaculo,
2602 1009 2761 1064 iidem
2795 1009 2892 1077 ipsi
2924 1010 3021 1062 viri
3064 1010 3223 1062 modo
3252 1008 3493 1079 conjugis
3524 1023 3587 1065 ac
3628 1010 3833 1065 libero-

2248 1115 2361 1153 rum
2396 1100 2847 1167 proereandorum
2879 1114 3063 1152 curam
3104 1109 3318 1170 gerunt,
3348 1100 3508 1153 modo
3535 1114 3832 1171 exsurgen-

2248 1202 2326 1245 tes
2352 1191 2418 1245 de
2443 1190 2706 1246 cubilibus
2738 1191 2865 1262 quid
2896 1191 3033 1246 intra
3065 1202 3214 1260 septa
3248 1194 3685 1247 monasteriorum
3714 1195 3833 1263 geri

2245 1284 2469 1349 debeat,
2520 1283 2704 1337 sedula
2753 1284 3047 1338 intentione
3097 1294 3439 1351 pertractant.
3484 1284 3617 1351 Quin
3665 1287 3832 1341 etiam

2249 1372 2379 1443 [Al.,
2413 1372 2579 1443 enim]
2611 1375 2723 1427 suis
2768 1374 3083 1442 conjugibus
3124 1374 3663 1442 simili.imprudeutia
3693 1392 3834 1433 con-

2246 1465 2533 1527 struendis,
2565 1478 2619 1517 ut
2652 1462 2752 1531 ipsi
2780 1466 2951 1524 aiunt.
2980 1465 3319 1518 monasteriis
3349 1464 3462 1519 loca
3484 1466 3829 1535 conquirunt,

2247 1568 2366 1619 qua:
2414 1554 2525 1622 pari
2578 1552 2801 1608 stultitia
2848 1567 2967 1607 cum
3016 1554 3125 1607 sint
3178 1553 3357 1617 laieas,
3410 1555 3719 1609 famularum
3766 1570 3833 1611 se

2246 1642 2442 1698 Christi
2505 1643 2821 1713 permittunt
2866 1657 2987 1697 esse
3045 1645 3299 1697 rectrices
3348 1642 3493 1714 [ΑΛ.
3531 1642 3830 1716 rectores].

2252 1734 2452 1801 Quibus
2491 1745 2613 1803 apte
2641 1735 2890 1789 convenit
2933 1735 3059 1789 illud
3102 1736 3243 1803 vulgi
3288 1736 3621 1804 proverbium
3657 1754 3670 1791 :
3703 1739 3829 1806 quia

2172 1812 2220 1872 Β
2252 1841 2426 1894 vespae
2459 1825 2607 1880 favos
2635 1826 2855 1896 quidem
2897 1826 3070 1880 facere
3100 1841 3218 1879 eum
3251 1826 3481 1892 possint,
3517 1842 3620 1881 non
3652 1836 3832 1881 tamen

2248 1918 2300 1972 in
2332 1917 2414 1971 bis
2444 1918 2620 1983 mella,
2655 1918 2748 1972 sed
2780 1916 2955 1985 potius
2982 1932 3186 1972 venena
3217 1917 3593 1972 thesaurizent.

2314 2034 2402 2089 Sic
2434 2050 2531 2103 per
2560 2050 2728 2088 annos
2760 2035 2972 2088 circiter
3003 2033 3217 2103 triginta
3246 2037 3297 2098 ⁸,
3342 2033 3443 2088 hoc
3472 2042 3555 2089 est
3579 2077 3594 2101 ,
3626 2048 3687 2087 ex
3721 2050 3833 2103 quo

2245 2126 2447 2180 Aldfrid
2497 2142 2587 2180 rex
2643 2126 2887 2180 humanis
2936 2126 3095 2180 rebus
3141 2127 3348 2179 ablatus
3393 2136 3496 2193 est,
3549 2127 3819 2196 provincia

2251 2226 2434 2273 nostra
2464 2233 2662 2272 vesano
2707 2219 2799 2272 illo
2841 2233 3023 2271 errore
3062 2216 3363 2271 demeutata
3409 2226 3511 2282 est,
3556 2227 3611 2270 ut
3653 2218 3832 2273 nullus

2249 2323 2383 2375 pene
2412 2308 2607 2362 exinde
2649 2308 3021 2376 prcefectornm
3058 2308 3321 2362 exstiterit
3359 2308 3447 2375 qui
3492 2325 3595 2361 non
3642 2309 3823 2375 hujus-

2250 2402 2390 2456 modi
2436 2401 2535 2454 sibi
2587 2400 2968 2455 monasterium
3014 2400 3064 2454 in
3112 2401 3299 2453 diebus
3346 2416 3455 2454 sua:
3504 2402 3830 2467 praefectum

2249 2498 2642 2561 comparaverit
2693 2494 2825 2566 [Al.,
2872 2491 3318 2563 comparaverat],
3368 2509 3625 2563 suamque
3670 2494 3828 2547 simul

2245 2584 2533 2655 corjugem
2588 2584 2699 2652 pari
2759 2594 2906 2639 reatu
2966 2584 3141 2637 nocivi
3200 2594 3465 2638 mercatus
3518 2584 3827 2639 astrinxerit

2250 2675 2382 2746 [.tl.,
2412 2674 2753 2743 astrinxerat]
2784 2692 2799 2727 :
2832 2689 2893 2727 ac
2924 2672 3245 2741 prtevaleule
3277 2674 3509 2742 pessima
3539 2686 3824 2729 consuetu-

2247 2769 2373 2821 dine
2402 2767 2624 2821 ministri
2652 2782 2864 2836 quoque
2892 2767 3028 2833 regis
3055 2780 3116 2819 ac
3145 2766 3327 2819 famuli
3361 2764 3497 2818 idem
3532 2766 3706 2819 facere
3736 2782 3823 2819 sa-

2250 2858 2497 2925 trgerint.
2536 2858 2709 2926 Atque
2758 2856 2829 2909 ita
2882 2856 3068 2910 ordine
3121 2870 3373 2923 perverso
3421 2855 3680 2909 innumeri
3723 2856 3829 2909 sint

2251 2947 2471 3011 inventi,
2496 2946 2585 3014 qui
2610 2960 2669 3000 se
2695 2946 2915 3001 abbates
2945 2946 3144 3013 pariter
3172 2956 3225 2999 et
3256 2944 3535 3012 prasfcuos
3560 2947 3671 2998 sive
3694 2944 3828 3015 [Al.,

2248 3038 2405 3092 simul
2436 3036 2509 3109 et]
2547 3038 2821 3091 ministros
2851 3046 2942 3091 aut
2970 3034 3197 3090 famulos
3232 3036 3372 3105 regis
3402 3036 3706 3105 appellant,
3738 3038 3827 3106 qui

563 3151 711 3195 cere.
761 3144 839 3188 tot
887 3134 987 3188 sub
1038 3130 1251 3186 nomine
1300 3129 1745 3183 monasteriorum
1796 3127 1909 3180 loca
1958 3124 2011 3180 bi
2052 3125 2141 3194 qui
2170 3154 2216 3217 ο
2250 3129 2346 3181 etsi
2376 3128 2571 3197 aliquid
2604 3129 2726 3181 vita:
2761 3127 3155 3182 monasterialis
3182 3128 3422 3183 ediscere
3454 3129 3571 3182 laici
3603 3144 3705 3182 non
3734 3143 3829 3183 ex-

567 3226 891 3283 monachica:
921 3226 1041 3279 vitm
1083 3238 1301 3291 prorsus
1344 3229 1465 3274 stmt
1493 3228 1741 3286 expertes
1783 3218 1835 3271 in
1875 3232 2023 3271 suam
2056 3216 2139 3269 di-

566 3322 764 3375 tionem
792 3324 1147 3385 acceperunt,
1180 3315 1319 3369 sicut
1350 3313 1448 3381 ipsi
1482 3311 1669 3365 melius
1700 3311 1899 3374 nostis,
1932 3319 1987 3363 ut
2019 3324 2139 3364 om-

566 3413 688 3465 nino
724 3410 865 3465 desit
912 3410 1058 3463 locus
1098 3406 1187 3461 ubi
1232 3405 1321 3459 lilii
1366 3404 1622 3458 nobilium
1668 3412 1757 3456 aut
1799 3402 2139 3456 emeritorum

567 3502 794 3556 militum
849 3497 1241 3568 posseSsioncm
1296 3494 1539 3561 accipere
1592 3491 1800 3560 possint
1850 3506 1863 3542 :
1916 3489 2141 3557 ideoque

564 3600 813 3646 vacantes
840 3603 902 3643 ac
930 3588 1047 3641 sine
1084 3584 1356 3654 conjugio,
1385 3592 1573 3637 exacto
1617 3594 1856 3648 tempore
1894 3580 2142 3649 puberta-

562 3687 649 3745 tis,
700 3680 845 3735 nullo
886 3677 1231 3733 continentia:
1277 3673 1553 3742 proposito
1602 3673 1931 3741 perdurent,
1982 3681 2142 3735 atque

568 3774 707 3827 hanc
734 3770 803 3824 ob
833 3783 944 3822 rem
975 3769 1061 3822 vel
1094 3764 1318 3836 patriam
1348 3780 1498 3817 suam
1530 3778 1626 3831 pro
1656 3778 1756 3831 qua
1789 3762 2020 3815 militare
2050 3761 2143 3815 de-

571 3864 795 3916 buerant
823 3868 969 3912 trans
997 3870 1149 3911 mare
1177 3855 1432 3909 abeuntes
1462 3852 1794 3922 relinquant;
1828 3852 1911 3907 \el
1943 3852 2143 3919 majore

563 3950 773 4008 scelere
802 3960 960 4017 atque
1000 3946 1324 4017 impudentia
1350 3987 1365 4013 ,
1397 3946 1486 4014 qtti
1522 3945 1849 4013 propositum
1882 3945 2143 3998 castitatis

564 4056 670 4097 non
701 4040 931 4103 habent,
973 4038 1196 4092 luxuria:
1223 4051 1284 4092 ac
1314 4036 1646 4091 fornicationi
1677 4036 2011 4102 deserviant,
2045 4051 2139 4090 ne-

564 4150 668 4205 que
696 4134 764 4189 ab
793 4132 923 4203 ipsis
949 4132 1174 4186 sacratis
1202 4130 1313 4185 Deo
1341 4129 1633 4199 virginibus
1662 4130 1982 4184 abstineant.

639 4229 708 4280 At
745 4225 831 4278 alii
873 4222 1119 4292 graviore
1146 4222 1319 4277 adhuc
1351 4222 1571 4290 ﬂagitio,
1606 4237 1725 4276 cum
1757 4224 1862 4277 sint
1893 4222 1993 4292 ipsi
2024 4221 2143 4277 laici

569 4324 622 4370 et
650 4313 848 4367 nullius
878 4313 998 4363 vitae
1028 4311 1291 4379 regularis
1318 4311 1399 4365 vel
1431 4326 1527 4365 usu
1559 4312 1775 4366 exerciti
1817 4310 1950 4383 [Al.,
1988 4327 2140 4367 exer—

567 4400 720 4473 citii],
744 4402 825 4456 vel
848 4415 1031 4455 amore
1057 4401 1283 4470 praediti,
1309 4400 1429 4454 data
1458 4401 1671 4469 regibus
1694 4403 1936 4468 pecunia,
1960 4410 2147 4456 emunt

2247 3220 2526 3289 periendo,
2560 3220 2653 3273 sed
2686 3219 2954 3273 audiendo
2996 3220 3297 3288 potuerint,
3339 3236 3365 3271 a
3393 3233 3615 3280 persona
3648 3230 3825 3273 tamen

2246 3310 2329 3362 illa
2359 3324 2421 3364 ac
2449 3306 2780 3376 professione
2808 3322 2926 3377 qua:
2955 3307 3092 3360 hanc
3121 3308 3316 3361 docere
3342 3308 3534 3362 debeat
3561 3308 3691 3379 [Αι.,
3726 3308 3822 3361 ha-

2246 3398 2405 3469 beat],
2434 3408 2557 3452 sunt
2605 3397 2837 3451 funditus
2882 3406 3141 3452 exsortes.
3195 3398 3259 3451 Et
3288 3398 3501 3469 quidem
3554 3399 3687 3452 tales
3735 3413 3825 3454 re-

2248 3501 2403 3558 ponte
2423 3531 2438 3557 ,
2484 3500 2541 3543 ut
2572 3490 2747 3557 nosti,
2777 3498 3049 3543 tonsuram
3097 3504 3192 3557 pro
3223 3505 3318 3542 suo
3349 3490 3496 3545 libitu
3525 3490 3822 3559 accipiunt,

2242 3598 2341 3636 suo
2366 3582 2612 3637 examine
2640 3581 2707 3635 de
2737 3580 2887 3636 laicis
2920 3594 3023 3635 non
3053 3579 3298 3634 monachi
3322 3622 3336 3645 ,
3377 3580 3471 3634 sed
3500 3580 3715 3635 abbates
3743 3580 3825 3635 ef-

2246 3676 2515 3729 ficiuntur.
2543 3674 2650 3729 Sed
2676 3672 2796 3741 quia
2822 3672 3055 3743 praafata:
3078 3671 3286 3726 virtutis
3310 3686 3405 3726 nec
3436 3672 3675 3726 notitiam
3702 3687 3829 3741 pro~

2246 3768 2437 3821 bantur
2482 3766 2678 3820 habere
2717 3780 2817 3820 nec
2862 3765 3131 3829 studium,
3179 3765 3305 3832 quid
3350 3764 3431 3819 his
3477 3764 3618 3818 aliud
3665 3779 3822 3833 quam

2248 3858 2553 3928 evangelica
2580 3858 2829 3911 convenit
2858 3855 3161 3911 maledictio
3191 3857 3299 3919 illa,
3325 3871 3425 3925 qua
3454 3854 3645 3909 dicitur
3672 3873 3683 3907 :
3712 3852 3825 3908 Cre-

2243 3966 2332 4005 cus
2360 3952 2403 4003 si
2432 3966 2561 4003 ceco
2587 3952 2826 4005 ducatum
2866 3958 3085 4019 proruet,
3119 3947 3265 4001 ambo
3295 3949 3345 4001 in
3376 3949 3574 4019 {aream
3599 3947 3830 4001 cadunt?

2245 4041 2455 4111 (Matth.
2487 4039 2600 4109 xv.)
2646 4041 2775 4107 Quae
2805 4040 3054 4094 nimirum
3087 4042 3298 4094 caecitas
3329 4049 3510 4107 posset
3537 4037 3821 4107 aliquando

2245 4137 2545 4201 terminari,
2578 4152 2639 4192 ac
2667 4138 2902 4205 regulari
2933 4137 3211 4207 disciplina
3242 4134 3497 4195 cohiberi,
3529 4140 3582 4186 et
3608 4131 3673 4185 de
3705 4128 3827 4183 (lni-

2245 4228 2342 4282 bus
2370 4240 2569 4283 sancta:
2602 4229 2853 4282 Ecclesim
2894 4230 3099 4282 cunctis
3141 4224 3430 4295 pontificali
3473 4239 3534 4277 ac
3575 4221 3827 4293 synodica

2244 4319 2561 4374 auctoritate
2593 4320 2774 4387 procul
2806 4320 3024 4388 expelli,
3057 4320 3099 4373 si
3130 4334 3234 4372 non
3268 4316 3367 4385 ipsi
3398 4316 3669 4386 pontifices
3703 4329 3828 4367 ma-

2244 4410 2324 4479 gis
2353 4409 2654 4479 hujusmodi
2681 4411 2977 4465 sceleribus
3005 4425 3158 4478 opem
3192 4410 3331 4463 ferre
3361 4420 3521 4478 atque
3551 4405 3826 4475 astipulari

568 4494 671 4550 sibi
715 4492 816 4547 sub
862 4499 1121 4561 praetextu
1174 4490 1621 4544 monasteriorum
1666 4492 2140 4547 construendorum

2254 4500 2605 4571 probarentur
2631 4520 2643 4555 :
2668 4502 2757 4572 qui
2788 4517 2892 4555 non
2919 4500 3254 4555 solummodo
3278 4498 3580 4569 lmjusmodi
3610 4497 3826 4551 decreta

569 4582 833 4640 territoria
862 4583 915 4638 in
940 4582 1133 4653 quibus
1162 4596 1273 4636 sua:
1318 4582 1536 4636 liberius
1564 4592 1756 4637 vacent
1803 4584 2004 4638 libidini
2028 4626 2044 4651 ,
2087 4596 2141 4641 et

570 4678 686 4733 haec
713 4678 929 4748 insuper
964 4675 1017 4731 in
1053 4675 1142 4743 jus
1183 4675 1281 4731 sibi
1312 4674 1706 4730 bmreditarium
1738 4677 1924 4731 edictis
1954 4678 2142 4746 regali-

572 4773 670 4825 bus
698 4770 899 4825 faciunt
925 4768 1154 4835 ascribi,
1187 4769 1330 4838 ipsas
1357 4784 1566 4838 quoque
1599 4770 1803 4824 litteras
1834 4770 2143 4841 privilegio-

572 4876 687 4915 rum
717 4874 937 4916 suorum
963 4860 1113 4929 quasi
1145 4860 1407 4914 veraciter
1438 4860 1546 4914 Deo
1569 4860 1777 4929 dignas,
1812 4862 2141 4929 pontilicum,

571 4950 823 5006 abbatum
845 4958 902 5004 et
927 4960 1244 5019 potestatum
1276 4950 1457 5004 saeculi
1484 4951 1726 5005 obtinent
1749 4951 2144 5020 subscriptione

577 5041 903 5097 conﬁrmari.
935 5041 1130 5108 Sicque
1156 5042 1422 5107 usurpatis
1453 5040 1551 5094 sibi
1581 5041 1821 5109 agellulis
1850 5043 1962 5096 sive
1990 5042 2143 5108 vicis,

577 5131 732 5188 liberi
765 5131 958 5187 exinde
984 5146 1014 5185 a
1036 5131 1217 5184 divino
1245 5130 1402 5184 simul
1432 5139 1485 5183 et
1515 5130 1745 5183 humano
1772 5131 2009 5195 servitio,
2034 5133 2147 5187 suis

575 5236 776 5280 tantum
828 5224 955 5279 inibi
1003 5223 1283 5278 desideriis
1335 5223 1451 5276 laici
1501 5222 1775 5275 monachis
1824 5224 2147 5290 imperantes

574 5316 919 5371 deserviunt:
954 5316 1061 5369 imo
1101 5330 1205 5369 non
1238 5314 1526 5367 monachos
1559 5312 1627 5366 ibi
1660 5322 2019 5382 congregant,
2051 5313 2145 5368 sed

574 5413 923 5477 quoscunque
961 5409 1029 5462 ob
1061 5407 1271 5474 culpam
1317 5404 1690 5459 inobedientize
1720 5404 1858 5459 veris
1896 5404 2147 5474 expulsos

648 5568 673 5594 ⁸
712 5566 945 5635 Aldfrid,
980 5581 1071 5620 rex
1105 5564 1687 5635 Nordanhymbrorum,
1714 5563 1858 5635 obiit
1895 5578 1982 5616 an.
2018 5562 2144 5631 705,

576 5650 695 5686 eum
727 5634 830 5702 quo
860 5652 1001 5687 anno
1041 5638 1085 5689 si
1126 5634 1384 5689 calculum
1429 5635 1668 5700 incipias,
1712 5634 2010 5687 invenietur
2034 5634 2148 5700 epi-

577 5707 762 5755 stolam
796 5706 931 5757 hauc
958 5705 1121 5759 fuisse
1146 5706 1393 5772 scriptam
1426 5720 1489 5757 eo
1521 5705 1636 5772 ip-o
1677 5717 1814 5756 anno
1855 5718 1959 5770 quo
2004 5703 2142 5756 Beda

484 5845 489 5852 ι
579 5777 682 5826 vita
718 5777 922 5829 functus
952 5786 1050 5843 cSt,
1084 5790 1170 5830 an.
1207 5791 1281 5829 sc.
1312 5775 1437 5829 735.
1471 5774 1544 5827 Ita
1572 5784 1627 5827 ut
1658 5773 1767 5827 haec
1795 5772 2018 5842 epistola
2048 5774 2142 5828 ba-

2246 4593 2436 4657 injnsta
2465 4591 2623 4661 jnstis
2655 4591 2946 4659 infringere
2973 4591 3205 4645 decretis
3236 4605 3340 4644 non
3372 4597 3559 4643 curant
3579 4631 3593 4654 ,
3639 4602 3821 4642 verum

2244 4684 2355 4738 suis
2389 4684 2559 4751 potius
2600 4684 3079 4753 subscriptionibus
3119 4682 3249 4754 [Αι.,
3286 4676 3824 4751 ρι’σξεοτὶριίοιιίὺιιςῙ,

2246 4786 2301 4828 ut
2345 4775 2549 4843 prmfati
2581 4790 2764 4829 sumus
2787 4816 2802 4839 ,
2836 4777 3154 4828 conlirmare
3181 4781 3428 4842 satagunt
3459 4788 3473 4825 :
3508 4770 3690 4824 eadem
3724 4768 3825 4837 ipsi

2246 4869 2580 4939 phylargyria
2607 4868 2862 4929 dictante.
2889 4867 2953 4920 ad
2983 4865 3413 4921 confirmandum
3444 4862 3579 4916 male
3602 4860 3828 4929 scripta,

2246 4973 2346 5027 qua
2378 4967 2648 5027 emptores
2673 4958 2738 5013 ad
2769 4957 3190 5027 comparandum
3222 4952 3520 5025 hujnsmodi
3549 4958 3824 5009 monaste—

2246 5050 2322 5103 ria
2354 5050 2545 5104 coacti.

2320 5141 2477 5194 Multa
2507 5140 2723 5208 quidem
2752 5139 2927 5195 adhuc
2961 5140 3053 5193 tibi
3098 5154 3312 5208 possem
3344 5138 3411 5193 de
3450 5137 3531 5190 his
3558 5144 3611 5190 et
3638 5132 3822 5205 hujus-

2249 5230 2392 5284 modi
2438 5229 2932 5298 praevaricatoribus
2962 5229 3155 5297 quibus
3195 5236 3376 5282 nostra
3417 5224 3682 5295 provincia
3714 5224 3825 5277 mi-

2248 5321 2474 5376 serrime
2497 5331 2738 5385 vexatur,
2767 5321 2851 5374 his
2878 5321 3123 5375 intimare
3147 5319 3360 5385 litteris,
3391 5318 3434 5372 si
3465 5334 3570 5370 non
3597 5316 3821 5384 teipsum

2249 5425 2463 5465 nossem
2494 5410 2609 5466 haec
2640 5411 2825 5466 eadem
2856 5411 3155 5466 certissime
3180 5410 3516 5481 cognovisse.
3556 5408 3689 5463 Nam
3718 5420 3827 5463 ne—

2248 5573 2435 5628 beatur
2474 5582 2720 5640 tanquam
2773 5572 2925 5626 Beda!
2952 5585 3153 5643 cygnea
3198 5569 3375 5643 cantio
3406 5585 3419 5643 _:
3453 5567 3679 5643 ideoque
3725 5563 3823 5643 mi-

2250 5660 2365 5697 rmn
2395 5659 2500 5696 non
2540 5635 2621 5695 est
2665 5646 2707 5695 si
2757 5658 2861 5698 non
2901 5635 3074 5698 exstét
3119 5644 3169 5697 in
3220 5640 3455 5696 ludiculo
3485 5639 3713 5707 Operum
3754 5635 3823 5688 ab

2248 5714 2475 5784 ipsumet
2501 5713 2784 5782 descripto.
