4220 6492
411 363 518 419 6(ῖὸ

412 566 639 639 tissime]
672 580 723 623 te
761 584 820 622 ea
862 585 980 637 quze
1016 578 1169 622 antea
1213 570 1447 623 nescires
1491 585 1666 625 essem
1708 571 1989 636 docturus,

408 661 502 714 sed
537 671 593 713 ut
622 668 675 714 te
702 661 870 713 amica
918 660 1287 714 exhortatione
1314 676 1709 717 commoneretn
1730 706 1745 729 ,
1777 680 1837 720 ea
1869 680 1989 733 qua:

408 750 613 818 optime
644 765 870 804 noveras
898 759 1073 805 errata
1106 750 1348 821 diligenti
1380 761 1537 821 prout
1564 753 1706 807 vales
1741 755 1991 807 instantia

409 842 695 911 corrigere.

484 935 547 987 Et
569 933 676 1003 jam
702 932 918 1003 jamque
950 942 1001 988 te
1028 948 1247 988 murium
1275 934 1536 1005 deprecor
1564 944 1727 1004 atque
1752 934 1991 990 obtestor

409 1025 461 1078 in
493 1024 738 1089 Domino,
768 1033 827 1079 ut
869 1026 1211 1080 commissum
1264 1027 1353 1082 tibi
1398 1042 1612 1098 gregem
1656 1028 1874 1081 sedulus
1923 1026 1991 1080 ab

408 1117 722 1171 irruentium
757 1117 1003 1185 luporum
1037 1118 1377 1188 improbitate
1411 1121 1607 1174 tuearis
1640 1139 1651 1173 :
1696 1130 1851 1190 teque
1882 1136 1987 1174 non

408 1210 817 1275 mercenarium,
849 1210 941 1264 sed
972 1221 1240 1281 pastorem
1271 1212 1613 1266 conStitutum
1646 1228 1766 1268 esse
1799 1212 1989 1266 memi-

407 1303 584 1367 neris,
630 1301 718 1370 qui
765 1316 1001 1357 amorem
1044 1304 1239 1357 summi
1292 1303 1527 1359 Pastoris
1574 1303 1756 1358 solerti
1805 1304 1982 1357 ovium

406 1392 573 1460 ipsius
616 1393 858 1462 pastione
886 1394 1246 1463 demonstres,
1291 1410 1490 1466 proque
1530 1396 1731 1452 eisdem
1775 1398 1983 1463 ovibus,

403 1486 450 1539 si
482 1485 555 1538 ita
596 1499 684 1539 res
728 1487 1069 1551 poposcerit,
1097 1501 1215 1539 cum
1262 1487 1420 1541 beato
1448 1487 1807 1557 apostolorum
1841 1488 1985 1557 prin-

400 1576 521 1643 cipe
551 1577 781 1631 animam
815 1592 1013 1645 ponere
1040 1588 1253 1646 paratus
1283 1579 1379 1633 sis.

475 1668 673 1723 Precor
699 1670 923 1724 sollicite
954 1685 1281 1738 praecaveas,
1317 1686 1382 1725 ne
1411 1684 1529 1724 cum
1563 1670 1701 1724 idem
1733 1672 1983 1740 princeps

396 1759 768 1826 apostolorum
797 1762 1080 1831 cteterique
1112 1762 1343 1816 fidelium
1375 1777 1591 1831 gregum
1622 1762 1784 1816 duces
1813 1762 1862 1814 iit
1891 1762 1977 1816 die

1625 364 1815 420 SECT.
1852 363 1937 419 IV.
1983 393 2053 404 —~
2096 366 2471 422 EPISTULE.

409 494 513 548 que
546 478 660 532 haec
700 478 771 532 ita
801 476 1021 547 scripsi,
1064 477 1215 543 quasi
1258 477 1559 532 cortis>ime
1588 478 1691 550 [AL
1728 495 1832 533 om.
1864 496 1986 535 cer-
2015 478 2066 538 Δ
2092 478 2236 546 juxta
2268 482 2407 549 quod
2455 482 2745 540 ltlcclesiatn
2774 487 2968 543 Christi
3019 504 3114 556 per
3144 490 3375 555 Italiam,
3408 492 3631 547 Galliam

3582 344 3685 396 (itii;

3664 537 3678 559 ν

2097 572 2365 638 Africam,
2418 574 2674 630 Gra’ciam
2709 616 2727 643 ,
2786 591 2848 633 ac
2897 588 3063 634 totum
3122 582 3391 638 Orientem
3449 586 3676 639 solerter

2094 678 2254 733 agere
2284 666 2444 719 nosti.
2484 667 2632 733 Quod
2666 670 2911 724 videlicet
2939 688 3105 741 genus
3136 674 3405 739 religionis
3426 716 3441 741 ,
3470 692 3531 731 ac
3564 679 3674 731 Deo

2094 758 2300 810 devota:
2326 758 2764 813 sanctiﬁcationis
2792 771 2896 815 tam
2933 764 3088 831 longe
3120 781 3147 817 a
3174 766 3383 820 cunctis
3415 782 3546 834 pene
3578 785 3675 823 no-

2094 859 2219 901 stra:
2254 848 2539 916 provinciae
2577 850 2729 904 laicis
2772 867 2865 920 per
2899 853 3154 907 incuriam
3186 856 3491 910 docentium
3522 862 3673 925 quasi

2096 954 2256 1008 prope
2289 942 2620 1008 peregrinum
2654 945 2839 1010 abest,
2869 954 2925 997 ut
2955 945 3003 998 lti
3033 947 3119 1013 qui
3152 948 3288 1001 inter
3313 948 3417 1020 [Αἰ.
3448 951 3570 1003 add.
3608 952 3674 1005 il-

2093 1031 2191 1103 lns]
2240 1034 2600 1100 religiosiores
2640 1051 2759 1090 esse
2790 1037 3056 1105 videntur,
3106 1054 3209 1094 non
3259 1044 3357 1095 nisi
3405 1043 3455 1095 in
3500 1043 3674 1098 Natali

2092 1122 2298 1178 Domini
2322 1135 2375 1180 et
2399 1125 2691 1195 Epiphania
2718 1138 2768 1182 et
2795 1128 2997 1183 Pascha
3027 1136 3381 1187 sacrosanctis
3408 1137 3674 1204 mysteriis

2089 1222 2481 1272 communicare
2511 1229 2870 1286 praesumant,
2910 1236 3027 1286 cum
3061 1222 3168 1275 sint
3215 1222 3477 1277 innumeri
3518 1225 3671 1277 inno-

2087 1318 2269 1361 centes
2296 1318 2349 1363 et
2376 1308 2691 1363 castissimae
2719 1312 3140 1366 conversationis
3171 1314 3319 1382 pueri
3346 1328 3409 1368 ac
3442 1317 3633 1383 puellae
3654 1356 3670 1378 ,

2083 1396 2305 1466 juvenes
2333 1407 2386 1451 et
2413 1400 2663 1468 virgines,
2714 1416 2871 1456 senes
2901 1412 2955 1456 et
2996 1418 3152 1470 anus,
3183 1406 3269 1472 qui
3316 1406 3516 1474 absque
3561 1407 3667 1459 ullo

2085 1492 2334 1557 scrupulo
2383 1495 2803 1558 controversiae,
2854 1497 2997 1549 omni
3042 1490 3134 1551 'die
3188 1497 3498 1564 Dominico,
3548 1499 3667 1553 sive

2082 1586 2240 1638 etiam
2272 1586 2322 1639 in
2356 1587 2612 1640 natalitiis
2642 1595 2951 1642 sanctorum
2977 1589 3359 1658 apostolorum,
3384 1591 3496 1643 sive
3524 1606 3667 1643 mar-

2086 1688 2280 1746 tyrum,
2311 1677 2578 1745 quomodo
2610 1679 2722 1745 ipse
2773 1680 2824 1732 in
2876 1690 3057 1732 sancta
3099 1681 3334 1733 Romana
3363 1688 3417 1733 et
3446 1690 3663 1746 aposto—

2086 1767 2182 1821 lica
2213 1767 2443 1822 Ecclesia
2478 1768 2592 1823 ﬁeri
2624 1769 2836 1835 vidisti,
2873 1771 3141 1840 mysteriis
3169 1771 3479 1825 caelestibus
3509 1786 3662 1824 com-

393 1850 579 1922 judicii
614 1856 898 1909 maximum
928 1871 1038 1909 suae
1068 1856 1350 1924 pastoralis
1376 1871 1522 1910 cura:
1563 1856 1789 1911 fructum
1824 1856 1978 1910 Cbri-
2015 1832 2054 1890 Β
2085 1859 2352 1913 municare
2380 1859 2612 1913 valeant.
2659 1859 2759 1925 Ipsi
2790 1861 2949 1912 etiam
2978 1860 3246 1928 coniugati
3268 1903 3282 1925 ,
3327 1860 3369 1914 si
3408 1859 3526 1928 quis
3564 1860 3663 1913 sibi

394 1955 481 1999 sto
504 1946 813 2010 obtulerint,
843 1957 1047 2002 tuarum
1072 1948 1244 2018 aliqua
1268 1964 1389 2018 pars
1416 1950 1591 2004 ovium
1627 1952 1765 2005 inter
1796 1950 1977 2005 bardos

393 2035 461 2089 ad
503 2035 772 2090 sinistram
800 2036 995 2107 judicis
1023 2040 1264 2102 secerni,
1297 2049 1455 2108 atque
1485 2040 1536 2093 in
1569 2050 1824 2095 :eternum
1854 2058 1972 2095 cum

395 2127 770 2184 inaledictione
812 2141 1080 2185 mereatur
1122 2132 1199 2185 ire
1227 2131 1545 2199 supplicium
1580 2152 1591 2186 :
1626 2134 1762 2198 Quin
1798 2134 1974 2201 potius

394 2226 509 2295 ipse
539 2234 659 2279 tunc
689 2240 871 2279 eorum
904 2240 1127 2277 numero
1161 2226 1416 2280 merearis
1448 2226 1660 2290 ascribi,
1690 2228 1755 2279 de
1785 2230 1974 2297 quibus

390 2319 467 2370 ait
498 2318 657 2371 Isaias
690 2335 703 2371 :
738 2315 985 2370 Minimus
1012 2316 1103 2369 erit
1130 2318 1264 2369 inter
1291 2316 1427 2369 mille
1455 2316 1584 2387 [Al..
1625 2318 1675 2370 in
1704 2317 1896 2387 mille],
1927 2328 1974 2372 et

390 2398 631 2476 parra/us
679 2409 809 2459 inter
848 2417 1043 2476 gentem
1094 2406 1225 2478 [Al.,
1274 2408 1327 2460 in
1373 2407 1590 2477 gentem]
1644 2410 1972 2476 fortissimam

390 2497 531 2570 (Ira.
565 2500 675 2567 ιι).
710 2498 809 2551 Τιιὶ
846 2514 1074 2566 namque
1101 2510 1183 2554 est
1210 2498 1373 2553 ollicii
1415 2500 1816 2570 diligentissime
1849 2517 1971 2566 pro-

388 2593 597 2659 spicere
629 2592 752 2660 quid
801 2591 852 2645 iu
899 2580 1121 2660 singulis
1171 2594 1509 2646 monasteriis
1556 2603 1656 2645 tute
1706 2592 1970 2660 PIII'OCiIitC

389 2683 555 2742 recti,
588 2681 711 2751 quid
755 2682 991 2750 perversi
1030 2694 1246 2752 geratur
1279 2702 1291 2736 :
1338 2697 1405 2738 ne
1435 2683 1514 2736 vel
1555 2683 1721 2736 abbas
1762 2684 1967 2750 regula-

388 2792 507 2829 rum
553 2775 753 2831 inscius
798 2787 888 2831 aut
933 2784 1298 2843 contemptor,
1348 2775 1432 2829 vel
1482 2775 1747 2828 abbatissa
1796 2777 1968 2829 minus

393 2869 551 2935 digna
599 2867 916 2921 famulorum
969 2867 1351 2921 famularumve
1393 2866 1588 2921 Chri5ti
1634 2876 1968 2935 prmponatur

388 2958 662 3024 examini,
698 2974 792 3012 nec
824 2973 1031 3012 rursum
1066 2957 1371 3028 praevisioni
1415 2957 1767 3025 spiritualium
1802 2958 1966 3026 magi-

384 3061 620 3105 strorum
666 3050 1017 3118 contemptrix
1062 3060 1113 3103 et
1154 3049 1540 3114 indisciplinata
1574 3050 1963 3103 contumacium

388 3144 690 3197 auditorum
722 3144 874 3196 turba
904 3144 1157 3208 resultet;
1192 3143 1423 3196 maxime
1453 3142 1572 3209 quia
1595 3182 1609 3204 ,
1646 3143 1781 3196 situt
1810 3142 1966 3211 Vulgo

389 3234 579 3298 fertur,
613 3232 789 3287 dicere
818 3233 943 3288 eSIis
976 3234 1115 3288 soliti
1142 3235 1280 3303 quod
1315 3249 1418 3288 non
1452 3233 1516 3287 ad
1550 3249 1729 3301 regum
1757 3250 1959 3298 curam,

384 3343 492 3382 non
521 3327 587 3382 ad
618 3328 913 3395 aliquorum
963 3328 1142 3382 saeculi
1177 3325 1473 3397 principum
1506 3342 1741 3389 causam,
1773 3326 1867 3379 sed
1897 3326 1961 3380 ad

382 3429 620 3475 vestrum
650 3419 781 3491 [Al.,
812 3418 1067 3491 vestram]
1122 3418 1490 3473 tantummodo
1538 3419 1833 3473 antistitum
1885 3419 1965 3472 iu-

383 3510 730 3581 quisitionem
757 3520 916 3580 atque
943 3525 1187 3574 examen,
1218 3510 1341 3577 quid
1370 3510 1421 3563 in
1446 3510 1664 3578 singulis
1695 3519 1963 3563 monaste-

384 3605 480 3659 riis
504 3614 690 3675 agatur
719 3604 1019 3674 pertineat,
1051 3605 1149 3658 nisi
1185 3604 1320 3659 forte
1351 3605 1401 3658 in
1435 3603 1771 3657 monasteriis
1808 3604 1964 3672 quili-

384 3697 478 3751 bet
514 3698 566 3752 in
609 3699 752 3768 ipsos
799 3698 1066 3767 principes
1112 3713 1359 3766 peccasse
1400 3698 1798 3765 eomprnbetur.
1832 3699 1961 3761 Tui,

386 3794 633 3860 inquam,
667 3800 747 3845 est
773 3790 930 3845 oilicii
963 3806 1254 3860 procurare
1287 3808 1352 3844 ne
1382 3792 1432 3844 in
1467 3791 1597 3846 locis
1630 3790 1734 3845 Deo
1765 3805 1963 3845 conse—

382 3882 546 3938 cratis
589 3881 830 3935 diabolus
873 3880 974 3935 sibi
1022 3896 1242 3949 regnum
1288 3890 1531 3948 usurpet,
1582 3896 1647 3935 ne
1697 3897 1789 3947 pro
1836 3894 1965 3947 pace

383 3971 674 4037 discordia,
722 3987 819 4042 pro
850 3972 1044 4040 pietate
1089 3973 1283 4041 jurgia,
1335 3986 1432 4039 pro
1462 3970 1748 4026 sobrietate
1793 3971 1965 4028 ebrie-

386 4077 491 4133 tas,
520 4080 616 4135 pro
646 4064 906 4120 charitate
935 4072 988 4118 et
1015 4064 1261 4116 castitate
1293 4061 1671 4116 fornicationes
1701 4071 1754 4113 et
1785 4061 1960 4115 homi-

383 4158 523 4214 cidia
556 4156 658 4212 sibi
685 4155 869 4210 sedem
900 4154 1167 4209 vindicent
1198 4172 1210 4205 :
1244 4167 1342 4207 nec
1368 4153 1506 4219 apud
1549 4160 1598 4205 te
1627 4150 1965 4204 inveniantur

383 4248 569 4319 aliqui,
603 4248 673 4303 de
705 4247 893 4317 quibus
940 4244 1135 4299 merito
1179 4254 1445 4312 quaeratur
1491 4259 1553 4298 ac
1597 4243 1825 4308 dicatur,
1857 4244 1962 4299 vidi

386 4338 581 4409 impios
605 4339 864 4408 sepultos,
892 4335 979 4407 qui
1011 4352 1130 4391 cum
1163 4337 1508 4404 adviverent,
1550 4336 1599 4389 in
1634 4336 1749 4389 loco
1779 4348 1963 4390 sancto

385 4441 576 4495 erant,
622 4439 677 4485 et
722 4428 1071 4483 laudabantur
1116 4431 1168 4481 in
1217 4426 1454 4492 civitate,
1503 4427 1653 4495 quasi
1698 4425 1962 4496 iustorum

386 4520 520 4594 [Al.,
550 4518 830 4591 bonorum]
860 4534 1099 4587 operum.

463 4611 658 4665 Eorum
681 4625 891 4680 quoque
912 4610 999 4679 qui
1024 4610 1073 4663 in
1098 4607 1335 4677 ponulari
1359 4606 1532 4661 adhuc
1555 4607 1659 4661 vita
1682 4609 1959 4664 continen-

388 4715 478 4760 tur
502 4704 780 4760 sollicitam
811 4714 862 4757 te
883 4718 1103 4757 necesse
1125 4712 1205 4755 est
1228 4715 1409 4753 curam
1432 4716 1637 4769 gerere.
1664 4702 1878 4755 utsicut
1908 4702 1959 4755 in

390 4794 681 4864 primordio
714 4791 871 4861 hujus
900 4791 1140 4860 epistola:
1170 4790 1605 4858 prmmonuimus,
1632 4790 1964 4845 sufﬁcientes

385 4885 468 4940 eis
497 4884 744 4938 doctores
775 4884 897 4936 vita:
941 4881 1191 4935 salutaris
1237 4879 1492 4935 adhibere
1541 4881 1865 4944 memineris,
1910 4890 1965 4936 et

389 4980 493 5032 hoc
538 4992 631 5031 eos
678 4977 819 5031 inter
861 4974 962 5029 alia
1004 4975 1210 5029 discere
1262 4972 1446 5037 facias,
1477 4974 1671 5042 quibus
1712 4974 1964 5041 operibus

387 5066 620 5122 maxime
653 5066 764 5121 Deo
791 5065 1018 5133 placere,
1069 5080 1099 5118 a
1147 5065 1332 5134 quibus
1362 5079 1419 5118 se
1446 5064 1676 5118 debeant
1726 5064 1812 5133 qui
1858 5066 1964 5119 Deo

388 5159 603 5229 placere
651 5156 961 5213 desiderant
1008 5156 1278 5211 abstinere
1334 5156 1587 5225 peccatis,
1638 5172 1738 5226 qua
1786 5157 1965 5212 cordis

388 5251 696 5308 sinceritate
742 5250 792 5305 in
840 5249 1004 5304 Deum
1047 5248 1291 5312 credere,
1325 5263 1424 5316 qua
1456 5247 1686 5301 divinam
1727 5248 1963 5302 tlemen-

390 5348 516 5403 tiam
546 5342 906 5415 supplicantes
944 5341 1173 5397 debeant
1214 5339 1495 5395 devotione
1535 5339 1773 5407 precari,
1807 5355 1963 5408 quam

390 5436 653 5507 frequenti
697 5434 965 5505 diligentia
1022 5432 1296 5501 signaculo
1347 5445 1406 5485 se
1448 5431 1741 5486 Dominicie
1794 5431 1966 5486 crucis

386 5546 592 5602 suaque
612 5529 788 5585 omnia
816 5527 1097 5580 adversum
1130 5526 1409 5578 continuas
1438 5522 1826 5575 itnmtuidorum
1858 5524 1966 5589 spi-

388 5624 589 5680 rituum
619 5621 839 5676 insidias
871 5633 1091 5675 neccsse
1123 5616 1350 5671 habeant
1380 5616 1607 5679 munire,
1642 5629 1794 5684 quam
1827 5614 1966 5666 salu-

390 5716 518 5772 taris
548 5715 677 5787 HL,
711 5709 964 5781 salutare]
1014 5712 1085 5765 sit
1129 5709 1273 5762 omni
1314 5707 1737 5760 Christianorum
1787 5706 1965 5774 generi

387 5810 692 5882 quotidiana
722 5804 981 5865 Dominici
1014 5802 1250 5872 corporis
1281 5816 1339 5855 ac
1368 5798 1637 5868 sanguinis
1668 5798 1960 5868 perceptio,

2082 1964 2383 2003 mensuram
2414 1951 2752 2003 continentia:
2783 1951 3054 2015 ostendat,
3086 1962 3139 2005 et
3169 1951 3418 2004 virtutem
3448 1950 3665 2002 castita-

2083 2042 2146 2098 tis
2176 2042 2443 2108 insinuet,
2475 2041 2614 2096 idem
2648 2052 2703 2097 et
2734 2042 2955 2097 licenter
2984 2044 3220 2112 possint,
3249 2051 3304 2096 et
3328 2042 3555 2095 libenter
3587 2041 3666 2093 ia-

2077 2147 2199 2187 cere
2225 2133 2405 2187 velint.

2153 2223 2276 2276 "i130
2309 2223 2425 2288 tibi,
2466 2223 2805 2278 sanctissime
2836 2224 3078 2286 antistes,
3123 2232 3177 2277 et
3214 2234 3318 2277 tua:
3362 2223 3659 2280 dilectiOuis

2080 2316 2270 2369 intuittt
2301 2326 2355 2369 et
2383 2316 2653 2383 generalis
2683 2317 2849 2385 gratia
2884 2315 3126 2370 utilitatis
3149 2316 3381 2371 breviter
3401 2316 3657 2370 adnotare

2077 2406 2279 2472 studui,
2316 2407 2539 2460 multum
2571 2408 2878 2460 desiderans
2921 2408 3255 2474 multumque
3284 2407 3574 2460 exhortans
3602 2418 3657 2460 ut

2075 2510 2286 2565 gentem
2323 2506 2559 2551 nostram
2591 2512 2619 2550 a
2650 2498 2876 2550 vetustis
2905 2497 3218 2550 abstrahere
3259 2512 3414 2551 cures
3461 2502 3657 2552 errori-

2075 2590 2191 2655 bus,
2228 2600 2281 2644 et
2308 2592 2370 2643 ad
2403 2593 2688 2644 certiorem
2720 2599 2772 2643 et
2801 2588 3143 2643 directiorem
3191 2589 3310 2642 vita:
3353 2591 3539 2643 callem
3569 2606 3656 2643 re-

2073 2684 2269 2737 ducere
2316 2693 2550 2751 satagas.
2607 2684 2668 2737 Et
2699 2684 2743 2736 si
2792 2691 2916 2736 sunt
2954 2682 3112 2750 aliqui
3145 2682 3426 2751 cujuslibet
3458 2682 3654 2751 gradus

2073 2777 2184 2830 sive
2214 2776 2416 2830 ordinis
2446 2777 2567 2839 viri,
2604 2777 2689 2843 qui
2729 2777 2864 2830 bona
2908 2785 2995 2829 tua
3024 2784 3200 2842 coepta
3232 2776 3463 2828 retinere
3491 2783 3651 2843 atque

2073 2869 2332 2934 impedire
2361 2877 2640 2934 conentur,
2668 2875 2723 2920 tu
2758 2878 2931 2921 tamen
2967 2866 3295 2933 prepositum
3322 2875 3518 2917 sancta:
3548 2864 3656 2916 vir-

2074 2963 2222 3027 tutis,
2248 2976 2491 3030 supernte
2516 2976 2720 3016 memor
2745 2959 3133 3023 retributionis,
3160 2958 3225 3011 ad
3252 2958 3458 3010 ﬁrmum
3484 2970 3651 3020 usque

2074 3053 2233 3106 linem
2267 3053 2560 3119 perducere
2589 3052 2900 3105 contendas.
2941 3050 3066 3104 Seio
3102 3065 3329 3120 namque
3360 3048 3645 3101 nonnullos

2074 3146 2193 3199 huic
2224 3155 2419 3199 nostrae
2458 3141 2815 3197 exhortationi
2850 3142 3075 3194 multum
3124 3140 3566 3200 contradicturos,
3597 3149 3652 3191 et

2072 3240 2308 3294 maxime
2338 3251 2430 3291 eos
2459 3236 2548 3303 qui
2579 3236 2787 3301 seipsos
2828 3232 2933 3284 illis
2968 3229 3292 3285 facinoribus
3322 3245 3347 3281 a
3382 3229 3570 3295 quibus
3604 3237 3654 3282 te

2070 3331 2417 3401 prohibemus
2447 3342 2564 3381 esse
2608 3326 2845 3378 sentiunt
2898 3322 3172 3374 irretitos:
3216 3319 3307 3372 sed
3343 3317 3651 3371 meminisse

2067 3432 2116 3477 te
2146 3423 2298 3474 decet
2327 3417 2638 3482 apostolica:
2666 3412 3025 3481 responsionis
3051 3429 3062 3463 :
3101 3410 3235 3476 Quia
3262 3409 3471 3463 obedire
3494 3423 3649 3475 opor-

2068 3525 2133 3569 tet
2172 3512 2276 3567 Deo
2305 3510 2469 3580 magis
2508 3524 2663 3577 quam
2706 3504 2993 3558 hominibus
3030 3504 3184 3571 (Act.
3221 3516 3250 3552 v
3274 3500 3314 3570 ).
3350 3497 3646 3552 Mandatum

2065 3608 2259 3678 quippe
2285 3612 2369 3658 est
2398 3600 2490 3655 Dei
2516 3616 2531 3653 :
2573 3595 2783 3651 Vendite
2819 3608 2934 3662 qua:
2955 3590 3224 3662 possidetis
3243 3630 3256 3653 ,
3294 3596 3338 3642 et
3363 3588 3481 3640 date
3508 3588 3643 3640 eice-

2064 3713 2331 3768 mosynam
2358 3694 2508 3765 (Lur.
2542 3688 2659 3759 xu).
2696 3689 2790 3742 Et:
2830 3686 2948 3739 Nisi
2969 3687 3079 3753 quis
3101 3680 3461 3736 renuntiaverit
3483 3678 3648 3731 omni-

2066 3791 2157 3844 bus
2180 3804 2293 3861 qua:
2314 3784 2557 3858 possidet,
2586 3798 2684 3835 non
2707 3788 2865 3851 potest
2894 3793 3032 3829 meus
3054 3791 3163 3828 esse
3185 3770 3466 3841 discipulus
3489 3769 3643 3861 (Luct

2067 3859 2198 3949 xrv),
2230 3878 2468 3933 Traditio
2495 3884 2669 3928 autem
2718 3871 2973 3925 moderna
3006 3864 3353 3936 quorumdam
3387 3872 3467 3916 est
3493 3901 3507 3924 ,
3558 3859 3647 3926 qui

2066 3988 2125 4029 se
2155 3972 2246 4026 Dei
2275 3969 2501 4023 famulos
2529 3980 2651 4021 esse
2682 3962 3015 4031 proﬁtentur,
3048 3972 3150 4009 non
3179 3956 3347 4009 solum
3392 3952 3499 4021 [AL
3537 3966 3640 4002 om.

2067 4080 2172 4119 non
2204 4059 2400 4131 solum]
2437 4069 2681 4127 possessa
2706 4068 2809 4107 non
2836 4049 3086 4110 vendere,
3116 4059 3296 4098 verum
3323 4043 3479 4095 etiam
3510 4040 3643 4111 [ΑΙ.,

2066 4161 2256 4216 iterum
2291 4154 2365 4226 et]
2395 4164 2707 4221 comparare
2738 4163 2842 4201 non
2898 4142 3094 4197 habita.
3138 4140 3248 4205 Qua
3298 4152 3425 4203 ergo
3475 4133 3647 4186 fronte

2066 4254 2226 4309 audet
2278 4251 2557 4319 quisquam
2608 4243 2672 4297 ad
2722 4238 2998 4294 servitium
3053 4231 3257 4286 Domini
3305 4239 3644 4287 accessurus,

2066 4348 2147 4403 vel
2179 4362 2238 4401 ea
2272 4360 2389 4409 qua:
2419 4340 2551 4413 ML,
2579 4353 2671 4393 eas
2702 4332 2852 4405 quas]
2892 4334 2944 4385 in
2976 4325 3214 4383 sa-culari
3248 4325 3352 4377 vita
3384 4321 3646 4374 habuerat

2068 4448 2360 4503 retentare,
2388 4434 2467 4488 vel
2500 4430 2599 4487 sub
2628 4436 2887 4499 prretextu
2913 4423 3035 4476 vita:
3062 4416 3345 4472 sanctioris
3373 4414 3491 4466 illas
3514 4422 3645 4479 quas

1991 4544 2041 4603 ι)
2070 4547 2173 4586 non
2208 4530 2464 4583 habuerat
2491 4533 2817 4593 congregare
2861 4515 3071 4571 divitias
3102 4530 3114 4565 :
3165 4525 3285 4564 cum
3323 4509 3481 4562 etiam
3504 4518 3645 4603 Epo-

2066 4622 2255 4679 stolica
2284 4620 2354 4673 sit
2383 4615 2657 4671 notissima
2697 4623 2950 4671 censura,
2986 4620 3102 4673 qua:
3133 4600 3389 4655 Ananiam
3420 4609 3473 4650 et
3502 4594 3643 4660 Sap-

2067 4714 2271 4785 phiram
2304 4711 2401 4763 hoc
2448 4707 2624 4760 facere
2653 4702 2931 4756 molientes
2959 4737 2974 4762 ,
3024 4709 3126 4748 non
3159 4692 3267 4745 ullo
3314 4686 3642 4785 pte-nitentia

2065 4778 2147 4863 vel
2178 4797 2558 4859 satisfactionis
2588 4792 2825 4850 remedio
2854 4786 3143 4854 corrigere,
3177 4781 3267 4835 sed
3300 4794 3362 4833 ex
3397 4778 3508 4845 ipsa
3537 4786 3645 4828 sta-

2068 4900 2161 4954 tim
2194 4895 2382 4949 mortis
2426 4886 2630 4941 ultricis
2677 4876 2997 4935 acceleravit
3039 4875 3380 4926 damnatione
3426 4866 3644 4936 puniri?

2068 4990 2135 5044 Et
2162 4985 2377 5055 quidem
2402 4980 2475 5033 illi
2501 4990 2604 5031 non
2629 4971 2800 5027 aliena
2826 4968 3096 5035 colligere,
3121 4962 3215 5015 sed
3237 4974 3329 5013 sua
3356 4959 3645 5055 incongrue

2066 5047 2301 5137 retinere
2322 5072 2647 5127 maluerunt.
2667 5062 2820 5119 Unde
2843 5056 3120 5113 manifeste
3140 5061 3279 5123 patet
3301 5064 3458 5118 quam
3484 5047 3644 5115 longe

2068 5169 2333 5228 abstiterit
2374 5164 2580 5218 animus
2609 5154 2968 5224 apostolorum
3018 5162 3049 5202 a
3092 5140 3446 5211 suscipiendis
3474 5152 3638 5228 pecuo

2068 5226 2277 5319 uiarum
2310 5249 2768 5324 acquisitionihus,
2800 5242 2889 5313 qui
2926 5238 3027 5294 sub
3074 5235 3162 5289 illa
3205 5229 3417 5301 prOprie
3452 5226 3633 5293 regula

2067 5351 2293 5408 Domino
2319 5347 2620 5404 serviebant
2644 5360 2657 5395 :
2705 5338 2849 5394 Beati
2879 5348 3143 5406 pauperes,
3172 5328 3291 5395 quia
3319 5333 3538 5378 vestrum
3567 5327 3641 5373 est

2066 5458 2284 5516 regnum
2314 5439 2406 5492 Dei
2435 5437 2588 5507 (Luc.
2638 5434 2747 5498 vr);
2792 5438 2846 5484 et
2887 5441 2917 5481 e
2964 5433 3183 5483 contra.
3217 5415 3379 5487 partis
3407 5413 3639 5516 sinistrae

2067 5502 2345 5608 proposito
2387 5502 2733 5584 nihilominus
2780 5516 3192 5575 instituebantur
3220 5502 3638 5608 exemplo

2062 5593 2200 5684 nobis
2214 5625 2448 5679 divitibus
2463 5620 2582 5689 quia
2600 5614 2791 5669 habetis
2806 5607 3201 5665 consolationem
3217 5611 3426 5655 vestram
3444 5593 3638 5664 (ibid.).

2068 5729 2149 5779 An
2198 5719 2335 5775 forte
2364 5729 2573 5772 errasse
2603 5727 2666 5765 ac
2694 5705 3025 5763 mendacium
3073 5700 3353 5768 scripsisse
3394 5703 3640 5763 putamus

2073 5812 2421 5883 Apostolum,
2478 5821 2595 5864 cum
2640 5817 2735 5857 nos
2781 5798 3077 5854 admonens
3124 5789 3373 5847 dicebat:
3412 5784 3638 5847 Fratres,
