4220 6456
683 294 786 349 667

1389 296 1590 353 BEDA‘I
1635 294 2083 354 VENERABIIJS
2121 293 2273 348 UPP.
2315 291 2493 349 PARS
2538 293 2626 348 Ill.
2665 323 2734 333 —
2778 293 3257 350 PARIENETHZA.

3858 297 3953 351 Γιδὸ

684 406 838 459 nolite
858 422 1059 473 errare;
1082 408 1365 478 statimque
1384 410 1683 465 subtexuit:
1713 409 1889 479 Neque
1911 409 2071 475 avari,
2096 420 2243 474 neque

2366 410 2469 454 tam
2497 410 2550 455 et
2579 400 2865 470 spatiosum
2896 403 3031 456 viam
3077 406 3320 460 incedere
3361 410 3683 463 noscuntur.
3728 416 3782 457 et
3812 423 3877 460 ne
3905 408 3953 459 in

682 498 884 561 ebriosi,
914 516 1071 568 neque
1098 518 1304 568 rapaces
1336 518 1549 571 regnum
1581 502 1673 555 Dei
1703 501 2023 572 possidebunt
2058 497 2107 564 (Ι
2134 498 2251 552 Cor.

681 590 778 649 vr).
807 588 870 641 Et
900 589 1119 642 iterum:
1154 590 1270 642 [Ioc
1294 601 1462 644 autem
1490 592 1690 656 scitote,
1726 590 1861 660 quod
1889 591 2052 643 omnis
2093 590 2256 656 forni-

682 690 842 741 cator,
871 690 958 733 aut
986 681 1291 745 immundus,
1323 696 1410 735 aut
1435 700 1641 750 auarus,
1683 694 1767 736 aut
1798 699 1980 752 rapax,
2012 684 2149 751 quod
2180 688 2253 734 est

678 768 929 821 idolorum
976 774 1223 839 seruitus,
1266 790 1366 825 non
1412 774 1559 827 liabet
1607 774 1953 827 hatreditatem
1998 775 2051 826 in
2100 789 2252 841 regno

680 858 863 912 Christi
894 872 940 913 et
967 862 1054 914 l)ei
1086 862 1307 931 (Ep/tes.
1339 863 1415 933 v).
1458 863 1589 917 Cum
1617 880 1745 932 ergo
1773 866 2056 931 Apostolus
2082 865 2253 917 avari-

678 948 802 1002 tiant
848 960 901 1003 et
954 954 1297 1019 rapacitatem
1348 956 1689 1008 idololatriant
1741 959 2020 1012 manifeste
2058 973 2252 1025 cogno-

677 1040 871 1105 minet,
904 1044 1173 1109 quomodo
1205 1046 1493 1112 putandum
1543 1056 1624 1100 est
1667 1062 1758 1100 eos
1800 1062 2011 1101 errasse
2040 1048 2129 1115 qui
2168 1047 2248 1100 vel

673 1130 1051 1199 subscriptioui
1080 1136 1227 1188 avari
1278 1150 1561 1202 mercatus,
1607 1155 1732 1207 rege
1780 1139 1902 1192 licet
1934 1139 2246 1206 imperante,

674 1234 887 1273 manum
920 1224 1303 1289 subtraxerint,
1352 1228 1432 1280 vel
1465 1229 1529 1281 ad
1569 1229 1865 1282 eradendus
1896 1229 2022 1302 [ΑΙ.
2057 1234 2249 1284 raden-

671 1310 806 1375 das;
838 1314 935 1378 al.,
965 1316 1324 1390 erudiendas}
1358 1320 1571 1375 inutiles
1610 1324 1899 1391 scripturas
1925 1339 1987 1378 ac
2014 1326 2249 1380 subscri-

672 1403 879 1470 ptiones
909 1421 1092 1462 earum
1125 1426 1337 1465 manum
1368 1416 1752 1483 apposuerint?

743 1495 809 1547 Et
833 1497 1049 1563 quidem
1095 1500 1334 1555 miranda
1380 1513 1462 1558 est
1508 1509 1780 1561 temeritas
1808 1509 2129 1571 stultorum,
2167 1509 2246 1562 vel

675 1585 849 1649 potius
877 1587 1118 1642 deﬂenda
1152 1592 1364 1647 miseria
1394 1611 1656 1651 cmcorum
1680 1640 1696 1664 ,
1727 1600 1813 1668 qui
1844 1616 1961 1654 cum
1996 1600 2112 1653 sine
2142 1600 2249 1656 ullo

672 1689 915 1743 respectu
949 1684 1163 1745 superni
1199 1684 1425 1751 timoris,
1463 1689 1657 1754 passim
1687 1706 1749 1743 ea
1777 1708 1893 1759 qua:
1923 1692 2053 1765 [Al.,
2089 1696 2249 1747 tirno-

673 1764 784 1829 ris,
820 1782 879 1821 ea
926 1771 1163 1838 quotidie
1191 1774 1330 1846 qum]
1383 1780 1609 1841 apostoli
1655 1791 1707 1835 et
1757 1764 2037 1853 propheta:
2070 1788 2249 1843 afflatu

672 1857 837 1909 saucii
867 1856 1094 1923 Spiritus
1120 1863 1477 1927 scripserunt.
1514 1872 1818 1927 rescindere
1844 1890 1907 1928 ac
1938 1877 2086 1931 nihili
2121 1894 2247 1946 pen-

671 1944 800 1998 dere
833 1950 1160 2012 probantur:
1196 1954 1319 2007 illud
1345 1972 1373 2007 e
1401 1966 1607 2022 contra,
1640 1964 1776 2027 quod
1809 1965 1905 2031 ipsi
1936 1968 2014 2019 vel
2045 1968 2247 2024 similes

672 2031 907 2100 ipsorum
942 2038 1196 2092 instinctu
1227 2045 1464 2099 avaritia:
1512 2049 1591 2102 vel
1642 2051 1861 2106 luxuria:
1891 2057 2244 2124 scripserunt,

669 2128 818 2190 quasi
870 2142 1111 2185 sanctum
1164 2150 1227 2189 ac
1275 2136 1527 2193 divinitus
1572 2154 1781 2198 cautum
1833 2148 2051 2202 eradere
2084 2162 2243 2219 atque

666 2220 952 2274 emendare
987 2223 1294 2293 formidant,
1346 2230 1394 2282 in
1446 2247 1669 2302 morem,
1700 2238 1749 2289 ni
1799 2238 1970 2305 fallor,
2001 2242 2247 2295 ethnico-

668 2324 807 2372 rum,
853 2315 938 2380 qui
974 2327 1280 2386 contempto
1316 2321 1403 2375 Dei
1453 2326 1596 2377 cultu
1642 2344 1703 2380 ea
1753 2345 1871 2397 quae
1904 2331 2000 2397 ipsi
2049 2334 2146 2386 sibi
2179 2334 2244 2388 de

667 2404 829 2456 corde
861 2420 957 2458 suo
987 2408 1249 2464 liiixcrnnt
1276 2429 1337 2466 ac
1366 2415 1625 2477 fecerunt.
1656 2424 1868 2475 numina
1901 2436 2243 2490 venerantur,

673 2495 885 2559 timent,
916 2499 1117 2563 colunt,
1157 2504 1382 2559 adorant
1427 2518 1480 2561 et
1510 2510 1819 2577 obsecrant,
1856 2514 2125 2571 lioniin'Ca
2160 2519 2244 2572 illa

666 2586 1013 2646 insectatione
1064 2595 1399 2663 dign‘ssimi,
1452 2618 1553 2667 qua
1607 2602 1903 2659 Pharisams
1953 2625 2071 2662 cum
2123 2626 2247 2664 suas

665 2678 974 2737 deuteroses
1006 2685 1106 2756 legi
1147 2687 1236 2740 Dei
1275 2705 1670 2757 prmponerc-ttt,
1699 2697 1987 2763 redarguit,
2019 2700 2243 2767 dicens;

668 2768 839 2833 Quare
882 2783 926 2823 et
968 2790 1052 2826 vos
1096 2781 1511 2846 transgredimini
1550 2786 1850 2840 mandatum
1900 2789 1995 2842 Dei
2043 2804 2247 2862 propter

662 2861 986 2915 traditionem
1010 2879 1225 2920 vestram
1243 2870 1265 2923 ἵ)
1286 2870 1500 2939 (Matth.
1530 2878 1639 2944 xv.)
1663 2878 1760 2944 Qui
1784 2880 1828 2932 si
1848 2882 2004 2935 etiam
2033 2861 2244 2941 chartas

665 2951 985 3015 protulerint
1018 2957 1067 3008 in
1107 2958 1475 3015 defensionem
1525 2970 2073 3037 concupiscentiarum
2123 2993 2246 3031 sua-

666 3056 781 3093 rum
812 3045 1089 3113 ascriptas,
1113 3064 1174 3100 ac
1198 3050 1449 3106 nobilium
1477 3071 1822 3123 personarum
1850 3063 2239 3134 subscriptione

662 3133 1005 3191 confirmatas
1030 3156 1042 3203 ;
1066 3149 1117 3191 tu
1144 3158 1431 3209 nunquam,
1472 3163 1678 3213 precor,
1704 3150 1991 3209 Dominica:
2009 3133 2241 3212 sanctio-

664 3224 749 3277 nis
774 3226 1125 3293 obliviscaris,
1153 3233 1203 3285 in
1235 3250 1334 3303 qua
1367 3236 1578 3303 dicitur,
1617 3239 1797 3297 Omnis
1822 3245 2067 3311 plantatio
2094 3266 2245 3317 quant

660 3330 761 3369 non
792 3318 1038 3387 plantavit
1066 3321 1219 3377 Pater
1241 3343 1379 3381 meus
1413 3334 1559 3385 caries
1585 3334 1627 3385 is
1657 3336 1999 3391 eradicabitur
2028 3338 2172 3405 (Ibid
2202 3343 2243 3411 ).

665 3410 729 3464 Et
758 3423 902 3467 certe
931 3430 960 3468 a
1004 3426 1054 3469 te
1093 3417 1300 3474 discere
1349 3424 1557 3486 vellem,
1612 3428 1945 3485 sanctissime
1990 3434 2239 3505 antistes,

662 3502 886 3556 Domino
921 3517 1243 3573 protestante
1289 3527 1351 3567 ac
1398 3514 1645 3583 dicente,
1696 3519 1829 3584 Quia
1867 3522 1974 3575 tata
2011 3538 2157 3593 porta
2199 3502 2245 3580 et

660 3594 883 3660 spatiosa
914 3596 993 3647 vin
1019 3608 1091 3649 est
1114 3616 1226 3665 qua:
1245 3602 1385 3654 ducit
1407 3605 1855 3679 ad_perditioncm,
1888 3621 1934 3664 et
1963 3614 2109 3667 multi
2129 3626 2246 3669 sunt

661 3684 747 3749 qui
778 3683 968 3738 intrant
992 3704 1079 3754 per
1104 3706 1213 3741 eam
1240 3706 1259 3743 :
1289 3708 1401 3743 cum
1424 3709 1641 3763 angusta
1669 3710 1816 3768 porta
1837 3712 1884 3753 et
1907 3714 2049 3755 arcta
2077 3706 2156 3759 via
2180 3709 2246 3761 sit

661 3793 777 3847 qua:
803 3780 940 3830 ducit
969 3781 1036 3831 ad
1076 3782 1229 3835 vitam
1256 3828 1271 3850 ,
1316 3796 1361 3837 et
1392 3788 1543 3850 pauci
1582 3789 1683 3841 sint
1720 3792 1806 3859 qui
1846 3792 2099 3848 inveniant
2135 3814 2244 3850 eam

662 3866 876 3936 (Matth.
907 3870 1036 3939 vn);
1089 3873 1211 3939 quid
1252 3875 1319 3928 de
1358 3891 1541 3930 eorum
1586 3879 1688 3932 vita
1731 3882 1815 3937 vel
1844 3884 2014 3938 salute
2044 3895 2242 3943 aeterna

662 3958 919 4027 Candidas,
953 3962 1042 4030 qui
1073 3970 1184 4017 tuto
1225 3963 1346 4019 vita:
1376 3980 1485 4020 sua:
1519 3978 1755 4039 tempore
1790 3988 1882 4041 per
1911 3972 2069 4028 latam
2117 3992 2241 4046 por-

732 4187 763 4265 :
790 4180 884 4265 llic
919 4182 1177 4265 lirgberct
1199 4186 1626 4265 _fuit,_ut__scri_bit
1657 4193 1863 4249 ltlalms.
1895 4196 1965 4251 de
1995 4196 2160 4265 Regg.
2196 4199 2238 4264 Ι,

658 4250 904 4333 ᾷηῐιθιει·
936 4250 1212 4333 Eadbercti
1245 4259 1382 4333 regis
1414 4250 2008 4333 Nordanhymbrorum.
2052 4250 2155 4323 tSi'e

663 4320 882 4393 infantia
906 4336 933 4372 a
961 4333 1108 4389 patre
1133 4324 1274 4378 Eatze
1298 4320 1348 4379 in
1379 4320 1759 4386 monasterium
1789 4320 2011 4390 traditus
2040 4320 2235 4393 fuerat.

660 4390 1117 4468 Qui_prochIi_ori
1168 4404 1325 4449 {etate
1369 4413 1493 4450 cunt
1534 4402 1694 4455 fratre
1744 4405 1980 4468 Ecgredo
2016 4390 2236 4462 Romam

662 4459 948 4546 profectus,
1001 4463 1312 4543 diaconatus
1344 4459 1873 4546 gradnm__suscepit,
1924 4459 2238 4546 mortuoque

775 4530 1207 4610 fiatt'e_patriatn_
1240 4530 1506 4592 revérsus.
1553 4542 1685 4596 Sim.
1723 4530 1956 4599 Dunide
1989 4530 2232 4610 Duuel‘m,

661 4602 822 4683 Eccl:
845 4601 903 4683 ll.
934 4601 985 4655 5.
1027 4603 1098 4657 De
1116 4607 1304 4683 primo
1331 4624 1472 4661 anno
1501 4610 1986 4683 ejnsepiscopatus
2014 4601 2239 4683 seripto:

659 4688 746 4727 res
792 4670 1062 4755 dderunt.
1116 4676 1168 4728 In
1211 4676 1317 4755 hac
1344 4694 1485 4755 vero
1514 4670 1843 4737 confusione.
1875 4670 2063 4742 annos

659 4758 817 4812 quem
841 4746 1177 4823 continuatur
1211 4748 1667 4823 BedmAEpitomes
1698 4755 1863 4823 eligit.
1898 4759 2026 4811 mihi
2061 4746 2238 4814 tnaxi;

658 4829 745 4893 rne
783 4814 991 4893 arridet
1018 4834 1030 4877 ;
1062 4828 1267 4870 constat
1305 4814 1451 4874 enini
1479 4840 1540 4875 ex
1576 4814 1803 4877 Alcuino
1834 4826 2108 4893 Ecgbercti
2142 4832 2240 4883 hu-

653 4884 1021 4967 jusdiscipulp
1044 4904 1168 4967 eum
1196 4894 1473 4967 praesulem
1500 4894 1662 4948 fuisse
1682 4884 2027 4967 allleiﬂlil‘illlll
2057 4900 2237 4967 Bedan;

658 4955 747 5032 qui
781 4958 1132 5032 proculdubio
1180 4961 1462 5014 defunctus
1502 4975 1584 5017 est
1630 4982 1717 5017 an.
1760 4966 1881 5032 751,
1928 4968 2136 5024 Alcuin.
2170 4955 2238 5027 de

659 5022 813 5100 Pont.
845 5026 1004 5100 Ebor.
1039 5031 1174 5093 apud
1204 5033 1388 5098 script.
1432 5048 1498 5084 xv
1520 5075 1533 5094 ,
1579 5052 1628 5100 p.
1664 5036 1785 5088 726.
1819 5022 2238 5094 In'eodetucar-v-

660 5098 804 5175 mitte
852 5099 1009 5150 etiam
1062 5101 1198 5152 idem
1253 5103 1507 5175 A’Icuinus
1545 5098 1631 5171 qui
1683 5108 1942 5175 Ecgberto
1991 5113 2235 5166 morienti

658 5165 849 5231 adfuit,
898 5178 950 5220 et
989 5185 1142 5236 quem
1179 5172 1335 5235 paulo
1365 5184 1490 5225 ante
1522 5165 2062 5232 mortemudiacononi
2112 5165 2239 5234 con-

659 5250 980 5317 serraverat,
1031 5250 1084 5291 ut
1130 5252 1338 5319 constat
1367 5242 1733 5319 exj'ita‘ejns
1770 5249 1907 5319 apud
1940 5250 2236 5319 Mabillon.,

662 5307 713 5359 iu
746 5319 894 5375 parte
924 5325 935 5361 I
968 5326 1087 5362 ειυς.
1124 5326 1172 5363 ιν
1197 5351 1225 5387 ,_
1260 5312 1382 5364 item
1424 5312 1556 5387 Sim.
1592 5307 1726 5370 Dtin.
1756 5307 1823 5371 de
1853 5319 2028 5371 Gestis
2059 5307 2239 5387 regum

662 5382 814 5454 Angl.
853 5382 1184 5454 cttloveden
1218 5384 1268 5435 in
1303 5398 1383 5449 pr.
1419 5385 1609 5439 Annal.
1654 5398 1804 5454 parte
1832 5390 2072 5443 scribunt
2102 5382 2243 5448 hunc

664 5452 870 5504 rexisse
900 5452 1188 5504 Ecclesium
1221 5469 1389 5508 annos
1414 5454 1623 5521 triginta
1648 5452 1898 5526 quatuor.
1922 5474 2150 5527 cumque
2177 5478 2240 5516 ex

664 5522 930 5598 somnianti
965 5524 1335 5598 historicorum
1364 5541 1625 5598 consensu
1655 5522 1781 5582 obiit
1813 5530 1935 5589 766,
1966 5522 2243 5598 anfigilur

665 5586 768 5640 7'52
796 5594 1028 5667 suscepit
1054 5593 1440 5667 episcopatum,
1468 5595 1691 5652 Uilfrido
1713 5586 1932 5667 juniore
1962 5586 2242 5665 pastoralis

666 5671 808 5711 eum
840 5664 1070 5730 pondera
1101 5677 1346 5731 ponente.
1382 5666 1587 5722 Primus
1619 5664 1733 5723 erat
1760 5671 1921 5725 Ebor.
1955 5664 2243 5740 episcopus

2267 3101 2317 3165 ϐ

2270 4455 2325 4518 D

2360 489 2589 543 minimis
2619 490 2832 559 quidem
2863 492 3024 546 rebus
3057 495 3309 562 voluptati
3338 514 3449 553 sum
3477 501 3561 553 vel
3584 500 3836 564 corporis
3870 502 3952 550 vel

2358 583 2539 647 animi,
2583 597 2738 635 causa
2770 599 3013 650 superum
3054 587 3419 642 retributionis
3450 590 3719 646 obsistere
3753 587 3835 642 vel
3869 603 3951 641 re-

2359 687 2591 739 pugnare
2617 676 2911 728 curabant:
2947 677 3046 729 nisi
3080 676 3213 731 forte
3243 696 3334 745 per
3370 681 3741 753 eleemosynas
3765 723 3782 748 ,
3813 696 3951 753 quas

2356 764 2495 818 inter
2522 768 2979 832 concupiscentias
3009 770 3344 836 quotidianas
3385 788 3447 824 ac
3477 773 3695 826 delicias
3745 790 3943 842 panpe-

2355 855 2500 906 ribus
2527 856 2653 908 dare
2689 856 3025 922 videbantur,
3055 858 3369 913 criminibus
3394 862 3597 915 absolvi
3626 879 3781 929 posse
3806 867 3941 936 μί..

2356 942 2613 1016 potuisse]
2656 947 2906 998 credendi
2954 958 3113 1000 sunt:
3164 965 3283 1001 cum
3332 966 3518 1004 manus
3548 953 3659 1020 ipsa
3705 965 3759 1005 et
3806 970 3943 1006 con-

2353 1034 2572 1088 scientia
2602 1053 2719 1105 qua:
2758 1053 2948 1089 iunnus
2987 1036 3174 1093 offerat
3220 1040 3348 1105 Deo,
3383 1041 3575 1093 munda
3625 1057 3654 1094 a
3704 1046 3944 1110 peccatis

2351 1140 2469 1179 esse
2493 1127 2679 1181 debeat
2709 1138 2763 1182 et
2790 1129 3049 1194 absoluta,
3074 1139 3163 1183 aut
3188 1144 3332 1185 certe
3361 1148 3455 1200 per
3479 1135 3731 1203 mysteria
3758 1150 3942 1188 sacro—

2356 1229 2553 1270 sancta:
2584 1219 2867 1271 oblationis
2894 1259 2909 1282 ,
2957 1222 3147 1288 quibus
3186 1222 3281 1289 ipsi
3312 1225 3435 1275 dum
3468 1222 3705 1278 viverent
3737 1226 3938 1294 indigni

2354 1309 2692 1374 exstiterant,
2730 1327 2821 1379 per
2867 1313 2999 1364 alios
3041 1312 3151 1381 jam
3192 1317 3383 1368 mortui
3411 1316 3600 1370 redimi
3634 1333 3792 1386 posse
3820 1335 3940 1388 spe-

2354 1404 2503 1457 randi
2544 1416 2689 1460 sunt.
2743 1409 2822 1459 An
2876 1406 3009 1461 forte
3057 1408 3158 1461 illis
3204 1410 3503 1477 permodica
3532 1411 3683 1481 culpa
3724 1413 3940 1467 videtur

2350 1509 2469 1547 esse
2502 1498 2988 1565 concupiscentiae?
3022 1500 3095 1551 De
3132 1515 3232 1566 qua
3273 1501 3430 1568 paulo
3460 1502 3615 1556 latius
3644 1504 3935 1573 diapntem.

2354 1586 2477 1641 llaec
2511 1588 2719 1641 Balaam
2754 1588 2919 1642 virum
2962 1591 3066 1659 [ΑΙ.
3088 1633 3103 1654 ,
3136 1591 3259 1645 llzrc
3293 1591 3483 1663 virum]
3515 1595 3807 1661 prephetix
3831 1600 3914 1666 Spi

2354 1676 2461 1729 ritu
2496 1677 2856 1745 plenissimum
2898 1693 2924 1729 a
2977 1690 3122 1731 sorte
3154 1688 3457 1734 salutorum
3492 1682 3610 1735 iecit
3643 1693 3941 1746 extorrem.

2282 1749 2327 1808 Β
2357 1766 2536 1820 Achan
2576 1767 2947 1821 communione
2989 1770 3341 1824 anathematis
3372 1771 3561 1837 polluit
3586 1788 3646 1826 ac
3681 1777 3936 1842 perdidit,

2353 1860 2479 1914 Saul
2513 1860 2658 1928 regni
2691 1860 2869 1912 infulis
2899 1860 3111 1913 nudavit
3137 1904 3150 1925 ,
3201 1861 3342 1914 Giezi
3387 1863 3677 1931 prophetia:
3726 1870 3941 1920 maritis

2358 1954 2580 2019 privavit
2610 1967 2673 2005 ac
2717 1961 2984 2020 perpetua:
3015 1953 3173 2021 lepra:
3215 1966 3361 2021 peste
3406 1970 3527 2009 cuin
3576 1973 3676 2011 suo
3723 1962 3939 2014 semine

2352 2045 2592 2097 foedavit.
2641 2043 2829 2097 ludam
2865 2044 3161 2099 Iscariotem
3188 2046 3254 2099 dc
3280 2047 3605 2113 apostolatus
3642 2049 3808 2119 gloria
3840 2052 3939 2106 de-

2354 2136 2553 2202 poSnit,
2580 2135 2837 2188 Ananiam
2859 2146 2914 2187 et
2940 2137 3254 2203 Sapphiratn
3282 2138 3348 2190 de
3374 2138 3561 2203 quibus
3588 2140 3940 2206 prrrdiximus

2351 2230 2734 2279 menachorum
2765 2226 2989 2289 collegio
3021 2228 3262 2296 indignos
3294 2230 3452 2281 etiam
3484 2230 3725 2298 corporis
3753 2242 3933 2284 morte

2350 2318 2647 2381 mulclavit,
2677 2325 2749 2382 et,
2781 2326 2835 2370 ut
2863 2316 2928 2370 ad
2953 2319 3224 2384 superiora
3252 2319 3551 2385 veniamus,
3578 2320 3688 2373 haec
3710 2322 3935 2388 angelos

2348 2421 2379 2460 a
2404 2408 2541 2459 caelo
2571 2405 2768 2475 deiecit
2793 2448 2807 2470 ,
2844 2415 2899 2460 et
2940 2407 3291 2475 protoplastos
3319 2424 3345 2459 a
3379 2409 3623 2476 paradiso
3663 2425 3822 2476 perpe
3851 2427 3939 2462 ua:

2348 2501 2632 2569 Voluptatis
2660 2500 2891 2569 expulit:
2929 2500 2990 2553 Et
3019 2502 3062 2553 si
3094 2516 3249 2553 nosse
3278 2502 3376 2564 vis,
3401 2502 3485 2555 hic
3511 2513 3592 2555 est
3620 2502 3704 2556 ille
3732 2504 3930 2571 triceps

2349 2591 2642 2645 inferorum
2673 2594 2837 2653 canis,
2889 2592 2970 2643 cui
3021 2590 3211 2645 fabula:
3251 2591 3469 2646 Cerberi
3503 2608 3690 2647 nomen
3723 2595 3930 2649 indide-

2348 2692 2467 2734 runt
2495 2680 2512 2752 [
2536 2682 2645 2743 AL,
2681 2679 2998 2753 imponunt]
3027 2722 3042 2746 ,
3083 2697 3111 2734 a
3152 2681 3303 2751 cuius
3331 2682 3527 2736 rabidis
3555 2683 3798 2739 dentibus
3828 2700 3927 2739 nos

2349 2772 2638 2840 [inhibens
2666 2773 2901 2827 Joannes
2941 2774 3230 2841 Apostolus
3267 2775 3377 2827 ait:
3412 2774 3744 2841 Charissinti,
3772 2779 3931 2831 nolite

2346 2867 2560 2937 diligere
2584 2868 2848 2930 mundum,
2874 2883 3033 2935 neque
3060 2883 3117 2919 ea
3142 2882 3257 2935 qum
3276 2867 3328 2919 in
3359 2872 3548 2921 mundo
3568 2881 3703 2923 sunt.
3731 2869 3790 2924 Si
3811 2873 3927 2938 quis

2347 2960 2515 3029 diligit
2540 2960 2805 3022 mundum,
2831 2976 2932 3011 non
2956 2970 3029 3013 est
3059 2960 3278 3012 cliaritas
3299 2957 3469 3012 Patris
3491 2962 3543 3013 in
3566 2977 3645 3014 eo.
3673 2962 3925 3028 Quoniam

2348 3050 2650 3118 onmequod
2674 3051 2724 3101 in
2757 3051 2943 3102 mundo
2968 3061 3061 3113 est,
3089 3051 3491 3120 concupiscentia
3530 3053 3699 3105 carnis
3740 3064 3833 3117 est,
3877 3064 3924 3107 et

2346 3142 2757 3211 concupiscentia
2804 3142 3069 3194 oculorum
3117 3150 3165 3195 et
3211 3143 3444 3211 superbia
3489 3144 3624 3209 vita,
3671 3161 3782 3213 qua:
3821 3162 3921 3198 non

2344 3242 2414 3286 est
2443 3250 2504 3285 ea:
2540 3232 2710 3295 Patre,
2733 3232 2821 3285 sed
2850 3248 2912 3284 ea:
2938 3232 3132 3285 mundo
3161 3240 3234 3284 est
3266 3229 3319 3299 (I
3348 3230 3503 3287 Joan.
3534 3236 3616 3303 ιι).
3648 3234 3769 3288 llaec
3793 3250 3924 3289 con-

2346 3333 2423 3377 tra
2452 3325 2600 3377 virus
2638 3323 2874 3379 avaritia:
2904 3322 3139 3378 breviter
3159 3335 3283 3377 sunt
3306 3323 3463 3378 dicta.
3494 3325 3752 3379 Cteterum
3782 3328 3825 3379 si
3855 3328 3923 3381 de

2346 3414 2623 3479 ebrietate,
2670 3413 3078 3473 comessatione.
3129 3412 3354 3474 luxuria.
3396 3423 3447 3466 et
3485 3414 3692 3467 ceteris
3723 3414 3914 3481 hujus-

2346 3505 2486 3556 modi
2519 3504 2921 3572 contagionibus
2949 3503 3059 3571 pari
3090 3503 3295 3557 ratione
3318 3514 3544 3557 tractare
3572 3504 3920 3570 voluerimus,

2346 3596 2588 3664 epistola:
2620 3596 2809 3648 modus
2839 3595 2889 3647 in
2916 3594 3233 3647 immensum
3265 3593 3658 3648 ostenderetur.

2417 3684 2599 3739 Gratia
2644 3693 2696 3738 te
2735 3695 2759 3720 κ
2793 3685 2987 3737 summi
3035 3683 3265 3737 Pastoris
3305 3684 3368 3737 ad
3416 3686 3705 3753 pasrionem
3744 3688 3920 3741 ovium

2345 3792 2558 3831 suarum
2594 3776 2919 3830 salutiferam
2962 3786 3221 3844 perpetuo
3264 3786 3541 3830 conservet
3581 3778 3921 3844 incolumem,

2344 3868 2688 3922 dilectissime
2719 3868 2768 3921 in
2793 3867 3005 3920 Christo
3042 3866 3281 3920 antistes.
3310 3870 3479 3922 Amen
3509 3867 3645 3938 ML,
3676 3870 3921 3925 antistes.

2345 3962 2554 4031 Scripta
2585 3962 2721 4016 Non.
2754 3961 2914 4029 Nov.,
2950 3962 3132 4015 indict.
3164 3960 3243 4033 5].

2347 4213 2466 4274 post
2491 4204 2765 4259 Paulinum
2789 4204 2875 4274 qui
2902 4204 3157 4256 honorem
3182 4203 3323 4272 pallii
3354 4204 3577 4270 accepit,
3605 4206 3666 4257 Α.
3692 4219 3767 4258 sc.
3794 4205 3925 4268 735,

2344 4273 2634 4331 secundum
2662 4274 2786 4327 Chr.
2816 4273 2949 4328 Sax.
2969 4284 3020 4325 et
3046 4274 3199 4325 Beda:
3223 4274 3499 4335 Epitomen
3528 4286 3577 4326 et
3599 4275 3732 4330 Sim.
3760 4275 3925 4340 Dum;

2347 4361 2485 4399 anno
2536 4344 2827 4412 posteriore
2876 4344 3165 4396 secundum
3214 4344 3348 4397 Tho.
3399 4344 3579 4397 Stnbs.
3630 4344 3735 4397 Hoc
3764 4347 3924 4399 etiam

2348 4416 2465 4484 ipso
2500 4429 2641 4468 anno
2669 4416 2998 4467 consecravit
3028 4413 3090 4464 ad
3121 4412 3411 4466 Candidam
3452 4414 3637 4466 Casam
3672 4414 3929 4468 Fridwal-

2348 4488 2499 4551 dum,
2532 4495 2587 4539 et
2612 4485 2677 4537 ad
2712 4484 3195 4565 Ηιιειιειιιιόθιιξθιιι.
3219 4485 3550 4565 Ecclesia"),
3576 4485 3714 4537 unde
3732 4488 3927 4565 .ncscio

2344 4556 2436 4625 qui
2471 4557 2661 4611 Accam
2690 4555 3025 4621 expulerant,
3058 4553 3443 4607 Fridberctum.
3470 4553 3580 4625 ,Hic
3606 4555 3832 4607 amnium
3858 4557 3926 4607 li-

2346 4624 2591 4680 beralium
2621 4625 2810 4677 artium
2838 4624 3115 4675 armarium
3147 4628 3264 4690 fuit,
3306 4635 3350 4674 et
3393 4624 3754 4676 nobilissimam
3788 4625 3927 4679 Eun.

2347 4713 2468 4751 κλει
2495 4695 2842 4749 bibliothecam
2870 4695 3111 4745 instituit.
3148 4694 3353 4746 Malms.
3389 4696 3453 4748 de
3485 4695 3637 4747 Pont.
3672 4710 3745 4747 Ill.
3778 4694 3927 4748 Scri-

2347 4771 2448 4833 psit
2494 4776 2669 4818 autem
2725 4764 2999 4833 Dialognm
3041 4764 3106 4815 de
3145 4765 3483 4818 Institutione
3530 4766 3925 4829 Ecclesiastica,

2346 4837 2657 4901 Opusculum
2685 4834 2750 4886 de
2780 4833 2906 4888 Jnre
2932 4834 3272 4893 sacerdotali,
3301 4843 3355 4886 et
3384 4850 3517 4897 opus
3554 4834 3926 4890 Paenitentiam

2350 4908 2495 4961 libris
2520 4919 2746 4974 quatuor
2766 4904 3096 4956 distinctum.
3128 4902 3345 4957 Frustra
3374 4907 3532 4971 aliqui
3567 4905 3707 4959 hunc
3728 4915 3777 4957 et
3802 4920 3925 4957 eum

2343 4979 2431 5046 qui
2458 4976 2658 5029 studuit
2689 4973 2739 5027 in
2772 4976 3025 5046 llibernia
3051 4974 3563 5046 coniurtdunt.’l_)ies
3591 4975 3705 5046 ejus
3736 4990 3920 5027 emor—

2346 5043 2501 5101 t'ualis
2534 5046 2648 5105 fuit,
2675 5045 2963 5096 secundum
2990 5044 3188 5096 Chron.
3220 5046 3379 5105 ευ..
3408 5043 3470 5096 15
3496 5044 3610 5099 Kal.
3646 5045 3923 5106 Decemb.;

2344 5118 2634 5171 secundum
2690 5114 3013 5167 Florentium
3046 5114 3111 5167 M
3144 5113 3258 5167 Kal.
3310 5115 3550 5181 ejusdem
3600 5119 3815 5168 mensis.
3871 5114 3925 5166 In

2345 5190 2580 5241 editione
2612 5184 2803 5238 Warmi
2834 5186 2946 5236 hinc
2966 5185 3187 5251 epistola
3216 5185 3409 5238 dicitur
3431 5186 3620 5252 scripta
3649 5186 3783 5239 Non.
3816 5184 3928 5237 No-

2346 5259 2503 5311 vemb.
2538 5256 2824 5308 lndictione
2857 5255 3024 5315 tertia,
3060 5253 3159 5306 hoc
3185 5267 3263 5307 est
3284 5270 3373 5307 an.
3405 5254 3531 5319 755,
3558 5255 3647 5309 sed
3678 5267 3927 5321 punctum

2349 5330 2448 5381 hnc
2499 5327 2936 5392 chronologicum
2970 5324 3181 5378 videtur
3204 5339 3231 5375 a
3266 5327 3561 5378 recentiore
3587 5340 3742 5377 manu
3769 5326 3930 5379 fuisse

2347 5398 2672 5465 appositum.
2715 5395 2844 5448 Nam
2870 5396 3241 5465 demonstrari
3294 5403 3465 5465 potest
3507 5395 3699 5449 [tedam
3730 5395 3930 5449 defun-

2347 5462 2489 5522 ctum
2522 5469 2682 5521 fuisse
2713 5481 2800 5517 an.
2833 5462 2959 5527 754,
2993 5466 3075 5518 vel
3115 5466 3305 5517 saltem
3349 5463 3435 5519 die
3472 5465 3809 5519 Ascensionis
3838 5482 3929 5519 an.

2347 5538 2490 5593 755:
2523 5554 2599 5591 sc.
2631 5546 2754 5589 ante
2799 5544 3009 5602 tempus
3048 5534 3187 5604 quod
3238 5534 3324 5587 hic
3362 5536 3715 5601 supponitur;
3745 5544 3797 5587 et
3824 5551 3931 5590 ms.

2351 5609 2576 5664 Mcrton.
2612 5607 2815 5661 nullam
2848 5605 3067 5660 omnino
3096 5603 3259 5661 habet
3293 5607 3548 5675 temporis
3576 5616 3775 5659 notam.
