4220 6452
764 432 1094 492 EPISTOLA
1132 427 1217 494 lll,

584 566 649 606 AD
685 558 997 603 PLEGWINU)!
1038 553 1404 596 APOLOGETICA
1429 576 1446 602 ν

225 670 306 727 Eo
335 666 471 738 quod
502 660 886 738 insinmlaretur
913 673 945 708 a
973 654 1298 734 quibusdam,
1328 652 1390 704 de
1415 647 1653 705 wtatibus
1702 662 1804 702 stc—

681 732 783 784 culi
812 744 912 781 non
942 737 1078 779 recte
1103 725 1342 778 sensisse.

325 871 423 943 [Ex
454 864 684 921 editione
712 859 871 923 Giles,
904 867 958 911 et
987 856 1105 909 aliae
1133 862 1415 921 sequentes
1447 846 1735 917 epistola]

307 983 476 1041 Fratri
508 974 853 1032 dilectissimo
884 979 939 1025 et
969 970 1020 1021 in
1065 966 1264 1021 Christi
1307 964 1604 1016 visceribus
1637 961 1809 1013 hono-

234 1080 403 1136 rando
434 1071 727 1141 Plegvvino,
764 1066 903 1119 Beda
935 1064 988 1116 in
1030 1061 1244 1114 Christo
1276 1060 1527 1110 salutem.

310 1169 460 1224 Venit
495 1164 559 1216 ad
614 1176 697 1214 me
743 1168 869 1210 ante
912 1154 1133 1208 biduum
1186 1151 1375 1218 (I'rater
1414 1143 1809 1211 amantissime)

241 1260 463 1315 nuntius
492 1266 597 1309 tua:
627 1245 959 1308 sanctitatis,
991 1243 1077 1312 qui
1110 1240 1345 1310 pacifica:
1375 1237 1587 1305 quidem
1619 1235 1817 1286 saluta-

240 1349 399 1404 tionis
425 1356 536 1400 ate
567 1340 841 1396 latissima
872 1334 1036 1389 verba
1088 1330 1312 1393 detulit;
1364 1327 1457 1381 sed
1511 1325 1624 1378 lucc
1679 1323 1814 1375 tristi

242 1457 371 1497 mox
420 1435 740 1492 admistione
767 1426 1034 1488 confudit,
1065 1423 1331 1482 addendo,
1373 1419 1646 1481 videlicet,
1678 1414 1818 1481 quod

242 1550 332 1589 me
362 1531 574 1586 audires
604 1542 633 1580 a
666 1520 1066 1577 lascivientibus
1097 1514 1310 1569 rusticis
1342 1515 1478 1566 inter
1530 1511 1816 1563 hmreticos

242 1640 343 1697 per
388 1620 576 1692 pocula
624 1614 922 1671 decantari.
980 1605 1265 1669 Exhorrni,
1300 1604 1493 1666 fateor,
1525 1609 1581 1655 et
1611 1598 1819 1668 pallens

246 1690 654 1785 percunctabar,
704 1704 854 1772 cujus
888 1702 1153 1754 lrrcreseos
1198 1709 1472 1765 arguerer.
1530 1690 1827 1760 Respondit

1465 313 1658 371 SECT.
1702 309 1789 366 IV.
1826 335 1896 351 -—
1935 304 2309 362 EPISTOLA‘I.

1830 418 1883 479 Λ
1912 429 2143 474 ostensa:
2188 418 2430 472 veritatis
2477 418 2527 470 in
2562 416 2805 471 tenebras
2831 413 3099 468 convertit
3149 426 3304 467 crecre
3339 412 3489 465 falsi-

3385 296 3490 350 070

1910 513 2054 567 tatis.

1978 604 2056 659 Ne
2086 619 2213 672 ergo
2260 619 2345 657 me
2375 617 2528 670 putes
2556 602 2945 671 (dilectissime)
2980 609 3099 668 post
3134 608 3314 652 notam
3366 598 3483 649 hae-

1910 710 2094 750 reseos
2124 695 2189 747 ad
2234 694 2503 748 inliciandi
2552 694 2714 747 malle
2741 690 3121 761 subterfugere
3153 688 3487 758 prmsidium,

1911 800 2066 853 quam
2108 784 2383 838 doctorem
2416 785 2657 851 recipere
2687 783 2927 836 veritatis
2956 799 2969 835 :
3021 782 3140 834 audi
3173 795 3295 848 qua:
3340 780 3391 833 in
3421 780 3489 833 lt-

1914 876 2053 929 bello
2081 884 2374 927 memorato
2395 874 2461 927 de
2494 872 2760 927 :Etatilms
2785 871 2998 939 scripsi.
3032 871 3319 939 Postquam
3346 869 3489 921 enim

1913 968 1980 1021 de
2011 968 2295 1020 momentis
2333 976 2386 1018 et
2415 966 2580 1029 horis,
2611 964 2677 1017 de
2718 964 2826 1027 die,
2859 961 2925 1015 de
2952 971 3126 1023 nocte,
3157 962 3225 1014 de
3278 958 3493 1012 hebdo-

1915 1060 2157 1114 madibus
2204 1070 2258 1114 ct
2303 1059 2599 1121 mensibus,
2649 1056 2717 1109 de
2762 1069 2902 1108 anno
2945 1062 2999 1107 et
3031 1051 3111 1104 his
3141 1065 3260 1119 qua:
3290 1050 3355 1104 ad
3398 1065 3495 1103 an-

1918 1167 2043 1207 num
2076 1151 2368 1221 pertinent,
2424 1148 2491 1203 de
2529 1147 2734 1202 circulo
2786 1142 3246 1199 decennovennali
3304 1154 3359 1196 et
3406 1156 3499 1195 ac-

1917 1248 2216 1303 cidentibus
2247 1248 2345 1311 illi,
2376 1258 2632 1315 quantunt
2688 1244 2816 1298 mihi
2868 1243 3108 1310 meisque
3138 1242 3274 1294 satis
3303 1237 3500 1293 crede-

1920 1339 2060 1402 bam,
2096 1336 2403 1415 perstrinxi,
2437 1345 2651 1390 ventum
2684 1344 2800 1388 erat
2851 1344 2906 1387 ut
2952 1347 3104 1402 atque
3144 1331 3210 1384 de
3254 1329 3500 1383 :rtatihus

1921 1431 2120 1499 aliquid
2162 1428 2597 1483 abbreviaretur.
2647 1427 2815 1481 Sexto
2853 1425 3065 1480 decimo
3111 1436 3238 1493 ergo
3268 1421 3503 1490 capitulo

1925 1524 2029 1578 tale
2060 1523 2158 1577 feci
2191 1522 2561 1591 primordium.

1998 1615 2126 1677 Sex,
2156 1615 2390 1683 inquam,
2422 1612 2666 1665 mtatibus
2687 1608 2869 1663 mundi
2894 1617 3133 1675 tempora
3160 1605 3496 1671 distinguun-

1931 1715 2034 1761 tur.
2068 1706 2242 1759 Prima
2275 1713 2426 1765 tetas,
2457 1703 2523 1756 ab
2556 1701 2724 1755 Adam
2758 1714 2925 1766 usque
2954 1698 3017 1750 ad
3048 1696 3186 1761 Noe,
3222 1695 3507 1749 continens

244 1770 370 1877 quia
401 1816 646 1872 negarem
687 1798 739 1852 in
770 1804 919 1851 sexta
950 1800 1107 1846 aetate
1158 1788 1340 1844 saeculi
1374 1786 1653 1840 Dominum
1705 1783 1823 1838 Salo

1929 1796 2302 1868 generationes
2330 1794 2539 1857 decem,
2596 1806 2766 1844 annos
2798 1804 2927 1843 vero
2978 1799 3196 1849 unum,
3233 1798 3352 1852 quze
3397 1790 3505 1835 tota

246 1911 490 1954 vatorem
539 1894 592 1948 in
641 1904 804 1944 carne
854 1885 1086 1941 venisse.
1143 1879 1483 1937 Percunctari
1514 1894 1641 1947 ergo
1688 1877 1824 1945 coepi

246 1989 520 2062 quomodo
550 1987 851 2045 diceretur;
885 1988 1064 2033 utrum
1112 1975 1252 2045 quod
1291 1973 1549 2026 Dominus
1582 1985 1687 2023 non
1734 1982 1827 2023 ve-

248 2085 423 2139 nisset
472 2080 523 2133 in
553 2091 737 2139 carne,
771 2087 896 2127 cum
951 2080 1129 2123 tamen
1168 2075 1324 2121 sexta
1357 2072 1505 2119 esset
1534 2071 1671 2115 tetas
1694 2101 1710 2124 ,
1761 2076 1826 2113 an

248 2174 390 2242 quod
426 2170 653 2224 Domino
679 2165 729 2218 in
760 2176 921 2218 carne
952 2159 1204 2213 veniente
1234 2156 1459 2210 necdum
1497 2160 1650 2207 sexta
1698 2160 1830 2205 telas

250 2264 480 2325 veniret,
514 2259 600 2313 vel
647 2266 795 2311 certe
826 2264 955 2308 tetas
985 2252 1212 2320 septima
1260 2250 1369 2316 jam
1403 2246 1659 2307 venisset,
1707 2258 1829 2297 cum

248 2368 431 2426 aperta
483 2353 686 2408 ratione
739 2332 886 2404 sexta
934 2354 1064 2400 tetas
1112 2359 1217 2398 non
1265 2343 1366 2397 nisi
1414 2341 1482 2395 ab
1528 2339 1646 2407 ejus
1713 2351 1833 2403 los-

257 2456 331 2506 sit
363 2449 730 2507 incarnatione
758 2442 1015 2511 coepisse.
1050 2435 1519 2508 Deprelrendique,
1552 2433 1667 2486 sive
1709 2431 1830 2491 hoc,

258 2546 377 2597 sive
412 2539 561 2601 illud,
595 2537 1022 2596 insimularetur,
1054 2547 1140 2586 me
1178 2532 1232 2583 in
1263 2540 1487 2595 utroque
1525 2537 1671 2578 same
1710 2520 1832 2575 fidei

252 2645 307 2690 et
339 2630 721 2687 ecclesiastica:
754 2625 980 2680 unitatis
1011 2622 1247 2677 existere
1275 2627 1605 2673 consortem.

326 2721 611 2791 Quomodo
668 2717 749 2772 vel
796 2715 1066 2770 Christum
1120 2713 1175 2767 in
1222 2725 1435 2765 carnem
1477 2709 1687 2762 venisse
1741 2718 1836 2758 nc—

254 2830 417 2886 gaus,
451 2810 649 2867 Christi
681 2810 733 2862 iu
769 2806 1004 2862 Ecclesia
1055 2804 1348 2873 potuissem
1397 2814 1519 2854 esse
1547 2797 1835 2853 sacerdos?

259 2907 344 2961 vel
379 2918 478 2974 qua
506 2899 887 2970 consequentia
921 2895 1246 2965 evangelicis
1294 2902 1348 2947 et
1380 2891 1688 2961 apostolicis
1713 2904 1832 2943 cre-

257 2999 395 3054 dens
444 2997 659 3059 litteris,
694 3003 846 3048 sexta
897 2992 1045 3046 illum
1092 2999 1246 3043 aetate
1288 2987 1468 3041 surculi
1503 2985 1834 3038 incarnatunt

260 3105 385 3145 esse
406 3086 803 3151 discredercm;
842 3098 963 3138 cum
991 3080 1319 3147 evangelista
1352 3077 1631 3131 Matthreus
1664 3076 1715 3126 in
1743 3087 1835 3127 eo-

258 3181 381 3235 dcm
410 3179 548 3233 libro
577 3175 936 3247 generationis
964 3172 1092 3227 .lcsu
1121 3169 1340 3234 Christi,
1376 3166 1669 3221 iratissimis
1700 3174 1833 3217 tem-

261 3287 452 3343 porum
507 3270 746 3323 articulis
796 3283 890 3335 per
932 3264 1306 3335 generationes
1349 3263 1513 3314 denas
1539 3268 1591 3312 et
1620 3266 1839 3328 quater-

263 3380 384 3431 nas,
415 3370 641 3431 quatuor
673 3359 885 3413 ultimas
914 3358 1181 3409 discernat
1202 3352 1431 3407 aetates?
1475 3350 1680 3405 Primas
1711 3363 1840 3401 vero

268 3456 404 3511 duas
429 3450 703 3521 apostolus
733 3449 924 3504 Petrus
969 3446 1059 3500 tali
1087 3444 1364 3513 distinguit
1409 3442 1643 3497 indiculo
1670 3457 1685 3496 :
1730 3450 1841 3493 ter-

264 3562 375 3603 ram
428 3543 626 3612 pariter
654 3556 716 3595 ac
743 3541 910 3594 ccelos
955 3539 1157 3591 diluvio
1207 3536 1463 3605 perditos,
1499 3541 1660 3599 atque
1707 3532 1842 3584 alios

267 3653 361 3705 pro
392 3635 495 3690 illis
520 3646 841 3688 asseverans
872 3645 993 3685 esse
1024 3628 1327 3697 repositos;
1362 3637 1419 3679 ut
1451 3639 1555 3679 non
1591 3634 1696 3677 tam
1723 3624 1843 3676 dua:

265 3740 449 3782 :ctates
482 3723 686 3787 saeculi,
718 3737 874 3789 quam
901 3720 1007 3774 duo
1038 3720 1254 3782 srecula,
1281 3717 1325 3772 si
1359 3733 1461 3770 non
1491 3715 1715 3769 hieresis
1742 3712 1840 3767 Va-

264 3816 551 3873 lentiniano
600 3817 898 3875 timeretur,
946 3819 1166 3878 possunt
1198 3806 1529 3875 nuncupari?
1574 3805 1706 3858 Cum
1758 3817 1843 3857 me

264 3912 423 3979 igitur
469 3906 763 3960 discutiens
836 3903 1127 3957 identidem
1179 3901 1403 3954 liberum
1470 3913 1593 3953 esse
1643 3912 1841 3951 cerne-

265 4018 420 4068 rem,
485 4004 722 4068 cog'tare
778 3996 995 4058 sedulus
1053 3994 1192 4063 cmpi
1266 3993 1407 4046 ttnde
1479 3993 1592 4045 lucc
1647 3990 1699 4045 in
1759 4003 1844 4043 me

263 4093 531 4148 calumnia
560 4090 971 4152 devolveretur;
1005 4085 1325 4153 tandemque
1356 4083 1502 4137 vertit
1546 4083 1595 4135 iu
1647 4097 1848 4134 irremu-

264 4187 398 4240 riam
423 4184 565 4253 quod
594 4181 803 4234 cuidam
837 4189 1069 4233 vestrum
1117 4191 1286 4244 nuper
1316 4174 1632 4243 opusculum
1663 4188 1839 4226 meum

266 4278 333 4331 de
383 4274 769 4344 Temporibus,
818 4270 958 4339 quod
1012 4277 1136 4321 ante
1186 4265 1605 4336 quinquennium
1669 4263 1841 4328 edidi,

270 4368 652 4427 rnonstrabam,
687 4366 738 4417 in
778 4376 884 4432 quo
911 4374 1174 4413 annorum
1224 4359 1393 4412 series
1422 4358 1571 4424 juxta
1623 4355 1846 4409 llebrai-

1929 1887 2082 1955 periit
2103 1886 2326 1949 diluvio,
2355 1885 2492 1938 sicut
2522 1883 2794 1936 infantiam
2845 1892 3090 1946 mergere
3123 1876 3261 1929 solet
3282 1873 3508 1927 oblivio.

1929 1976 2189 2040 Secunda,
2219 1991 2248 2029 a
2276 1974 2388 2029 Noe
2417 1987 2583 2042 usque
2610 1973 2674 2025 ad
2709 1973 3005 2035 Abraham,
3033 1966 3410 2036 generationes
3435 1962 3508 2017 si-

1930 2073 2124 2127 militer
2168 2069 2447 2138 complexa
2476 2068 2685 2129 decem,
2734 2079 2905 2117 annos
2937 2072 3114 2114 autent
3162 2074 3363 2123 ccxcu,
3392 2072 3511 2124 quae

1931 2164 1982 2218 in
2017 2165 2193 2228 lingua
2221 2162 2433 2215 inventa
2464 2167 2567 2225 est,
2606 2156 2658 2210 id
2686 2165 2787 2219 est,
2823 2156 2874 2207 in
2909 2152 3154 2206 llebrzca.
3206 2152 3244 2203 A
3287 2147 3510 2215 pueritia

1932 2270 2163 2323 namque
2211 2252 2397 2317 incipit
2443 2250 2602 2302 homo
2656 2246 2797 2314 loqui
2846 2258 3007 2298 nosse
3034 2250 3151 2308 post
3194 2238 3511 2299 infantium,

1933 2363 2053 2415 qua:
2082 2355 2137 2399 et
2163 2358 2361 2398 nomen
2395 2340 2519 2393 inde
2548 2339 2775 2405 accepit,
2808 2336 2929 2402 quia
2970 2332 3094 2398 fari,
3136 2331 3187 2384 id
3216 2339 3322 2394 est,
3371 2326 3514 2392 loqui

1936 2452 2039 2491 non
2089 2444 2284 2505 potest.
2315 2431 2516 2497 Tertia,
2570 2431 2638 2483 ab
2686 2426 2953 2483 Abraham
3001 2438 3168 2492 usque
3199 2421 3265 2475 ad
3309 2419 3515 2483 David,

1940 2527 2313 2599 generationes
2340 2520 2768 2594 quatuordecim,
2800 2532 2969 2571 annos
3008 2529 3138 2569 vero
3170 2526 3349 2569 cuxur
3381 2525 3511 2563 ron-

1938 2621 2135 2675 tineus.
2168 2619 2233 2671 Et
2261 2616 2384 2686 quia
2416 2615 2484 2669 ab
2515 2611 2876 2667 adolescentia
2918 2607 3105 2675 incipit
3146 2605 3310 2659 homo
3354 2615 3515 2670 posse

1937 2724 2235 2782 generare,
2293 2707 2573 2761 Matthacus
2640 2704 3047 2772 generationqu
3119 2712 3184 2750 ex
3241 2693 3510 2748 Abraham

1940 2804 2166 2869 sumpsit
2201 2798 2501 2862 exordium,
2538 2795 2629 2865 qui
2672 2795 2836 2847 etiam
2868 2792 3026 2845 Pater
3058 2790 3293 2859 gentium
3316 2783 3519 2841 consti-

1947 2902 2089 2947 tutus
2117 2897 2219 2944 est.
2252 2890 2473 2955 Quarta,
2507 2900 2535 2938 a
2575 2884 2739 2938 David
2771 2897 2940 2950 usque
2980 2880 3045 2932 ad
3089 2874 3520 2944 transmigratio-

1942 3000 2062 3039 nem
2095 2981 2377 3053 Babylonis
2398 2977 2831 3049 generationibus
2852 2988 3007 3042 mque
3032 2972 3180 3040 juxta
3208 2968 3516 3024 Matthaeum

1944 3074 2366 3148 quatuordecim,
2395 3072 2549 3125 annis
2577 3080 2755 3123 autem
2786 3080 3019 3122 cutxxttt
3054 3071 3321 3132 porrecta,
3363 3077 3392 3115 a
3421 3073 3523 3130 qua

1947 3185 2130 3237 regum
2179 3178 2417 3231 tempora
2451 3168 2765 3229 cmperuut;
2811 3156 3063 3225 juvenilis
3110 3156 3255 3208 enim
3297 3153 3526 3221 dignitas

1942 3271 2106 3327 regno
2132 3267 2214 3310 est
2244 3253 2453 3308 habilis.
2476 3251 2667 3317 Quinta
2697 3247 2911 3309 deinde,
2942 3260 3109 3312 usque
3137 3244 3200 3296 ad
3229 3244 3517 3294 adventum

1945 3350 2238 3408 Salvatoris
2281 3349 2333 3401 in
2360 3360 2543 3406 carne,
2576 3339 3007 3411 generationibus
3036 3344 3091 3389 et
3121 3336 3232 3403 ipsa
3262 3342 3521 3403 quatuor-

1944 3444 2137 3507 decim,
2172 3456 2331 3511 porro
2377 3438 2533 3492 annis
2580 3449 2811 3490 anxxtx
2863 3439 3074 3486 extenta
3122 3446 3133 3480 :
3187 3428 3239 3481 in
3293 3440 3418 3496 qua.
3469 3434 3529 3478 ut

1943 3539 2089 3609 gravi
2119 3545 2391 3591 Senectute
2421 3534 2583 3594 fessa,
2617 3528 2770 3582 malis
2813 3522 3177 3579 crebricribus
3224 3520 3374 3584 plebs
3417 3516 3527 3571 lle-

1945 3635 2084 3686 braa
2111 3637 2411 3700 quassatur.
2434 3625 2616 3686 Sexta,
2641 3636 2759 3690 qure
2790 3631 2929 3671 nunc
2960 3619 3155 3683 agitur,
3187 3611 3329 3665 trulla
3367 3622 3530 3677 gene-

1946 3722 2212 3777 ratiouam
2248 3718 2327 3773 vel
2357 3728 2653 3783 temporum
2680 3711 2821 3765 serie
2849 3717 3027 3772 certa;
3059 3704 3174 3770 sed,
3207 3712 3264 3756 ut
3285 3710 3414 3757 tetas
3436 3700 3530 3754 de-

1945 3815 2171 3884 crepita,
2205 3814 2316 3879 ipsa
2352 3809 2516 3863 totius
2546 3806 2724 3861 szcculi
2757 3813 2929 3858 morte
2954 3800 3204 3855 finienda.

2021 3908 2145 3960 llaec
2175 3905 2226 3958 in
2259 3901 2512 3971 praedicto
2544 3898 2722 3952 libello
2753 3896 2820 3949 de
2858 3891 3131 3948 [Elatibus
3173 3886 3355 3943 szeculi
3396 3900 3529 3954 prm-

1948 3999 2179 4053 nntaudo
2206 4005 2656 4051 eomtnemorans,
2702 3988 2881 4040 statim
2912 3983 3055 4038 aliud
3086 3980 3375 4047 capitulum
3401 3977 3530 4032 sul)-

1950 4087 2126 4151 nexui,
2154 4101 2259 4152 quo
2286 4096 2473 4138 cursus
2515 4088 2571 4133 et
2616 4076 2748 4130 ordo
2778 4074 2938 4128 totius
2967 4071 3146 4125 smculi
3180 4068 3527 4137 panderetur,

1950 4178 2018 4231 ita
2040 4175 2315 4230 inchoans.
2336 4173 2509 4225 Prima
2525 4182 2652 4236 ergo
2667 4179 2798 4221 anas
2820 4164 3059 4217 continet
3075 4174 3241 4213 annos
3257 4156 3408 4227 juxta
3429 4156 3532 4209 lle-

1950 4268 2346 4327 brteosuDCLVt,
2371 4261 2519 4331 juxta
2542 4259 2884 4327 Septuaginta
2906 4256 3224 4320 interpretes
3253 4262 3523 4304 nuccxut.

1952 4360 2143 4425 Adam,
2189 4369 2450 4410 annorum
2497 4367 2659 4415 cxxx,
2709 4348 2890 4418 genuit
2918 4345 3072 4411 Seth,
3123 4341 3213 4411 qui
3267 4355 3360 4405 pro
3398 4340 3527 4393 Ahel

273 4474 389 4512 eam
422 4458 723 4514 veritatem,
754 4453 841 4507 ubi
872 4449 1011 4507 LXX
1040 4449 1422 4520 interpretibus
1454 4449 1607 4518 longe
1634 4448 1845 4502 brevior
1873 4465 1926 4527 ι)
1954 4460 2109 4505 natus
2137 4460 2237 4503 est.
2273 4448 2402 4504 Seth
2436 4454 2613 4499 autem
2639 4482 2655 4507 ,
2705 4456 2873 4493 annos
2919 4454 3003 4499 ev,
3039 4435 3220 4501 genuit
3270 4434 3430 4496 Eoos,
3478 4441 3529 4483 et

273 4547 515 4611 habetur,
569 4555 684 4597 erat
731 4552 1013 4606 annotata,
1083 4543 1152 4594 ita
1201 4550 1257 4593 ut
1303 4555 1468 4610 trsque
1522 4539 1587 4591 ad
1643 4538 1846 4593 adven—

269 4645 379 4690 tum
411 4635 702 4690 Sa’vatoris
734 4636 783 4688 in
813 4648 974 4688 carne
1009 4647 1108 4687 nec
1129 4633 1360 4700 quinque
1390 4645 1651 4683 annorqu
1681 4630 1845 4682 millia

271 4730 376 4785 sint
409 4733 693 4797 completa.
746 4728 1155 4797 Suadebamque
1188 4728 1262 4780 illi
1296 4726 1606 4794 (fraternae,
1638 4725 1845 4791 fateor,

273 4821 549 4874 charitatis
597 4832 649 4873 et
699 4819 866 4887 ipsius
894 4819 1132 4872 veritatis
1181 4818 1400 4883 intuitu)
1452 4826 1509 4870 ut
1555 4817 1849 4885 Scriptura:

273 4928 437 4966 sacra:
466 4920 589 4980 post
624 4910 989 4964 Christianum
1024 4908 1176 4963 nobis
1211 4909 1551 4977 interpretem
1608 4906 1847 4960 transla-

275 5015 363 5071 tae,
386 5011 564 5074 pot;us
580 5021 738 5074 quam
758 5003 1001 5059 Judai'cis
1028 5002 1560 5072 iutcrpretatiouilms
1585 5003 1661 5056 vel
1687 5001 1847 5053 chro-

277 5098 672 5164 nographorum
701 5096 1007 5163 imperitiae,
1046 5095 1203 5147 fidem
1237 5093 1643 5146 accommodare
1669 5090 1847 5145 disce-

281 5198 359 5241 ret
385 5206 399 5244 :
430 5188 596 5256 digito
627 5187 921 5242 ostendens
947 5188 1089 5255 quod
1112 5185 1377 5240 Eusebius
1407 5184 1459 5237 in
1489 5183 1855 5250 descriptione

279 5288 594 5348 temporum,
624 5294 797 5348 neque
830 5278 1144 5333 llebraicam
1174 5278 1479 5339 veritatem,
1508 5290 1679 5342 neque
1712 5272 1853 5328 LXX

281 5373 658 5425 translatorum
723 5387 817 5440 per
872 5372 1052 5425 omnia
1107 5372 1178 5425 sit
1237 5368 1538 5424 Editionem
1601 5376 1854 5430 secutus;

277 5464 415 5528 quod
447 5464 497 5517 id
530 5466 700 5531 ipsum
732 5477 785 5517 et
818 5464 909 5518 hic
941 5463 1146 5533 scripto
1192 5463 1368 5517 facere
1397 5462 1622 5516 curabo.
1654 5461 1854 5514 Verum

276 5555 416 5621 quod
448 5557 561 5623 ipse
592 5554 855 5624 (quisquis
886 5553 1023 5623 erat)
1057 5555 1142 5609 cui
1188 5556 1301 5607 lucc
1332 5567 1706 5623 suggesseram
1751 5550 1859 5605 fra-

282 5646 415 5699 terni
460 5647 661 5702 amoris
687 5645 924 5703 ofticium
956 5648 1120 5702 vertit
1145 5647 1198 5701 iu
1247 5646 1431 5701 odium
1478 5644 1855 5711 zcmulationis,

277 5746 333 5791 et
369 5751 633 5809 supernus
662 5739 984 5797 moderator
1042 5741 1113 5796 illi
1162 5742 1301 5811 justa
1371 5739 1624 5797 mercede
1679 5739 1855 5796 lucem

1948 4552 2141 4599 cetera
2166 4555 2337 4611 usque
2367 4539 2431 4591 ad
2462 4535 2740 4591 diluvium.
2770 4531 2971 4585 Deinde
2992 4526 3259 4596 subjunxi.
3286 4526 3529 4580 Secunda

1949 4646 2077 4689 tetas
2123 4632 2359 4688 continet
2400 4644 2566 4682 annos
2622 4626 2770 4694 juxta
2822 4623 3073 4676 Hebraeos
3125 4630 3336 4677 ccxcn,
3378 4613 3528 4682 juxta

1951 4723 2092 4781 LXX
2123 4724 2444 4791 interpretes
2473 4732 2674 4777 anxur,
2719 4716 2800 4767 vel
2829 4710 3040 4780 adjecto
3070 4707 3294 4767 Cainan,
3323 4720 3531 4759 tthxrt.

1951 4816 2097 4881 Sem,
2122 4829 2263 4868 anno
2290 4808 2525 4865 secundo
2552 4816 2671 4875 post
2699 4802 2979 4868 diluvium,
3007 4800 3188 4868 genuit
3221 4796 3528 4865 Arphaxad,

1951 4922 1979 4961 a
2010 4923 2113 4977 quo
2142 4902 2398 4959 Chaldaei.
2442 4897 2725 4967 Arplraxad
2773 4908 2944 4947 annos
2976 4908 3133 4954 xxxv,
3166 4892 3347 4958 genuit
3384 4887 3529 4943 Sela.

1954 5000 2050 5055 llic
2076 4997 2412 5064 Septuaginta
2444 4994 2789 5059 interpretes,
2823 5001 2956 5052 quos
3002 4983 3329 5052 evangelista
3364 4980 3535 5033 Lucas

1953 5100 2168 5147 secutus
2216 5098 2319 5152 est,
2352 5088 2721 5151 interposuere
2761 5080 2986 5144 Cainan,
3030 5076 3121 5145 qui
3152 5090 3273 5129 cum
3307 5089 3411 5127 xxx
3448 5086 3536 5125 es-

1957 5194 2042 5241 set
2081 5197 2344 5237 annorum
2395 5178 2638 5248 genuerit
2672 5175 2817 5230 Sela.
2852 5172 3006 5234 lteru,
3048 5172 3117 5223 de
3148 5168 3299 5221 tertia
3355 5175 3534 5219 actate.

1955 5277 2155 5340 'l‘ertia,
2188 5276 2427 5339 inquam.
2474 5280 2602 5323 tetas
2650 5267 2889 5320 continet
2937 5276 3105 5315 annos
3151 5274 3351 5314 cuxur.
3404 5258 3534 5310 ltetu

1957 5372 2047 5426 ubi
2072 5370 2136 5422 ad
2168 5376 2411 5437 quartaur
2457 5376 2670 5418 ventum
2717 5373 2818 5413 esr.
2873 5360 3093 5424 Quarta,
3126 5367 3364 5418 inquam,
3404 5362 3537 5403 astas

1958 5458 2199 5515 continet
2227 5470 2394 5509 annos
2424 5454 2571 5522 juxta
2604 5451 2856 5505 llehraeos
2902 5460 3149 5509 anxxu;
3185 5441 3321 5497 LXX
3374 5445 3539 5493 inter-

1961 5560 2139 5621 pretes
2172 5563 2248 5601 xu
2275 5544 2553 5615 adjiciunt.
2587 5544 2719 5594 Cum
2751 5555 2877 5607 ergo
2909 5540 2958 5591 iu
2981 5552 3207 5591 excursu
3236 5534 3435 5601 operis,
3466 5531 3531 5583 ad

1961 5644 2294 5699 nativitatem
2345 5651 2515 5705 usque
2564 5634 2772 5689 Domini
2824 5631 3118 5688 Salvatoris
3160 5627 3532 5699 pervenirem,

1963 5738 2036 5793 ita
2082 5731 2285 5804 scripsi.
2321 5727 2645 5788 Octavianus
2696 5724 2938 5797 regnavit
2985 5738 3157 5779 annos
3204 5736 3314 5778 Lvr.
3366 5718 3539 5791 llnjas
