4220 6468
675 305 771 359 Gil

1384 300 1587 357 BEDAE
1628 302 2086 359 VENERABILIS
2125 301 2278 357 OI‘P.
2320 297 2496 354 PARS
2534 299 2621 355 111.
2663 327 2732 341 -—
2773 298 3249 354 ΡΑΒᾸΞΝΕΤΙΟΑ.

3841 304 3943 355 67?.

669 434 810 471 anno
843 430 980 481 χιιι,
1029 414 1280 470 Dominus
1325 417 1562 469 nascitur
1589 458 1604 481 ,
1656 418 1937 485 completis
1986 419 2052 472 ab
2082 417 2250 472 Adam
2284 422 2325 471 Α
2358 414 2647 482 inliterere,
2678 430 2739 468 ac
2773 431 2868 483 pro
2901 416 3027 482 ipsis
3075 416 3141 484 (si
3174 415 3243 468 ita
3277 430 3361 470 res
3393 420 3724 487 poposcerit)
3774 426 3947 474 ltlieno

670 508 826 562 annis
854 521 1139 570 IIIIMCMLII,
1177 506 1324 574 juxta
1365 507 1499 559 alios
1529 524 1905 563 rrurruucxc-x.

749 599 872 651 lla‘c
918 608 1041 651 Sunt
1084 612 1203 666 qua:
1232 598 1381 663 juxta
1427 598 1583 651 fidem
1632 614 1799 653 sacra:
1836 600 2078 655 historiae
2122 602 2251 655 mihi

674 690 911 757 rrreisque
941 687 1294 760 [rogantibus]
1325 692 1550 743 strictim
1583 701 1635 744 et
1665 692 1997 760 simpliciter,
2043 703 2099 747 ut
2135 710 2253 748 cre-

675 782 780 833 didi
812 791 865 833 et
905 782 1082 847 sensi,
1114 782 1435 834 abbreviare
1464 784 1666 845 curavi,
1702 800 2035 853 nequaquam
2089 789 2249 840 chro-

678 870 951 938 nograper
980 880 1085 924 tam
1119 875 1328 924 erudito
1360 875 1625 940 tanti<qne
1653 874 1896 928 laudibus
1933 874 2093 944 digno
2115 891 2251 931 cou-

675 964 980 1028 tradiceus,
1018 965 1070 1017 in
1122 964 1205 1018 his
1246 965 1504 1019 drrntaxat
1556 967 1606 1018 in
1664 969 1853 1035 quibus
1906 969 2021 1035 ipse
2059 969 2255 1024 divina:

674 1058 964 1125 Scriplurte
1016 1057 1324 1111 contrarius
1382 1073 1484 1111 non
1539 1067 1642 1111 est.
1690 1058 1787 1125 Qui
1842 1075 1962 1113 cum
2021 1062 2072 1114 in
2122 1060 2257 1115 libro

675 1148 975 1213 Ἐξαπ).οῦς,
1026 1150 1224 1217 virgam
1269 1149 1513 1217 Origenis
1563 1149 1980 1217 pertimescens,
2028 1166 2256 1218 genera-

687 1242 885 1293 tionem
916 1241 1113 1293 Cainan
1144 1240 1213 1293 de
1254 1240 1429 1294 medio
1461 1242 1688 1304 tolleret,
1720 1250 1774 1294 et
1819 1242 2106 1312 Evangelia
2152 1242 2259 1296 Lu-

679 1344 756 1382 ca:
786 1338 841 1383 et
891 1329 1031 1383 LXX
1082 1332 1280 1396 pariter
1326 1329 1709 1395 interpretibus
1758 1332 1913 1385 fidem
1958 1332 2257 1401 derogavit,

681 1437 978 1489 eorumque
1010 1421 1343 1475 translationi
1374 1436 1513 1475 cxxx
1544 1438 1711 1475 annos
1742 1424 1928 1476 erasit.
1966 1421 2099 1476 Cum
2133 1438 2261 1477 vero

677 1513 1110 1580 generationibus
1142 1512 1206 1566 ad
1238 1512 1584 1567 llebrreorurn
1618 1515 1782 1568 libros
1822 1515 2113 1583 castigatis,
2155 1530 2258 1568 non

680 1616 833 1668 aeque
878 1617 1161 1656 numerum
1210 1617 1473 1656 annorum
1521 1602 1670 1671 juxta
1704 1604 1919 1657 eusderrr
1976 1604 2262 1657 emendare

682 1702 916 1755 curaret,
949 1692 1000 1745 in
1043 1706 1250 1746 summa
1295 1709 1406 1745 stu:
1440 1696 1858 1761 computationis
1911 1695 2123 1749 illorum
2172 1711 2260 1749 se-

687 1785 817 1838 riem
848 1799 1060 1839 ccxxx"
1106 1786 1261 1838 annis
1301 1787 1567 1851 excessit,
1618 1786 1804 1853 sicque
1837 1796 2077 1841 rreutranr
2122 1790 2260 1842 viam
2292 1766 2339 1824 Β

686 1876 997 1941 observans,
1032 1876 1147 1944 ipse
1178 1892 1278 1943 qua
1311 1877 1475 1930 voluit
1507 1878 1747 1933 incessit.

762 1968 813 2020 ln
842 1969 1005 2035 prima
1036 1969 1233 2038 quippe
1260 1978 1311 2022 et
1344 1970 1575 2023 secunda
1620 1979 1779 2025 relate
1816 1970 2034 2034 nostris,
2066 1971 2115 2025 id
2159 1981 2261 2036 est,

682 2057 748 2109 de
793 2058 1015 2112 llebrmu
1064 2059 1207 2113 fonte
1256 2060 1561 2124 transfusis,
1608 2060 2023 2130 Craacorumque
2052 2062 2267 2116 Codici-

685 2148 801 2212 bus,
836 2149 1138 2217 lrujusrnodi
1169 2151 1529 2219 discrepantia
1576 2152 1737 2220 inest,
1784 2153 1907 2219 quia
1939 2156 2103 2222 (sicut
2135 2155 2265 2209 Ilie-

687 2254 960 2308 runymus,
994 2255 1161 2295 sacrzc
1195 2243 1461 2311 interpres
1494 2243 1752 2311 historizc,
1788 2245 1840 2299 in
1870 2247 2018 2300 libris
2046 2247 2265 2300 llebrai-

682 2346 864 2383 carum
894 2332 1259 2396 Quaestionum
1311 2334 1501 2401 refert)
1547 2343 1831 2402 antequam
1874 2336 2123 2405 gignatur
2171 2338 2261 2406 qui

687 2423 829 2491 gigni
870 2438 1218 2488 memoratur,
1256 2429 1432 2480 minus
1465 2429 1657 2481 vixisse
1684 2428 1826 2497 apud
1874 2429 2130 2484 llebrteos
2173 2446 2266 2499 pa—

684 2522 765 2568 ter
795 2516 1061 2570 invenitur
1086 2527 1294 2571 centum
1325 2534 1495 2571 annos
1534 2536 1547 2584 ;
1579 2521 1670 2572 sed
1698 2530 2041 2588 posteaquam
2068 2532 2152 2575 est
2174 2536 2267 2589 ge-

686 2607 828 2661 rritrrs
880 2609 1017 2662 idem
1071 2610 1169 2678 ipsi
1216 2612 1389 2664 rninrrs
1446 2623 1661 2666 centum
1714 2628 1870 2682 quam
1920 2615 1971 2668 in
2025 2614 2265 2671 llehrreis

688 2701 1033 2754 inveniuntur
1066 2701 1117 2753 iu
1160 2702 1400 2755 Graecis:
1435 2712 1594 2770 atque
1626 2704 1695 2757 ita
1732 2704 2019 2772 utrobique
2056 2706 2266 2761 numeri

688 2794 1006 2848 universitas
1041 2807 1317 2848 consonat.
1345 2796 1444 2848 l'er
1478 2795 1613 2849 hanc
1646 2804 1822 2849 autem
1861 2798 2259 2866 corruptionem

686 2884 991 2937 Cl'iBCOI'llm
1039 2884 1298 2939 Codicum
1339 2887 1578 2939 exoritur
1609 2887 1696 2939 illa
1729 2886 2083 2943 famosissima
2117 2906 2264 2958 qum-

689 2974 817 3035 stio,
850 2975 936 3028 rtbi
960 2975 1304 3030 Mathusalem
1334 2993 1421 3030 xrv
1447 2978 1600 3031 annis
1632 2979 1830 3032 vixisse
1862 2990 1980 3047 post
2007 2981 2266 3037 diluvium

687 3075 1060 3129 cnmputatur,
1103 3081 1221 3119 cum
1272 3080 1476 3123 certum
1524 3070 1592 3122 sit
1632 3070 1770 3138 apud
1812 3070 2068 3126 llebrazos
2098 3075 2263 3128 Codi-

688 3167 778 3205 ces
808 3153 994 3208 eodem
1024 3171 1166 3208 anno
1193 3157 1374 3211 diluvii
1405 3175 1524 3213 eum
1559 3160 1723 3215 fuisse
1754 3162 2086 3218 defunctum.

760 3244 913 3311 Quod
962 3248 1007 3301 si
1053 3247 1247 3314 aliquis
1275 3250 1472 3304 dixerit
1518 3251 1772 3307 Hebraeos
1804 3254 1970 3309 libros
2001 3266 2185 3324 postea
2237 3272 2266 3309 a

684 3336 886 3392 Judreis
930 3354 1051 3394 esse
1094 3341 1335 3408 falsatus,
1379 3358 1581 3415 eosque
1624 3347 1748 3399 dum
1785 3350 1987 3401 nostris
2028 3349 2267 3404 invident

691 3431 1097 3487 auctoritatibus
1142 3433 1241 3487 sibi
1274 3436 1562 3491 abstulisse
1606 3437 1914 3504 veritatem,
1940 3440 2124 3493 audiat
2148 3441 2265 3495 Ori-

690 3536 880 3586 genem
932 3524 1059 3591 quid
1104 3526 1154 3577 in
1204 3527 1430 3593 septimo
1480 3528 1801 3599 [volumine]
1834 3532 2269 3600 explanationum

692 3611 861 3679 lsaim,
909 3614 1030 3668 huic
1068 3619 1345 3685 respondit
1380 3623 1805 3689 qttteslitrncula‘,
1832 3627 1969 3693 quod
2001 3641 2270 3695 nunquam

693 3705 948 3761 Dominus
977 3717 1031 3761 et
1079 3711 1351 3776 .\po~toli,
1387 3713 1475 3781 qui
1516 3724 1711 3769 caetera
1758 3718 1980 3771 crimina
2034 3728 2269 3787 arguunt

694 3796 747 3849 in
788 3797 990 3852 Scribis
1032 3810 1086 3855 et
1117 3801 1399 3857 Plrariszeis
1424 3845 1440 3871 ,
1473 3806 1539 3860 de
1583 3807 1681 3862 hoc
1712 3810 1957 3873 crimine,
1984 3813 2125 3879 qrrod
2157 3822 2276 3867 erat

698 3890 985 3944 maximum
1014 3935 1028 3958 ,
1064 3895 1421 3951 reticuissem.
1469 3899 1665 3952 Audiat
1692 3900 1989 3970 Josephurn
2022 3902 2275 3959 historio-

695 3987 951 4051 graplrurn
981 3984 1313 4050 .ludteorum,
1347 3990 1434 4059 qui
1468 3992 1518 4045 in
1549 3995 1719 4061 prirrro
1743 3994 1878 4049 libro
1906 3995 2276 4071 Ἀρχαιὸτητος

691 4075 947 4129 adversus
969 4080 1228 4147 Apionem
1262 4079 1680 4139 Grammaticutn
1706 4087 1950 4141 seribens
1971 4130 1986 4155 ,
2012 4098 2199 4157 aperte
2224 4098 2277 4145 et

694 4167 868 4221 lucide
901 4172 1239 4236 monstravit,
1282 4183 1334 4227 et
1366 4175 1626 4230 minorem
1671 4192 1934 4232 annorum
1983 4196 2269 4234 numerum

693 4271 814 4311 esse
844 4272 1109 4323 veracern,
1145 4270 1198 4313 et
1228 4275 1560 4331 nequaquam
1604 4262 1936 4336 Scripturarn
1968 4278 2210 4323 sanctam
2241 4284 2271 4322 ει

697 4344 1004 4399 Judmorum
1035 4359 1196 4416 gente
1220 4365 1342 4404 esse
1373 4352 1638 4407 falsatum.

2357 516 2435 559 ter
2464 508 2694 559 animum
2730 523 2946 572 ponere.

2428 601 2541 653 And
2569 611 2621 653 at
2654 602 2863 654 beaturrr
2904 602 3287 672 Hieronymum
3313 647 3325 668 ,
3372 606 3513 674 quod
3545 623 3650 657 nun
3684 607 3865 661 llcbra
3887 626 3948 663 os

2356 693 2447 743 sed
2495 693 2710 745 Oramus
2748 693 2973 747 Codices
3002 698 3142 747 dicat
3170 710 3290 749 esse
3335 697 3574 750 falsatos.
3618 699 3755 751 Cum
3798 702 3947 753 enim

2361 784 2530 837 Verba
2566 786 2777 839 llierurn
2827 786 3165 852 interpretari
3212 801 3517 857 cogeretur,
3552 791 3621 843 ita
3674 792 3778 846 hoc
3810 808 3950 859 opus

2357 876 2624 927 cursando
2668 877 2914 942 prmfatus
2955 888 3056 931 est.
3091 880 3144 931 Si
3181 880 3523 947 Septuaginta
3570 882 3937 950 interpretum

2363 980 2512 1032 pura,
2543 976 2596 1017 et
2640 976 2695 1018 ut
2722 968 2787 1019 ab
2816 967 2895 1019 eis
2936 967 2987 1019 in
3030 968 3275 1022 Cra-cum
3308 986 3457 1023 versa
3499 984 3581 1025 est
3614 972 3796 1025 Editio
3824 989 3951 1043 per-

2361 1066 2619 1121 maneret,
2652 1056 2921 1123 superﬂue
2952 1057 3045 1127 (uti
3077 1058 3369 1124 Clrrornati,
3402 1062 3783 1131 episcoporurrr
3809 1082 3945 1118 san-

2360 1148 2599 1200 ctissime
2624 1157 2783 1211 atque
2804 1148 3135 1217 doctissime)
3160 1150 3485 1217 impelleres,
3511 1164 3567 1205 trt
3589 1153 3681 1207 tibi
3714 1153 3946 1209 llebrma

2363 1237 2630 1290 volumina
2664 1236 2849 1289 Latino
2879 1253 3127 1292 sermone
3178 1241 3548 1296 transferrem.
3596 1242 3751 1309 Quod
3788 1246 3939 1299 eninr

2363 1328 2527 1379 semel
2596 1343 2755 1381 aures
2818 1327 3089 1381 hominum
3140 1344 3514 1399 Ot'CttpaVeral,
3567 1343 3621 1386 et
3669 1336 3950 1389 nascvntis

2364 1419 2617 1473 Ecclesia:
2649 1420 2993 1473 roboraverat
3025 1422 3185 1474 lidern
3232 1423 3435 1488 justum
3487 1434 3603 1478 erat
3652 1436 3699 1479 et
3754 1437 3948 1481 nostro

2364 1511 2577 1564 silentio
2623 1512 2984 1579 comprobari.
3032 1512 3179 1565 Nunc
3213 1528 3338 1566 vero
3368 1530 3486 1568 cum
3532 1531 3628 1585 pro
3680 1519 3946 1571 varietate

2366 1604 2642 1668 regionum
2696 1602 2904 1657 diversa
2941 1606 3179 1658 ferantur
3224 1608 3569 1674 exemplaria,
3602 1618 3659 1662 et
3683 1625 3948 1677 germana

2368 1692 2454 1745 illa
2485 1696 2811 1761 antiquaque
2844 1695 3123 1747 translatio
3157 1707 3405 1763 comrpta
3435 1698 3504 1751 sit
3532 1708 3691 1766 atque
3721 1700 3950 1763 violata,

2370 1782 2537 1834 nosrri
2588 1782 2792 1836 arbitrii
2845 1795 3019 1850 prrtas,
3065 1797 3155 1837 aut
3207 1801 3237 1839 e
3268 1787 3505 1854 pluribus
3526 1786 3772 1856 judicare
3815 1791 3949 1859 qtrid

2369 1887 2551 1926 verum
2580 1873 2669 1937 sit,
2703 1886 2793 1926 aut
2829 1891 3024 1928 novum
3058 1892 3190 1943 opus
3221 1877 3271 1930 in
3303 1879 3467 1931 veteri
3514 1893 3677 1947 opere
3707 1881 3947 1943 cudere,

2368 1972 2421 2015 et
2450 1974 2668 2027 ca-tera,
2692 1964 2882 2030 quibus
2912 1966 3157 2020 eumdem
3189 1982 3403 2020 sensum
3433 1968 3587 2022 latius
3607 1973 3947 2037 exsequitur.

2366 2056 2529 2123 Cujus
2560 2059 2840 2111 sententia:
2884 2059 3044 2113 etiam
3102 2061 3290 2113 beatus
3338 2063 3561 2115 antistes
3610 2066 3953 2131 Augusrinus

2368 2147 2620 2212 concinit,
2671 2159 2723 2201 et
2774 2148 2888 2216 ipse
2941 2165 3170 2217 namque
3215 2164 3335 2205 cum
3383 2151 3537 2221 hujus
3569 2154 3954 2221 discrepantia

2367 2254 2603 2305 causam,
2650 2256 2819 2309 neque
2848 2244 3061 2297 malitia:
3087 2243 3409 2311 Judaeorum,
3469 2262 3639 2316 neque
3670 2248 3813 2303 LXX
3858 2250 3951 2303 in-

2370 2340 2681 2398 terpretum,
2712 2334 2800 2399 qui
2833 2343 2885 2386 et
2930 2334 3026 2402 ipsi
3066 2334 3236 2388 Judzei
3279 2346 3450 2402 erant,
3482 2339 3649 2392 errori
3680 2340 3761 2392 vel
3805 2340 3950 2394 invi-

2372 2423 2566 2477 dentia:
2597 2424 2853 2478 voluisset
2894 2424 3165 2480 ascribere
3217 2426 3309 2495 (ne
3352 2441 3487 2496 quos
3529 2427 3653 2481 alibi
3684 2444 3781 2497 per
3830 2445 3939 2487 tu

2369 2518 2589 2569 cellulas
2644 2533 2751 2570 uno
2778 2518 3072 2572 divinitatis
3104 2518 3301 2586 Spiritu
3333 2519 3651 2588 repleverat,
3687 2522 3784 2574 hos
3827 2537 3949 2590 pas-

2369 2610 2468 2661 sim
2499 2618 2744 2677 argueret
2774 2609 3073 2680 falsitatis);
3104 2611 3201 2665 lroc
3231 2612 3429 2666 invenit
3478 2624 3534 2666 trt
3566 2613 3794 2668 diceret.

2440 2700 2753 2755 Credibilius
2792 2716 2919 2765 ergo
2956 2704 3073 2770 quis
3110 2703 3337 2768 dixerit,
3404 2718 3525 2757 cum
3578 2706 3803 2772 primum
3864 2704 3941 2760 de

2374 2792 2702 2845 Bibliotheca
2749 2793 3024 2847 Ptolemaei
3066 2793 3292 2848 describi
3334 2794 3430 2847 ista
3469 2806 3774 2861 cmperunt,
3819 2806 3950 2851 tunc

2369 2882 2565 2951 aliquid
2620 2883 2722 2936 tale
2773 2883 2888 2936 fieri
2922 2884 3159 2953 peluisse
3209 2885 3260 2937 in
3311 2883 3510 2939 Codice
3556 2901 3694 2951 uno,
3742 2886 3952 2940 scilicet

2372 2974 2615 3042 primitus
2655 2974 2776 3028 inde
2813 2974 3120 3040 descripto,
3173 2974 3311 3029 unde
3358 2974 3468 3044 jam
3522 2975 3675 3030 latius
3729 2991 3951 3030 emana-

2375 3074 2496 3128 ret,
2555 3066 2639 3117 rrhi
2696 3067 2867 3133 potuit
2914 3066 3129 3134 quidem
3179 3066 3419 3121 accidere
3468 3066 3626 3121 etiam
3673 3068 3954 3135 scriptoris

2376 3170 2546 3209 error.
2576 3156 2679 3209 Sed
2712 3156 2811 3210 hoc
2844 3156 2896 3209 in
2929 3156 3015 3209 illa
3045 3157 3345 3225 qua-stione
3371 3157 3438 3211 de
3467 3157 3569 3213 vita
3600 3158 3951 3214 Mattrusalem

2376 3264 2482 3302 non
2536 3248 2829 3301 absurdum
2882 3257 2965 3302 est
3012 3248 3294 3316 suspicari.
3338 3248 3403 3301 Et
3443 3249 3599 3316 paulo
3636 3249 3950 3318 postzNam

2373 3341 2533 3395 etiam
2576 3356 2715 3395 nunc
2755 3343 2974 3411 (irrqrrit)
3015 3342 3101 3395 ubi
3145 3341 3355 3396 numeri
3396 3357 3500 3394 non
3543 3341 3741 3395 faciunt
3779 3342 3955 3394 inten-

2378 3445 2485 3487 turn
2518 3434 2581 3488 ad
2615 3436 2812 3504 aliquid
2844 3436 2984 3504 quod
3020 3434 3175 3490 facile
3207 3440 3376 3505 possit
3406 3436 3659 3502 intelligi,
3690 3437 3771 3489 vel
3810 3438 3954 3506 quod

2374 3534 2631 3592 appareat
2662 3525 2863 3579 utiliter
2893 3525 3058 3588 disci,
3092 3535 3147 3579 et
3180 3525 3509 3595 negligenter
3553 3526 3950 3589 describuntur,

2376 3627 2429 3671 et
2463 3617 2817 3685 negligentins
2850 3619 3224 3672 emendantur.
3267 3620 3395 3684 Quis
3424 3618 3563 3671 enim
3595 3618 3693 3672 sibi
3725 3621 3956 3672 aestimet

2378 3726 2499 3764 esse
2574 3712 2885 3765 discendum
2963 3722 3095 3780 quot
3195 3712 3357 3764 millia
3434 3712 3703 3764 lrornirmnr
3785 3712 3955 3765 tribus

2378 3802 2538 3855 Israel
2588 3804 2859 3872 sigillatim
2909 3804 3104 3858 trahere
3152 3804 3479 3872 potuerunt?
3527 3805 3776 3873 quoniam
3824 3818 3953 3871 pru-

2379 3893 2533 3948 desse
2564 3894 2759 3964 aliquid
2796 3909 2899 3947 non
2934 3904 3167 3963 putatur.
3203 3896 3329 3949 lterrr
3366 3904 3484 3963 post
3514 3897 3803 3963 aliquanta.
3847 3895 3952 3950 Sed

2378 3986 2645 4053 quomodo
2701 3985 2827 4038 libet
2882 3986 3023 4039 istud
3075 3985 3589 4053 aecipiatur,.recte
3645 3985 3759 4038 fieri
3810 3986 3955 4039 nullo

2381 4080 2540 4133 modo
2594 4080 2982 4145 dubitaverim,
3047 4089 3103 4133 ut
3154 4096 3275 4134 cum
3331 4079 3597 4133 diversum
3649 4080 3852 4146 aliquid
3904 4082 3953 4134 in

2381 4175 2621 4244 utrisqrre
2659 4175 2949 4229 Codicibus
2989 4174 3277 4237 invenitur,
3312 4173 3745 4241 quandoquidem
3786 4174 3852 4227 ad
3897 4176 3950 4225 fl-

2380 4266 2502 4320 dem
2543 4282 2721 4321 rerum
2762 4277 3029 4335 gestarum
3062 4274 3348 4333 utrumque
3376 4280 3497 4319 θεςθ
3528 4280 3629 4318 non
3662 4273 3840 4332 ροιεει
3872 4280 3957 4319 νου

2380 4376 2528 4424 rum,
2561 4361 2609 4413 ei
2642 4360 2835 4429 lingua:
2868 4358 3041 4426 potius
3082 4358 3352 4422 credatur,
3399 4358 3540 4412 unde
3581 4368 3663 4412 cst
3701 4359 3752 4412 in
3797 4361 3955 4413 aliaat

767 4438 951 4507 Neque
995 4441 1155 4510 igitur
1195 4442 1489 4515 (inquiens)
1521 4445 1799 4501 innumera
1841 4449 1984 4518 apud
2037 4465 2133 4504 nos
2180 4450 2356 4549 ha-D
2386 4465 2478 4517 per
2533 4450 2851 4517 interpretes
2903 4447 3036 4501 facta
3094 4446 3389 4501 translatio.
3447 4446 3587 4517 Lege
3640 4448 3834 4502 librum
3891 4448 3955 4503 de

695 4533 892 4588 bentur
922 4536 1192 4590 volumina
1237 4537 1377 4591 inter
1404 4554 1463 4593 se
1502 4541 1726 4595 invicem
1758 4543 2119 4598 discordantia
2142 4562 2156 4612 ;
2178 4547 2273 4601 sed
2309 4533 2351 4549 ν
2380 4539 2603 4593 CiVilalc
2657 4539 2745 4592 υθί
2802 4554 2875 4590 κν
2904 4558 2917 4591 ε

694 4625 801 4679 duo
852 4636 1054 4681 tantrrrn
1088 4636 1141 4682 et
1179 4629 1362 4698 viginti
1401 4642 1525 4686 sunt
1570 4633 1689 4687 libri
1719 4636 1809 4704 qui
1838 4638 2081 4691 omnium
2130 4648 2271 4692 tem-

698 4732 884 4785 porum
913 4719 1107 4773 seriem
1138 4721 1434 4791 continent,
1463 4724 1548 4794 qui
1572 4735 1626 4778 et
1648 4725 1791 4794 juste
1819 4727 2113 4782 creduntur
2142 4729 2279 4783 divi-

698 4809 839 4862 nitus
867 4808 1129 4878 iuspirali.
1160 4811 1235 4866 Ex
1264 4815 1456 4880 quibus
1481 4816 1715 4885 quinque
1744 4828 1868 4873 srrnt
1900 4818 2019 4873 libri
2075 4818 2276 4889 Moysi,

695 4900 1031 4956 continentes
1055 4903 1220 4974 leges,
1252 4905 1372 4960 vita:
1400 4918 1452 4960 et
1480 4911 1837 4976 successionis
1868 4911 2115 4965 humana:
2145 4926 2275 4981 pro.

702 4991 903 5059 sapiam
948 5008 1118 5062 usque
1166 4994 1233 5049 ad
1289 4996 1455 5063 ipsius
1512 4999 1681 5070 Moysi
1730 5005 2016 5057 terminum
2063 5013 2281 5072 proterr-

699 5080 908 5147 dentes,
941 5085 1028 5152 qui
1057 5086 1214 5153 paulo
1244 5088 1419 5142 minus
1445 5089 1511 5143 ad
1542 5091 1640 5143 tria
1672 5093 1834 5145 millia
1862 5109 2125 5149 annorum
2149 5110 2281 5149 con-

699 5176 977 5231 tinentiarn
1008 5189 1219 5247 gerunt.
1256 5182 1317 5233 lit
1348 5191 1467 5249 post
1515 5197 1703 5250 pauca.
1735 5184 1917 5239 Rebus
1946 5187 2108 5254 igitur
2151 5189 2280 5257 ipsis

702 5277 913 5321 constat
962 5286 1119 5337 quam
1172 5286 1269 5326 nos
1315 5274 1697 5328 venerabiliter
1745 5286 1960 5331 utamur
1986 5280 2280 5349 Scripturis

700 5362 919 5414 nostris.
952 5362 1081 5416 Nam
1112 5378 1233 5418 cum
1265 5371 1343 5418 tot
1372 5366 1565 5418 sarcula
1612 5367 2056 5434 intercesserint,
2108 5386 2283 5441 neque

700 5453 903 5509 addere
943 5457 1061 5525 quis
1094 5474 1326 5527 unquam
1353 5502 1368 5527 ,
1403 5475 1579 5528 neque
1618 5460 1853 5527 auferre,
1880 5471 1972 5515 aut
2012 5471 2135 5531 post
2165 5479 2283 5516 rnn-

710 5556 822 5599 tare
848 5548 973 5615 qtrid
1006 5562 1168 5603 ausus
1193 5560 1307 5615 est;
1347 5552 1438 5606 sed
1470 5553 1716 5606 ornnibrrs
1746 5554 1926 5619 gentis
1960 5562 2157 5607 nostra:
2184 5555 2283 5606 ho-

706 5637 936 5692 minibus
976 5641 1132 5693 insita
1165 5642 1277 5697 hare
1306 5645 1699 5712 quodammodo
1739 5654 1899 5712 atque
1932 5646 2162 5712 ingenita
2214 5646 2280 5697 ll-

703 5724 798 5780 des
827 5736 928 5795 cst,
962 5731 1182 5786 credere
1208 5734 1318 5787 haec
1348 5734 1435 5788 Dei
1465 5750 1585 5789 esse
1611 5738 1875 5799 consulta,
1902 5744 1954 5790 ct
1979 5735 2059 5789 Itis
2081 5734 2281 5805 jugiter

2456 4648 2474 4679 ι
2509 4631 2691 4698 Neque
2734 4630 2873 4683 enim
2916 4628 3026 4681 ullo
3066 4628 3225 4681 modo
3265 4627 3511 4682 audiendi
3552 4636 3713 4689 sunt,
3748 4632 3834 4695 qui
3869 4646 3958 4695 pu-

2382 4728 2495 4773 tant
2538 4723 2694 4774 aliter
2740 4734 2909 4774 annos
2957 4720 3062 4774 illis
3108 4718 3438 4789 temporibus
3484 4731 3851 4789 cornputatus,
3905 4722 3954 4773 id

2381 4824 2496 4877 est,
2552 4821 2713 4866 tanta:
2764 4812 3071 4876 brevitatis,
3127 4822 3185 4865 trt
3234 4828 3369 4865 unus
3419 4828 3590 4866 annus
3624 4828 3651 4864 x
3688 4813 3808 4866 illos
3859 4814 3957 4865 ha-

2382 4906 2557 4959 buisse
2586 4904 2853 4968 credatur,
2887 4922 2906 4955 ι
2944 4902 3161 4959 tricenis
3189 4905 3208 4973 (
3234 4902 3522 4971 videlicet)
3553 4903 3807 4972 senisque
3839 4904 3955 4957 die-

2392 4996 2489 5049 bus
2541 4995 2853 5048 terminatos
2904 4994 3264 5064 (argumento
3322 5004 3565 5059 utentes,
3616 4993 3757 5061 quod
3822 4994 3958 5061 apud

2384 5092 2665 5158 plerosque
2696 5089 2985 5155 scriptores
3028 5086 3267 5141 historia:
3308 5088 3599 5153 reperitur,
3646 5089 3955 5140 Acarnanas

2380 5196 2474 5235 sex
2498 5180 2787 5244 mensium,
2819 5178 3054 5232 Arcadas
3082 5179 3261 5243 trium,
3292 5178 3571 5247 ngyptios
3596 5187 3843 5246 quatuor,
3869 5179 3960 5232 Ira-

2384 5271 2560 5323 buisse
2589 5284 2817 5335 aunurrr,
2863 5277 2919 5321 et
2959 5267 3104 5337 ipsos
3146 5269 3429 5339 aliquando
3470 5270 3630 5323 etiam
3663 5269 3824 5323 Luna:
3857 5273 3959 5324 line

2381 5380 2577 5417 annum
2616 5380 2773 5418 suum
2811 5364 3067 5417 limitaSse
3092 5363 3110 5432 )
3138 5404 3153 5429 ,
3186 5366 3443 5432 qrroniam
3491 5365 3790 5432 bnjnsmodi
3839 5380 3961 5419 sen-

2383 5469 2498 5506 sum
2541 5454 2649 5520 ipsa
2693 5453 2966 5521 Scriptura
3010 5454 3183 5521 palam
3224 5454 3470 5508 destruit.
3516 5454 3610 5507 Ubi
3651 5469 3771 5507 cum
3812 5455 3959 5523 juxta

2384 5542 2637 5597 Hebraeos
2687 5543 2933 5610 legatur:
2977 5542 3215 5613 Vixitque
3262 5545 3427 5596 Adam
3477 5544 3627 5596 amris
3676 5560 3827 5597 cxxx
3855 5586 3870 5609 ,
3921 5557 3967 5598 et

2384 5635 2552 5705 genuit
2583 5634 2739 5700 Setlr,
2769 5642 2813 5686 et
2846 5635 2965 5702 facti
2992 5644 3110 5687 sunt
3155 5636 3262 5687 dies
3290 5634 3451 5688 Adam
3482 5646 3747 5705 postquam
3795 5640 3967 5703 genuit

2386 5726 2508 5784 Seth
2552 5740 2679 5781 accc
2730 5725 2888 5791 anni,
2923 5726 3159 5795 etgenuit
3183 5726 3316 5792 ﬁlios
3344 5736 3389 5779 et
3415 5725 3571 5793 ﬁlias,
3607 5730 3870 5796 etfurtmn
3893 5740 3964 5781 est
