4220 6458
278 381 388 435 6ῗὸ

1492 374 1681 427 SECI‘.
1727 372 1810 426 iV.
1859 398 1925 409 —-
1970 367 2342 421 Ei’lS'i'UlJE.

3437 367 3535 421 bii

275 512 426 547 omne
455 503 651 560 tempus
682 493 818 559 quod
847 493 968 545 vixit
1011 492 1174 543 Adam
1196 490 1317 542 anni
1338 504 1539 556 CM\XX,
1562 499 1608 542 et
1632 497 1859 539 mortuus
1890 488 1937 543 A
1967 498 2120 549 esse,
2153 491 2208 536 et
2232 483 2379 552 juxta
2412 483 2593 536 nescio
2621 485 2773 551 cujus
2821 482 3059 537 ltzeretici
3110 482 3300 538 librant
3321 524 3335 550 ,
3378 498 3535 554 quem

277 597 387 651 est,
431 586 573 641 LXX
614 588 861 639 dixerunt
895 601 907 636 :
954 582 1019 635 Et
1058 584 1178 635 viiit
1225 584 1390 634 Adam
1419 596 1588 635 ccxxx
1620 579 1769 632 annis
1808 586 1853 631 et

277 681 447 749 genuit
496 677 656 743 Seth,
704 688 750 731 et
796 680 1001 746 fuerunt
1052 676 1158 727 dies
1203 676 1315 743 ejus
1367 682 1632 741 postquam
1682 671 1855 740 genuit

276 769 405 824 Setlt
439 783 534 823 tcc
563 768 723 832 anni,
759 776 806 819 et
837 777 1064 819 mortuus
1095 776 1187 819 est.
1236 766 1301 817 lit
1340 764 1460 818 facti
1509 773 1632 817 sunt
1667 777 1854 815 omnes

275 860 390 914 dies
423 859 538 929 ejus
560 899 575 923 ,
606 875 782 913 cuxxx
816 857 940 911 anni
964 899 977 919 ,
1010 866 1064 912 et
1103 868 1293 911 caetera
1336 857 1387 909 in
1432 857 1572 909 hunc
1616 854 1852 908 modum.

272 951 411 1017 Quid
446 950 631 1004 enim?
662 950 904 1019 Nunquid
938 948 991 1002 in
1023 950 1189 1017 prima
1240 959 1387 1014 parte
1430 946 1687 1016 cujusque
1733 962 1852 999 ver-

274 1042 429 1097 siculi
475 1043 746 1097 breviores
793 1057 994 1102 aunos.
1040 1041 1090 1093 in
1137 1041 1312 1093 medio
1354 1040 1611 1106 majores,
1658 1038 1707 1090 in
1752 1038 1854 1090 line

280 1144 573 1201 posuerunt
601 1133 878 1199 aequales?
908 1132 1047 1200 quod
1091 1141 1145 1184 et
1185 1133 1359 1183 facere
1399 1129 1628 1193 erroris,
1677 1140 1729 1181 et
1774 1128 1851 1181 vel

273 1225 566 1292 suspicari,
601 1225 845 1278 stultitia:
871 1233 975 1277 est.

346 1316 602 1369 Mirantur
658 1316 817 1384 aliqui
877 1330 1044 1382 quare
1101 1323 1278 1367 tantus
1337 1323 1549 1379 tamque
1607 1311 1854 1381 egregius

273 1418 475 1462 sancta:
527 1409 789 1475 interpres
839 1407 1128 1475 Scriptura:
1181 1406 1579 1475 Hieronymus,
1632 1406 1698 1457 de
1750 1420 1854 1471 quo

272 1498 505 1563 dietum,
536 1508 587 1552 et
614 1499 733 1567 jure
762 1498 957 1552 dictum
988 1508 1070 1549 est
1096 1514 1107 1548 :

398 1609 682 1671 Jeronyme.
710 1612 962 1670 interpres
981 1609 1128 1655 variis
1152 1607 1429 1655 doctissime
1456 1604 1662 1671 linguis,

395 1673 470 1722 Te
491 1668 785 1723 Bethleltetu
809 1668 1048 1729 celebrat,
1075 1686 1122 1718 te
1149 1678 1279 1718 tctus
1304 1676 1535 1729 personat
1554 1668 1719 1726 orbis;

274 1795 442 1850 quare
473 1780 493 1851 (
521 1777 777 1847 inquam)
808 1776 1034 1831 noluerit
1066 1776 1150 1829 ille
1172 1816 1187 1839 ,
1220 1790 1339 1828 cum
1376 1774 1565 1826 librum
1599 1770 1851 1824 transfer-

1956 587 2041 627 me
2088 587 2311 641 puerum
2361 572 2578 626 memini
2625 572 2843 643 antiquo
2893 573 3033 644 stylo
3077 575 3403 642 descriptum
3456 577 3575 629 vi-5

1954 662 2095 716 disse
2117 703 2132 727 ,
2163 664 2301 717 diem
2331 662 2541 733 quidem
2571 672 2626 718 et
2653 666 2835 719 horam
2861 665 3044 734 judicii
3076 668 3301 733 nesciri,
3334 682 3533 722 annum

1954 766 2082 806 vero
2109 762 2262 819 putes
2286 753 2352 807 ab
2377 752 2678 806 hominibus
2707 767 2862 821 posse
2886 756 3142 823 pra-sciri,
3173 770 3238 810 eo
3265 755 3405 825 quod
3435 757 3536 810 Do-

1954 840 2130 895 minus
2159 843 2353 896 dixerit
2382 861 2393 895 :
2429 842 2504 896 De
2532 843 2613 895 die
2642 852 2812 896 autem
2842 844 2934 897 illa
2964 854 3011 898 et
3055 846 3182 898 liora
3229 862 3374 900 nemo
3403 847 3495 900 scil
3517 887 3532 909 ,

1955 950 2060 987 non
2089 945 2266 988 autem
2298 935 2495 988 dixerit
2523 934 2590 989 de
2621 949 2804 1000 anno;
2856 945 2911 989 et
2939 951 3060 989 cum
3095 952 3278 991 rursus
3326 939 3483 993 aierit
3516 958 3528 990 ;

1958 1022 2079 1077 Non
2121 1035 2193 1077 est
2232 1034 2453 1078 vestrum
2478 1042 2624 1080 nosse
2671 1036 2899 1093 tempora
2930 1030 3006 1079 vel
3040 1039 3328 1095 momenta,
3360 1045 3532 1099 neque

1956 1116 2063 1169 illic
2080 1116 2376 1185 adjunxerit
2397 1132 2585 1173 annos.
2613 1118 2706 1173 llic
2729 1119 2924 1173 etenim
2955 1120 3393 1189 chronograpbus
3425 1123 3534 1175 bae-

1956 1208 2253 1262 resiarcbcs
2283 1218 2523 1263 astruere
2552 1210 2821 1264 nitebatur
2849 1212 2988 1279 quod
3037 1223 3161 1266 ante
3205 1212 3532 1267 incarnatio-

1956 1312 2076 1351 nem
2122 1298 2334 1352 Domini
2378 1300 2609 1369 quinquc
2648 1316 2913 1354 annorqu
2954 1301 3120 1354 millia
3162 1313 3216 1356 et
3258 1303 3534 1371 quingenti

1955 1391 2297 1457 transierint,
2329 1407 2393 1446 ac
2423 1393 2621 1447 deinde
2659 1393 2724 1446 ad
2765 1393 2905 1447 diem
2950 1408 3118 1461 usque
3153 1393 3335 1462 j'udicii
3379 1393 3532 1462 quin-

1954 1481 2097 1547 genti
2144 1492 2318 1537 tamen
2361 1494 2744 1551 superessent,
2789 1500 2820 1539 e
2859 1484 3051 1554 quibus
3092 1500 3187 1538 ccc
3229 1492 3285 1539 et
3330 1484 3534 1552 aliquot

1954 1583 2113 1638 supra
2166 1574 2534 1640 praeterieram
2582 1584 2826 1642 tempore
2854 1589 2962 1643 quo
3013 1574 3129 1629 btec
3175 1573 3527 1629 deliberabat.

1958 1662 2125 1731 llujus
2152 1664 2359 1718 numeri
2388 1679 2651 1717 summam
2682 1666 2870 1732 partim
2899 1664 2966 1718 de
2995 1664 3223 1727 Genesi,
3258 1660 3445 1731 partim
3469 1662 3537 1716 de

1958 1755 2092 1809 libro
2119 1754 2367 1810 Judicum
2400 1759 2745 1811 accumulans
2769 1797 2784 1819 ,
2818 1756 2910 1810 sed
2941 1766 2994 1810 et
3022 1754 3256 1809 Samueli
3302 1761 3359 1811 et
3393 1754 3538 1807 Sauli

281 1883 364 1929 ret
394 1873 780 1928 Cbrouicorum
802 1912 818 1935 ,
848 1870 988 1939 quod
1021 1883 1202 1922 verum
1249 1867 1314 1919 ab
1360 1865 1597 1920 Hebraeis
1638 1862 1851 1916 didice-

1965 1848 2037 1902 bis
2065 1848 2433 1916 quadragenos
2461 1861 2631 1901 annos
2663 1848 2924 1902 tribuens.
2954 1846 3393 1915 Argumcutoque
3420 1854 3539 1899 utc-

277 1978 398 2031 rat,
435 1966 534 2018 hoc
565 1964 722 2017 etiam
757 1965 968 2015 tradere
1002 1960 1223 2014 Latinis.
1266 1959 1647 2025 Quemcunque
1676 1963 1851 2008 autem

236 2085 240 2089 -
284 2060 384 2111 boc
414 2058 679 2119 moverit,
710 2054 846 2107 scire
876 2053 1033 2105 debet
1062 2051 1182 2119 quia
1231 2050 1368 2102 sicut
1409 2048 1523 2116 ipse
1568 2046 1618 2099 in
1661 2045 1852 2099 eodem

274 2149 598 2217 'l‘emporum
652 2146 787 2198 libro
833 2141 1084 2212 pra-fatus
1144 2151 1254 2203 est,
1303 2138 1386 2192 vel
1432 2139 1694 2205 interpres
1733 2149 1854 2189 esse

280 2238 480 2302 voluit,
539 2237 623 2291 vel
683 2237 802 2288 novi
863 2234 1045 2303 operis
1096 2230 1364 2295 conditor,
1415 2238 1469 2283 et
1513 2229 1634 2297 quia
1674 2226 1854 2280 forsan

277 2330 532 2393 nolebat,
566 2328 653 2381 ubi
702 2340 908 2380 summa
955 2323 1247 2377 necessitas
1292 2336 1397 2373 non
1446 2319 1654 2381 inerat,
1706 2318 1854 2370 insa-

279 2421 535 2474 nientium
586 2418 640 2471 in
687 2432 746 2471 se
796 2417 937 2469 ultro
989 2428 1280 2482 provocare
1332 2411 1569 2474 rabiem,
1623 2409 1857 2478 singula-

280 2511 414 2568 riter
459 2511 689 2582 postcris
738 2508 838 2562 boc
882 2506 1081 2576 negotii
1130 2506 1461 2572 relinquere,
1494 2502 1634 2555 sicut
1665 2501 1857 2553 Eusto-

277 2605 414 2659 chiae
450 2602 638 2672 virgini
670 2602 898 2671 quodam
947 2601 1064 2654 loco
1109 2597 1267 2663 dicit,
1313 2595 1492 2649 radios
1537 2594 1749 2664 quidem
1797 2605 1857 2646 se

278 2707 335 2753 et
385 2698 503 2751 licia
554 2696 690 2750 velle
742 2709 963 2761 parare,
1015 2693 1133 2746 aliis
1182 2707 1308 2745 vero
1357 2704 1538 2744 curam
1587 2688 1856 2742 dimittere

285 2791 522 2845 texendi.
558 2788 763 2858 Quippe
794 2789 883 2857 qui
916 2788 967 2841 in
1003 2796 1107 2839 tam
1142 2783 1443 2839 necessaria
1475 2781 1666 2835 divina:
1710 2778 1856 2833 Scri-

278 2894 451 2955 ptura:
483 2883 833 2937 translatione
863 2895 996 2948 pene
1024 2894 1052 2931 a
1086 2876 1287 2931 Latinis
1318 2874 1473 2928 simul
1521 2882 1575 2927 et
1621 2871 1855 2926 llebra'is

275 2987 361 3032 est
392 2975 653 3044 lapidibus
682 2985 995 3041 oppressus.
1029 2970 1111 3023 Ab
1144 2966 1379 3022 Hebraeis
1414 2964 1627 3035 quidem
1650 3003 1665 3028 ,
1710 2960 1852 3031 quod

279 3068 361 3124 eis
392 3066 646 3122 irridendi
675 3063 1013 3118 Christianos
1042 3068 1097 3114 et
1125 3056 1483 3114 calumniandi
1514 3070 1609 3125 pro
1638 3052 1853 3108 Codici-

276 3160 378 3214 bus
428 3156 698 3212 mendosis
743 3154 959 3209 occasio
1003 3152 1139 3207 foret
1181 3149 1391 3214 ablata,
1433 3161 1461 3200 a
1512 3144 1711 3200 Latinis
1753 3156 1847 3195 au~

1890 3188 1935 3249 (ἶ
1970 3214 2051 3268 vel
2085 3215 2266 3283 procul
2299 3229 2419 3267 esse
2454 3222 2699 3280 testetur,
2746 3212 2839 3266 sed
2885 3226 2985 3266 nos
3032 3226 3247 3279 semper
3292 3188 3549 3266 accinctis

281 3265 423 3319 tem,
468 3253 608 3322 quod
657 3253 737 3307 eis
785 3264 917 3304 nova
966 3258 1021 3302 et
1066 3247 1311 3311 insolita,
1347 3242 1555 3297 tametsi
1596 3239 1856 3303 meliora,

278 3360 381 3415 pro
411 3344 687 3399 veteribus
737 3344 1113 3411 ingerereutur
1152 3350 1205 3393 et
1242 3336 1434 3391 solitis.
1480 3334 1554 3389 ita
1603 3342 1661 3387 ut
1697 3333 1855 3386 etiam

277 3438 467 3492 beatus
510 3439 841 3508 Augustinus
880 3435 1069 3491 litteris
1112 3431 1434 3487 amicissima
1474 3428 1735 3484 cliaritate
1768 3441 1861 3494 per

282 3541 359 3585 tot
392 3532 555 3585 maris
601 3541 969 3599 terrarumque
1009 3526 1180 3595 spatia
1218 3520 1543 3579 transmissis
1566 3562 1580 3587 ,
1622 3518 1738 3572 batc
1775 3518 1858 3571 in-

276 3638 460 3677 SCI‘PJ'E
487 3630 719 3677 curaret.

354 3713 430 3767 De
461 3712 732 3766 vertendis
765 3709 782 3781 [
810 3708 1029 3778 autem]
1062 3709 1114 3763 in
1149 3708 1385 3762 Latinam
1430 3703 1659 3771 linguam
1700 3712 1862 3751 eano-

282 3804 421 3859 nicis
453 3803 600 3858 libris
632 3804 876 3856 laborare
908 3811 960 3856 te
990 3801 1113 3854 nolo
1134 3840 1148 3864 ,
1183 3797 1281 3853 nisi
1311 3811 1375 3851 eo
1417 3793 1576 3848 tnodo
1615 3806 1720 3860 quo
1762 3787 1862 3844 Job

280 3901 660 3967 interpretatus
718 3910 815 3961 es,
872 3903 931 3949 ut
986 3894 1153 3963 signis
1203 3890 1487 3951 adhibitis,
1542 3885 1669 3955 quid
1726 3883 1863 3935 inter

282 4000 430 4045 tuam
464 3998 519 4043 et
549 3986 689 4042 LXX
723 4000 949 4056 quorum
980 3994 1060 4039 est
1093 3984 1405 4053 gravissima
1450 3976 1739 4031 auctoritas
1784 3973 1864 4026 in-

284 4083 725 4153 terpretationem
776 4078 973 4144 distet,
1025 4083 1300 4145 appareat.
1353 4071 1495 4126 Satis
1540 4079 1719 4123 autem
1773 4080 1865 4119 ne-

287 4190 432 4245 queo
472 4173 724 4228 admirari
767 4171 814 4226 si
853 4168 1053 4239 aliquid
1096 4168 1146 4222 in
1192 4163 1429 4220 Hebraeis
1471 4157 1864 4229 exemplaribus

289 4266 561 4321 invenitur
591 4262 736 4333 quod
770 4262 1093 4329 interpretes
1122 4257 1265 4312 illius
1292 4257 1484 4322 linguae
1514 4250 1866 4320 peritissimos

290 4357 511 4425 fugerit.
542 4354 747 4409 Omitto
779 4352 866 4405 hic
896 4349 1037 4404 LXX
1063 4387 1080 4413 ,
1123 4347 1191 4400 de
1238 4359 1463 4413 quorum
1512 4340 1595 4395 vel
1640 4337 1867 4393 consilio

289 4448 373 4501 vel
406 4447 626 4515 Spiritus
658 4442 867 4513 majore
896 4440 1181 4496 concordia
1227 4450 1384 4504 quam
1432 4431 1475 4486 si
1522 4445 1660 4484 unus
1709 4430 1867 4481 homo

287 4547 466 4606 esset,
498 4552 605 4591 non
652 4535 812 4590 audio
857 4534 1087 4601 aliquam
1135 4530 1186 4583 in
1239 4535 1440 4597 partem
1482 4531 1684 4576 certam
1730 4519 1865 4574 ferre
1898 4541 1946 4602 υ

288 4629 612 4687 sententiam
634 4666 650 4691 ,
685 4626 783 4679 nisi
816 4623 956 4694 quod
986 4622 1055 4677 de
1087 4620 1167 4674 bis
1200 4616 1638 4688 praeetuinentem
1672 4618 1863 4665 aucto-

289 4724 501 4778 ritatem
533 4719 585 4773 in
618 4718 719 4771 boc
748 4729 973 4770 munere
1003 4713 1117 4767 sine
1143 4707 1505 4764 controversia
1532 4702 1868 4758 tribuendam

290 4814 569 4870 existimo.
606 4811 682 4865 Illi
715 4824 801 4864 me
833 4809 950 4877 plus
978 4814 1199 4861 moveut
1220 4846 1234 4869 ,
1268 4803 1356 4872 qui
1385 4815 1508 4855 cum
1541 4797 1873 4867 posteriores

290 4905 794 4972 interpretarentur,
842 4909 896 4954 et
947 4911 1252 4953 sermonum
1304 4892 1743 4957 locutionumque
1768 4885 1875 4941 lie-

290 4998 564 5053 brmorum
596 4995 738 5047 viam
769 5002 930 5062 atque
961 4990 1176 5060 regulas
1207 4985 1514 5041 mordacius
1542 4983 1635 5051 (ut
1668 4977 1874 5047 fertur)

295 5096 575 5152 tenerent,
606 5100 712 5139 non
743 5083 911 5139 solum
943 5082 1083 5136 inter
1109 5094 1168 5134 se
1196 5094 1301 5132 non
1331 5080 1750 5133 consenserunt,
1781 5068 1874 5122 sed

293 5193 448 5250 aeque
478 5177 816 5247 reliquerunt
845 5174 1011 5229 multa
1043 5185 1165 5242 qua:
1195 5178 1344 5224 tanto
1375 5174 1496 5236 post
1536 5161 1773 5219 eruenda
1815 5173 1879 5215 ac

297 5268 606 5340 prodenda,
662 5272 1021 5321 remanerent.
1081 5262 1136 5317 Si
1183 5259 1327 5315 enim
1375 5259 1603 5312 obscura
1648 5263 1795 5317 sunt,
1827 5262 1879 5307 te

295 5376 511 5434 quoque
558 5363 611 5416 lu
658 5361 738 5414 eis
782 5357 891 5412 falli
936 5369 1095 5425 posse
1139 5353 1418 5416 creditur;
1464 5352 1509 5404 si
1559 5346 1879 5413 manife~ta,

299 5458 424 5513 illos
457 5457 509 5510 in
542 5454 621 5510 eis
652 5451 766 5508 falli
800 5450 1038 5522 potuisse
1066 5462 1172 5503 non
1203 5445 1463 5500 creditur.

226 5538 227 5543 “
378 5549 504 5603 lbec
534 5548 735 5601 interra
763 5583 779 5609 ,
812 5558 931 5598 cum
962 5542 1028 5595 de
1055 5535 1415 5605 Temporibus
1455 5541 1511 5588 et
1551 5531 1723 5586 Annis
1768 5543 1885 5583 scr-

305 5655 396 5695 mo
445 5648 564 5705 est,
615 5645 759 5691 tuam
810 5630 1207 5701 simplicitatem
1257 5623 1653 5697 (dilectissime
1684 5617 1884 5688 frater)

303 5734 568 5789 admoneo
588 5771 603 5796 ,
637 5743 703 5785 ne
724 5770 739 5792 .
770 5727 1023 5798 opinione
1051 5720 1253 5789 vulgari
1285 5716 1576 5790 seductus,
1609 5716 1759 5785 quasi
1791 5726 1885 5767 sex

298 5838 565 5879 minorum
599 5821 765 5877 millia
794 5829 978 5889 speres
1010 5813 1263 5871 szcculum
1298 5824 1536 5883 praesens
1564 5806 1884 5863 duraturum

1955 1938 2132 2004 batur,
2162 1938 2302 2007 quod
2354 1938 2405 1991 in
2457 1939 2605 1992 vinea
2652 1938 2926 1993 Dominica
2978 1937 3258 1993 novissimi
3306 1934 3537 2005 operarii

1958 2045 2057 2082 una
2090 2029 2221 2084 liora
2252 2029 2474 2084 fecerint
2500 2046 2514 2095 ;
2546 2038 2600 2083 et
2627 2029 2860 2084 Joannes
2887 2028 3159 2096 apostolus
3184 2028 3398 2095 dixerit,
3443 2025 3540 2079 Fi-

1957 2118 2098 2186 lioli,
2128 2121 2400 2174 novissima
2427 2123 2553 2174 liora
2578 2131 2682 2185 est,
2714 2121 2853 2189 quod
2882 2135 3003 2175 cum
3038 2120 3165 2173 liora
3198 2134 3300 2172 una
3333 2123 3382 2173 in
3413 2118 3500 2171 die
3521 2159 3538 2184 ,

1959 2208 2061 2264 ltoc
2108 2211 2159 2264 in
2208 2226 2303 2265 sex
2344 2212 2579 2265 millibus
2620 2225 2880 2265 annorum
2927 2209 3203 2280 quingenti
3247 2224 3366 2263 esse
3411 2212 3537 2262 anui

1958 2299 2252 2367 deberent,
2280 2311 2335 2357 et
2364 2304 2504 2372 quod
2533 2302 2917 2370 superveniens
2945 2315 3166 2370 vespera
3196 2311 3314 2368 post
3341 2317 3414 2354 xu
3445 2302 3541 2352 bu-

1959 2405 2045 2445 ras
2070 2390 2156 2445 die
2188 2391 2320 2457 boc,
2350 2392 2584 2461 expletis
2616 2391 2771 2445 annis
2800 2390 3083 2444 duodecies
3126 2389 3495 2459 quingentenis
3519 2429 3537 2455 ,

1959 2481 2011 2536 id
2041 2493 2158 2548 est,
2189 2498 2283 2538 sex
2315 2484 2581 2550 millibus,
2613 2494 2812 2538 aeterna
2849 2483 2976 2552 justi
3022 2482 3215 2552 judicis
3259 2481 3540 2536 retributio

1958 2584 2195 2642 generet.

2034 2667 2183 2722 Unde
2212 2676 2265 2720 et
2293 2667 2406 2736 ipse
2434 2666 2564 2720 satis
2592 2665 2748 2720 doleo
2779 2663 2998 2735 (fateor)
3040 2674 3124 2729 et,
3172 2677 3430 2736 quantum
3474 2667 3539 2718 li-

1958 2766 2077 2822 cet,
2111 2756 2192 2811 vel
2223 2757 2451 2822 amplius
2484 2756 2641 2810 irasci
2670 2757 2819 2809 soleo
2843 2755 3054 2823 quoties
3082 2769 3112 2807 a
3140 2756 3354 2809 rusticis
3377 2756 3543 2809 inter-

1960 2864 2138 2919 regor,
2170 2858 2300 2918 quot
2331 2849 2397 2902 de
2428 2848 2613 2901 ultimo
2646 2846 2896 2900 milliario
2921 2847 3101 2901 satculi
3134 2855 3338 2900 restent
3363 2862 3491 2900 ann:
3528 2862 3542 2911 ;

1958 2951 2118 3009 atque
2150 2949 2336 2993 contra
2367 2939 2483 3005 ipse
2527 2939 2594 2992 ab
2638 2938 2745 2992 illis
2792 2938 3056 2993 sciscitari
3108 2938 3248 2992 unde
3297 2940 3551 2992 noverint

1964 3031 2103 3100 quod
2135 3046 2278 3085 nunc
2310 3029 2556 3083 ultimum
2588 3039 2779 3099 agatur
2811 3029 3121 3083 milliarium
3147 3070 3163 3093 ,
3197 3044 3319 3082 cum
3362 3029 3548 3083 Domi-

1965 3137 2064 3176 nus
2109 3122 2163 3177 in
2218 3122 2509 3191 Evangelio
2552 3135 2657 3175 non
2706 3132 2916 3189 tempus
2959 3120 3221 3175 adventus
3266 3120 3348 3174 sui
3381 3136 3549 3189 prape

1963 3304 2151 3357 lumbis
2180 3303 2500 3371 (acernisque
2545 3300 2844 3355 ardentibus
2887 3300 3105 3369 vigilare
3149 3316 3211 3354 ac
3255 3315 3315 3354 se
3361 3315 3551 3370 exspe-

1963 3402 2111 3449 ctare
2138 3394 2311 3449 donec
2341 3393 2519 3447 veniat
2545 3392 2750 3461 jubeat.
2800 3390 3188 3445 Animadverte
3233 3389 3379 3443 enim
3422 3392 3546 3459 quia

1963 3502 2085 3543 cum
2116 3500 2418 3541 sermonem
2450 3485 2712 3539 facientes
2742 3483 2809 3537 ad
2842 3483 3033 3537 fratres
3074 3482 3343 3536 incidente
3383 3496 3545 3536 occa-

1964 3579 2121 3635 sione
2151 3579 2218 3634 de
2248 3576 2518 3632 Etatibus
2548 3575 2731 3630 saeculi
2764 3575 3097 3644 diSputamus
3119 3614 3135 3640 ,
3166 3572 3381 3642 quidam
3413 3575 3547 3628 sim-

1967 3669 2248 3740 pliciorum
2281 3684 2376 3723 sex
2405 3683 2667 3721 annorum
2701 3666 2862 3720 millia
2905 3680 3003 3721 nos
3047 3664 3334 3734 praedicare
3373 3673 3533 3719 antu-

1968 3770 2135 3817 mant.
2185 3760 2295 3815 Nec
2346 3761 2570 3813 defuere
2619 3758 2709 3829 qui
2757 3767 2959 3826 septem
3009 3771 3268 3811 annorum
3322 3757 3554 3809 millibus

1968 3854 2153 3909 sacculi
2190 3853 2348 3922 hujus
2378 3862 2577 3906 statum
2602 3893 2617 3920 ,
2651 3851 2738 3921 qui
2773 3849 2891 3920 (et)
2923 3859 3128 3919 septem
3161 3850 3354 3904 diebus
3384 3850 3553 3903 volvi-

1970 3955 2075 4009 tur,
2124 3943 2522 3999 termiuaudum
2564 3956 2687 3995 esse
2730 3948 3019 4009 putarent,
3060 3954 3195 4007 quos
3234 3939 3555 4006 smpedictns

1969 4035 2165 4090 doctor
2196 4032 2559 4103 Augustinus,
2593 4031 2644 4083 in
2675 4030 3015 4098 expositione
3048 4028 3240 4081 i‘salini
3272 4029 3408 4082 sexti
3442 4044 3555 4081 in..-

1970 4130 2181 4183 nifestae
2212 4124 2529 4181 temeritatis
2556 4123 2855 4192 redarguit,
2888 4120 3072 4175 dicens
3102 4121 3237 4174 inter
3268 4120 3407 4174 alia:
3448 4138 3465 4171 ς
3498 4122 3551 4174 Si

1970 4220 2111 4274 enim
2145 4228 2265 4289 post
2295 4224 2502 4284 septem
2534 4229 2798 4268 annorum
2832 4213 3000 4267 millia
3032 4212 3123 4267 ille
3154 4214 3269 4267 dies
3301 4222 3556 4266 νεηίυιτιις

1970 4321 2083 4377 est,
2116 4311 2289 4364 omnis
2322 4311 2481 4363 homo
2514 4314 2689 4376 potest
2730 4304 2885 4358 anuis
2915 4304 3237 4373 computatis
3268 4302 3554 4357 adventum

1975 4407 2092 4472 ejus
2142 4401 2413 4456 addicere.
2467 4399 2562 4455 Ubi
2615 4399 2720 4452 crit
2764 4410 2893 4465 ergo
2937 4396 3079 4465 quod
3130 4409 3228 4447 nec
3262 4395 3429 4448 Filius
3462 4394 3558 4447 hoc

1974 4496 2159 4550 novit?
2192 4513 2210 4546 ι
2238 4493 2391 4559 Quod
2422 4491 2605 4560 utique
2634 4490 2834 4544 dictum
2863 4498 2945 4541 cst
2971 4488 3090 4557 quia
3120 4502 3213 4555 per
3240 4484 3431 4539 Filium
3467 4486 3561 4537 Inu-

1974 4591 2146 4645 mines
2178 4588 2279 4643 boc
2309 4602 2414 4641 non
2445 4586 2660 4639 discunt
2691 4600 2703 4636 :
2737 4597 2842 4636 non
2874 4581 3015 4650 quod
3049 4578 3188 4648 apud
3220 4593 3279 4632 se
3309 4576 3425 4646 ipse
3454 4592 3559 4631 non

1972 4687 2217 4750 noverit,
2271 4682 2567 4737 secundum
2619 4680 2761 4731 illam
2813 4676 3191 4730 locutionem:
3243 4672 3420 4728 Tentat
3470 4687 3554 4726 rus

1972 4774 2231 4829 Dominus
2278 4773 2415 4826 Deus
2460 4780 2619 4824 vrsler
2662 4780 2716 4821 ut
2745 4767 2908 4829 sciat,
2939 4766 2989 4818 id
3029 4774 3146 4829 est,
3178 4770 3236 4816 ut
3276 4763 3417 4817 scire
3460 4775 3556 4815 vos

1975 4870 2170 4935 faciat;
2203 4877 2295 4921 et:
2329 4866 2590 4930 Exsurge,
2626 4860 2861 4923 Domine,
2897 4857 2949 4911 id
2979 4865 3091 4918 est.
3127 4855 3210 4909 fac
3240 4868 3336 4908 nos
3365 4868 3555 4909 exsur-

1974 4975 2121 5032 gere.
2152 4960 2283 5011 Cum
2315 4970 2445 5025 ergo
2472 4955 2541 5007 ita
2574 4953 2783 5007 dicatur
2816 4948 3027 5003 nescire
3057 4946 3197 5001 ﬁlius
3226 4945 3366 5000 bunc
3395 4945 3557 5007 diem,

1976 5068 2082 5107 non
2113 5049 2254 5120 quod
2289 5046 2493 5102 nesciat
2513 5087 2528 5111 ,
2558 5043 2651 5098 sed
2695 5041 2836 5112 quod
2868 5040 3079 5095 nescire
3125 5037 3281 5092 faciat
3311 5049 3404 5091 cos
3442 5034 3560 5103 qui-

1978 5148 2078 5202 bus
2132 5144 2234 5197 hoc
2279 5155 2385 5196 non
2434 5136 2651 5207 expedit
2692 5135 2869 5200 scire,
2918 5133 2970 5189 id
3020 5141 3139 5198 est,
3188 5144 3292 5185 non
3338 5128 3419 5185 eis
3463 5128 3562 5183 ltoc

1978 5236 2231 5293 ostendat
2252 5275 2267 5300 ,
2295 5233 2436 5305 quod
2468 5231 2571 5286 sibi
2605 5231 2716 5285 vult
2748 5228 2930 5285 nescio
2958 5241 3062 5297 qua
3106 5222 3522 5293 prtesumptione
3543 5263 3559 5287 ,

1982 5343 2103 5399 quae
2133 5326 2291 5380 annis
2320 5322 2645 5391 computatis
2677 5318 3043 5374 certissimum
3088 5323 3270 5385 sperat
3314 5323 3436 5384 post
3480 5326 3565 5367 sec

1984 5431 2125 5493 ptem
2156 5433 2419 5474 annorum
2453 5416 2618 5469 millia
2649 5414 2791 5467 diem
2826 5410 3061 5465 Domini.

2058 5513 2184 5567 llaec
2219 5508 2312 5565 tibi
2344 5508 2684 5581 (dulcissime
2724 5502 2912 5572 frater)
2945 5498 3266 5556 innocentia:
3292 5512 3425 5553 mea:
3454 5494 3568 5568 pig-

1987 5621 2139 5670 nora,
2171 5602 2269 5658 has
2299 5603 2489 5656 amicae
2514 5594 2793 5652 cbaritatis
2822 5594 3202 5649 iudices-mitto
3231 5592 3463 5655 litteras,
3499 5605 3565 5643 ne

1990 5714 2075 5753 nte
2100 5694 2385 5751 arbitreris
2415 5694 2661 5746 humanae
2681 5686 2947 5741 divinaeve
2972 5683 3213 5740 scientia:
3243 5682 3455 5751 penitus
3480 5696 3574 5733 cx-

1993 5798 2222 5861 pertem,
2272 5786 2399 5856 quin
2456 5784 2631 5854 potius
2680 5778 2975 5835 secundum
3026 5774 3329 5845 Scripturas
3356 5786 3419 5827 ac
3444 5772 3576 5827 scita
