4220 6462
718 382 820 435 ϋῗὸ

1427 376 1629 433 BENE
1671 373 2125 431 VENERABILIS
2172 369 2321 429 OPP.
2359 370 2553 428 PARS.
2600 372 2687 431 lll.
2728 402 2799 415 -
2840 372 3322 429 PAR/ENETICA.

3885 380 3987 431 67G

661 478 675 552 ζ
718 487 955 554 Patrum,
989 486 1128 541 title-li
1176 496 1227 540 et
1272 485 1532 539 catholica
1564 500 1696 538 voce
1724 482 1969 553 prollteri
2004 482 2288 535 Dominum
2323 488 2367 542 Α
2400 481 2610 534 det-imo
2644 482 2864 537 Kalend.
2891 484 3060 552 April.
3088 485 3171 538 die
3197 495 3481 541 annotasse
3506 488 3839 555 perhibetur,
3865 507 3987 545 cum

674 617 675 621 η
717 580 1048 634 Salvatoretn
1100 580 1150 632 in
1184 588 1332 632 sexta
1367 587 1525 631 a-tate
1555 577 1740 631 δικαιΙί
1767 591 1981 631 carnem
2016 589 2111 643 pro
2138 575 2294 627 nobis

673 661 1067 741 assumpsisse
1110 671 1423 733 mortalem;
1472 684 1688 723 cursum
1742 684 1867 722 vero
1915 666 2097 721 sa‘cnli
2146 665 2293 719 nullo

712 763 912 831 (nobis)
943 773 1091 815 certo
1117 778 1379 815 annorum
1414 778 1638 815 numero
1664 760 1960 825 deﬁnitum,
2005 757 2173 825 ipsius
2200 773 2292 813 So-

712 853 818 906 lunt
850 853 1050 907 Judieis
1093 854 1365 921 cognitum
1397 867 1520 905 esse
1550 850 1811 904 scientiaz.
1850 850 1960 901 Etsi
1990 849 2131 902 enim
2166 848 2291 899 mihi

708 946 824 1011 quis
848 944 1043 997 dixerit
1074 963 1084 996 :
1124 944 1257 996 Ecce
1284 945 1365 995 hic
1398 954 1469 995 est
1501 941 1751 1004 Christus,
1796 951 1885 993 aut
1929 956 2039 993 ecce
2080 939 2205 1003 illic,
2240 939 2289 992 id

708 1046 810 1103 est,
844 1037 946 1089 hoc
971 1037 1057 1089 vel
1087 1037 1187 1089 hoc
1218 1044 1460 1102 tempore
1488 1036 1691 1087 futurus
1713 1036 1777 1085 ad
1802 1032 2061 1101 judicium
2093 1046 2291 1099 nequa-

708 1145 866 1196 quam
918 1128 1096 1191 audio,
1147 1143 1319 1195 neque
1371 1138 1545 1179 sector
1596 1126 1737 1178 illttttt
1773 1142 1784 1177 :
1817 1125 1939 1177 Scio
1987 1125 2128 1177 enim
2172 1126 2290 1189 quia

704 1220 835 1269 sicut
861 1219 1035 1289 fulgur
1074 1234 1344 1272 coruscans
1371 1219 1433 1269 de
1456 1217 1581 1269 caelo
1604 1217 1655 1267 in
1678 1233 1737 1267 ea
1764 1231 1879 1285 quae
1898 1218 1991 1267 sub
2023 1217 2149 1268 (telo
2169 1224 2285 1267 sunt

709 1312 889 1379 fulget,
937 1312 1008 1363 ita
1051 1312 1146 1364 erit
1186 1309 1357 1362 Filius
1406 1309 1628 1361 hominis
1655 1311 1707 1361 in
1743 1310 1824 1361 die
1850 1326 1965 1361 sua.
2020 1314 2288 1375 Agnoscas

703 1403 863 1455 etiam
894 1417 996 1471 qua
1028 1401 1280 1469 opinione
1330 1400 1519 1469 vulgus
1566 1400 1618 1453 in
1668 1416 1760 1453 sex
1806 1400 1885 1452 vel
1928 1408 2134 1465 septem
2168 1401 2287 1452 mil-

708 1494 833 1546 lium
867 1496 1075 1548 venerit
1097 1510 1385 1557 ulmorum,
1414 1504 1467 1547 et
1487 1508 1585 1561 qua
1621 1493 1731 1561 ipse
1760 1493 2080 1546 auctoritate
2109 1508 2285 1545 asser-

707 1586 906 1639 tionem
957 1602 1089 1638 mete
1140 1585 1552 1653 computationis
1596 1594 1853 1649 astruam,
1896 1584 2174 1645 l-lebraica,
2209 1583 2287 1635 vi-

711 1676 931 1737 delicet,
984 1679 1205 1728 veritate
1238 1690 1328 1742 per
1359 1674 1631 1742 Originettt
1673 1674 1903 1741 prodita,
1954 1688 2048 1741 per
2096 1673 2285 1726 Hiero-

709 1779 926 1835 nymum
968 1764 1134 1827 edita,
1167 1778 1258 1830 per
1286 1764 1636 1830 Augustinum
1669 1762 1900 1827 laudata,
1934 1770 1986 1815 et
2019 1777 2111 1829 per
2135 1761 2278 1815 lose-

2393 575 2577 626 easteri
2630 573 3001 645 IEgyptiorum
3049 578 3289 645 magistri
3342 579 3442 632 hoc
3489 582 3659 649 magis
3692 582 3743 634 in
3777 584 3981 635 duode-

2392 664 2533 717 cimo
2578 665 2933 721 Kalendarum
2973 669 3281 723 earumdem
3326 669 3412 723 die
3460 674 3828 727 annotandum
3862 691 3985 729 esse

2392 757 2710 812 decernant.
2760 759 2897 814 Dicit
2944 776 3173 829 namque
3203 774 3416 815 sanctus
3446 762 3720 817 Proterius
3746 767 3983 820 Alexan-

2392 849 2559 901 drina:
2588 850 2813 903 antistes
2837 852 3100 913 ecclesia-,
3130 855 3195 906 ad
3230 855 3589 908 beatissimum
3622 872 3812 925 papam
3847 858 3984 913 Leo-

2398 953 2519 991 nem
2570 939 2812 992 scrihens
2864 940 2931 995 de
2990 944 3227 1008 pascha:
3265 962 3285 995 t
3321 944 3385 997 Et
3438 946 3721 1001 manifeste
3764 951 3980 1017 quidem

2393 1027 2686 1079 secundum
2734 1042 2949 1082 cursum
3003 1032 3152 1095 solis,
3182 1048 3285 1085 xxv
3311 1033 3395 1085 die
3428 1035 3624 1088 mensis
3649 1037 3977 1105 Famenoth,

2390 1115 2477 1182 qui
2524 1117 2682 1170 etiam
2732 1133 2807 1170 xu
2861 1117 3224 1173 Kalendarum
3282 1122 3542 1189 Aprilium
3597 1127 3975 1191 aequinoctium

2391 1224 2513 1262 esse
2537 1215 2898 1280 cognoscitur.
2928 1213 3028 1266 Sed
3063 1228 3167 1267 non
3200 1225 3411 1283 oportet
3435 1217 3502 1269 ah
3529 1216 3629 1271 hoc
3652 1222 3977 1287 aequinoctio

2391 1301 2543 1369 primi
2592 1304 2791 1356 mensis
2838 1306 3115 1358 exordium
3155 1307 3311 1374 juxta
3341 1323 3551 1362 cursum
3587 1312 3723 1362 lunae
3755 1328 3974 1379 prorsus

2388 1394 2624 1460 affigere,
2656 1396 2888 1463 alioquin
2929 1413 3020 1465 per
3061 1401 3234 1453 omnia
3274 1401 3399 1454 solis
3429 1404 3629 1456 circulo
3671 1406 3814 1457 lunre
3855 1406 3970 1457 dis-

2390 1500 2575 1539 cursus
2625 1491 2949 1543 concordare
2992 1491 3271 1547 debuerat.
3299 1512 3317 1545 ι
3369 1495 3502 1547 Dicit
3530 1505 3585 1549 et
3614 1508 3835 1550 sanctus
3862 1498 3970 1566 Cy-

2389 1574 2540 1630 rillus
2596 1578 2833 1645 ejusdem
2888 1585 3075 1647 praesul
3128 1584 3417 1638 Ecclesiaaz
3453 1604 3470 1635 ‹
3503 1588 3594 1641 Sol
3651 1589 3795 1641 enim
3855 1591 3970 1656 ipse

2388 1667 2624 1733 quotidie
2648 1678 2784 1721 terra
2820 1672 3055 1741 marique
3084 1683 3137 1728 et
3169 1674 3436 1728 clauditur
3464 1677 3515 1729 itt
3549 1678 3652 1731 line
3676 1680 3802 1739 diei.
3837 1681 3967 1733 etin

2388 1756 2491 1808 diei
2524 1757 2674 1811 initio
2700 1759 2959 1827 aperitur.
3007 1772 3058 1816 et
3109 1764 3224 1817 linit
3267 1766 3349 1819 sol
3388 1781 3599 1819 cursum
3631 1771 3791 1822 totius
3821 1774 3970 1835 anni,

704 1860 869 1927 phum
912 1859 1224 1910 conﬁrmata
1261 1896 1276 1921 ,
1305 1855 1497 1924 quibus
1537 1871 1635 1923 ego
1667 1856 1717 1907 in
1749 1856 1910 1908 rebus
1943 1854 2135 1906 talibus
2161 1856 2275 1907 nul-
2312 1839 2355 1898 Β
2385 1848 2434 1901 in
2466 1849 2782 1903 duodecimo
2811 1851 3165 1907 Kalendarum
3199 1856 3413 1923 Aprilis.
3443 1876 3462 1908 ι
3494 1857 3643 1912 Unde
3673 1869 3722 1913 te
3750 1864 3970 1925 merito,

703 1950 783 2002 los
817 1946 1031 2001 invenio
1064 1946 1347 1998 doctiores.
1387 1944 1564 2012 Neque
1591 1953 1767 1997 autem
1809 1943 2133 2006 mirandum,
2165 1944 2279 1995 lau-

695 2036 923 2091 dabilem
978 2035 1150 2087 virum
1204 2034 1513 2096 Eusebium,
1559 2032 1809 2101 quamvis
1861 2030 1996 2085 miro
2042 2031 2279 2099 sapiendi

694 2128 1013 2196 dicendique
1063 2126 1275 2196 ingenio
1322 2134 1514 2179 testam
1570 2124 1879 2192 ferrumque
1932 2125 2014 2194 (ut
2062 2124 2278 2190 dicitut)

694 2223 1069 2293 conglutinare
1121 2222 1345 2282 valeret,
1395 2234 1501 2271 non
1551 2217 1733 2270 valere
1785 2226 1961 2269 tamett
2003 2216 2278 2285 quodnon

696 2313 980 2377 didicerat,
1016 2313 1117 2366 ltoc
1144 2322 1259 2376 est,
1298 2309 1573 2365 llebrwatn
1630 2308 1770 2363 scire
1821 2308 2076 2375 linguam,
2126 2306 2281 2375 cujus

696 2405 893 2459 timore
942 2403 1091 2473 quasi
1142 2405 1333 2456 merito
1380 2399 1690 2454 reverenda:
1742 2408 1797 2451 et
1844 2397 1945 2453 hoc
1976 2395 2115 2464 quod
2142 2398 2278 2449 scie-

696 2497 784 2549 hat
836 2496 947 2564 ipse
1015 2508 1364 2563 corrumpere
1412 2507 1519 2545 non
1579 2490 1798 2553 timuit,
1860 2494 1917 2541 ut
1966 2501 2126 2555 supra
2180 2485 2279 2539 do-

690 2602 918 2642 CUIIIHIS.

763 2678 1001 2731 Obsecro
1026 2689 1155 2729 sane
1185 2683 1241 2729 ut
1271 2672 1368 2726 has
1399 2671 1729 2740 purgationis
1759 2684 1892 2724 mea:
1923 2669 2131 2723 litteras
2157 2670 2279 2722 reli-

712 2770 865 2839 gioso
911 2782 974 2820 ac
1021 2768 1331 2820 doctissimo
1379 2764 1522 2816 l'ratri
1575 2771 1758 2816 nostro
1815 2761 1972 2813 David
2018 2760 2275 2828 porrigas,

697 2867 961 2927 quatenus
989 2870 1082 2909 eas
1110 2856 1201 2908 ille
1230 2868 1409 2905 coram
1453 2852 1740 2906 venerabili
1780 2850 2000 2905 domino
2038 2866 2099 2904 ac
2127 2862 2277 2918 patre

697 2954 900 3009 nostro,
934 2943 1204 3007 Wilfrido,
1237 2940 1471 3001 scilicet,
1500 2942 1759 3006 antistite,
1792 2942 1973 3011 legere
2003 2942 2189 3007 possit,
2220 2948 2278 2993 t.t

696 3036 947 3107 quoniam
1003 3034 1093 3088 illo
1151 3044 1416 3103 prtesente
1453 3044 1614 3102 atque
1651 3035 1900 3088 audiente
1944 3034 2276 3103 insipientius

692 3143 810 3180 sum
844 3130 987 3196 prius
1024 3127 1291 3195 appetitus
1324 3125 1602 3187 conviciis,
1655 3123 1771 3192 ipso
1802 3126 1962 3177 etiam
2006 3138 2146 3178 nunc
2174 3139 2271 3177 au-

691 3191 871 3273 diente
896 3233 959 3273 ac
984 3191 1331 3287 dijudicantc,
1379 3232 1537 3283 quam
1591 3191 1887 3269 immeritus
1929 3218 2113 3269 eadem
2144 3229 2272 3269 con-
2298 3191 2346 3254 (ἶ

692 3311 829 3363 vicia
879 3310 978 3363 sim
1030 3322 1318 3377 perpessus
1349 3314 1623 3376 appareat.
1662 3305 1835 3375 Ipsum
1867 3322 2073 3373 quoque
2106 3306 2273 3359 David

690 3418 802 3471 pra:
847 3401 1056 3457 eteteris
1104 3416 1250 3466 rogo,
1304 3408 1379 3465 ut,
1428 3400 1577 3466 juxta
1616 3398 1920 3468 exeo-plum
1950 3397 2049 3451 sibi
2076 3413 2275 3468 cogno-

691 3496 849 3551 minis
880 3496 1049 3564 pueri,
1094 3497 1326 3548 lurorem
1361 3493 1579 3559 Spiritus
1613 3506 1843 3560 nequam
1875 3507 1903 3544 a
1934 3490 2100 3544 fratre
2132 3490 2275 3545 desi-

692 3590 894 3659 piente,
945 3587 1251 3643 hortatione
1298 3601 1553 3639 sanorum
1600 3586 1911 3649 verborum,
1943 3584 2097 3652 quasi
2126 3583 2269 3636 dulci

694 3680 1005 3750 psalmodiae
1032 3679 1419 3741 modulatione,
1448 3676 1667 3730 sedulus
1693 3676 1929 3744 ell‘ugare
1956 3677 2267 3730 contendat.

687 3780 837 3845 Quod
880 3778 1059 3844 utique
1090 3778 1141 3828 itt
1173 3790 1323 3829 coena
1364 3775 1447 3825 illa
1482 3775 1661 3839 inqua
1710 3788 1795 3826 me
1845 3773 2038 3840 poculo
2087 3773 2269 3826 ebrius

687 3869 905 3938 culpare
938 3867 1161 3929 studuit,
1195 3866 1285 3919 ille
1314 3865 1400 3933 qui
1432 3873 1601 3918 semet
1635 3863 1813 3931 potius
1845 3863 2059 3917 lectioni
2094 3864 2270 3918 inlen-

689 3974 774 4016 tus
823 3960 1196 4028 inculpabilem
1240 3959 1414 4012 facere
1462 3956 1745 4019 debuerat,
1794 3956 2051 4024 perlicere
2087 3956 2273 4026 nequi-

690 4054 801 4119 bat,
843 4059 1025 4120 Ulpole
1053 4065 1242 4103 sensus
1273 4058 1326 4102 et
1355 4047 1633 4102 sententiae
1662 4061 1794 4100 mea:
1823 4061 1982 4113 quam
2016 4046 2269 4100 laudabat

687 4142 913 4196 necdum
964 4142 1231 4194 conscius.
1287 4138 1420 4192 Vere
1470 4138 1611 4191 enim
1665 4138 1864 4191 dictum
1892 4147 1976 4191 est
2004 4154 2018 4190 :
2048 4138 2183 4202 Quia
2226 4138 2271 4191 si

681 4232 1013 4286 momorderit
1065 4247 1270 4299 serpens
1310 4230 1365 4283 in
1408 4231 1643 4298 silentio,
1700 4246 1800 4283 non
1845 4238 1916 4283 est
1952 4230 2272 4283 abundantia

683 4323 1013 4376 incantatori.
1042 4327 1229 4378 Amen.

1254 4412 1582 4467 EPISTULA
1623 4410 1709 4475 IV,

1268 4519 1336 4558 an
1374 4520 1678 4569 wrcnenan,

685 4597 759 4651 De
790 4594 1001 4650 Pascha:
1038 4594 1411 4659 celebratione,
1466 4596 1567 4649 sive
1614 4598 1677 4649 de
1722 4597 2028 4667 a’qttittoctio
2076 4601 2267 4653 vernali

1217 4670 1373 4737 juxta
1405 4669 1720 4723 Anatolium.

754 4760 1231 4817 Reverendissimo
1290 4775 1353 4814 ac
1412 4759 1750 4814 sanetissitno
1801 4760 1946 4814 fratri
2002 4760 2267 4816 wit-reda:

690 4856 1028 4927 presbytero,
1071 4854 1229 4921 Beda,
1267 4856 1555 4923 Optabilem
1589 4856 1639 4908 in
1673 4855 1902 4909 Domino
1934 4857 2182 4909 salutem.

757 4948 1008 5003 Libenter
1056 4950 1237 5013 accepi
1280 4947 1486 5002 litteras
1526 4957 1627 5001 tua:
1667 4947 2032 5017 benignitatis,
2083 4963 2268 5001 aman-

690 5041 897 5094 tissime
927 5041 977 5094 in
1007 5040 1225 5093 Christo
1274 5040 1454 5103 frater,
1507 5050 1561 5094 et
1615 5040 1845 5108 capitula
1895 5056 2013 5108 qua:
2070 5041 2265 5108 rogasti

684 5142 963 5203 promptus
986 5133 1318 5200 describere,
1342 5148 1404 5186 ac
1431 5131 1521 5186 tibi
1550 5132 1785 5203 dirigere
1812 5132 2127 5196 aceeleravi,
2156 5147 2268 5186 me-

689 5243 808 5281 mor
842 5226 1222 5281 familiaritatis
1252 5241 1317 5279 ac
1345 5225 1664 5289 dulcedinis,
1710 5241 1834 5294 qua,
1884 5241 2007 5279 cum
2048 5226 2134 5279 illo
2174 5226 2266 5278 ad-

688 5323 950 5392 venirem,
977 5337 1062 5376 me
1082 5320 1383 5387 suscepisti.
1409 5322 1511 5375 Sed
1541 5332 1593 5375 et
1616 5324 1961 5387 quaestionem
1987 5322 2128 5376 illam
2156 5338 2267 5375 tne-

683 5416 784 5467 rito
817 5413 1070 5467 fantmarn
1102 5414 1168 5467 de
1201 5414 1418 5467 historia
1450 5414 1839 5478 ecclesiastica,
1863 5428 2023 5482 super
2050 5430 2150 5483 qua
2181 5427 2265 5466 me

682 5504 1021 5573 interrogasti
1057 5514 1391 5572 prtesentetn,
1441 5513 1495 5559 et
1540 5504 1624 5558 cui
1669 5515 1795 5559 tunc
1825 5505 2056 5559 breviter
2083 5515 2140 5557 nt
2167 5521 2265 5573 po-

686 5596 759 5646 tui
810 5596 1084 5665 respondi,
1142 5612 1281 5650 nunc
1329 5600 1486 5649 .atius
1530 5598 1692 5651 etiam
1745 5597 1937 5651 litteris
1980 5598 2266 5664 explanare

682 5684 883 5747 studui,
916 5685 1019 5740 hoc
1048 5697 1151 5749 est,
1183 5689 1249 5742 de
1280 5691 1601 5755 thniuoetio
1631 5703 1817 5750 verno,
1858 5688 1996 5756 quod
2040 5690 2091 5741 in
2133 5688 2267 5741 lthro

687 5773 904 5839 pra‘fato
956 5778 1228 5830 Anatolius
1277 5780 1496 5831 antistes
1544 5780 2043 5843 revercudissimus,
2092 5782 2141 5832 in
2172 5796 2267 5832 tm-

2293 4549 2346 4607 D

2383 1940 2519 1991 sicut
2547 1953 2597 1992 et
2626 1951 2851 1995 caeteros
2899 1954 3077 1997 movet
3127 1945 3418 2011 studiosos,
3458 1949 3729 2015 quomodo
3755 1953 3967 2003 Anato-

2384 2028 2507 2093 lius,
2542 2044 2661 2083 cutn
2691 2031 2760 2083 sit
2786 2043 2840 2085 et
2871 2033 2982 2101 ipse
3019 2035 3317 2089 eruditione
3342 2050 3404 2089 ac
3435 2052 3629 2105 genere
3660 2039 3787 2109 Eg)
3803 2044 3966 2107 ptius,

2381 2119 2531 2186 quasi
2578 2124 2881 2175 cootrarius
2924 2124 3116 2178 litteris
3146 2124 3363 2195 Egypti
3393 2128 3722 2193 doctoribus,
3760 2133 3971 2186 scribat

2380 2208 2761 2275 :equinoctium
2813 2211 2953 2265 idem
2999 2212 3050 2266 in
3104 2216 3389 2270 undecimo
3433 2216 3704 2272 Kalendas
3750 2224 3969 2288 Apriles

2381 2314 2663 2354 occurrere
2688 2302 2889 2356 solere.
2924 2321 2942 2355 ι
2972 2304 3063 2359 Est
3085 2320 3235 2374 ergo,
3256 2308 3524 2377 inquiens,
3552 2315 3603 2363 in
3631 2311 3800 2379 primo
3821 2326 3969 2367 anno

2382 2391 2587 2446 initium
2615 2394 2770 2461 primi
2802 2397 3020 2463 mensis,
3051 2399 3265 2466 quando
3295 2410 3381 2453 est
3408 2402 3593 2455 decem
3624 2413 3674 2457 et
3708 2418 3759 2456 tt
3790 2420 3965 2457 anno-

2384 2500 2499 2537 rum
2553 2485 2738 2539 circuli
2786 2488 3021 2552 initiuat,
3076 2494 3369 2544 secundum
3416 2490 3697 2562 JEgyptios
3742 2494 3958 2563 quidem

2382 2577 2577 2631 mensis
2632 2578 2927 2634 Famenoth
2982 2582 3244 2652 vigesimo
3302 2596 3458 2640 sexto
3508 2588 3614 2653 die,
3668 2592 3959 2642 secundum

2380 2667 2697 2723 Macedones
2731 2670 2893 2726 Distri
2930 2674 3131 2727 mensis
3179 2690 3310 2740 ult,
3351 2681 3641 2731 secundum
3687 2694 3809 2732 vero
3857 2680 3965 2733 ltu-

2381 2774 2566 2813 manos
2609 2762 2892 2817 undecimo
2937 2763 3201 2819 Kalendas
3234 2766 3455 2835 Aprilis,
3487 2769 3536 2821 in
3569 2786 3670 2837 qua
3696 2770 3783 2824 die
3807 2771 3960 2826 inve-

2382 2850 2521 2905 nitur
2548 2853 2627 2907 sol
2673 2870 2778 2907 non
2824 2854 3000 2908 solum
3051 2859 3434 2914 conscendisse
3481 2861 3703 2928 primam
3731 2870 3958 2929 partem,

2380 2958 2565 2998 verum
2597 2944 2761 2999 etiam
2804 2950 3058 3016 quadram
3098 2948 3208 3017 jam
3238 2951 3294 3004 in
3324 2952 3510 3006 eadem
3542 2951 3629 3007 die
3658 2954 3874 3014 habere.
3906 2954 3956 3007 iit

2382 3046 2483 3098 est,
2528 3035 2581 3091 in
2617 3038 2789 3105 prima
2818 3053 2882 3093 ex
2914 3038 3200 3094 duodecim
3251 3043 3505 3109 partibus.
3538 3062 3557 3095 ι
3613 3045 3736 3099 llaec
3778 3055 3955 3099 autem

2388 3125 2641 3193 particula
2692 3129 2881 3196 prima,
2936 3130 3155 3185 vernale
3196 3139 3279 3185 est
3322 3133 3697 3202 mquinoctiutn
3740 3145 3795 3189 et
3841 3136 3956 3204 ipsa

2378 3228 2459 3271 est
2492 3218 2700 3273 initium
2746 3223 3033 3283 mensium,
3066 3231 3120 3275 et
3146 3234 3305 3291 caput
3350 3228 3556 3290 circuli,
3606 3236 3658 3279 et
3694 3228 3961 3281 absolutio

2394 3324 2584 3364 cursos
2619 3312 2918 3375 stellarum,
2949 3327 3069 3381 qua:
3101 3315 3343 3380 planetze,
3385 3316 3432 3368 id
3461 3328 3562 3381 est,
3596 3332 3737 3385 vaga:
3776 3318 3964 3373 dicun-

2377 3411 2484 3469 tur,
2532 3416 2596 3456 ac
2632 3402 2752 3456 linis
2792 3403 3125 3458 duodecima:
3161 3407 3457 3474 particulas,
3492 3420 3545 3462 et
3574 3410 3735 3463 totius
3765 3412 3957 3464 circuli

2378 3494 2662 3547 terminus.
2710 3494 2816 3548 Sed
2868 3494 3116 3549 facillima
3147 3501 3354 3552 ratione
3387 3516 3541 3567 posse
3568 3503 3725 3555 credo
3755 3502 3957 3566 doceri,

2376 3600 2479 3636 non
2525 3600 2647 3638 eutn
2697 3587 2910 3640 cieteris
2941 3587 3159 3657 Egypti
3190 3598 3244 3641 et
3276 3591 3500 3644 orientis
3534 3595 3958 3661 praeceptoribus

2375 3676 2427 3729 itt
2458 3676 2558 3730 hoc
2596 3692 2717 3732 esse
2747 3682 3100 3734 contrarium.
3136 3681 3282 3735 Facit
3310 3683 3448 3736 enim
3484 3686 3621 3738 ratio
3649 3687 3959 3751 quadrantis

2376 3766 2556 3835 (quem
2609 3766 2907 3821 bissextum
2956 3772 3193 3839 vocant),
3230 3783 3286 3825 ut
3314 3774 3392 3827 sol
3423 3777 3843 3844 a-quinoctialem
3874 3780 3957 3832 sui

2372 3872 2564 3913 cursos
2612 3863 2784 3915 locum
2832 3864 2885 3916 in
2920 3862 3175 3932 signifero
3216 3866 3439 3932 circulo,
3495 3884 3634 3923 nunc
3683 3870 3735 3922 in
3788 3870 3958 3939 primo

2372 3958 2566 4003 exortu
2598 3967 2719 4016 suo,
2765 3968 2905 4006 nunc
2938 3956 2988 4007 in
3020 3956 3272 4021 meridie,
3306 3973 3446 4011 uttnc
3491 3960 3543 4012 itt
3572 3974 3786 4025 occasu,
3816 3977 3959 4015 nunc

2374 4042 2548 4097 media
2604 4055 2760 4099 nocte
2808 4049 3252 4117 comprehendat,
3310 4062 3363 4107 et
3410 4055 3619 4122 quoties
3667 4072 3825 4110 mane
3872 4058 3955 4110 vel

2372 4132 2592 4187 meridie
2623 4137 2733 4188 lieri
2760 4138 3131 4207 aequinoctium
3162 4143 3466 4212 contigerit,
3490 4144 3556 4197 ad
3578 4146 3953 4200 duodecimum

2372 4222 2727 4278 Kalendarum
2773 4226 3078 4296 Aprilium;
3128 4233 3338 4300 quoties
3386 4242 3564 4287 autem
3613 4236 3838 4304 vesperi,
3869 4238 3953 4290 vel

2374 4315 2547 4367 media
2577 4326 2752 4381 nocte,
2786 4318 2851 4371 ad
2886 4319 3227 4373 undecimum
3256 4320 3617 4376 Kalendarum
3644 4324 3951 4379 earumdem

2372 4404 2509 4457 diettt
2541 4410 2797 4474 pertinet.
2839 4409 3057 4478 Absque
3084 4413 3226 4465 enim
3258 4415 3674 4469 contradictione
3702 4432 3805 4469 nox
3836 4432 3953 4471 om-

2376 4500 2456 4550 nis
2494 4512 2557 4552 ex
2590 4515 2697 4567 quo
2731 4503 2984 4555 Dominus
3013 4517 3041 4553 a
3076 4505 3302 4557 mortuis
3334 4506 3647 4572 resurrexit,
3676 4512 3954 4574 sequentis

2375 4587 2477 4640 diei
2512 4591 2844 4657 temporibus
2871 4595 3231 4660 anteponitur,
3262 4609 3365 4647 non
3397 4606 3575 4649 autent
3604 4598 3954 4665 pra:cedcutis

2368 4677 2676 4745 apponitur.
2713 4681 2862 4737 Unde
2889 4685 3134 4738 consulte
3167 4686 3440 4740 Anatolius
3469 4703 3572 4740 non
3601 4696 3745 4741 vetat
3770 4690 3821 4743 in
3852 4704 3955 4742 un.

2367 4770 2650 4837 decimum,
2700 4772 2792 4826 sed
2822 4783 2945 4828 ante
2993 4775 3337 4830 undecimum
3382 4774 3744 4832 Kalendarum
3786 4780 3948 4846 Apri-

2367 4861 2495 4916 lium
2552 4864 2747 4930 pascha
2792 4867 3074 4934 celebrari,
3110 4884 3231 4922 nam
3265 4878 3383 4936 post
3414 4871 3502 4922 illa
3534 4886 3649 4939 quas
3680 4871 3951 4940 posuimus

2367 4953 2481 5021 ejus
2516 4956 2678 5009 verba
2714 4960 2968 5011 continuo
3013 4959 3286 5029 subjungit
3315 4977 3328 5012 :
3359 4961 3427 5014 Et
3474 4961 3592 5014 ideo
3620 4976 3725 5014 non
3756 4974 3946 5029 parum

2366 5042 2678 5112 delinquere
2719 5045 2946 5099 dicimus
2992 5061 3085 5099 eos
3136 5049 3224 5116 qui
3274 5058 3400 5101 ante
3443 5048 3650 5102 initium
3694 5047 3794 5101 hoc
3828 5047 3950 5100 novi

2365 5151 2489 5189 aunt
2535 5135 2733 5190 l’ascha
2768 5147 2953 5205 putant
2978 5153 3105 5193 esse
3132 5138 3536 5193 celebrandum.
3582 5140 3696 5194 Non
3727 5155 3854 5207 ergo
3894 5138 3948 5191 iu

2369 5229 2470 5281 hoc
2500 5226 2649 5281 initio
2675 5229 2724 5281 in
2757 5244 2858 5297 qua
2884 5229 3261 5297 aequinoctium
3310 5245 3431 5284 esse
3488 5230 3640 5300 dicit,
3688 5231 3779 5284 sed
3820 5240 3948 5283 ante

2369 5325 2468 5375 hoc
2497 5322 2704 5375 initium
2753 5325 2873 5375 novi
2921 5325 3044 5376 anni
3103 5323 3302 5377 Pascha
3355 5327 3604 5392 prohibet
3657 5324 3945 5391 celebrari,

2368 5427 2487 5465 cum
2539 5412 2651 5479 ipse
2682 5412 2732 5466 in
2763 5413 2950 5466 eodem
3000 5414 3138 5468 libro
3184 5414 3472 5483 diligenter
3510 5431 3571 5468 ex
3605 5415 3945 5483 antiquorum

2370 5507 2568 5571 pariter
2613 5515 2669 5560 et
2709 5521 2965 5560 novorum
3006 5507 3223 5562 Patrum
3271 5508 3485 5575 seriptis
3528 5508 3777 5574 allirmet,
3822 5520 3949 5560 ante

2368 5606 2737 5651 transcensum
2776 5600 3081 5668 :equinoctii
3133 5599 3328 5668 pascha
3365 5600 3451 5669 agi
3480 5616 3583 5653 non
3618 5614 3791 5669 posse.
3831 5599 3948 5667 Ipse

2367 5687 2508 5741 enim
2533 5688 2634 5741 sibi
2682 5691 2831 5743 testis
2876 5701 2995 5745 erat
3037 5691 3177 5761 quod
3208 5692 3445 5746 scribens
3474 5708 3577 5745 non
3610 5690 3774 5760 prima
3803 5691 3947 5746 sedis

2369 5778 2754 5848 aequinoctialis
2788 5788 3051 5849 tempora,
3093 5780 3188 5839 scd
3221 5782 3404 5837 ultima
3433 5781 3681 5853 signavit,
3711 5782 3810 5838 hoc
3840 5795 3946 5844 εει,
