  <div class='ocr_page' id='page_1' title='image "/cluster/home/n/w/nwhite01/storage/ocr_20150623/94/umn.31951002477387e/344.png"; bbox 0 0 4220 6486; ppageno 0'>
   <div class='ocr_carea' id='block_1_1' title="bbox 341 435 443 495">
    <p class='ocr_par' dir='ltr' id='par_1_1' title="bbox 341 435 443 495">
     <span class='ocr_line' id='line_1_1' title="bbox 341 435 443 495; baseline -0.049 -1"><span class='ocrx_word' id='word_1_1' title='bbox 341 435 443 495; x_wconf 77' lang='lat'><strong>677</strong></span> 
     </span>
    </p>
   </div>
   <div class='ocr_carea' id='block_1_2' title="bbox 1571 427 2411 488">
    <p class='ocr_par' dir='ltr' id='par_1_2' title="bbox 1571 427 2411 488">
     <span class='ocr_line' id='line_1_2' title="bbox 1571 427 2411 488; baseline -0.01 0"><span class='ocrx_word' id='word_1_2' title='bbox 1571 431 1763 488; x_wconf 81' lang='lat' dir='ltr'>SECT.</span> <span class='ocrx_word' id='word_1_3' title='bbox 1797 430 1882 486; x_wconf 80' lang='lat' dir='ltr'><strong>IV.</strong></span> <span class='ocrx_word' id='word_1_4' title='bbox 1925 458 1993 469; x_wconf 88' lang='lat'><strong>—-</strong></span> <span class='ocrx_word' id='word_1_5' title='bbox 2035 427 2411 484; x_wconf 58' lang='lat' dir='ltr'><strong>EPISTULA}.</strong></span> 
     </span>
    </p>
   </div>
   <div class='ocr_carea' id='block_1_3' title="bbox 3513 431 3620 485">
    <p class='ocr_par' dir='ltr' id='par_1_3' title="bbox 3513 431 3620 485">
     <span class='ocr_line' id='line_1_3' title="bbox 3513 431 3620 485; baseline -0.009 -1"><span class='ocrx_word' id='word_1_6' title='bbox 3513 431 3620 485; x_wconf 84' lang='lat'><strong>678</strong></span> 
     </span>
    </p>
   </div>
   <div class='ocr_carea' id='block_1_4' title="bbox 343 539 3621 620">
    <p class='ocr_par' dir='ltr' id='par_1_4' title="bbox 343 539 3621 620">
     <span class='ocr_line' id='line_1_4' title="bbox 343 539 3621 620; baseline -0.003 -15"><span class='ocrx_word' id='word_1_7' title='bbox 343 568 403 606; x_wconf 91' lang='lat' dir='ltr'><strong>ea</strong></span> <span class='ocrx_word' id='word_1_8' title='bbox 433 566 461 604; x_wconf 90' lang='lat' dir='ltr'><strong>a</strong></span> <span class='ocrx_word' id='word_1_9' title='bbox 495 549 690 620; x_wconf 81' lang='lat' dir='ltr'><strong>quibus</strong></span> <span class='ocrx_word' id='word_1_10' title='bbox 743 547 959 601; x_wconf 68' lang='lat' dir='ltr'><strong>Pascha:</strong></span> <span class='ocrx_word' id='word_1_11' title='bbox 1011 546 1429 602; x_wconf 71' lang='lat' dir='ltr'><strong>celebrationem</strong></span> <span class='ocrx_word' id='word_1_12' title='bbox 1481 549 1714 617; x_wconf 84' lang='lat' dir='ltr'><strong>incipere</strong></span> <span class='ocrx_word' id='word_1_13' title='bbox 1769 544 2093 615; x_wconf 76' lang='lat' dir='ltr'><strong>posseAea</strong></span> <span class='ocrx_word' id='word_1_14' title='bbox 2141 543 2230 597; x_wconf 91' lang='lat' dir='ltr'><strong>die</strong></span> <span class='ocrx_word' id='word_1_15' title='bbox 2277 540 2490 604; x_wconf 85' lang='lat' dir='ltr'><strong>habere,</strong></span> <span class='ocrx_word' id='word_1_16' title='bbox 2546 539 2664 607; x_wconf 86' lang='lat' dir='ltr'><strong>quia</strong></span> <span class='ocrx_word' id='word_1_17' title='bbox 2714 539 2925 609; x_wconf 80' lang='lat' dir='ltr'><strong>quodes</strong></span> <span class='ocrx_word' id='word_1_18' title='bbox 2980 542 3353 609; x_wconf 80' lang='lat' dir='ltr'><strong>:equinoctiale</strong></span> <span class='ocrx_word' id='word_1_19' title='bbox 3408 551 3621 610; x_wconf 86' lang='lat' dir='ltr'><strong>tempus</strong></span> 
     </span>
    </p>
   </div>
   <div class='ocr_carea' id='block_1_5' title="bbox 346 638 1939 707">
    <p class='ocr_par' dir='ltr' id='par_1_5' title="bbox 346 638 1939 707">
     <span class='ocr_line' id='line_1_5' title="bbox 346 638 1939 707; baseline -0.004 -8"><span class='ocrx_word' id='word_1_20' title='bbox 346 652 589 699; x_wconf 89' lang='lat' dir='ltr'><strong>noverat.</strong></span> <span class='ocrx_word' id='word_1_21' title='bbox 621 642 751 694; x_wconf 89' lang='lat' dir='ltr'><strong>Cum</strong></span> <span class='ocrx_word' id='word_1_22' title='bbox 789 638 933 693; x_wconf 88' lang='lat' dir='ltr'><strong>enim</strong></span> <span class='ocrx_word' id='word_1_23' title='bbox 1006 640 1249 693; x_wconf 87' lang='lat' dir='ltr'><strong>secundo</strong></span> <span class='ocrx_word' id='word_1_24' title='bbox 1297 639 1379 693; x_wconf 85' lang='lat' dir='ltr'><strong>vel</strong></span> <span class='ocrx_word' id='word_1_25' title='bbox 1430 639 1588 693; x_wconf 89' lang='lat' dir='ltr'><strong>tertio</strong></span> <span class='ocrx_word' id='word_1_26' title='bbox 1634 654 1775 693; x_wconf 90' lang='lat' dir='ltr'><strong>anno</strong></span> <span class='ocrx_word' id='word_1_27' title='bbox 1818 646 1939 707; x_wconf 91' lang='lat' dir='ltr'><strong>post</strong></span> 
     </span>
    </p>
   </div>
   <div class='ocr_carea' id='block_1_6' title="bbox 346 729 1935 798">
    <p class='ocr_par' dir='ltr' id='par_1_6' title="bbox 346 729 1935 798">
     <span class='ocr_line' id='line_1_6' title="bbox 346 729 1935 798; baseline -0.004 -9"><span class='ocrx_word' id='word_1_28' title='bbox 346 735 642 789; x_wconf 84' lang='lat' dir='ltr'><strong>bissextum</strong></span> <span class='ocrx_word' id='word_1_29' title='bbox 686 731 896 798; x_wconf 72' lang='lat' dir='ltr'><strong>pascha:</strong></span> <span class='ocrx_word' id='word_1_30' title='bbox 926 730 1042 785; x_wconf 90' lang='lat' dir='ltr'><strong>dies</strong></span> <span class='ocrx_word' id='word_1_31' title='bbox 1072 729 1387 785; x_wconf 83' lang='lat' dir='ltr'><strong>Dontinicus</strong></span> <span class='ocrx_word' id='word_1_32' title='bbox 1417 730 1469 784; x_wconf 91' lang='lat' dir='ltr'><strong>in</strong></span> <span class='ocrx_word' id='word_1_33' title='bbox 1503 730 1787 785; x_wconf 89' lang='lat' dir='ltr'><strong>undecimo</strong></span> <span class='ocrx_word' id='word_1_34' title='bbox 1829 730 1935 784; x_wconf 84' lang='lat' dir='ltr'><strong>Ka—</strong></span> 
     </span>
    </p>
   </div>
   <div class='ocr_carea' id='block_1_7' title="bbox 355 821 1939 894">
    <p class='ocr_par' dir='ltr' id='par_1_7' title="bbox 355 821 1939 894">
     <span class='ocr_line' id='line_1_7' title="bbox 355 821 1939 894; baseline -0.001 -16"><span class='ocrx_word' id='word_1_35' title='bbox 355 826 633 879; x_wconf 89' lang='lat' dir='ltr'><strong>lendarum</strong></span> <span class='ocrx_word' id='word_1_36' title='bbox 665 822 926 892; x_wconf 86' lang='lat' dir='ltr'><strong>Aprilium</strong></span> <span class='ocrx_word' id='word_1_37' title='bbox 960 824 1256 877; x_wconf 88' lang='lat' dir='ltr'><strong>occurrerit</strong></span> <span class='ocrx_word' id='word_1_38' title='bbox 1288 823 1420 894; x_wconf 81' lang='lat' dir='ltr'><strong>[AL,</strong></span> <span class='ocrx_word' id='word_1_39' title='bbox 1450 821 1782 893; x_wconf 80' lang='lat' dir='ltr'><strong>incurrerit],</strong></span> <span class='ocrx_word' id='word_1_40' title='bbox 1811 839 1939 879; x_wconf 89' lang='lat' dir='ltr'><strong>con-</strong></span> 
     </span>
    </p>
   </div>
   <div class='ocr_carea' id='block_1_8' title="bbox 353 910 1937 981">
    <p class='ocr_par' dir='ltr' id='par_1_8' title="bbox 353 910 1937 981">
     <span class='ocr_line' id='line_1_8' title="bbox 353 910 1937 981; baseline -0.002 -14"><span class='ocrx_word' id='word_1_41' title='bbox 353 923 461 967; x_wconf 89' lang='lat' dir='ltr'><strong>stat</strong></span> <span class='ocrx_word' id='word_1_42' title='bbox 488 913 758 973; x_wconf 87' lang='lat' dir='ltr'><strong>nimirum,</strong></span> <span class='ocrx_word' id='word_1_43' title='bbox 784 910 926 979; x_wconf 90' lang='lat' dir='ltr'><strong>quod</strong></span> <span class='ocrx_word' id='word_1_44' title='bbox 959 926 1079 963; x_wconf 91' lang='lat' dir='ltr'><strong>cum</strong></span> <span class='ocrx_word' id='word_1_45' title='bbox 1126 915 1451 981; x_wconf 73' lang='lat' dir='ltr'><strong>requinoctio</strong></span> <span class='ocrx_word' id='word_1_46' title='bbox 1482 912 1697 967; x_wconf 60' lang='lat' dir='ltr'><strong>Pascha:</strong></span> <span class='ocrx_word' id='word_1_47' title='bbox 1727 923 1937 980; x_wconf 81' lang='lat' dir='ltr'><strong>tempus</strong></span> 
     </span>
    </p>
   </div>
   <div class='ocr_carea' id='block_1_9' title="bbox 353 1002 1937 1072">
    <p class='ocr_par' dir='ltr' id='par_1_9' title="bbox 353 1002 1937 1072">
     <span class='ocr_line' id='line_1_9' title="bbox 353 1002 1937 1072; baseline -0.002 -12"><span class='ocrx_word' id='word_1_48' title='bbox 353 1006 660 1060; x_wconf 83' lang='lat' dir='ltr'><strong>inchoatur.</strong></span> <span class='ocrx_word' id='word_1_49' title='bbox 729 1003 894 1072; x_wconf 83' lang='lat' dir='ltr'><strong>Cujus</strong></span> <span class='ocrx_word' id='word_1_50' title='bbox 954 1002 1294 1056; x_wconf 68' lang='lat' dir='ltr'><strong>cmremoniaa</strong></span> <span class='ocrx_word' id='word_1_51' title='bbox 1360 1014 1536 1071; x_wconf 86' lang='lat' dir='ltr'><strong>partes</strong></span> <span class='ocrx_word' id='word_1_52' title='bbox 1600 1004 1937 1057; x_wconf 87' lang='lat' dir='ltr'><strong>celebrantur</strong></span> 
     </span>
    </p>
   </div>
   <div class='ocr_carea' id='block_1_10' title="bbox 346 1092 1933 1166">
    <p class='ocr_par' dir='ltr' id='par_1_10' title="bbox 346 1092 1933 1166">
     <span class='ocr_line' id='line_1_10' title="bbox 346 1092 1933 1166; baseline -0.004 -15"><span class='ocrx_word' id='word_1_53' title='bbox 346 1096 589 1161; x_wconf 78' lang='lat' dir='ltr'><strong>ejusdem</strong></span> <span class='ocrx_word' id='word_1_54' title='bbox 615 1095 783 1164; x_wconf 88' lang='lat' dir='ltr'><strong>prima</strong></span> <span class='ocrx_word' id='word_1_55' title='bbox 811 1094 980 1147; x_wconf 86' lang='lat' dir='ltr'><strong>noctis</strong></span> <span class='ocrx_word' id='word_1_56' title='bbox 1004 1093 1136 1166; x_wconf 80' lang='lat' dir='ltr'><strong>[AL,</strong></span> <span class='ocrx_word' id='word_1_57' title='bbox 1163 1094 1332 1161; x_wconf 91' lang='lat' dir='ltr'><strong>prima</strong></span> <span class='ocrx_word' id='word_1_58' title='bbox 1362 1111 1416 1148; x_wconf 95' lang='lat' dir='ltr'><strong>n.</strong></span> <span class='ocrx_word' id='word_1_59' title='bbox 1449 1110 1499 1149; x_wconf 86' lang='lat' dir='ltr'><strong>e.</strong></span> <span class='ocrx_word' id='word_1_60' title='bbox 1529 1104 1680 1161; x_wconf 86' lang='lat' dir='ltr'><strong>parte</strong></span> <span class='ocrx_word' id='word_1_61' title='bbox 1709 1092 1933 1164; x_wconf 88' lang='lat' dir='ltr'><strong>celeb.],</strong></span> 
     </span>
    </p>
   </div>
   <div class='ocr_carea' id='block_1_11' title="bbox 345 1180 1939 1257">
    <p class='ocr_par' dir='ltr' id='par_1_11' title="bbox 345 1180 1939 1257">
     <span class='ocr_line' id='line_1_11' title="bbox 345 1180 1939 1257; baseline 0 -17"><span class='ocrx_word' id='word_1_62' title='bbox 345 1190 593 1257; x_wconf 76' lang='lat' dir='ltr'><strong>quamvis</strong></span> <span class='ocrx_word' id='word_1_63' title='bbox 640 1188 727 1239; x_wconf 91' lang='lat' dir='ltr'><strong>illa</strong></span> <span class='ocrx_word' id='word_1_64' title='bbox 762 1180 1053 1249; x_wconf 77' lang='lat' dir='ltr'><strong>mediante,</strong></span> <span class='ocrx_word' id='word_1_65' title='bbox 1104 1186 1186 1240; x_wconf 86' lang='lat' dir='ltr'><strong>vel</strong></span> <span class='ocrx_word' id='word_1_66' title='bbox 1228 1187 1388 1240; x_wconf 88' lang='lat' dir='ltr'><strong>etiam</strong></span> <span class='ocrx_word' id='word_1_67' title='bbox 1438 1187 1721 1240; x_wconf 81' lang='lat' dir='ltr'><strong>inchoante</strong></span> <span class='ocrx_word' id='word_1_68' title='bbox 1754 1186 1939 1254; x_wconf 75' lang='lat' dir='ltr'><strong>perlici</strong></span> 
     </span>
    </p>
   </div>
   <div class='ocr_carea' id='block_1_12' title="bbox 350 1275 1936 1348">
    <p class='ocr_par' dir='ltr' id='par_1_12' title="bbox 350 1275 1936 1348">
     <span class='ocr_line' id='line_1_12' title="bbox 350 1275 1936 1348; baseline -0.002 -16"><span class='ocrx_word' id='word_1_69' title='bbox 350 1278 726 1344; x_wconf 70' lang='lat' dir='ltr'><strong>aequinoctium</strong></span> <span class='ocrx_word' id='word_1_70' title='bbox 772 1276 948 1329; x_wconf 88' lang='lat' dir='ltr'><strong>nullus</strong></span> <span class='ocrx_word' id='word_1_71' title='bbox 987 1275 1228 1344; x_wconf 85' lang='lat' dir='ltr'><strong>ambigit,</strong></span> <span class='ocrx_word' id='word_1_72' title='bbox 1274 1290 1339 1329; x_wconf 91' lang='lat' dir='ltr'><strong>eo</strong></span> <span class='ocrx_word' id='word_1_73' title='bbox 1376 1276 1517 1344; x_wconf 88' lang='lat' dir='ltr'><strong>quod</strong></span> <span class='ocrx_word' id='word_1_74' title='bbox 1543 1275 1936 1348; x_wconf 80' lang='lat' dir='ltr'><strong>proleclo[Al.,</strong></span> 
     </span>
    </p>
   </div>
   <div class='ocr_carea' id='block_1_13' title="bbox 348 1366 1942 1439">
    <p class='ocr_par' dir='ltr' id='par_1_13' title="bbox 348 1366 1942 1439">
     <span class='ocr_line' id='line_1_13' title="bbox 348 1366 1942 1439; baseline 0 -16"><span class='ocrx_word' id='word_1_75' title='bbox 348 1384 522 1437; x_wconf 90' lang='lat' dir='ltr'><strong>eoque</strong></span> <span class='ocrx_word' id='word_1_76' title='bbox 548 1366 805 1439; x_wconf 83' lang='lat' dir='ltr'><strong>perfecto]</strong></span> <span class='ocrx_word' id='word_1_77' title='bbox 852 1367 1143 1421; x_wconf 70' lang='lat' dir='ltr'><strong>Dominicae</strong></span> <span class='ocrx_word' id='word_1_78' title='bbox 1191 1367 1360 1436; x_wconf 86' lang='lat' dir='ltr'><strong>ipsam</strong></span> <span class='ocrx_word' id='word_1_79' title='bbox 1407 1368 1814 1421; x_wconf 86' lang='lat' dir='ltr'><strong>resurrectionis</strong></span> <span class='ocrx_word' id='word_1_80' title='bbox 1842 1368 1942 1423; x_wconf 89' lang='lat' dir='ltr'><strong>rite</strong></span> 
     </span>
    </p>
   </div>
   <div class='ocr_carea' id='block_1_14' title="bbox 349 1457 1940 1530">
    <p class='ocr_par' dir='ltr' id='par_1_14' title="bbox 349 1457 1940 1530">
     <span class='ocr_line' id='line_1_14' title="bbox 349 1457 1940 1530; baseline -0.003 -16"><span class='ocrx_word' id='word_1_81' title='bbox 349 1458 610 1514; x_wconf 89' lang='lat' dir='ltr'><strong>celebrari</strong></span> <span class='ocrx_word' id='word_1_82' title='bbox 635 1459 843 1524; x_wconf 89' lang='lat' dir='ltr'><strong>horam,</strong></span> <span class='ocrx_word' id='word_1_83' title='bbox 868 1473 987 1526; x_wconf 77' lang='lat' dir='ltr'><strong>qua:</strong></span> <span class='ocrx_word' id='word_1_84' title='bbox 1011 1458 1249 1512; x_wconf 78' lang='lat' dir='ltr'><strong>diluculo</strong></span> <span class='ocrx_word' id='word_1_85' title='bbox 1275 1460 1411 1512; x_wconf 82' lang='lat' dir='ltr'><strong>facta</strong></span> <span class='ocrx_word' id='word_1_86' title='bbox 1432 1468 1517 1513; x_wconf 91' lang='lat' dir='ltr'><strong>est</strong></span> <span class='ocrx_word' id='word_1_87' title='bbox 1543 1457 1645 1530; x_wconf 85' lang='grc' dir='ltr'><strong>[ΑΙ.</strong></span> <span class='ocrx_word' id='word_1_88' title='bbox 1666 1499 1681 1523; x_wconf 86' lang='grc'><em>,</em></span> <span class='ocrx_word' id='word_1_89' title='bbox 1714 1473 1940 1524; x_wconf 87' lang='lat' dir='ltr'><strong>resttrr.,</strong></span> 
     </span>
    </p>
   </div>
   <div class='ocr_carea' id='block_1_15' title="bbox 349 1546 1942 1619">
    <p class='ocr_par' dir='ltr' id='par_1_15' title="bbox 349 1546 1942 1619">
     <span class='ocr_line' id='line_1_15' title="bbox 349 1546 1942 1619; baseline 0.001 -18"><span class='ocrx_word' id='word_1_90' title='bbox 349 1564 403 1619; x_wconf 89' lang='lat' dir='ltr'><strong>q.</strong></span> <span class='ocrx_word' id='word_1_91' title='bbox 436 1549 488 1602; x_wconf 91' lang='lat' dir='ltr'><strong>d.</strong></span> <span class='ocrx_word' id='word_1_92' title='bbox 524 1548 562 1603; x_wconf 82' lang='lat' dir='ltr'><strong>l‘.</strong></span> <span class='ocrx_word' id='word_1_93' title='bbox 593 1563 646 1616; x_wconf 91' lang='lat' dir='ltr'><strong>e,</strong></span> <span class='ocrx_word' id='word_1_94' title='bbox 682 1550 779 1603; x_wconf 88' lang='lat' dir='ltr'><strong>rite</strong></span> <span class='ocrx_word' id='word_1_95' title='bbox 804 1562 854 1601; x_wconf 90' lang='lat' dir='ltr'><strong>c.</strong></span> <span class='ocrx_word' id='word_1_96' title='bbox 889 1546 991 1619; x_wconf 91' lang='lat' dir='ltr'><strong>lt.].</strong></span> <span class='ocrx_word' id='word_1_97' title='bbox 1048 1547 1112 1601; x_wconf 83' lang='lat' dir='ltr'><strong>Et</strong></span> <span class='ocrx_word' id='word_1_98' title='bbox 1153 1559 1210 1601; x_wconf 90' lang='lat' dir='ltr'><strong>ut</strong></span> <span class='ocrx_word' id='word_1_99' title='bbox 1260 1557 1503 1616; x_wconf 87' lang='lat' dir='ltr'><strong>patenter</strong></span> <span class='ocrx_word' id='word_1_100' title='bbox 1548 1546 1942 1602; x_wconf 82' lang='lat' dir='ltr'><strong>animadvertas</strong></span> 
     </span>
    </p>
   </div>
   <div class='ocr_carea' id='block_1_16' title="bbox 305 1632 1940 1711">
    <p class='ocr_par' dir='ltr' id='par_1_16' title="bbox 305 1632 1940 1711">
     <span class='ocr_line' id='line_1_16' title="bbox 305 1632 1940 1711; baseline 0.001 -18"><span class='ocrx_word' id='word_1_101' title='bbox 305 1632 315 1641; x_wconf 82' lang='grc'><strong>’</strong></span> <span class='ocrx_word' id='word_1_102' title='bbox 349 1642 493 1711; x_wconf 86' lang='lat' dir='ltr'><strong>quod</strong></span> <span class='ocrx_word' id='word_1_103' title='bbox 519 1640 798 1694; x_wconf 72' lang='lat' dir='ltr'><strong>Anatolius</strong></span> <span class='ocrx_word' id='word_1_104' title='bbox 828 1640 1191 1707; x_wconf 79' lang='lat' dir='ltr'><strong>veSpcrtiuum</strong></span> <span class='ocrx_word' id='word_1_105' title='bbox 1222 1641 1532 1708; x_wconf 88' lang='lat' dir='ltr'><strong>specialiter</strong></span> <span class='ocrx_word' id='word_1_106' title='bbox 1561 1642 1940 1709; x_wconf 62' lang='lat' dir='ltr'><strong>aequinoctium</strong></span> 
     </span>
    </p>
   </div>
   <div class='ocr_carea' id='block_1_17' title="bbox 352 1731 1945 1805">
    <p class='ocr_par' dir='ltr' id='par_1_17' title="bbox 352 1731 1945 1805">
     <span class='ocr_line' id='line_1_17' title="bbox 352 1731 1945 1805; baseline -0.002 -16"><span class='ocrx_word' id='word_1_107' title='bbox 352 1733 554 1789; x_wconf 82' lang='lat' dir='ltr'><strong>scribat</strong></span> <span class='ocrx_word' id='word_1_108' title='bbox 580 1732 712 1805; x_wconf 82' lang='lat' dir='ltr'><strong>[AL,</strong></span> <span class='ocrx_word' id='word_1_109' title='bbox 745 1731 1074 1804; x_wconf 88' lang='lat' dir='ltr'><strong>describat],</strong></span> <span class='ocrx_word' id='word_1_110' title='bbox 1122 1748 1151 1785; x_wconf 90' lang='lat' dir='ltr'><strong>a</strong></span> <span class='ocrx_word' id='word_1_111' title='bbox 1200 1748 1306 1798; x_wconf 91' lang='lat' dir='ltr'><strong>quo</strong></span> <span class='ocrx_word' id='word_1_112' title='bbox 1354 1733 1555 1786; x_wconf 81' lang='lat' dir='ltr'><strong>Pascha</strong></span> <span class='ocrx_word' id='word_1_113' title='bbox 1587 1732 1825 1801; x_wconf 80' lang='lat' dir='ltr'><strong>incipere</strong></span> <span class='ocrx_word' id='word_1_114' title='bbox 1852 1746 1945 1800; x_wconf 86' lang='lat' dir='ltr'><strong>po-</strong></span> 
     </span>
    </p>
   </div>
   <div class='ocr_carea' id='block_1_18' title="bbox 354 1822 1942 1893">
    <p class='ocr_par' dir='ltr' id='par_1_18' title="bbox 354 1822 1942 1893">
     <span class='ocr_line' id='line_1_18' title="bbox 354 1822 1942 1893; baseline 0.001 -17"><span class='ocrx_word' id='word_1_115' title='bbox 354 1833 477 1890; x_wconf 88' lang='lat' dir='ltr'><strong>test,</strong></span> <span class='ocrx_word' id='word_1_116' title='bbox 508 1825 755 1893; x_wconf 83' lang='lat' dir='ltr'><strong>quodque</strong></span> <span class='ocrx_word' id='word_1_117' title='bbox 778 1824 843 1877; x_wconf 88' lang='lat' dir='ltr'><strong>ad</strong></span> <span class='ocrx_word' id='word_1_118' title='bbox 881 1823 1254 1878; x_wconf 73' lang='lat' dir='ltr'><strong>duodecimum</strong></span> <span class='ocrx_word' id='word_1_119' title='bbox 1284 1822 1644 1878; x_wconf 85' lang='lat' dir='ltr'><strong>Kalendarum</strong></span> <span class='ocrx_word' id='word_1_120' title='bbox 1677 1824 1942 1893; x_wconf 83' lang='lat' dir='ltr'><strong>Aprilium</strong></span> 
     </span>
    </p>
   </div>
   <div class='ocr_carea' id='block_1_19' title="bbox 2031 632 3617 706">
    <p class='ocr_par' dir='ltr' id='par_1_19' title="bbox 2031 632 3617 706">
     <span class='ocr_line' id='line_1_19' title="bbox 2031 632 3617 706; baseline -0.001 -17"><span class='ocrx_word' id='word_1_121' title='bbox 2031 634 2183 706; x_wconf 80' lang='lat' dir='ltr'><strong>juxta</strong></span> <span class='ocrx_word' id='word_1_122' title='bbox 2229 634 2486 687; x_wconf 89' lang='lat' dir='ltr'><strong>rationem</strong></span> <span class='ocrx_word' id='word_1_123' title='bbox 2538 632 2808 700; x_wconf 73' lang='lat' dir='ltr'><strong>prml&#39;atam</strong></span> <span class='ocrx_word' id='word_1_124' title='bbox 2841 634 2890 687; x_wconf 93' lang='lat' dir='ltr'><strong>iu</strong></span> <span class='ocrx_word' id='word_1_125' title='bbox 2939 635 3220 688; x_wconf 88' lang='lat' dir='ltr'><strong>undecimo</strong></span> <span class='ocrx_word' id='word_1_126' title='bbox 3260 633 3617 692; x_wconf 82' lang='lat' dir='ltr'><strong>Kalendarum</strong></span> 
     </span>
    </p>
   </div>
   <div class='ocr_carea' id='block_1_20' title="bbox 2038 724 3624 796">
    <p class='ocr_par' dir='ltr' id='par_1_20' title="bbox 2038 724 3624 796">
     <span class='ocr_line' id='line_1_20' title="bbox 2038 724 3624 796; baseline -0.001 -14"><span class='ocrx_word' id='word_1_127' title='bbox 2038 727 2297 795; x_wconf 80' lang='lat' dir='ltr'><strong>Aprilium</strong></span> <span class='ocrx_word' id='word_1_128' title='bbox 2347 724 2554 789; x_wconf 87' lang='lat' dir='ltr'><strong>incidit,</strong></span> <span class='ocrx_word' id='word_1_129' title='bbox 2606 727 2763 779; x_wconf 88' lang='lat' dir='ltr'><strong>toties</strong></span> <span class='ocrx_word' id='word_1_130' title='bbox 2816 726 2866 779; x_wconf 90' lang='lat' dir='ltr'><strong>itt</strong></span> <span class='ocrx_word' id='word_1_131' title='bbox 2912 726 3025 792; x_wconf 85' lang='lat' dir='ltr'><strong>ipso</strong></span> <span class='ocrx_word' id='word_1_132' title='bbox 3065 728 3320 796; x_wconf 87' lang='lat' dir='ltr'><strong>temporis</strong></span> <span class='ocrx_word' id='word_1_133' title='bbox 3350 735 3624 782; x_wconf 86' lang='lat' dir='ltr'><strong>momento</strong></span> 
     </span>
    </p>
   </div>
   <div class='ocr_carea' id='block_1_21' title="bbox 2039 817 3621 887">
    <p class='ocr_par' dir='ltr' id='par_1_21' title="bbox 2039 817 3621 887">
     <span class='ocr_line' id='line_1_21' title="bbox 2039 817 3621 887; baseline -0.001 -14"><span class='ocrx_word' id='word_1_134' title='bbox 2039 818 2125 873; x_wconf 85' lang='lat' dir='ltr'><strong>illa</strong></span> <span class='ocrx_word' id='word_1_135' title='bbox 2155 826 2342 887; x_wconf 88' lang='lat' dir='ltr'><strong>quarta</strong></span> <span class='ocrx_word' id='word_1_136' title='bbox 2373 832 2495 886; x_wconf 88' lang='lat' dir='ltr'><strong>pars</strong></span> <span class='ocrx_word' id='word_1_137' title='bbox 2524 817 2650 881; x_wconf 90' lang='lat' dir='ltr'><strong>diei,</strong></span> <span class='ocrx_word' id='word_1_138' title='bbox 2675 832 2793 885; x_wconf 65' lang='lat' dir='ltr'><strong>qua:</strong></span> <span class='ocrx_word' id='word_1_139' title='bbox 2822 818 3093 871; x_wconf 89' lang='lat' dir='ltr'><strong>annuatim</strong></span> <span class='ocrx_word' id='word_1_140' title='bbox 3125 834 3435 872; x_wconf 85' lang='lat' dir='ltr'><strong>accrescere</strong></span> <span class='ocrx_word' id='word_1_141' title='bbox 3461 818 3621 881; x_wconf 85' lang='lat' dir='ltr'><strong>solet,</strong></span> 
     </span>
    </p>
   </div>
   <div class='ocr_carea' id='block_1_22' title="bbox 2038 908 3619 981">
    <p class='ocr_par' dir='ltr' id='par_1_22' title="bbox 2038 908 3619 981">
     <span class='ocr_line' id='line_1_22' title="bbox 2038 908 3619 981; baseline -0.002 -15"><span class='ocrx_word' id='word_1_142' title='bbox 2038 912 2332 966; x_wconf 84' lang='lat' dir='ltr'><strong>secundum</strong></span> <span class='ocrx_word' id='word_1_143' title='bbox 2374 922 2617 964; x_wconf 88' lang='lat' dir='ltr'><strong>naturam</strong></span> <span class='ocrx_word' id='word_1_144' title='bbox 2665 912 2896 979; x_wconf 84' lang='lat' dir='ltr'><strong>perlecta</strong></span> <span class='ocrx_word' id='word_1_145' title='bbox 2945 927 3064 965; x_wconf 83' lang='lat' dir='ltr'><strong>esse</strong></span> <span class='ocrx_word' id='word_1_146' title='bbox 3108 912 3455 981; x_wconf 78' lang='lat' dir='ltr'><strong>dignoscitur.</strong></span> <span class='ocrx_word' id='word_1_147' title='bbox 3488 908 3619 964; x_wconf 83' lang='lat' dir='ltr'><strong>Nam</strong></span> 
     </span>
    </p>
   </div>
   <div class='ocr_carea' id='block_1_23' title="bbox 2038 1002 3627 1072">
    <p class='ocr_par' dir='ltr' id='par_1_23' title="bbox 2038 1002 3627 1072">
     <span class='ocr_line' id='line_1_23' title="bbox 2038 1002 3627 1072; baseline 0 -14"><span class='ocrx_word' id='word_1_148' title='bbox 2038 1018 2158 1058; x_wconf 81' lang='lat' dir='ltr'><strong>Cum</strong></span> <span class='ocrx_word' id='word_1_149' title='bbox 2187 1003 2508 1058; x_wconf 86' lang='lat' dir='ltr'><strong>duodecimo</strong></span> <span class='ocrx_word' id='word_1_150' title='bbox 2538 1002 2895 1056; x_wconf 73' lang='lat' dir='ltr'><strong>Kalendarum</strong></span> <span class='ocrx_word' id='word_1_151' title='bbox 2924 1003 3227 1057; x_wconf 82' lang='lat' dir='ltr'><strong>earumdem</strong></span> <span class='ocrx_word' id='word_1_152' title='bbox 3254 1004 3342 1058; x_wconf 88' lang='lat' dir='ltr'><strong>die</strong></span> <span class='ocrx_word' id='word_1_153' title='bbox 3366 1003 3627 1072; x_wconf 65' lang='lat' dir='ltr'><strong>contingi!</strong></span> 
     </span>
    </p>
   </div>
   <div class='ocr_carea' id='block_1_24' title="bbox 2039 1092 3628 1164">
    <p class='ocr_par' dir='ltr' id='par_1_24' title="bbox 2039 1092 3628 1164">
     <span class='ocr_line' id='line_1_24' title="bbox 2039 1092 3628 1164; baseline 0 -17"><span class='ocrx_word' id='word_1_154' title='bbox 2039 1094 2441 1163; x_wconf 70' lang='lat' dir='ltr'><strong>mquinoctiunt,</strong></span> <span class='ocrx_word' id='word_1_155' title='bbox 2475 1100 2586 1146; x_wconf 92' lang='lat' dir='ltr'><strong>tum</strong></span> <span class='ocrx_word' id='word_1_156' title='bbox 2616 1094 2666 1145; x_wconf 91' lang='lat' dir='ltr'><strong>in</strong></span> <span class='ocrx_word' id='word_1_157' title='bbox 2700 1092 2814 1161; x_wconf 88' lang='lat' dir='ltr'><strong>ipso</strong></span> <span class='ocrx_word' id='word_1_158' title='bbox 2839 1108 2992 1161; x_wconf 60' lang='lat' dir='ltr'><strong>atque</strong></span> <span class='ocrx_word' id='word_1_159' title='bbox 3021 1093 3130 1155; x_wconf 91' lang='lat' dir='ltr'><strong>die,</strong></span> <span class='ocrx_word' id='word_1_160' title='bbox 3159 1104 3211 1146; x_wconf 91' lang='lat' dir='ltr'><strong>et</strong></span> <span class='ocrx_word' id='word_1_161' title='bbox 3237 1094 3288 1145; x_wconf 89' lang='lat' dir='ltr'><strong>itt</strong></span> <span class='ocrx_word' id='word_1_162' title='bbox 3318 1094 3428 1161; x_wconf 90' lang='lat' dir='ltr'><strong>ipsa</strong></span> <span class='ocrx_word' id='word_1_163' title='bbox 3460 1093 3628 1164; x_wconf 66' lang='lat' dir='ltr'><strong>aequi-</strong></span> 
     </span>
    </p>
   </div>
   <div class='ocr_carea' id='block_1_25' title="bbox 2040 1183 3623 1252">
    <p class='ocr_par' dir='ltr' id='par_1_25' title="bbox 2040 1183 3623 1252">
     <span class='ocr_line' id='line_1_25' title="bbox 2040 1183 3623 1252; baseline -0.001 -13"><span class='ocrx_word' id='word_1_164' title='bbox 2040 1184 2256 1239; x_wconf 75' lang='lat' dir='ltr'><strong>noctiali</strong></span> <span class='ocrx_word' id='word_1_165' title='bbox 2308 1185 2437 1238; x_wconf 82' lang='lat' dir='ltr'><strong>liora</strong></span> <span class='ocrx_word' id='word_1_166' title='bbox 2487 1184 2759 1252; x_wconf 80' lang='lat' dir='ltr'><strong>quadrans</strong></span> <span class='ocrx_word' id='word_1_167' title='bbox 2810 1184 2952 1237; x_wconf 90' lang='lat' dir='ltr'><strong>idcnt</strong></span> <span class='ocrx_word' id='word_1_168' title='bbox 3005 1184 3315 1237; x_wconf 84' lang='lat' dir='ltr'><strong>naturaliter</strong></span> <span class='ocrx_word' id='word_1_169' title='bbox 3356 1183 3623 1252; x_wconf 88' lang='lat' dir='ltr'><strong>expletur.</strong></span> 
     </span>
    </p>
   </div>
   <div class='ocr_carea' id='block_1_26' title="bbox 2041 1275 3629 1345">
    <p class='ocr_par' dir='ltr' id='par_1_26' title="bbox 2041 1275 3629 1345">
     <span class='ocr_line' id='line_1_26' title="bbox 2041 1275 3629 1345; baseline -0.001 -15"><span class='ocrx_word' id='word_1_170' title='bbox 2041 1276 2166 1330; x_wconf 90' lang='lat' dir='ltr'><strong>Ideo</strong></span> <span class='ocrx_word' id='word_1_171' title='bbox 2196 1286 2373 1329; x_wconf 89' lang='lat' dir='ltr'><strong>autem</strong></span> <span class='ocrx_word' id='word_1_172' title='bbox 2404 1276 2649 1328; x_wconf 89' lang='lat' dir='ltr'><strong>addimus</strong></span> <span class='ocrx_word' id='word_1_173' title='bbox 2695 1276 3019 1339; x_wconf 78' lang='lat' dir='ltr'><strong>naturaliter,</strong></span> <span class='ocrx_word' id='word_1_174' title='bbox 3065 1276 3182 1345; x_wconf 84' lang='lat' dir='ltr'><strong>quia</strong></span> <span class='ocrx_word' id='word_1_175' title='bbox 3224 1275 3629 1330; x_wconf 81' lang='lat' dir='ltr'><strong>ennSnetudiuis</strong></span> 
     </span>
    </p>
   </div>
   <div class='ocr_carea' id='block_1_27' title="bbox 2041 1368 3631 1437">
    <p class='ocr_par' dir='ltr' id='par_1_27' title="bbox 2041 1368 3631 1437">
     <span class='ocr_line' id='line_1_27' title="bbox 2041 1368 3631 1437; baseline -0.001 -15"><span class='ocrx_word' id='word_1_176' title='bbox 2041 1378 2125 1423; x_wconf 87' lang='lat' dir='ltr'><strong>est</strong></span> <span class='ocrx_word' id='word_1_177' title='bbox 2180 1368 2465 1432; x_wconf 74' lang='lat' dir='ltr'><strong>humanm,</strong></span> <span class='ocrx_word' id='word_1_178' title='bbox 2513 1370 2674 1421; x_wconf 86' lang='lat' dir='ltr'><strong>variis</strong></span> <span class='ocrx_word' id='word_1_179' title='bbox 2721 1368 2871 1422; x_wconf 91' lang='lat' dir='ltr'><strong>illum</strong></span> <span class='ocrx_word' id='word_1_180' title='bbox 2929 1369 3257 1437; x_wconf 86' lang='lat' dir='ltr'><strong>temporibus</strong></span> <span class='ocrx_word' id='word_1_181' title='bbox 3302 1370 3424 1421; x_wconf 90' lang='lat' dir='ltr'><strong>anni</strong></span> <span class='ocrx_word' id='word_1_182' title='bbox 3475 1378 3631 1436; x_wconf 85' lang='lat' dir='ltr'><strong>prout</strong></span> 
     </span>
    </p>
   </div>
   <div class='ocr_carea' id='block_1_28' title="bbox 2041 1456 3634 1529">
    <p class='ocr_par' dir='ltr' id='par_1_28' title="bbox 2041 1456 3634 1529">
     <span class='ocr_line' id='line_1_28' title="bbox 2041 1456 3634 1529; baseline -0.001 -19"><span class='ocrx_word' id='word_1_183' title='bbox 2041 1459 2259 1511; x_wconf 71' lang='lat' dir='ltr'><strong>cuilibet</strong></span> <span class='ocrx_word' id='word_1_184' title='bbox 2288 1458 2468 1526; x_wconf 79' lang='lat' dir='ltr'><strong>generi</strong></span> <span class='ocrx_word' id='word_1_185' title='bbox 2502 1456 2634 1529; x_wconf 69' lang='grc' dir='ltr'><strong>μί..</strong></span> <span class='ocrx_word' id='word_1_186' title='bbox 2657 1457 2822 1529; x_wconf 83' lang='lat' dir='ltr'><strong>genti]</strong></span> <span class='ocrx_word' id='word_1_187' title='bbox 2855 1459 3050 1527; x_wconf 87' lang='lat' dir='ltr'><strong>placuit</strong></span> <span class='ocrx_word' id='word_1_188' title='bbox 3081 1460 3338 1513; x_wconf 89' lang='lat' dir='ltr'><strong>inserere.</strong></span> <span class='ocrx_word' id='word_1_189' title='bbox 3366 1458 3634 1511; x_wconf 83' lang='lat' dir='ltr'><strong>Naturalis</strong></span> 
     </span>
    </p>
   </div>
   <div class='ocr_carea' id='block_1_29' title="bbox 1999 1548 3630 1623">
    <p class='ocr_par' dir='ltr' id='par_1_29' title="bbox 1999 1548 3630 1623">
     <span class='ocr_line' id='line_1_29' title="bbox 1999 1548 3630 1623; baseline -0.002 -20"><span class='ocrx_word' id='word_1_190' title='bbox 1999 1574 2003 1577; x_wconf 60' lang='grc' dir='ltr'><strong><em>τ</em></strong></span> <span class='ocrx_word' id='word_1_191' title='bbox 2043 1564 2174 1623; x_wconf 86' lang='lat' dir='ltr'><strong>vero</strong></span> <span class='ocrx_word' id='word_1_192' title='bbox 2203 1558 2286 1603; x_wconf 90' lang='lat' dir='ltr'><strong>est</strong></span> <span class='ocrx_word' id='word_1_193' title='bbox 2332 1548 2560 1603; x_wconf 83' lang='lat' dir='ltr'><strong>rationis</strong></span> <span class='ocrx_word' id='word_1_194' title='bbox 2603 1550 2655 1602; x_wconf 85' lang='lat' dir='ltr'><strong>in</strong></span> <span class='ocrx_word' id='word_1_195' title='bbox 2700 1550 3057 1617; x_wconf 86' lang='lat' dir='ltr'><strong>completione</strong></span> <span class='ocrx_word' id='word_1_196' title='bbox 3098 1549 3279 1603; x_wconf 89' lang='lat' dir='ltr'><strong>circuli</strong></span> <span class='ocrx_word' id='word_1_197' title='bbox 3321 1549 3509 1602; x_wconf 88' lang='lat' dir='ltr'><strong>solaris</strong></span> <span class='ocrx_word' id='word_1_198' title='bbox 3538 1550 3630 1601; x_wconf 86' lang='lat' dir='ltr'><strong>ad-</strong></span> 
     </span>
    </p>
   </div>
   <div class='ocr_carea' id='block_1_30' title="bbox 2039 1636 3634 1711">
    <p class='ocr_par' dir='ltr' id='par_1_30' title="bbox 2039 1636 3634 1711">
     <span class='ocr_line' id='line_1_30' title="bbox 2039 1636 3634 1711; baseline 0 -21"><span class='ocrx_word' id='word_1_199' title='bbox 2039 1636 2155 1707; x_wconf 82' lang='lat' dir='ltr'><strong>jicl,</strong></span> <span class='ocrx_word' id='word_1_200' title='bbox 2188 1652 2344 1706; x_wconf 87' lang='lat' dir='ltr'><strong>quam</strong></span> <span class='ocrx_word' id='word_1_201' title='bbox 2377 1637 2510 1711; x_wconf 84' lang='grc' dir='ltr'><strong>[Αι.,</strong></span> <span class='ocrx_word' id='word_1_202' title='bbox 2537 1639 2677 1703; x_wconf 91' lang='lat' dir='ltr'><strong>quod</strong></span> <span class='ocrx_word' id='word_1_203' title='bbox 2709 1637 2892 1707; x_wconf 78' lang='lat' dir='ltr'><strong>etiam]</strong></span> <span class='ocrx_word' id='word_1_204' title='bbox 2924 1639 3154 1707; x_wconf 80' lang='lat' dir='ltr'><strong>Cyrillus</strong></span> <span class='ocrx_word' id='word_1_205' title='bbox 3184 1638 3413 1706; x_wconf 78' lang='lat' dir='ltr'><strong>signavit</strong></span> <span class='ocrx_word' id='word_1_206' title='bbox 3460 1639 3511 1691; x_wconf 93' lang='lat' dir='ltr'><strong>in</strong></span> <span class='ocrx_word' id='word_1_207' title='bbox 3545 1654 3634 1700; x_wconf 88' lang='lat' dir='ltr'><strong>ea,</strong></span> 
     </span>
    </p>
   </div>
   <div class='ocr_carea' id='block_1_31' title="bbox 2043 1727 3635 1801">
    <p class='ocr_par' dir='ltr' id='par_1_31' title="bbox 2043 1727 3635 1801">
     <span class='ocr_line' id='line_1_31' title="bbox 2043 1727 3635 1801; baseline -0.002 -18"><span class='ocrx_word' id='word_1_208' title='bbox 2043 1744 2203 1799; x_wconf 89' lang='lat' dir='ltr'><strong>quam</strong></span> <span class='ocrx_word' id='word_1_209' title='bbox 2238 1739 2292 1782; x_wconf 94' lang='lat' dir='ltr'><strong>ut</strong></span> <span class='ocrx_word' id='word_1_210' title='bbox 2317 1727 2450 1801; x_wconf 81' lang='grc' dir='ltr'><strong>[Αι.,</strong></span> <span class='ocrx_word' id='word_1_211' title='bbox 2478 1727 2553 1800; x_wconf 92' lang='lat' dir='ltr'><strong>et]</strong></span> <span class='ocrx_word' id='word_1_212' title='bbox 2600 1743 2763 1797; x_wconf 84' lang='lat' dir='ltr'><strong>supra</strong></span> <span class='ocrx_word' id='word_1_213' title='bbox 2808 1733 3179 1796; x_wconf 79' lang='lat' dir='ltr'><strong>proposuimus</strong></span> <span class='ocrx_word' id='word_1_214' title='bbox 3220 1729 3507 1793; x_wconf 85' lang='lat' dir='ltr'><strong>sententia,</strong></span> <span class='ocrx_word' id='word_1_215' title='bbox 3549 1728 3635 1780; x_wconf 85' lang='lat' dir='ltr'><strong>di-</strong></span> 
     </span>
    </p>
   </div>
   <div class='ocr_carea' id='block_1_32' title="bbox 2046 1819 3637 1875">
    <p class='ocr_par' dir='ltr' id='par_1_32' title="bbox 2046 1819 3637 1875">
     <span class='ocr_line' id='line_1_32' title="bbox 2046 1819 3637 1875; baseline -0.001 -1"><span class='ocrx_word' id='word_1_216' title='bbox 2046 1835 2173 1875; x_wconf 89' lang='lat' dir='ltr'><strong>cens</strong></span> <span class='ocrx_word' id='word_1_217' title='bbox 2206 1838 2219 1873; x_wconf 89' lang='lat'><strong>:</strong></span> <span class='ocrx_word' id='word_1_218' title='bbox 2254 1820 2319 1874; x_wconf 78' lang='lat' dir='ltr'><strong>Et</strong></span> <span class='ocrx_word' id='word_1_219' title='bbox 2350 1822 2464 1875; x_wconf 88' lang='lat' dir='ltr'><strong>linit</strong></span> <span class='ocrx_word' id='word_1_220' title='bbox 2490 1823 2571 1875; x_wconf 91' lang='lat' dir='ltr'><strong>sol</strong></span> <span class='ocrx_word' id='word_1_221' title='bbox 2603 1835 2816 1875; x_wconf 87' lang='lat' dir='ltr'><strong>cursum</strong></span> <span class='ocrx_word' id='word_1_222' title='bbox 2862 1819 3023 1873; x_wconf 86' lang='lat' dir='ltr'><strong>totius</strong></span> <span class='ocrx_word' id='word_1_223' title='bbox 3063 1819 3187 1873; x_wconf 89' lang='lat' dir='ltr'><strong>anni</strong></span> <span class='ocrx_word' id='word_1_224' title='bbox 3236 1820 3286 1873; x_wconf 90' lang='lat' dir='ltr'><strong>in</strong></span> <span class='ocrx_word' id='word_1_225' title='bbox 3319 1820 3637 1875; x_wconf 89' lang='lat' dir='ltr'><strong>duodecimo</strong></span> 
     </span>
    </p>
   </div>
   <div class='ocr_carea' id='block_1_33' title="bbox 354 1894 3638 1985">
    <p class='ocr_par' dir='ltr' id='par_1_33' title="bbox 354 1894 3638 1985">
     <span class='ocr_line' id='line_1_33' title="bbox 354 1894 3638 1985; baseline -0 -18"><span class='ocrx_word' id='word_1_226' title='bbox 354 1914 672 1982; x_wconf 78' lang='lat' dir='ltr'><strong>regulariter</strong></span> <span class='ocrx_word' id='word_1_227' title='bbox 720 1913 970 1982; x_wconf 82' lang='lat' dir='ltr'><strong>respiciat</strong></span> <span class='ocrx_word' id='word_1_228' title='bbox 1010 1912 1143 1985; x_wconf 78' lang='grc' dir='ltr'><strong>[Αι.,</strong></span> <span class='ocrx_word' id='word_1_229' title='bbox 1177 1912 1436 1984; x_wconf 74' lang='lat' dir='ltr'><strong>respicit],</strong></span> <span class='ocrx_word' id='word_1_230' title='bbox 1473 1912 1687 1966; x_wconf 89' lang='lat' dir='ltr'><strong>attende</strong></span> <span class='ocrx_word' id='word_1_231' title='bbox 1734 1912 1857 1982; x_wconf 91' lang='lat' dir='ltr'><strong>quid</strong></span> <span class='ocrx_word' id='word_1_232' title='bbox 1892 1913 1942 1967; x_wconf 91' lang='lat' dir='ltr'><strong>in</strong></span> <span class='ocrx_word' id='word_1_233' title='bbox 1975 1894 2021 1953; x_wconf 81' lang='grc' dir='ltr'><strong><em>Β</em></strong></span> <span class='ocrx_word' id='word_1_234' title='bbox 2051 1911 2407 1968; x_wconf 80' lang='lat' dir='ltr'><strong>Kalendarum</strong></span> <span class='ocrx_word' id='word_1_235' title='bbox 2456 1913 2740 1981; x_wconf 79' lang='lat' dir='ltr'><strong>Aprilium.</strong></span> <span class='ocrx_word' id='word_1_236' title='bbox 2797 1913 2862 1966; x_wconf 84' lang='lat' dir='ltr'><strong>Et</strong></span> <span class='ocrx_word' id='word_1_237' title='bbox 2910 1927 2977 1966; x_wconf 90' lang='lat' dir='ltr'><strong>ne</strong></span> <span class='ocrx_word' id='word_1_238' title='bbox 3023 1911 3142 1981; x_wconf 89' lang='lat' dir='ltr'><strong>quis</strong></span> <span class='ocrx_word' id='word_1_239' title='bbox 3184 1914 3322 1965; x_wconf 78' lang='lat' dir='ltr'><strong>forte</strong></span> <span class='ocrx_word' id='word_1_240' title='bbox 3349 1912 3638 1967; x_wconf 84' lang='lat' dir='ltr'><strong>contendat</strong></span> 
     </span>
    </p>
   </div>
   <div class='ocr_carea' id='block_1_34' title="bbox 360 2000 1945 2073">
    <p class='ocr_par' dir='ltr' id='par_1_34' title="bbox 360 2000 1945 2073">
     <span class='ocr_line' id='line_1_34' title="bbox 360 2000 1945 2073; baseline 0.001 -17"><span class='ocrx_word' id='word_1_241' title='bbox 360 2003 709 2072; x_wconf 77' lang='lat' dir='ltr'><strong>sequentibus</strong></span> <span class='ocrx_word' id='word_1_242' title='bbox 760 2020 823 2057; x_wconf 86' lang='lat' dir='ltr'><strong>ex</strong></span> <span class='ocrx_word' id='word_1_243' title='bbox 853 2005 1190 2073; x_wconf 86' lang='lat' dir='ltr'><strong>antiquorum</strong></span> <span class='ocrx_word' id='word_1_244' title='bbox 1221 2005 1482 2058; x_wconf 86' lang='lat' dir='ltr'><strong>sententia</strong></span> <span class='ocrx_word' id='word_1_245' title='bbox 1521 2000 1741 2057; x_wconf 88' lang='lat' dir='ltr'><strong>Patrqu</strong></span> <span class='ocrx_word' id='word_1_246' title='bbox 1773 2018 1945 2057; x_wconf 85' lang='lat' dir='ltr'><strong>anno-</strong></span> 
     </span>
    </p>
   </div>
   <div class='ocr_carea' id='block_1_35' title="bbox 363 2093 1946 2168">
    <p class='ocr_par' dir='ltr' id='par_1_35' title="bbox 363 2093 1946 2168">
     <span class='ocr_line' id='line_1_35' title="bbox 363 2093 1946 2168; baseline 0.002 -21"><span class='ocrx_word' id='word_1_247' title='bbox 363 2104 439 2148; x_wconf 89' lang='lat' dir='ltr'><strong>t-at</strong></span> <span class='ocrx_word' id='word_1_248' title='bbox 469 2094 602 2166; x_wconf 81' lang='lat' dir='ltr'><strong>[Al.,</strong></span> <span class='ocrx_word' id='word_1_249' title='bbox 627 2093 925 2166; x_wconf 87' lang='lat' dir='ltr'><strong>adnectat].</strong></span> <span class='ocrx_word' id='word_1_250' title='bbox 954 2096 1084 2149; x_wconf 72' lang='lat' dir='ltr'><strong>Cum</strong></span> <span class='ocrx_word' id='word_1_251' title='bbox 1108 2096 1250 2149; x_wconf 89' lang='lat' dir='ltr'><strong>enim</strong></span> <span class='ocrx_word' id='word_1_252' title='bbox 1282 2096 1389 2148; x_wconf 90' lang='lat' dir='ltr'><strong>sint</strong></span> <span class='ocrx_word' id='word_1_253' title='bbox 1418 2096 1523 2149; x_wconf 91' lang='lat' dir='ltr'><strong>duo</strong></span> <span class='ocrx_word' id='word_1_254' title='bbox 1546 2095 1655 2168; x_wconf 83' lang='lat' dir='ltr'><strong>[AL</strong></span> <span class='ocrx_word' id='word_1_255' title='bbox 1684 2095 1839 2161; x_wconf 84' lang='lat' dir='ltr'><strong>add.,</strong></span> <span class='ocrx_word' id='word_1_256' title='bbox 1873 2096 1946 2150; x_wconf 84' lang='lat' dir='ltr'><strong>itt-</strong></span> 
     </span>
    </p>
   </div>
   <div class='ocr_carea' id='block_1_36' title="bbox 359 2184 1937 2258">
    <p class='ocr_par' dir='ltr' id='par_1_36' title="bbox 359 2184 1937 2258">
     <span class='ocr_line' id='line_1_36' title="bbox 359 2184 1937 2258; baseline 0 -19"><span class='ocrx_word' id='word_1_257' title='bbox 359 2184 498 2258; x_wconf 85' lang='lat' dir='ltr'><strong>quit]</strong></span> <span class='ocrx_word' id='word_1_258' title='bbox 528 2185 852 2256; x_wconf 70' lang='lat' dir='ltr'><strong>aequinoctia</strong></span> <span class='ocrx_word' id='word_1_259' title='bbox 902 2186 1042 2239; x_wconf 92' lang='lat' dir='ltr'><strong>veris</strong></span> <span class='ocrx_word' id='word_1_260' title='bbox 1071 2194 1127 2239; x_wconf 88' lang='lat' dir='ltr'><strong>et</strong></span> <span class='ocrx_word' id='word_1_261' title='bbox 1170 2186 1413 2239; x_wconf 91' lang='lat' dir='ltr'><strong>autumni</strong></span> <span class='ocrx_word' id='word_1_262' title='bbox 1454 2185 1621 2254; x_wconf 67' lang='lat' dir='ltr'><strong>aequis</strong></span> <span class='ocrx_word' id='word_1_263' title='bbox 1649 2186 1832 2254; x_wconf 77' lang='lat' dir='ltr'><strong>Spalils</strong></span> <span class='ocrx_word' id='word_1_264' title='bbox 1860 2186 1937 2239; x_wconf 91' lang='lat' dir='ltr'><strong>di-</strong></span> 
     </span>
    </p>
   </div>
   <div class='ocr_carea' id='block_1_37' title="bbox 362 2277 1945 2348">
    <p class='ocr_par' dir='ltr' id='par_1_37' title="bbox 362 2277 1945 2348">
     <span class='ocr_line' id='line_1_37' title="bbox 362 2277 1945 2348; baseline -0.002 -16"><span class='ocrx_word' id='word_1_265' title='bbox 362 2288 591 2348; x_wconf 86' lang='lat' dir='ltr'><strong>rempta,</strong></span> <span class='ocrx_word' id='word_1_266' title='bbox 641 2288 697 2334; x_wconf 91' lang='lat' dir='ltr'><strong>et</strong></span> <span class='ocrx_word' id='word_1_267' title='bbox 741 2278 955 2333; x_wconf 88' lang='lat' dir='ltr'><strong>decimo</strong></span> <span class='ocrx_word' id='word_1_268' title='bbox 982 2288 1174 2347; x_wconf 87' lang='lat' dir='ltr'><strong>quarto</strong></span> <span class='ocrx_word' id='word_1_269' title='bbox 1202 2278 1289 2332; x_wconf 89' lang='lat' dir='ltr'><strong>die</strong></span> <span class='ocrx_word' id='word_1_270' title='bbox 1318 2278 1474 2347; x_wconf 89' lang='lat' dir='ltr'><strong>primi</strong></span> <span class='ocrx_word' id='word_1_271' title='bbox 1504 2277 1703 2332; x_wconf 88' lang='lat' dir='ltr'><strong>mensis</strong></span> <span class='ocrx_word' id='word_1_272' title='bbox 1731 2277 1800 2331; x_wconf 88' lang='lat' dir='ltr'><strong>sit</strong></span> <span class='ocrx_word' id='word_1_273' title='bbox 1828 2289 1945 2331; x_wconf 89' lang='lat' dir='ltr'><strong>sta-</strong></span> 
     </span>
    </p>
   </div>
   <div class='ocr_carea' id='block_1_38' title="bbox 362 2368 1944 2438">
    <p class='ocr_par' dir='ltr' id='par_1_38' title="bbox 362 2368 1944 2438">
     <span class='ocr_line' id='line_1_38' title="bbox 362 2368 1944 2438; baseline -0.001 -15"><span class='ocrx_word' id='word_1_274' title='bbox 362 2381 471 2425; x_wconf 88' lang='lat' dir='ltr'><strong>tuta</strong></span> <span class='ocrx_word' id='word_1_275' title='bbox 520 2370 830 2425; x_wconf 84' lang='lat' dir='ltr'><strong>solemnitas</strong></span> <span class='ocrx_word' id='word_1_276' title='bbox 883 2379 1001 2438; x_wconf 85' lang='lat' dir='ltr'><strong>post</strong></span> <span class='ocrx_word' id='word_1_277' title='bbox 1057 2385 1357 2437; x_wconf 87' lang='lat' dir='ltr'><strong>vesperam,</strong></span> <span class='ocrx_word' id='word_1_278' title='bbox 1410 2368 1623 2437; x_wconf 86' lang='lat' dir='ltr'><strong>quando</strong></span> <span class='ocrx_word' id='word_1_279' title='bbox 1676 2370 1800 2422; x_wconf 91' lang='lat' dir='ltr'><strong>luna</strong></span> <span class='ocrx_word' id='word_1_280' title='bbox 1843 2368 1944 2422; x_wconf 90' lang='lat' dir='ltr'><strong>soli</strong></span> 
     </span>
    </p>
   </div>
   <div class='ocr_carea' id='block_1_39' title="bbox 361 2459 1946 2532">
    <p class='ocr_par' dir='ltr' id='par_1_39' title="bbox 361 2459 1946 2532">
     <span class='ocr_line' id='line_1_39' title="bbox 361 2459 1946 2532; baseline -0.002 -16"><span class='ocrx_word' id='word_1_281' title='bbox 361 2463 605 2532; x_wconf 89' lang='lat' dir='ltr'><strong>apposita</strong></span> <span class='ocrx_word' id='word_1_282' title='bbox 632 2479 663 2517; x_wconf 90' lang='lat' dir='ltr'><strong>e</strong></span> <span class='ocrx_word' id='word_1_283' title='bbox 690 2463 909 2531; x_wconf 79' lang='lat' dir='ltr'><strong>regione</strong></span> <span class='ocrx_word' id='word_1_284' title='bbox 938 2461 1379 2529; x_wconf 75' lang='lat' dir='ltr'><strong>deprehenditur,</strong></span> <span class='ocrx_word' id='word_1_285' title='bbox 1415 2460 1554 2513; x_wconf 85' lang='lat' dir='ltr'><strong>sicut</strong></span> <span class='ocrx_word' id='word_1_286' title='bbox 1585 2461 1745 2513; x_wconf 87' lang='lat' dir='ltr'><strong>etiam</strong></span> <span class='ocrx_word' id='word_1_287' title='bbox 1776 2459 1946 2513; x_wconf 89' lang='lat' dir='ltr'><strong>oculis</strong></span> 
     </span>
    </p>
   </div>
   <div class='ocr_carea' id='block_1_40' title="bbox 368 2549 1947 2623">
    <p class='ocr_par' dir='ltr' id='par_1_40' title="bbox 368 2549 1947 2623">
     <span class='ocr_line' id='line_1_40' title="bbox 368 2549 1947 2623; baseline -0.002 -16"><span class='ocrx_word' id='word_1_288' title='bbox 368 2554 596 2623; x_wconf 88' lang='lat' dir='ltr'><strong>probare</strong></span> <span class='ocrx_word' id='word_1_289' title='bbox 636 2552 782 2617; x_wconf 90' lang='lat' dir='ltr'><strong>licet,</strong></span> <span class='ocrx_word' id='word_1_290' title='bbox 833 2551 1105 2606; x_wconf 87' lang='lat' dir='ltr'><strong>invenitur</strong></span> <span class='ocrx_word' id='word_1_291' title='bbox 1140 2552 1320 2619; x_wconf 89' lang='lat' dir='ltr'><strong>utique</strong></span> <span class='ocrx_word' id='word_1_292' title='bbox 1363 2550 1595 2604; x_wconf 86' lang='lat' dir='ltr'><strong>vernalis</strong></span> <span class='ocrx_word' id='word_1_293' title='bbox 1641 2549 1947 2620; x_wconf 73' lang='lat' dir='ltr'><strong>aequinoctii</strong></span> 
     </span>
    </p>
   </div>
   <div class='ocr_carea' id='block_1_41' title="bbox 369 2641 1947 2713">
    <p class='ocr_par' dir='ltr' id='par_1_41' title="bbox 369 2641 1947 2713">
     <span class='ocr_line' id='line_1_41' title="bbox 369 2641 1947 2713; baseline -0.002 -16"><span class='ocrx_word' id='word_1_294' title='bbox 369 2653 574 2713; x_wconf 85' lang='lat' dir='ltr'><strong>partem</strong></span> <span class='ocrx_word' id='word_1_295' title='bbox 602 2648 683 2696; x_wconf 90' lang='lat' dir='ltr'><strong>sol</strong></span> <span class='ocrx_word' id='word_1_296' title='bbox 714 2644 985 2710; x_wconf 85' lang='lat' dir='ltr'><strong>obtinens,</strong></span> <span class='ocrx_word' id='word_1_297' title='bbox 1032 2641 1156 2697; x_wconf 91' lang='lat' dir='ltr'><strong>luna</strong></span> <span class='ocrx_word' id='word_1_298' title='bbox 1205 2657 1333 2695; x_wconf 87' lang='lat' dir='ltr'><strong>vero</strong></span> <span class='ocrx_word' id='word_1_299' title='bbox 1356 2657 1387 2695; x_wconf 90' lang='lat' dir='ltr'><strong>e</strong></span> <span class='ocrx_word' id='word_1_300' title='bbox 1417 2652 1688 2695; x_wconf 81' lang='lat' dir='ltr'><strong>contrario</strong></span> <span class='ocrx_word' id='word_1_301' title='bbox 1733 2650 1947 2695; x_wconf 88' lang='lat' dir='ltr'><strong>autum-</strong></span> 
     </span>
    </p>
   </div>
   <div class='ocr_carea' id='block_1_42' title="bbox 361 2736 521 2791">
    <p class='ocr_par' dir='ltr' id='par_1_42' title="bbox 361 2736 521 2791">
     <span class='ocr_line' id='line_1_42' title="bbox 361 2736 521 2791; baseline -0.006 -1"><span class='ocrx_word' id='word_1_302' title='bbox 361 2736 521 2791; x_wconf 89' lang='lat' dir='ltr'><strong>nalis.</strong></span> 
     </span>
    </p>
   </div>
   <div class='ocr_carea' id='block_1_43' title="bbox 434 2824 1949 2896">
    <p class='ocr_par' dir='ltr' id='par_1_43' title="bbox 434 2824 1949 2896">
     <span class='ocr_line' id='line_1_43' title="bbox 434 2824 1949 2896; baseline -0.003 -14"><span class='ocrx_word' id='word_1_303' title='bbox 434 2827 571 2893; x_wconf 80' lang='lat' dir='ltr'><strong>Quid</strong></span> <span class='ocrx_word' id='word_1_304' title='bbox 617 2840 746 2896; x_wconf 78' lang='lat' dir='ltr'><strong>ergo</strong></span> <span class='ocrx_word' id='word_1_305' title='bbox 791 2826 1093 2881; x_wconf 89' lang='lat' dir='ltr'><strong>mirandum</strong></span> <span class='ocrx_word' id='word_1_306' title='bbox 1126 2826 1172 2882; x_wconf 91' lang='lat' dir='ltr'><strong>si</strong></span> <span class='ocrx_word' id='word_1_307' title='bbox 1218 2825 1271 2880; x_wconf 93' lang='lat' dir='ltr'><strong>in</strong></span> <span class='ocrx_word' id='word_1_308' title='bbox 1314 2842 1364 2879; x_wconf 74' lang='grc' dir='ltr'><strong>ιι</strong></span> <span class='ocrx_word' id='word_1_309' title='bbox 1405 2826 1761 2881; x_wconf 80' lang='lat' dir='ltr'><strong>Kalendarum</strong></span> <span class='ocrx_word' id='word_1_310' title='bbox 1792 2824 1949 2895; x_wconf 87' lang='lat' dir='ltr'><strong>Apri-</strong></span> 
     </span>
    </p>
   </div>
   <div class='ocr_carea' id='block_1_44' title="bbox 360 2917 1951 2987">
    <p class='ocr_par' dir='ltr' id='par_1_44' title="bbox 360 2917 1951 2987">
     <span class='ocr_line' id='line_1_44' title="bbox 360 2917 1951 2987; baseline -0.001 -14"><span class='ocrx_word' id='word_1_311' title='bbox 360 2919 494 2973; x_wconf 91' lang='lat' dir='ltr'><strong>lium</strong></span> <span class='ocrx_word' id='word_1_312' title='bbox 540 2917 917 2987; x_wconf 76' lang='lat' dir='ltr'><strong>:equinoctium</strong></span> <span class='ocrx_word' id='word_1_313' title='bbox 966 2917 1082 2972; x_wconf 81' lang='lat' dir='ltr'><strong>ﬁeri</strong></span> <span class='ocrx_word' id='word_1_314' title='bbox 1113 2918 1273 2983; x_wconf 88' lang='lat' dir='ltr'><strong>dicat,</strong></span> <span class='ocrx_word' id='word_1_315' title='bbox 1309 2934 1431 2971; x_wconf 92' lang='lat' dir='ltr'><strong>cum</strong></span> <span class='ocrx_word' id='word_1_316' title='bbox 1462 2919 1529 2971; x_wconf 87' lang='lat' dir='ltr'><strong>de</strong></span> <span class='ocrx_word' id='word_1_317' title='bbox 1575 2918 1661 2971; x_wconf 88' lang='lat' dir='ltr'><strong>illa</strong></span> <span class='ocrx_word' id='word_1_318' title='bbox 1713 2917 1853 2987; x_wconf 85' lang='lat' dir='ltr'><strong>loqui</strong></span> <span class='ocrx_word' id='word_1_319' title='bbox 1891 2932 1951 2972; x_wconf 90' lang='lat' dir='ltr'><strong>se</strong></span> 
     </span>
    </p>
   </div>
   <div class='ocr_carea' id='block_1_45' title="bbox 362 3007 1947 3077">
    <p class='ocr_par' dir='ltr' id='par_1_45' title="bbox 362 3007 1947 3077">
     <span class='ocr_line' id='line_1_45' title="bbox 362 3007 1947 3077; baseline 0 -17"><span class='ocrx_word' id='word_1_320' title='bbox 362 3008 495 3063; x_wconf 81' lang='lat' dir='ltr'><strong>liora</strong></span> <span class='ocrx_word' id='word_1_321' title='bbox 520 3007 781 3074; x_wconf 86' lang='lat' dir='ltr'><strong>declaret,</strong></span> <span class='ocrx_word' id='word_1_322' title='bbox 812 3007 1027 3077; x_wconf 83' lang='lat' dir='ltr'><strong>quando</strong></span> <span class='ocrx_word' id='word_1_323' title='bbox 1070 3007 1355 3062; x_wconf 87' lang='lat' dir='ltr'><strong>occidente</strong></span> <span class='ocrx_word' id='word_1_324' title='bbox 1395 3011 1457 3060; x_wconf 89' lang='lat' dir='ltr'><strong>ad</strong></span> <span class='ocrx_word' id='word_1_325' title='bbox 1492 3023 1767 3077; x_wconf 87' lang='lat' dir='ltr'><strong>vesperam</strong></span> <span class='ocrx_word' id='word_1_326' title='bbox 1810 3007 1947 3073; x_wconf 89' lang='lat' dir='ltr'><strong>sole,</strong></span> 
     </span>
    </p>
   </div>
   <div class='ocr_carea' id='block_1_46' title="bbox 361 3096 1949 3170">
    <p class='ocr_par' dir='ltr' id='par_1_46' title="bbox 361 3096 1949 3170">
     <span class='ocr_line' id='line_1_46' title="bbox 361 3096 1949 3170; baseline -0.001 -19"><span class='ocrx_word' id='word_1_327' title='bbox 361 3100 483 3152; x_wconf 89' lang='lat' dir='ltr'><strong>luna</strong></span> <span class='ocrx_word' id='word_1_328' title='bbox 511 3113 543 3152; x_wconf 91' lang='lat' dir='ltr'><strong>e</strong></span> <span class='ocrx_word' id='word_1_329' title='bbox 574 3099 843 3153; x_wconf 88' lang='lat' dir='ltr'><strong>contrario</strong></span> <span class='ocrx_word' id='word_1_330' title='bbox 872 3113 1028 3153; x_wconf 91' lang='lat' dir='ltr'><strong>suum</strong></span> <span class='ocrx_word' id='word_1_331' title='bbox 1073 3097 1271 3151; x_wconf 85' lang='lat' dir='ltr'><strong>attollit</strong></span> <span class='ocrx_word' id='word_1_332' title='bbox 1312 3110 1554 3151; x_wconf 88' lang='lat' dir='ltr'><strong>exortum</strong></span> <span class='ocrx_word' id='word_1_333' title='bbox 1584 3096 1692 3170; x_wconf 73' lang='lat' dir='ltr'><strong>[AL</strong></span> <span class='ocrx_word' id='word_1_334' title='bbox 1723 3114 1826 3151; x_wconf 80' lang='lat' dir='ltr'><strong>aut.</strong></span> <span class='ocrx_word' id='word_1_335' title='bbox 1856 3112 1949 3152; x_wconf 80' lang='lat' dir='ltr'><strong>ex-</strong></span> 
     </span>
    </p>
   </div>
   <div class='ocr_carea' id='block_1_47' title="bbox 360 3186 1948 3260">
    <p class='ocr_par' dir='ltr' id='par_1_47' title="bbox 360 3186 1948 3260">
     <span class='ocr_line' id='line_1_47' title="bbox 360 3186 1948 3260; baseline -0.002 -17"><span class='ocrx_word' id='word_1_336' title='bbox 360 3186 594 3260; x_wconf 85' lang='lat' dir='ltr'><strong>ortum].</strong></span> <span class='ocrx_word' id='word_1_337' title='bbox 655 3187 752 3243; x_wconf 89' lang='lat' dir='ltr'><strong>Ubi</strong></span> <span class='ocrx_word' id='word_1_338' title='bbox 805 3188 1004 3255; x_wconf 87' lang='lat' dir='ltr'><strong>pariter</strong></span> <span class='ocrx_word' id='word_1_339' title='bbox 1060 3188 1372 3243; x_wconf 89' lang='lat' dir='ltr'><strong>intuendum</strong></span> <span class='ocrx_word' id='word_1_340' title='bbox 1426 3190 1565 3258; x_wconf 90' lang='lat' dir='ltr'><strong>quod</strong></span> <span class='ocrx_word' id='word_1_341' title='bbox 1623 3188 1948 3255; x_wconf 76' lang='lat' dir='ltr'><strong>a-quiuoctia</strong></span> 
     </span>
    </p>
   </div>
   <div class='ocr_carea' id='block_1_48' title="bbox 361 3274 1944 3350">
    <p class='ocr_par' dir='ltr' id='par_1_48' title="bbox 361 3274 1944 3350">
     <span class='ocr_line' id='line_1_48' title="bbox 361 3274 1944 3350; baseline 0 -16"><span class='ocrx_word' id='word_1_342' title='bbox 361 3284 510 3335; x_wconf 80' lang='lat' dir='ltr'><strong>veris</strong></span> <span class='ocrx_word' id='word_1_343' title='bbox 540 3292 594 3335; x_wconf 89' lang='lat' dir='ltr'><strong>et</strong></span> <span class='ocrx_word' id='word_1_344' title='bbox 637 3282 876 3334; x_wconf 90' lang='lat' dir='ltr'><strong>autumni</strong></span> <span class='ocrx_word' id='word_1_345' title='bbox 927 3274 1094 3350; x_wconf 68' lang='lat' dir='ltr'><strong>aequis</strong></span> <span class='ocrx_word' id='word_1_346' title='bbox 1133 3280 1320 3348; x_wconf 80' lang='lat' dir='ltr'><strong>Spatiis</strong></span> <span class='ocrx_word' id='word_1_347' title='bbox 1350 3282 1483 3334; x_wconf 84' lang='lat' dir='ltr'><strong>dixit</strong></span> <span class='ocrx_word' id='word_1_348' title='bbox 1511 3295 1629 3335; x_wconf 88' lang='lat' dir='ltr'><strong>esse</strong></span> <span class='ocrx_word' id='word_1_349' title='bbox 1658 3280 1944 3348; x_wconf 86' lang='lat' dir='ltr'><strong>dirempta.</strong></span> 
     </span>
    </p>
   </div>
   <div class='ocr_carea' id='block_1_49' title="bbox 364 3370 1950 3441">
    <p class='ocr_par' dir='ltr' id='par_1_49' title="bbox 364 3370 1950 3441">
     <span class='ocr_line' id='line_1_49' title="bbox 364 3370 1950 3441; baseline 0 -16"><span class='ocrx_word' id='word_1_350' title='bbox 364 3372 430 3425; x_wconf 77' lang='lat' dir='ltr'><strong>Et</strong></span> <span class='ocrx_word' id='word_1_351' title='bbox 460 3371 582 3426; x_wconf 88' lang='lat' dir='ltr'><strong>ittdc</strong></span> <span class='ocrx_word' id='word_1_352' title='bbox 611 3370 969 3441; x_wconf 87' lang='lat' dir='ltr'><strong>colligendum</strong></span> <span class='ocrx_word' id='word_1_353' title='bbox 1011 3373 1154 3441; x_wconf 91' lang='lat' dir='ltr'><strong>quod</strong></span> <span class='ocrx_word' id='word_1_354' title='bbox 1206 3373 1275 3427; x_wconf 90' lang='lat' dir='ltr'><strong>ab</strong></span> <span class='ocrx_word' id='word_1_355' title='bbox 1321 3371 1642 3440; x_wconf 61' lang='lat' dir='ltr'><strong>avqninoctio</strong></span> <span class='ocrx_word' id='word_1_356' title='bbox 1672 3370 1736 3423; x_wconf 90' lang='lat' dir='ltr'><strong>ad</strong></span> <span class='ocrx_word' id='word_1_357' title='bbox 1780 3372 1950 3438; x_wconf 73' lang='lat' dir='ltr'><strong>requi-</strong></span> 
     </span>
    </p>
   </div>
   <div class='ocr_carea' id='block_1_50' title="bbox 362 3458 1949 3535">
    <p class='ocr_par' dir='ltr' id='par_1_50' title="bbox 362 3458 1949 3535">
     <span class='ocr_line' id='line_1_50' title="bbox 362 3458 1949 3535; baseline -0.003 -17"><span class='ocrx_word' id='word_1_358' title='bbox 362 3467 596 3519; x_wconf 89' lang='lat' dir='ltr'><strong>noctium</strong></span> <span class='ocrx_word' id='word_1_359' title='bbox 628 3465 901 3519; x_wconf 90' lang='lat' dir='ltr'><strong>dimidium</strong></span> <span class='ocrx_word' id='word_1_360' title='bbox 923 3465 1046 3519; x_wconf 86' lang='lat' dir='ltr'><strong>anui</strong></span> <span class='ocrx_word' id='word_1_361' title='bbox 1086 3463 1220 3535; x_wconf 80' lang='lat' dir='ltr'><strong>[AL,</strong></span> <span class='ocrx_word' id='word_1_362' title='bbox 1248 3463 1520 3516; x_wconf 88' lang='lat' dir='ltr'><strong>dimidiam</strong></span> <span class='ocrx_word' id='word_1_363' title='bbox 1565 3462 1689 3515; x_wconf 92' lang='lat' dir='ltr'><strong>anni</strong></span> <span class='ocrx_word' id='word_1_364' title='bbox 1723 3458 1949 3531; x_wconf 82' lang='lat' dir='ltr'><strong>partem]</strong></span> 
     </span>
    </p>
   </div>
   <div class='ocr_carea' id='block_1_51' title="bbox 359 3554 1951 3628">
    <p class='ocr_par' dir='ltr' id='par_1_51' title="bbox 359 3554 1951 3628">
     <span class='ocr_line' id='line_1_51' title="bbox 359 3554 1951 3628; baseline -0.003 -15"><span class='ocrx_word' id='word_1_365' title='bbox 359 3570 673 3628; x_wconf 87' lang='lat' dir='ltr'><strong>computare</strong></span> <span class='ocrx_word' id='word_1_366' title='bbox 718 3558 1040 3623; x_wconf 83' lang='lat' dir='ltr'><strong>debeamus,</strong></span> <span class='ocrx_word' id='word_1_367' title='bbox 1090 3567 1251 3626; x_wconf 88' lang='lat' dir='ltr'><strong>atque</strong></span> <span class='ocrx_word' id='word_1_368' title='bbox 1293 3556 1600 3610; x_wconf 89' lang='lat' dir='ltr'><strong>autumnale</strong></span> <span class='ocrx_word' id='word_1_369' title='bbox 1636 3554 1951 3609; x_wconf 86' lang='lat' dir='ltr'><strong>duodecimo</strong></span> 
     </span>
    </p>
   </div>
   <div class='ocr_carea' id='block_1_52' title="bbox 363 3646 1946 3723">
    <p class='ocr_par' dir='ltr' id='par_1_52' title="bbox 363 3646 1946 3723">
     <span class='ocr_line' id='line_1_52' title="bbox 363 3646 1946 3723; baseline -0.002 -20"><span class='ocrx_word' id='word_1_370' title='bbox 363 3649 495 3723; x_wconf 82' lang='grc' dir='ltr'><strong>[Αι.,</strong></span> <span class='ocrx_word' id='word_1_371' title='bbox 525 3650 732 3703; x_wconf 90' lang='lat' dir='ltr'><strong>decimo</strong></span> <span class='ocrx_word' id='word_1_372' title='bbox 776 3646 955 3719; x_wconf 86' lang='lat' dir='ltr'><strong>tertio]</strong></span> <span class='ocrx_word' id='word_1_373' title='bbox 986 3648 1341 3702; x_wconf 80' lang='lat' dir='ltr'><strong>Kalendarum</strong></span> <span class='ocrx_word' id='word_1_374' title='bbox 1381 3647 1624 3701; x_wconf 85' lang='lat' dir='ltr'><strong>Octobris</strong></span> <span class='ocrx_word' id='word_1_375' title='bbox 1670 3653 1946 3711; x_wconf 87' lang='lat' dir='ltr'><strong>annotare,</strong></span> 
     </span>
    </p>
   </div>
   <div class='ocr_carea' id='block_1_53' title="bbox 362 3734 1948 3810">
    <p class='ocr_par' dir='ltr' id='par_1_53' title="bbox 362 3734 1948 3810">
     <span class='ocr_line' id='line_1_53' title="bbox 362 3734 1948 3810; baseline -0.001 -16"><span class='ocrx_word' id='word_1_376' title='bbox 362 3753 600 3809; x_wconf 89' lang='lat' dir='ltr'><strong>centum,</strong></span> <span class='ocrx_word' id='word_1_377' title='bbox 616 3740 877 3806; x_wconf 87' lang='lat' dir='ltr'><strong>videlicet,</strong></span> <span class='ocrx_word' id='word_1_378' title='bbox 894 3748 949 3792; x_wconf 89' lang='lat' dir='ltr'><strong>et</strong></span> <span class='ocrx_word' id='word_1_379' title='bbox 968 3739 1232 3809; x_wconf 84' lang='lat' dir='ltr'><strong>octoginta</strong></span> <span class='ocrx_word' id='word_1_380' title='bbox 1251 3740 1456 3792; x_wconf 85' lang='lat' dir='ltr'><strong>duobus</strong></span> <span class='ocrx_word' id='word_1_381' title='bbox 1474 3738 1580 3810; x_wconf 83' lang='lat' dir='ltr'><strong>[AL</strong></span> <span class='ocrx_word' id='word_1_382' title='bbox 1595 3754 1699 3793; x_wconf 86' lang='lat' dir='ltr'><strong>aut.</strong></span> <span class='ocrx_word' id='word_1_383' title='bbox 1720 3734 1948 3808; x_wconf 87' lang='lat' dir='ltr'><strong>duobus]</strong></span> 
     </span>
    </p>
   </div>
   <div class='ocr_carea' id='block_1_54' title="bbox 363 3829 1947 3898">
    <p class='ocr_par' dir='ltr' id='par_1_54' title="bbox 363 3829 1947 3898">
     <span class='ocr_line' id='line_1_54' title="bbox 363 3829 1947 3898; baseline -0.003 -10"><span class='ocrx_word' id='word_1_384' title='bbox 363 3831 553 3888; x_wconf 90' lang='lat' dir='ltr'><strong>diebus</strong></span> <span class='ocrx_word' id='word_1_385' title='bbox 580 3847 610 3886; x_wconf 91' lang='lat' dir='ltr'><strong>a</strong></span> <span class='ocrx_word' id='word_1_386' title='bbox 658 3833 859 3886; x_wconf 88' lang='lat' dir='ltr'><strong>vernali</strong></span> <span class='ocrx_word' id='word_1_387' title='bbox 891 3832 1206 3886; x_wconf 88' lang='lat' dir='ltr'><strong>discretum.</strong></span> <span class='ocrx_word' id='word_1_388' title='bbox 1252 3832 1402 3898; x_wconf 84' lang='lat' dir='ltr'><strong>Quod</strong></span> <span class='ocrx_word' id='word_1_389' title='bbox 1449 3847 1568 3886; x_wconf 85' lang='lat' dir='ltr'><strong>esse</strong></span> <span class='ocrx_word' id='word_1_390' title='bbox 1611 3829 1947 3886; x_wconf 85' lang='lat' dir='ltr'><strong>verissimum</strong></span> 
     </span>
    </p>
   </div>
   <div class='ocr_carea' id='block_1_55' title="bbox 363 3921 1949 3993">
    <p class='ocr_par' dir='ltr' id='par_1_55' title="bbox 363 3921 1949 3993">
     <span class='ocr_line' id='line_1_55' title="bbox 363 3921 1949 3993; baseline -0.001 -18"><span class='ocrx_word' id='word_1_391' title='bbox 363 3924 524 3976; x_wconf 87' lang='lat' dir='ltr'><strong>etiam</strong></span> <span class='ocrx_word' id='word_1_392' title='bbox 552 3922 857 3993; x_wconf 87' lang='lat' dir='ltr'><strong>horologica</strong></span> <span class='ocrx_word' id='word_1_393' title='bbox 888 3921 1047 3976; x_wconf 88' lang='lat' dir='ltr'><strong>docet</strong></span> <span class='ocrx_word' id='word_1_394' title='bbox 1077 3922 1358 3991; x_wconf 82' lang='lat' dir='ltr'><strong>inspectio,</strong></span> <span class='ocrx_word' id='word_1_395' title='bbox 1394 3923 1624 3975; x_wconf 80' lang='lat' dir='ltr'><strong>maxime</strong></span> <span class='ocrx_word' id='word_1_396' title='bbox 1653 3936 1777 3974; x_wconf 91' lang='lat' dir='ltr'><strong>cum</strong></span> <span class='ocrx_word' id='word_1_397' title='bbox 1814 3922 1949 3973; x_wconf 84' lang='lat' dir='ltr'><strong>hanc</strong></span> 
     </span>
    </p>
   </div>
   <div class='ocr_carea' id='block_1_56' title="bbox 364 4013 1950 4086">
    <p class='ocr_par' dir='ltr' id='par_1_56' title="bbox 364 4013 1950 4086">
     <span class='ocr_line' id='line_1_56' title="bbox 364 4013 1950 4086; baseline -0.001 -19"><span class='ocrx_word' id='word_1_398' title='bbox 364 4013 724 4083; x_wconf 63' lang='lat' dir='ltr'><strong>aequissimam</strong></span> <span class='ocrx_word' id='word_1_399' title='bbox 765 4016 889 4069; x_wconf 89' lang='lat' dir='ltr'><strong>anni</strong></span> <span class='ocrx_word' id='word_1_400' title='bbox 936 4016 1075 4068; x_wconf 90' lang='lat' dir='ltr'><strong>inter</strong></span> <span class='ocrx_word' id='word_1_401' title='bbox 1123 4016 1559 4083; x_wconf 72' lang='lat' dir='ltr'><strong>acquinoctiorunt</strong></span> <span class='ocrx_word' id='word_1_402' title='bbox 1606 4014 1736 4086; x_wconf 52' lang='grc' dir='ltr'><strong>μα,</strong></span> <span class='ocrx_word' id='word_1_403' title='bbox 1783 4014 1950 4081; x_wconf 70' lang='lat' dir='ltr'><strong>acqui-</strong></span> 
     </span>
    </p>
   </div>
   <div class='ocr_carea' id='block_1_57' title="bbox 365 4104 1949 4178">
    <p class='ocr_par' dir='ltr' id='par_1_57' title="bbox 365 4104 1949 4178">
     <span class='ocr_line' id='line_1_57' title="bbox 365 4104 1949 4178; baseline -0.001 -18"><span class='ocrx_word' id='word_1_404' title='bbox 365 4104 689 4178; x_wconf 87' lang='lat' dir='ltr'><strong>noctiarum]</strong></span> <span class='ocrx_word' id='word_1_405' title='bbox 736 4107 1148 4176; x_wconf 85' lang='lat' dir='ltr'><strong>diremptionem</strong></span> <span class='ocrx_word' id='word_1_406' title='bbox 1198 4106 1551 4177; x_wconf 82' lang='lat' dir='ltr'><strong>antiquissimi</strong></span> <span class='ocrx_word' id='word_1_407' title='bbox 1600 4117 1654 4162; x_wconf 88' lang='lat' dir='ltr'><strong>et</strong></span> <span class='ocrx_word' id='word_1_408' title='bbox 1698 4106 1949 4161; x_wconf 86' lang='lat' dir='ltr'><strong>eruditis-</strong></span> 
     </span>
    </p>
   </div>
   <div class='ocr_carea' id='block_1_58' title="bbox 364 4195 1950 4267">
    <p class='ocr_par' dir='ltr' id='par_1_58' title="bbox 364 4195 1950 4267">
     <span class='ocr_line' id='line_1_58' title="bbox 364 4195 1950 4267; baseline 0.002 -19"><span class='ocrx_word' id='word_1_409' title='bbox 364 4195 487 4249; x_wconf 87' lang='lat' dir='ltr'><strong>simi</strong></span> <span class='ocrx_word' id='word_1_410' title='bbox 516 4197 752 4252; x_wconf 88' lang='lat' dir='ltr'><strong>doctoris</strong></span> <span class='ocrx_word' id='word_1_411' title='bbox 781 4199 1070 4253; x_wconf 89' lang='lat' dir='ltr'><strong>Aristobuli</strong></span> <span class='ocrx_word' id='word_1_412' title='bbox 1108 4201 1285 4253; x_wconf 81' lang='lat' dir='ltr'><strong>verbis</strong></span> <span class='ocrx_word' id='word_1_413' title='bbox 1311 4207 1539 4263; x_wconf 83' lang='lat' dir='ltr'><strong>astruat,</strong></span> <span class='ocrx_word' id='word_1_414' title='bbox 1566 4200 1654 4267; x_wconf 89' lang='lat' dir='ltr'><strong>qui</strong></span> <span class='ocrx_word' id='word_1_415' title='bbox 1688 4199 1787 4252; x_wconf 81' lang='lat' dir='ltr'><strong>fuit</strong></span> <span class='ocrx_word' id='word_1_416' title='bbox 1815 4213 1950 4252; x_wconf 90' lang='lat' dir='ltr'><strong>unus</strong></span> 
     </span>
    </p>
   </div>
   <div class='ocr_carea' id='block_1_59' title="bbox 364 4287 1950 4362">
    <p class='ocr_par' dir='ltr' id='par_1_59' title="bbox 364 4287 1950 4362">
     <span class='ocr_line' id='line_1_59' title="bbox 364 4287 1950 4362; baseline 0.001 -20"><span class='ocrx_word' id='word_1_417' title='bbox 364 4303 433 4342; x_wconf 81' lang='lat' dir='ltr'><strong>ex</strong></span> <span class='ocrx_word' id='word_1_418' title='bbox 462 4287 566 4342; x_wconf 86' lang='lat' dir='ltr'><strong>illis</strong></span> <span class='ocrx_word' id='word_1_419' title='bbox 597 4288 736 4343; x_wconf 75' lang='lat' dir='ltr'><strong>LXX</strong></span> <span class='ocrx_word' id='word_1_420' title='bbox 766 4290 1061 4346; x_wconf 88' lang='lat' dir='ltr'><strong>illustribus</strong></span> <span class='ocrx_word' id='word_1_421' title='bbox 1089 4291 1381 4362; x_wconf 69' lang='lat' dir='ltr'><strong>Scriptura:</strong></span> <span class='ocrx_word' id='word_1_422' title='bbox 1426 4307 1592 4345; x_wconf 72' lang='lat' dir='ltr'><strong>sacra:</strong></span> <span class='ocrx_word' id='word_1_423' title='bbox 1643 4292 1950 4360; x_wconf 88' lang='lat' dir='ltr'><strong>interpreti-</strong></span> 
     </span>
    </p>
   </div>
   <div class='ocr_carea' id='block_1_60' title="bbox 365 4381 1947 4454">
    <p class='ocr_par' dir='ltr' id='par_1_60' title="bbox 365 4381 1947 4454">
     <span class='ocr_line' id='line_1_60' title="bbox 365 4381 1947 4454; baseline 0.004 -21"><span class='ocrx_word' id='word_1_424' title='bbox 365 4381 486 4435; x_wconf 85' lang='lat' dir='ltr'><strong>bus.</strong></span> <span class='ocrx_word' id='word_1_425' title='bbox 519 4382 667 4448; x_wconf 85' lang='lat' dir='ltr'><strong>Quod</strong></span> <span class='ocrx_word' id='word_1_426' title='bbox 700 4394 879 4437; x_wconf 84' lang='lat' dir='ltr'><strong>autem</strong></span> <span class='ocrx_word' id='word_1_427' title='bbox 910 4382 1056 4439; x_wconf 86' lang='lat' dir='ltr'><strong>idem</strong></span> <span class='ocrx_word' id='word_1_428' title='bbox 1092 4383 1164 4438; x_wconf 91' lang='lat' dir='ltr'><strong>ait</strong></span> <span class='ocrx_word' id='word_1_429' title='bbox 1203 4385 1499 4449; x_wconf 79' lang='lat' dir='ltr'><strong>Anatolius,</strong></span> <span class='ocrx_word' id='word_1_430' title='bbox 1531 4384 1586 4439; x_wconf 89' lang='lat' dir='ltr'><strong>ltt</strong></span> <span class='ocrx_word' id='word_1_431' title='bbox 1617 4402 1719 4454; x_wconf 88' lang='lat' dir='ltr'><strong>qua</strong></span> <span class='ocrx_word' id='word_1_432' title='bbox 1750 4385 1837 4439; x_wconf 90' lang='lat' dir='ltr'><strong>die</strong></span> <span class='ocrx_word' id='word_1_433' title='bbox 1863 4386 1947 4439; x_wconf 84' lang='lat' dir='ltr'><strong>in-</strong></span> 
     </span>
    </p>
   </div>
   <div class='ocr_carea' id='block_1_61' title="bbox 368 4472 1944 4544">
    <p class='ocr_par' dir='ltr' id='par_1_61' title="bbox 368 4472 1944 4544">
     <span class='ocr_line' id='line_1_61' title="bbox 368 4472 1944 4544; baseline 0.003 -20"><span class='ocrx_word' id='word_1_434' title='bbox 368 4472 579 4525; x_wconf 86' lang='lat' dir='ltr'><strong>venitur</strong></span> <span class='ocrx_word' id='word_1_435' title='bbox 602 4474 704 4537; x_wconf 83' lang='lat' dir='ltr'><strong>Sui,</strong></span> <span class='ocrx_word' id='word_1_436' title='bbox 731 4490 834 4526; x_wconf 91' lang='lat' dir='ltr'><strong>non</strong></span> <span class='ocrx_word' id='word_1_437' title='bbox 864 4474 1036 4528; x_wconf 91' lang='lat' dir='ltr'><strong>solum</strong></span> <span class='ocrx_word' id='word_1_438' title='bbox 1065 4474 1443 4530; x_wconf 88' lang='lat' dir='ltr'><strong>conscendisse</strong></span> <span class='ocrx_word' id='word_1_439' title='bbox 1469 4476 1690 4544; x_wconf 89' lang='lat' dir='ltr'><strong>primam</strong></span> <span class='ocrx_word' id='word_1_440' title='bbox 1719 4488 1944 4544; x_wconf 87' lang='lat' dir='ltr'><strong>partetn,</strong></span> 
     </span>
    </p>
   </div>
   <div class='ocr_carea' id='block_1_62' title="bbox 2048 2003 3638 2072">
    <p class='ocr_par' dir='ltr' id='par_1_62' title="bbox 2048 2003 3638 2072">
     <span class='ocr_line' id='line_1_62' title="bbox 2048 2003 3638 2072; baseline 0.001 -15"><span class='ocrx_word' id='word_1_441' title='bbox 2048 2003 2100 2057; x_wconf 89' lang='lat' dir='ltr'><strong>itt</strong></span> <span class='ocrx_word' id='word_1_442' title='bbox 2144 2004 2244 2057; x_wconf 83' lang='lat' dir='ltr'><strong>hac</strong></span> <span class='ocrx_word' id='word_1_443' title='bbox 2286 2004 2514 2057; x_wconf 83' lang='lat' dir='ltr'><strong>Anatolii</strong></span> <span class='ocrx_word' id='word_1_444' title='bbox 2562 2004 2848 2064; x_wconf 88' lang='lat' dir='ltr'><strong>sententia.</strong></span> <span class='ocrx_word' id='word_1_445' title='bbox 2883 2003 2984 2057; x_wconf 88' lang='lat' dir='ltr'><strong>hoc</strong></span> <span class='ocrx_word' id='word_1_446' title='bbox 3014 2006 3154 2072; x_wconf 90' lang='lat' dir='ltr'><strong>quod</strong></span> <span class='ocrx_word' id='word_1_447' title='bbox 3187 2005 3299 2072; x_wconf 88' lang='lat' dir='ltr'><strong>ipse</strong></span> <span class='ocrx_word' id='word_1_448' title='bbox 3331 2005 3499 2059; x_wconf 89' lang='lat' dir='ltr'><strong>sensit</strong></span> <span class='ocrx_word' id='word_1_449' title='bbox 3539 2020 3638 2059; x_wconf 89' lang='lat' dir='ltr'><strong>nos</strong></span> 
     </span>
    </p>
   </div>
   <div class='ocr_carea' id='block_1_63' title="bbox 2048 2093 3636 2163">
    <p class='ocr_par' dir='ltr' id='par_1_63' title="bbox 2048 2093 3636 2163">
     <span class='ocr_line' id='line_1_63' title="bbox 2048 2093 3636 2163; baseline -0.001 -15"><span class='ocrx_word' id='word_1_450' title='bbox 2048 2094 2347 2162; x_wconf 74' lang='lat' dir='ltr'><strong>intelligere</strong></span> <span class='ocrx_word' id='word_1_451' title='bbox 2379 2108 2482 2147; x_wconf 91' lang='lat' dir='ltr'><strong>non</strong></span> <span class='ocrx_word' id='word_1_452' title='bbox 2519 2095 2776 2159; x_wconf 83' lang='lat' dir='ltr'><strong>potuisse,</strong></span> <span class='ocrx_word' id='word_1_453' title='bbox 2810 2093 2939 2147; x_wconf 85' lang='lat' dir='ltr'><strong>libet</strong></span> <span class='ocrx_word' id='word_1_454' title='bbox 2972 2095 3152 2161; x_wconf 87' lang='lat' dir='ltr'><strong>paucis</strong></span> <span class='ocrx_word' id='word_1_455' title='bbox 3191 2107 3480 2149; x_wconf 88' lang='lat' dir='ltr'><strong>auuectere</strong></span> <span class='ocrx_word' id='word_1_456' title='bbox 3518 2111 3636 2163; x_wconf 73' lang='lat' dir='ltr'><strong>qua:</strong></span> 
     </span>
    </p>
   </div>
   <div class='ocr_carea' id='block_1_64' title="bbox 2047 2185 3636 2255">
    <p class='ocr_par' dir='ltr' id='par_1_64' title="bbox 2047 2185 3636 2255">
     <span class='ocr_line' id='line_1_64' title="bbox 2047 2185 3636 2255; baseline 0 -16"><span class='ocrx_word' id='word_1_457' title='bbox 2047 2186 2114 2241; x_wconf 89' lang='lat' dir='ltr'><strong>de</strong></span> <span class='ocrx_word' id='word_1_458' title='bbox 2166 2186 2351 2239; x_wconf 81' lang='lat' dir='ltr'><strong>iisdem</strong></span> <span class='ocrx_word' id='word_1_459' title='bbox 2403 2186 2640 2255; x_wconf 82' lang='lat' dir='ltr'><strong>partibus</strong></span> <span class='ocrx_word' id='word_1_460' title='bbox 2686 2192 2741 2239; x_wconf 88' lang='lat' dir='ltr'><strong>ct</strong></span> <span class='ocrx_word' id='word_1_461' title='bbox 2786 2185 3106 2254; x_wconf 69' lang='lat' dir='ltr'><strong>acquinoctio</strong></span> <span class='ocrx_word' id='word_1_462' title='bbox 3161 2186 3241 2239; x_wconf 90' lang='lat' dir='ltr'><strong>vir</strong></span> <span class='ocrx_word' id='word_1_463' title='bbox 3292 2185 3636 2241; x_wconf 90' lang='lat' dir='ltr'><strong>doctissimus</strong></span> 
     </span>
    </p>
   </div>
   <div class='ocr_carea' id='block_1_65' title="bbox 2050 2276 3634 2350">
    <p class='ocr_par' dir='ltr' id='par_1_65' title="bbox 2050 2276 3634 2350">
     <span class='ocr_line' id='line_1_65' title="bbox 2050 2276 3634 2350; baseline -0.001 -19"><span class='ocrx_word' id='word_1_464' title='bbox 2050 2277 2232 2331; x_wconf 81' lang='lat' dir='ltr'><strong>Victor</strong></span> <span class='ocrx_word' id='word_1_465' title='bbox 2279 2278 2547 2344; x_wconf 69' lang='lat' dir='ltr'><strong>Capuanae</strong></span> <span class='ocrx_word' id='word_1_466' title='bbox 2615 2276 2763 2331; x_wconf 80' lang='lat' dir='ltr'><strong>urbis</strong></span> <span class='ocrx_word' id='word_1_467' title='bbox 2805 2280 3030 2332; x_wconf 88' lang='lat' dir='ltr'><strong>antistes</strong></span> <span class='ocrx_word' id='word_1_468' title='bbox 3085 2276 3427 2331; x_wconf 82' lang='lat' dir='ltr'><strong>describebat</strong></span> <span class='ocrx_word' id='word_1_469' title='bbox 3484 2276 3585 2350; x_wconf 81' lang='lat' dir='ltr'><strong>[At</strong></span> <span class='ocrx_word' id='word_1_470' title='bbox 3619 2317 3634 2335; x_wconf 87' lang='lat'><strong>.</strong></span> 
     </span>
    </p>
   </div>
   <div class='ocr_carea' id='block_1_66' title="bbox 2046 2364 3636 2437">
    <p class='ocr_par' dir='ltr' id='par_1_66' title="bbox 2046 2364 3636 2437">
     <span class='ocr_line' id='line_1_66' title="bbox 2046 2364 3636 2437; baseline -0.001 -16"><span class='ocrx_word' id='word_1_471' title='bbox 2046 2364 2268 2437; x_wconf 89' lang='lat' dir='ltr'><strong>scribat]</strong></span> <span class='ocrx_word' id='word_1_472' title='bbox 2308 2385 2319 2419; x_wconf 89' lang='lat'>:</span> <span class='ocrx_word' id='word_1_473' title='bbox 2359 2385 2377 2419; x_wconf 77' lang='grc' dir='ltr'><strong>σ</strong></span> <span class='ocrx_word' id='word_1_474' title='bbox 2413 2367 2686 2434; x_wconf 66' lang='grc' dir='ltr'><strong>(ὲωξεειίε,</strong></span> <span class='ocrx_word' id='word_1_475' title='bbox 2730 2368 2921 2435; x_wconf 89' lang='lat' dir='ltr'><strong>inquit,</strong></span> <span class='ocrx_word' id='word_1_476' title='bbox 2951 2366 3203 2429; x_wconf 89' lang='lat' dir='ltr'><strong>circulus.</strong></span> <span class='ocrx_word' id='word_1_477' title='bbox 3235 2381 3328 2436; x_wconf 92' lang='lat' dir='ltr'><strong>per</strong></span> <span class='ocrx_word' id='word_1_478' title='bbox 3357 2382 3514 2435; x_wconf 86' lang='lat' dir='ltr'><strong>quem</strong></span> <span class='ocrx_word' id='word_1_479' title='bbox 3556 2368 3636 2419; x_wconf 89' lang='lat' dir='ltr'><strong>sol</strong></span> 
     </span>
    </p>
   </div>
   <div class='ocr_carea' id='block_1_67' title="bbox 2047 2460 3637 2530">
    <p class='ocr_par' dir='ltr' id='par_1_67' title="bbox 2047 2460 3637 2530">
     <span class='ocr_line' id='line_1_67' title="bbox 2047 2460 3637 2530; baseline -0.001 -15"><span class='ocrx_word' id='word_1_480' title='bbox 2047 2470 2101 2517; x_wconf 90' lang='lat' dir='ltr'><strong>et</strong></span> <span class='ocrx_word' id='word_1_481' title='bbox 2131 2462 2253 2515; x_wconf 89' lang='lat' dir='ltr'><strong>luna</strong></span> <span class='ocrx_word' id='word_1_482' title='bbox 2296 2470 2352 2514; x_wconf 88' lang='lat' dir='ltr'><strong>et</strong></span> <span class='ocrx_word' id='word_1_483' title='bbox 2392 2462 2584 2526; x_wconf 74' lang='lat' dir='ltr'><strong>stellae,</strong></span> <span class='ocrx_word' id='word_1_484' title='bbox 2632 2476 2752 2530; x_wconf 81' lang='lat' dir='ltr'><strong>quae</strong></span> <span class='ocrx_word' id='word_1_485' title='bbox 2803 2463 3029 2529; x_wconf 77' lang='lat' dir='ltr'><strong>planeta:</strong></span> <span class='ocrx_word' id='word_1_486' title='bbox 3068 2460 3426 2528; x_wconf 87' lang='lat' dir='ltr'><strong>appellantur,</strong></span> <span class='ocrx_word' id='word_1_487' title='bbox 3452 2470 3637 2514; x_wconf 87' lang='lat' dir='ltr'><strong>contra</strong></span> 
     </span>
    </p>
   </div>
   <div class='ocr_carea' id='block_1_68' title="bbox 2049 2550 3642 2620">
    <p class='ocr_par' dir='ltr' id='par_1_68' title="bbox 2049 2550 3642 2620">
     <span class='ocr_line' id='line_1_68' title="bbox 2049 2550 3642 2620; baseline 0 -15"><span class='ocrx_word' id='word_1_488' title='bbox 2049 2551 2307 2620; x_wconf 88' lang='lat' dir='ltr'><strong>impetum</strong></span> <span class='ocrx_word' id='word_1_489' title='bbox 2360 2551 2522 2605; x_wconf 83' lang='lat' dir='ltr'><strong>tutius</strong></span> <span class='ocrx_word' id='word_1_490' title='bbox 2577 2552 2700 2605; x_wconf 63' lang='lat' dir='ltr'><strong>caeli</strong></span> <span class='ocrx_word' id='word_1_491' title='bbox 2755 2553 2972 2620; x_wconf 89' lang='lat' dir='ltr'><strong>proprio</strong></span> <span class='ocrx_word' id='word_1_492' title='bbox 3023 2562 3168 2604; x_wconf 92' lang='lat' dir='ltr'><strong>tuotu</strong></span> <span class='ocrx_word' id='word_1_493' title='bbox 3225 2550 3485 2613; x_wconf 82' lang='lat' dir='ltr'><strong>feruntur,</strong></span> <span class='ocrx_word' id='word_1_494' title='bbox 3544 2566 3642 2620; x_wconf 79' lang='lat' dir='ltr'><strong>pcr</strong></span> 
     </span>
    </p>
   </div>
   <div class='ocr_carea' id='block_1_69' title="bbox 2049 2642 3636 2712">
    <p class='ocr_par' dir='ltr' id='par_1_69' title="bbox 2049 2642 3636 2712">
     <span class='ocr_line' id='line_1_69' title="bbox 2049 2642 3636 2712; baseline 0.001 -16"><span class='ocrx_word' id='word_1_495' title='bbox 2049 2642 2330 2696; x_wconf 90' lang='lat' dir='ltr'><strong>duodecim</strong></span> <span class='ocrx_word' id='word_1_496' title='bbox 2381 2654 2581 2712; x_wconf 88' lang='lat' dir='ltr'><strong>partes,</strong></span> <span class='ocrx_word' id='word_1_497' title='bbox 2610 2642 2811 2712; x_wconf 87' lang='lat' dir='ltr'><strong>judicio</strong></span> <span class='ocrx_word' id='word_1_498' title='bbox 2859 2652 2945 2697; x_wconf 90' lang='lat' dir='ltr'><strong>est</strong></span> <span class='ocrx_word' id='word_1_499' title='bbox 2976 2642 3255 2711; x_wconf 81' lang='lat' dir='ltr'><strong>sapientia:</strong></span> <span class='ocrx_word' id='word_1_500' title='bbox 3298 2642 3636 2698; x_wconf 87' lang='lat' dir='ltr'><strong>distributus.</strong></span> 
     </span>
    </p>
   </div>
   <div class='ocr_carea' id='block_1_70' title="bbox 2050 2730 3640 2802">
    <p class='ocr_par' dir='ltr' id='par_1_70' title="bbox 2050 2730 3640 2802">
     <span class='ocr_line' id='line_1_70' title="bbox 2050 2730 3640 2802; baseline 0.001 -18"><span class='ocrx_word' id='word_1_501' title='bbox 2050 2732 2252 2797; x_wconf 85' lang='lat' dir='ltr'><strong>Quibus</strong></span> <span class='ocrx_word' id='word_1_502' title='bbox 2285 2732 2514 2801; x_wconf 89' lang='lat' dir='ltr'><strong>peractis</strong></span> <span class='ocrx_word' id='word_1_503' title='bbox 2553 2746 2756 2786; x_wconf 71' lang='lat' dir='ltr'><strong>ccccxv</strong></span> <span class='ocrx_word' id='word_1_504' title='bbox 2790 2730 2916 2802; x_wconf 87' lang='lat' dir='ltr'><strong>[hoc</strong></span> <span class='ocrx_word' id='word_1_505' title='bbox 2941 2740 3042 2796; x_wconf 91' lang='lat' dir='ltr'><strong>est,</strong></span> <span class='ocrx_word' id='word_1_506' title='bbox 3077 2732 3450 2786; x_wconf 73' lang='lat' dir='ltr'><strong>trecentesimo</strong></span> <span class='ocrx_word' id='word_1_507' title='bbox 3478 2746 3640 2786; x_wconf 85' lang='lat' dir='ltr'><strong>sexa-</strong></span> 
     </span>
    </p>
   </div>
   <div class='ocr_carea' id='block_1_71' title="bbox 2049 2820 3641 2892">
    <p class='ocr_par' dir='ltr' id='par_1_71' title="bbox 2049 2820 3641 2892">
     <span class='ocr_line' id='line_1_71' title="bbox 2049 2820 3641 2892; baseline 0.002 -19"><span class='ocrx_word' id='word_1_508' title='bbox 2049 2825 2260 2889; x_wconf 81' lang='lat' dir='ltr'><strong>gesimo</strong></span> <span class='ocrx_word' id='word_1_509' title='bbox 2285 2820 2493 2892; x_wconf 73' lang='lat' dir='ltr'><strong>quinto]</strong></span> <span class='ocrx_word' id='word_1_510' title='bbox 2532 2821 2638 2885; x_wconf 88' lang='lat' dir='ltr'><strong>die,</strong></span> <span class='ocrx_word' id='word_1_511' title='bbox 2671 2835 2777 2888; x_wconf 90' lang='lat' dir='ltr'><strong>quo</strong></span> <span class='ocrx_word' id='word_1_512' title='bbox 2809 2830 2919 2873; x_wconf 85' lang='lat' dir='ltr'><strong>toto</strong></span> <span class='ocrx_word' id='word_1_513' title='bbox 2951 2829 3193 2888; x_wconf 87' lang='lat' dir='ltr'><strong>tempore</strong></span> <span class='ocrx_word' id='word_1_514' title='bbox 3243 2836 3416 2874; x_wconf 87' lang='lat' dir='ltr'><strong>annus</strong></span> <span class='ocrx_word' id='word_1_515' title='bbox 3459 2822 3641 2890; x_wconf 86' lang='lat' dir='ltr'><strong>exple-</strong></span> 
     </span>
    </p>
   </div>
   <div class='ocr_carea' id='block_1_72' title="bbox 2053 2915 3643 2985">
    <p class='ocr_par' dir='ltr' id='par_1_72' title="bbox 2053 2915 3643 2985">
     <span class='ocr_line' id='line_1_72' title="bbox 2053 2915 3643 2985; baseline 0.001 -15"><span class='ocrx_word' id='word_1_516' title='bbox 2053 2925 2160 2983; x_wconf 93' lang='lat' dir='ltr'><strong>tur,</strong></span> <span class='ocrx_word' id='word_1_517' title='bbox 2210 2918 2334 2971; x_wconf 91' lang='lat' dir='ltr'><strong>dum</strong></span> <span class='ocrx_word' id='word_1_518' title='bbox 2389 2919 2471 2970; x_wconf 90' lang='lat' dir='ltr'><strong>sol</strong></span> <span class='ocrx_word' id='word_1_519' title='bbox 2532 2917 2809 2981; x_wconf 72' lang='lat' dir='ltr'><strong>repetierit</strong></span> <span class='ocrx_word' id='word_1_520' title='bbox 2865 2915 3048 2971; x_wconf 84' lang='lat' dir='ltr'><strong>circuli</strong></span> <span class='ocrx_word' id='word_1_521' title='bbox 3105 2917 3393 2985; x_wconf 86' lang='lat' dir='ltr'><strong>supradicti</strong></span> <span class='ocrx_word' id='word_1_522' title='bbox 3459 2921 3643 2985; x_wconf 71' lang='lat' dir='ltr'><strong>prima:</strong></span> 
     </span>
    </p>
   </div>
   <div class='ocr_carea' id='block_1_73' title="bbox 2054 3007 3641 3079">
    <p class='ocr_par' dir='ltr' id='par_1_73' title="bbox 2054 3007 3641 3079">
     <span class='ocr_line' id='line_1_73' title="bbox 2054 3007 3641 3079; baseline -0.001 -17"><span class='ocrx_word' id='word_1_523' title='bbox 2054 3009 2218 3077; x_wconf 74' lang='lat' dir='ltr'><strong>partis</strong></span> <span class='ocrx_word' id='word_1_524' title='bbox 2269 3009 2500 3072; x_wconf 90' lang='lat' dir='ltr'><strong>inititttn,</strong></span> <span class='ocrx_word' id='word_1_525' title='bbox 2550 3012 2720 3062; x_wconf 86' lang='lat' dir='ltr'><strong>oritur</strong></span> <span class='ocrx_word' id='word_1_526' title='bbox 2759 3009 2885 3062; x_wconf 89' lang='lat' dir='ltr'><strong>antti</strong></span> <span class='ocrx_word' id='word_1_527' title='bbox 2935 3007 3280 3078; x_wconf 85' lang='lat' dir='ltr'><strong>principium,</strong></span> <span class='ocrx_word' id='word_1_528' title='bbox 3314 3008 3455 3079; x_wconf 90' lang='lat' dir='ltr'><strong>quod</strong></span> <span class='ocrx_word' id='word_1_529' title='bbox 3509 3012 3568 3062; x_wconf 88' lang='lat' dir='ltr'><strong>lit</strong></span> <span class='ocrx_word' id='word_1_530' title='bbox 3613 3027 3641 3061; x_wconf 91' lang='lat' dir='ltr'><strong>a</strong></span> 
     </span>
    </p>
   </div>
   <div class='ocr_carea' id='block_1_74' title="bbox 2053 3100 3642 3171">
    <p class='ocr_par' dir='ltr' id='par_1_74' title="bbox 2053 3100 3642 3171">
     <span class='ocr_line' id='line_1_74' title="bbox 2053 3100 3642 3171; baseline 0.001 -16"><span class='ocrx_word' id='word_1_531' title='bbox 2053 3100 2380 3155; x_wconf 90' lang='lat' dir='ltr'><strong>duodecimo</strong></span> <span class='ocrx_word' id='word_1_532' title='bbox 2412 3100 2773 3154; x_wconf 86' lang='lat' dir='ltr'><strong>Kalendarum</strong></span> <span class='ocrx_word' id='word_1_533' title='bbox 2823 3100 3082 3167; x_wconf 89' lang='lat' dir='ltr'><strong>Apriliutn</strong></span> <span class='ocrx_word' id='word_1_534' title='bbox 3121 3101 3207 3155; x_wconf 89' lang='lat' dir='ltr'><strong>die</strong></span> <span class='ocrx_word' id='word_1_535' title='bbox 3246 3116 3415 3171; x_wconf 87' lang='lat' dir='ltr'><strong>usque</strong></span> <span class='ocrx_word' id='word_1_536' title='bbox 3444 3103 3509 3155; x_wconf 84' lang='lat' dir='ltr'><strong>ad</strong></span> <span class='ocrx_word' id='word_1_537' title='bbox 3541 3118 3642 3156; x_wconf 91' lang='lat' dir='ltr'><strong>un-</strong></span> 
     </span>
    </p>
   </div>
   <div class='ocr_carea' id='block_1_75' title="bbox 2057 3193 3647 3261">
    <p class='ocr_par' dir='ltr' id='par_1_75' title="bbox 2057 3193 3647 3261">
     <span class='ocr_line' id='line_1_75' title="bbox 2057 3193 3647 3261; baseline 0.001 -14"><span class='ocrx_word' id='word_1_538' title='bbox 2057 3194 2344 3248; x_wconf 88' lang='lat' dir='ltr'><strong>decimum.</strong></span> <span class='ocrx_word' id='word_1_539' title='bbox 2376 3193 2530 3261; x_wconf 72' lang='lat' dir='ltr'><strong>Smpe</strong></span> <span class='ocrx_word' id='word_1_540' title='bbox 2560 3193 2702 3245; x_wconf 89' lang='lat' dir='ltr'><strong>enim</strong></span> <span class='ocrx_word' id='word_1_541' title='bbox 2732 3206 2974 3260; x_wconf 84' lang='lat' dir='ltr'><strong>veSpere,</strong></span> <span class='ocrx_word' id='word_1_542' title='bbox 3007 3193 3270 3247; x_wconf 90' lang='lat' dir='ltr'><strong>interdum</strong></span> <span class='ocrx_word' id='word_1_543' title='bbox 3304 3206 3478 3259; x_wconf 87' lang='lat' dir='ltr'><strong>nocte,</strong></span> <span class='ocrx_word' id='word_1_544' title='bbox 3510 3212 3647 3249; x_wconf 80' lang='lat' dir='ltr'><strong>non-</strong></span> 
     </span>
    </p>
   </div>
   <div class='ocr_carea' id='block_1_76' title="bbox 2059 3281 3644 3354">
    <p class='ocr_par' dir='ltr' id='par_1_76' title="bbox 2059 3281 3644 3354">
     <span class='ocr_line' id='line_1_76' title="bbox 2059 3281 3644 3354; baseline 0.003 -18"><span class='ocrx_word' id='word_1_545' title='bbox 2059 3298 2330 3351; x_wconf 89' lang='lat' dir='ltr'><strong>nunquam</strong></span> <span class='ocrx_word' id='word_1_546' title='bbox 2363 3284 2474 3351; x_wconf 86' lang='lat' dir='ltr'><strong>ipsa</strong></span> <span class='ocrx_word' id='word_1_547' title='bbox 2500 3281 2859 3336; x_wconf 85' lang='lat' dir='ltr'><strong>Kalendarum</strong></span> <span class='ocrx_word' id='word_1_548' title='bbox 2886 3297 2936 3335; x_wconf 89' lang='lat' dir='ltr'><strong>xt</strong></span> <span class='ocrx_word' id='word_1_549' title='bbox 2969 3281 3100 3353; x_wconf 77' lang='lat' dir='ltr'><strong>[.4l.,</strong></span> <span class='ocrx_word' id='word_1_550' title='bbox 3128 3299 3179 3337; x_wconf 85' lang='lat' dir='ltr'><strong>xt</strong></span> <span class='ocrx_word' id='word_1_551' title='bbox 3207 3282 3350 3354; x_wconf 90' lang='lat' dir='ltr'><strong>Kal.]</strong></span> <span class='ocrx_word' id='word_1_552' title='bbox 3382 3286 3644 3353; x_wconf 86' lang='lat' dir='ltr'><strong>Aprilium</strong></span> 
     </span>
    </p>
   </div>
   <div class='ocr_carea' id='block_1_77' title="bbox 2056 3371 3647 3445">
    <p class='ocr_par' dir='ltr' id='par_1_77' title="bbox 2056 3371 3647 3445">
     <span class='ocr_line' id='line_1_77' title="bbox 2056 3371 3647 3445; baseline 0.002 -18"><span class='ocrx_word' id='word_1_553' title='bbox 2056 3373 2142 3428; x_wconf 88' lang='lat' dir='ltr'><strong>die</strong></span> <span class='ocrx_word' id='word_1_554' title='bbox 2172 3374 2455 3443; x_wconf 87' lang='lat' dir='ltr'><strong>provenire</strong></span> <span class='ocrx_word' id='word_1_555' title='bbox 2485 3371 2928 3440; x_wconf 89' lang='lat' dir='ltr'><strong>deprehenditur.</strong></span> <span class='ocrx_word' id='word_1_556' title='bbox 2962 3371 3227 3427; x_wconf 82' lang='lat' dir='ltr'><strong>Vicesima</strong></span> <span class='ocrx_word' id='word_1_557' title='bbox 3259 3377 3441 3442; x_wconf 88' lang='lat' dir='ltr'><strong>quinta</strong></span> <span class='ocrx_word' id='word_1_558' title='bbox 3486 3377 3647 3445; x_wconf 86' lang='lat' dir='ltr'><strong>igitur</strong></span> 
     </span>
    </p>
   </div>
   <div class='ocr_carea' id='block_1_78' title="bbox 2055 3463 3642 3531">
    <p class='ocr_par' dir='ltr' id='par_1_78' title="bbox 2055 3463 3642 3531">
     <span class='ocr_line' id='line_1_78' title="bbox 2055 3463 3642 3531; baseline 0.001 -13"><span class='ocrx_word' id='word_1_559' title='bbox 2055 3473 2148 3518; x_wconf 88' lang='lat' dir='ltr'><strong>aut</strong></span> <span class='ocrx_word' id='word_1_560' title='bbox 2174 3472 2323 3518; x_wconf 87' lang='lat' dir='ltr'><strong>sexta</strong></span> <span class='ocrx_word' id='word_1_561' title='bbox 2354 3464 2442 3519; x_wconf 89' lang='lat' dir='ltr'><strong>die</strong></span> <span class='ocrx_word' id='word_1_562' title='bbox 2471 3463 2645 3517; x_wconf 78' lang='lat' dir='ltr'><strong>Martii</strong></span> <span class='ocrx_word' id='word_1_563' title='bbox 2673 3463 2872 3517; x_wconf 90' lang='lat' dir='ltr'><strong>mensis</strong></span> <span class='ocrx_word' id='word_1_564' title='bbox 2902 3468 3194 3517; x_wconf 87' lang='lat' dir='ltr'><strong>secundum</strong></span> <span class='ocrx_word' id='word_1_565' title='bbox 3226 3465 3642 3531; x_wconf 88' lang='lat' dir='ltr'><strong>Alexandrinos,</strong></span> 
     </span>
    </p>
   </div>
   <div class='ocr_carea' id='block_1_79' title="bbox 2056 3553 3643 3624">
    <p class='ocr_par' dir='ltr' id='par_1_79' title="bbox 2056 3553 3643 3624">
     <span class='ocr_line' id='line_1_79' title="bbox 2056 3553 3643 3624; baseline 0.003 -16"><span class='ocrx_word' id='word_1_566' title='bbox 2056 3553 2160 3609; x_wconf 82' lang='lat' dir='ltr'><strong>hoc</strong></span> <span class='ocrx_word' id='word_1_567' title='bbox 2188 3563 2290 3619; x_wconf 90' lang='lat' dir='ltr'><strong>est,</strong></span> <span class='ocrx_word' id='word_1_568' title='bbox 2320 3554 2468 3624; x_wconf 86' lang='lat' dir='ltr'><strong>juxta</strong></span> <span class='ocrx_word' id='word_1_569' title='bbox 2501 3555 2718 3609; x_wconf 86' lang='lat' dir='ltr'><strong>Latinos</strong></span> <span class='ocrx_word' id='word_1_570' title='bbox 2746 3553 3066 3609; x_wconf 87' lang='lat' dir='ltr'><strong>duodecimo</strong></span> <span class='ocrx_word' id='word_1_571' title='bbox 3102 3555 3184 3609; x_wconf 89' lang='lat' dir='ltr'><strong>vel</strong></span> <span class='ocrx_word' id='word_1_572' title='bbox 3226 3557 3508 3611; x_wconf 86' lang='lat' dir='ltr'><strong>undecimo</strong></span> <span class='ocrx_word' id='word_1_573' title='bbox 3536 3556 3643 3612; x_wconf 84' lang='lat' dir='ltr'><strong>Ka-</strong></span> 
     </span>
    </p>
   </div>
   <div class='ocr_carea' id='block_1_80' title="bbox 2058 3647 3641 3719">
    <p class='ocr_par' dir='ltr' id='par_1_80' title="bbox 2058 3647 3641 3719">
     <span class='ocr_line' id='line_1_80' title="bbox 2058 3647 3641 3719; baseline 0.003 -17"><span class='ocrx_word' id='word_1_574' title='bbox 2058 3647 2335 3703; x_wconf 89' lang='lat' dir='ltr'><strong>lendarum</strong></span> <span class='ocrx_word' id='word_1_575' title='bbox 2370 3649 2627 3717; x_wconf 85' lang='lat' dir='ltr'><strong>Aprilium</strong></span> <span class='ocrx_word' id='word_1_576' title='bbox 2657 3647 2743 3703; x_wconf 85' lang='lat' dir='ltr'><strong>die</strong></span> <span class='ocrx_word' id='word_1_577' title='bbox 2772 3648 2851 3711; x_wconf 89' lang='lat' dir='ltr'><strong>lit,</strong></span> <span class='ocrx_word' id='word_1_578' title='bbox 2880 3648 3027 3716; x_wconf 81' lang='lat' dir='ltr'><strong>juxta</strong></span> <span class='ocrx_word' id='word_1_579' title='bbox 3075 3647 3204 3702; x_wconf 88' lang='lat' dir='ltr'><strong>solis</strong></span> <span class='ocrx_word' id='word_1_580' title='bbox 3233 3664 3452 3704; x_wconf 88' lang='lat' dir='ltr'><strong>cursum</strong></span> <span class='ocrx_word' id='word_1_581' title='bbox 3487 3653 3641 3719; x_wconf 91' lang='lat' dir='ltr'><strong>primi</strong></span> 
     </span>
    </p>
   </div>
   <div class='ocr_carea' id='block_1_81' title="bbox 2057 3739 3645 3809">
    <p class='ocr_par' dir='ltr' id='par_1_81' title="bbox 2057 3739 3645 3809">
     <span class='ocr_line' id='line_1_81' title="bbox 2057 3739 3645 3809; baseline 0.003 -15"><span class='ocrx_word' id='word_1_582' title='bbox 2057 3741 2257 3794; x_wconf 88' lang='lat' dir='ltr'><strong>mensis</strong></span> <span class='ocrx_word' id='word_1_583' title='bbox 2288 3740 2515 3793; x_wconf 88' lang='lat' dir='ltr'><strong>initiunt.</strong></span> <span class='ocrx_word' id='word_1_584' title='bbox 2543 3740 2618 3794; x_wconf 82' lang='lat' dir='ltr'><strong>Ne</strong></span> <span class='ocrx_word' id='word_1_585' title='bbox 2645 3739 2764 3809; x_wconf 93' lang='lat' dir='ltr'><strong>quis</strong></span> <span class='ocrx_word' id='word_1_586' title='bbox 2790 3749 2968 3793; x_wconf 78' lang='lat' dir='ltr'><strong>autem</strong></span> <span class='ocrx_word' id='word_1_587' title='bbox 2996 3754 3092 3794; x_wconf 92' lang='lat' dir='ltr'><strong>nos</strong></span> <span class='ocrx_word' id='word_1_588' title='bbox 3122 3740 3487 3796; x_wconf 82' lang='lat' dir='ltr'><strong>inconstantiae</strong></span> <span class='ocrx_word' id='word_1_589' title='bbox 3518 3744 3645 3798; x_wconf 90' lang='lat' dir='ltr'><strong>velit</strong></span> 
     </span>
    </p>
   </div>
   <div class='ocr_carea' id='block_1_82' title="bbox 2055 3829 3643 3901">
    <p class='ocr_par' dir='ltr' id='par_1_82' title="bbox 2055 3829 3643 3901">
     <span class='ocr_line' id='line_1_82' title="bbox 2055 3829 3643 3901; baseline 0.001 -15"><span class='ocrx_word' id='word_1_590' title='bbox 2055 3846 2298 3901; x_wconf 87' lang='lat' dir='ltr'><strong>arguere,</strong></span> <span class='ocrx_word' id='word_1_591' title='bbox 2340 3831 2480 3901; x_wconf 90' lang='lat' dir='ltr'><strong>quod</strong></span> <span class='ocrx_word' id='word_1_592' title='bbox 2514 3830 2657 3885; x_wconf 85' lang='lat' dir='ltr'><strong>velut</strong></span> <span class='ocrx_word' id='word_1_593' title='bbox 2696 3829 2799 3884; x_wconf 92' lang='lat' dir='ltr'><strong>sub</strong></span> <span class='ocrx_word' id='word_1_594' title='bbox 2844 3831 3094 3899; x_wconf 83' lang='lat' dir='ltr'><strong>ambiguo</strong></span> <span class='ocrx_word' id='word_1_595' title='bbox 3144 3830 3462 3887; x_wconf 83' lang='lat' dir='ltr'><strong>fluctuantes</strong></span> <span class='ocrx_word' id='word_1_596' title='bbox 3500 3832 3643 3888; x_wconf 81' lang='lat' dir='ltr'><strong>diem</strong></span> 
     </span>
    </p>
   </div>
   <div class='ocr_carea' id='block_1_83' title="bbox 2058 3922 3643 3995">
    <p class='ocr_par' dir='ltr' id='par_1_83' title="bbox 2058 3922 3643 3995">
     <span class='ocr_line' id='line_1_83' title="bbox 2058 3922 3643 3995; baseline 0.001 -16"><span class='ocrx_word' id='word_1_597' title='bbox 2058 3927 2210 3995; x_wconf 89' lang='lat' dir='ltr'><strong>primi</strong></span> <span class='ocrx_word' id='word_1_598' title='bbox 2245 3926 2443 3979; x_wconf 88' lang='lat' dir='ltr'><strong>mensis</strong></span> <span class='ocrx_word' id='word_1_599' title='bbox 2474 3924 2696 3979; x_wconf 88' lang='lat' dir='ltr'><strong>minime</strong></span> <span class='ocrx_word' id='word_1_600' title='bbox 2733 3924 3080 3989; x_wconf 89' lang='lat' dir='ltr'><strong>deliniamus,</strong></span> <span class='ocrx_word' id='word_1_601' title='bbox 3115 3922 3416 3993; x_wconf 85' lang='lat' dir='ltr'><strong>Itujusmodi</strong></span> <span class='ocrx_word' id='word_1_602' title='bbox 3456 3926 3643 3991; x_wconf 84' lang='lat' dir='ltr'><strong>objur-</strong></span> 
     </span>
    </p>
   </div>
   <div class='ocr_carea' id='block_1_84' title="bbox 2053 4012 3642 4086">
    <p class='ocr_par' dir='ltr' id='par_1_84' title="bbox 2053 4012 3642 4086">
     <span class='ocr_line' id='line_1_84' title="bbox 2053 4012 3642 4086; baseline 0 -18"><span class='ocrx_word' id='word_1_603' title='bbox 2053 4025 2207 4086; x_wconf 83' lang='lat' dir='ltr'><strong>gator</strong></span> <span class='ocrx_word' id='word_1_604' title='bbox 2244 4023 2336 4069; x_wconf 89' lang='lat' dir='ltr'><strong>aut</strong></span> <span class='ocrx_word' id='word_1_605' title='bbox 2383 4015 2558 4083; x_wconf 87' lang='lat' dir='ltr'><strong>potius</strong></span> <span class='ocrx_word' id='word_1_606' title='bbox 2608 4012 2891 4082; x_wconf 86' lang='lat' dir='ltr'><strong>inquisitor</strong></span> <span class='ocrx_word' id='word_1_607' title='bbox 2934 4014 3069 4065; x_wconf 87' lang='lat' dir='ltr'><strong>sciat</strong></span> <span class='ocrx_word' id='word_1_608' title='bbox 3108 4014 3247 4081; x_wconf 91' lang='lat' dir='ltr'><strong>quod</strong></span> <span class='ocrx_word' id='word_1_609' title='bbox 3292 4014 3642 4069; x_wconf 86' lang='lat' dir='ltr'><strong>solertissima</strong></span> 
     </span>
    </p>
   </div>
   <div class='ocr_carea' id='block_1_85' title="bbox 2056 4102 3640 4177">
    <p class='ocr_par' dir='ltr' id='par_1_85' title="bbox 2056 4102 3640 4177">
     <span class='ocr_line' id='line_1_85' title="bbox 2056 4102 3640 4177; baseline -0.003 -14"><span class='ocrx_word' id='word_1_610' title='bbox 2056 4106 2430 4177; x_wconf 71' lang='lat' dir='ltr'><strong>.Egyptiornm</strong></span> <span class='ocrx_word' id='word_1_611' title='bbox 2460 4103 2802 4173; x_wconf 80' lang='lat' dir='ltr'><strong>investigatio</strong></span> <span class='ocrx_word' id='word_1_612' title='bbox 2833 4116 2887 4157; x_wconf 91' lang='lat' dir='ltr'><strong>et</strong></span> <span class='ocrx_word' id='word_1_613' title='bbox 2918 4102 3206 4156; x_wconf 89' lang='lat' dir='ltr'><strong>admodum</strong></span> <span class='ocrx_word' id='word_1_614' title='bbox 3237 4104 3584 4159; x_wconf 87' lang='lat' dir='ltr'><strong>subtilissima</strong></span> <span class='ocrx_word' id='word_1_615' title='bbox 3610 4122 3640 4159; x_wconf 89' lang='lat' dir='ltr'><strong>a</strong></span> 
     </span>
    </p>
   </div>
   <div class='ocr_carea' id='block_1_86' title="bbox 2054 4195 3642 4265">
    <p class='ocr_par' dir='ltr' id='par_1_86' title="bbox 2054 4195 3642 4265">
     <span class='ocr_line' id='line_1_86' title="bbox 2054 4195 3642 4265; baseline 0 -12"><span class='ocrx_word' id='word_1_616' title='bbox 2054 4201 2280 4265; x_wconf 87' lang='lat' dir='ltr'><strong>septima</strong></span> <span class='ocrx_word' id='word_1_617' title='bbox 2314 4196 2418 4251; x_wconf 90' lang='lat' dir='ltr'><strong>diei</strong></span> <span class='ocrx_word' id='word_1_618' title='bbox 2453 4197 2603 4261; x_wconf 81' lang='lat' dir='ltr'><strong>liora,</strong></span> <span class='ocrx_word' id='word_1_619' title='bbox 2631 4196 2815 4248; x_wconf 84' lang='lat' dir='ltr'><strong>lteram</strong></span> <span class='ocrx_word' id='word_1_620' title='bbox 2849 4195 3073 4262; x_wconf 89' lang='lat' dir='ltr'><strong>primam</strong></span> <span class='ocrx_word' id='word_1_621' title='bbox 3105 4196 3325 4249; x_wconf 82' lang='lat' dir='ltr'><strong>alterius</strong></span> <span class='ocrx_word' id='word_1_622' title='bbox 3351 4197 3456 4250; x_wconf 88' lang='lat' dir='ltr'><strong>diei</strong></span> <span class='ocrx_word' id='word_1_623' title='bbox 3484 4198 3642 4253; x_wconf 88' lang='lat' dir='ltr'><strong>docet</strong></span> 
     </span>
    </p>
   </div>
   <div class='ocr_carea' id='block_1_87' title="bbox 2058 4284 3640 4361">
    <p class='ocr_par' dir='ltr' id='par_1_87' title="bbox 2058 4284 3640 4361">
     <span class='ocr_line' id='line_1_87' title="bbox 2058 4284 3640 4361; baseline -0.001 -18"><span class='ocrx_word' id='word_1_624' title='bbox 2058 4288 2314 4355; x_wconf 89' lang='lat' dir='ltr'><strong>incipere,</strong></span> <span class='ocrx_word' id='word_1_625' title='bbox 2341 4297 2536 4340; x_wconf 89' lang='lat' dir='ltr'><strong>etcum</strong></span> <span class='ocrx_word' id='word_1_626' title='bbox 2563 4288 2633 4339; x_wconf 89' lang='lat' dir='ltr'><strong>sit</strong></span> <span class='ocrx_word' id='word_1_627' title='bbox 2665 4301 2777 4339; x_wconf 88' lang='lat' dir='ltr'><strong>xxv</strong></span> <span class='ocrx_word' id='word_1_628' title='bbox 2810 4286 2925 4340; x_wconf 88' lang='lat' dir='ltr'><strong>dies</strong></span> <span class='ocrx_word' id='word_1_629' title='bbox 2954 4284 3127 4339; x_wconf 84' lang='lat' dir='ltr'><strong>Martii</strong></span> <span class='ocrx_word' id='word_1_630' title='bbox 3154 4288 3378 4352; x_wconf 87' lang='lat' dir='ltr'><strong>mensis,</strong></span> <span class='ocrx_word' id='word_1_631' title='bbox 3406 4303 3480 4342; x_wconf 86' lang='lat' dir='ltr'><strong>xu</strong></span> <span class='ocrx_word' id='word_1_632' title='bbox 3505 4288 3640 4361; x_wconf 81' lang='grc' dir='ltr'><strong>[Αι.,</strong></span> 
     </span>
    </p>
   </div>
   <div class='ocr_carea' id='block_1_88' title="bbox 2054 4377 3636 4451">
    <p class='ocr_par' dir='ltr' id='par_1_88' title="bbox 2054 4377 3636 4451">
     <span class='ocr_line' id='line_1_88' title="bbox 2054 4377 3636 4451; baseline 0 -16"><span class='ocrx_word' id='word_1_633' title='bbox 2054 4380 2127 4451; x_wconf 80' lang='lat' dir='ltr'><strong>xi]</strong></span> <span class='ocrx_word' id='word_1_634' title='bbox 2156 4378 2511 4433; x_wconf 87' lang='lat' dir='ltr'><strong>Kalendarum</strong></span> <span class='ocrx_word' id='word_1_635' title='bbox 2556 4377 2838 4447; x_wconf 85' lang='lat' dir='ltr'><strong>Aprilium,</strong></span> <span class='ocrx_word' id='word_1_636' title='bbox 2888 4378 2932 4431; x_wconf 90' lang='lat' dir='ltr'><strong>si</strong></span> <span class='ocrx_word' id='word_1_637' title='bbox 2977 4392 3199 4446; x_wconf 87' lang='lat' dir='ltr'><strong>vespere</strong></span> <span class='ocrx_word' id='word_1_638' title='bbox 3244 4377 3481 4446; x_wconf 88' lang='lat' dir='ltr'><strong>ejusdem</strong></span> <span class='ocrx_word' id='word_1_639' title='bbox 3530 4380 3636 4435; x_wconf 92' lang='lat' dir='ltr'><strong>diei</strong></span> 
     </span>
    </p>
   </div>
   <div class='ocr_carea' id='block_1_89' title="bbox 2053 4467 3634 4541">
    <p class='ocr_par' dir='ltr' id='par_1_89' title="bbox 2053 4467 3634 4541">
     <span class='ocr_line' id='line_1_89' title="bbox 2053 4467 3634 4541; baseline -0.001 -15"><span class='ocrx_word' id='word_1_640' title='bbox 2053 4473 2133 4526; x_wconf 89' lang='lat' dir='ltr'><strong>sol</strong></span> <span class='ocrx_word' id='word_1_641' title='bbox 2161 4470 2389 4539; x_wconf 79' lang='lat' dir='ltr'><strong>Spatium</strong></span> <span class='ocrx_word' id='word_1_642' title='bbox 2433 4470 2619 4538; x_wconf 67' lang='lat' dir='ltr'><strong>primae</strong></span> <span class='ocrx_word' id='word_1_643' title='bbox 2664 4470 2830 4538; x_wconf 90' lang='lat' dir='ltr'><strong>partis</strong></span> <span class='ocrx_word' id='word_1_644' title='bbox 2871 4468 3118 4533; x_wconf 75' lang='lat' dir='ltr'><strong>illustret,</strong></span> <span class='ocrx_word' id='word_1_645' title='bbox 3170 4467 3281 4538; x_wconf 83' lang='lat' dir='ltr'><strong>jam</strong></span> <span class='ocrx_word' id='word_1_646' title='bbox 3328 4484 3459 4523; x_wconf 78' lang='lat' dir='ltr'><strong>xxvr</strong></span> <span class='ocrx_word' id='word_1_647' title='bbox 3500 4468 3634 4541; x_wconf 76' lang='lat' dir='ltr'><strong>[Al.,</strong></span> 
     </span>
    </p>
   </div>
   <div class='ocr_carea' id='block_1_90' title="bbox 367 4560 3639 4637">
    <p class='ocr_par' dir='ltr' id='par_1_90' title="bbox 367 4560 3639 4637">
     <span class='ocr_line' id='line_1_90' title="bbox 367 4560 3639 4637; baseline 0.001 -22"><span class='ocrx_word' id='word_1_648' title='bbox 367 4576 552 4616; x_wconf 86' lang='lat' dir='ltr'><strong>verum</strong></span> <span class='ocrx_word' id='word_1_649' title='bbox 582 4566 742 4618; x_wconf 85' lang='lat' dir='ltr'><strong>etiam</strong></span> <span class='ocrx_word' id='word_1_650' title='bbox 775 4572 1019 4632; x_wconf 83' lang='lat' dir='ltr'><strong>quartam</strong></span> <span class='ocrx_word' id='word_1_651' title='bbox 1050 4564 1181 4637; x_wconf 82' lang='lat' dir='ltr'><strong>[Al.,</strong></span> <span class='ocrx_word' id='word_1_652' title='bbox 1214 4564 1491 4636; x_wconf 83' lang='lat' dir='ltr'><strong>quadram]</strong></span> <span class='ocrx_word' id='word_1_653' title='bbox 1528 4566 1635 4634; x_wconf 87' lang='lat' dir='ltr'><strong>jatn</strong></span> <span class='ocrx_word' id='word_1_654' title='bbox 1671 4566 1863 4620; x_wconf 88' lang='lat' dir='ltr'><strong>habere</strong></span> <span class='ocrx_word' id='word_1_655' title='bbox 1894 4568 1945 4619; x_wconf 90' lang='lat' dir='ltr'><strong>in</strong></span> <span class='ocrx_word' id='word_1_656' title='bbox 1978 4572 2026 4631; x_wconf 80' lang='grc' dir='ltr'><strong>ι)</strong></span> <span class='ocrx_word' id='word_1_657' title='bbox 2058 4578 2181 4618; x_wconf 77' lang='lat' dir='ltr'><strong>xxw</strong></span> <span class='ocrx_word' id='word_1_658' title='bbox 2230 4563 2247 4635; x_wconf 87' lang='lat'>]</span> <span class='ocrx_word' id='word_1_659' title='bbox 2275 4562 2392 4618; x_wconf 90' lang='lat' dir='ltr'><strong>dies</strong></span> <span class='ocrx_word' id='word_1_660' title='bbox 2448 4560 2745 4627; x_wconf 89' lang='lat' dir='ltr'><strong>ascribitnr,</strong></span> <span class='ocrx_word' id='word_1_661' title='bbox 2795 4577 2860 4616; x_wconf 89' lang='lat' dir='ltr'><strong>ex</strong></span> <span class='ocrx_word' id='word_1_662' title='bbox 2919 4561 3230 4632; x_wconf 64' lang='lat' dir='ltr'><strong>Egyptiaca</strong></span> <span class='ocrx_word' id='word_1_663' title='bbox 3297 4577 3351 4615; x_wconf 89' lang='lat' dir='ltr'><strong>ut</strong></span> <span class='ocrx_word' id='word_1_664' title='bbox 3403 4564 3639 4618; x_wconf 78' lang='lat' dir='ltr'><strong>diximus</strong></span> 
     </span>
    </p>
   </div>
   <div class='ocr_carea' id='block_1_91' title="bbox 367 4654 1950 4724">
    <p class='ocr_par' dir='ltr' id='par_1_91' title="bbox 367 4654 1950 4724">
     <span class='ocr_line' id='line_1_91' title="bbox 367 4654 1950 4724; baseline -0.001 -15"><span class='ocrx_word' id='word_1_665' title='bbox 367 4669 430 4709; x_wconf 90' lang='lat' dir='ltr'><strong>ea</strong></span> <span class='ocrx_word' id='word_1_666' title='bbox 460 4655 569 4720; x_wconf 88' lang='lat' dir='ltr'><strong>die,</strong></span> <span class='ocrx_word' id='word_1_667' title='bbox 607 4655 654 4708; x_wconf 88' lang='lat' dir='ltr'><strong>id</strong></span> <span class='ocrx_word' id='word_1_668' title='bbox 686 4665 790 4721; x_wconf 91' lang='lat' dir='ltr'><strong>est,</strong></span> <span class='ocrx_word' id='word_1_669' title='bbox 822 4654 875 4707; x_wconf 92' lang='lat' dir='ltr'><strong>in</strong></span> <span class='ocrx_word' id='word_1_670' title='bbox 925 4654 1094 4723; x_wconf 88' lang='lat' dir='ltr'><strong>prima</strong></span> <span class='ocrx_word' id='word_1_671' title='bbox 1142 4671 1206 4711; x_wconf 86' lang='lat' dir='ltr'><strong>ex</strong></span> <span class='ocrx_word' id='word_1_672' title='bbox 1257 4657 1538 4712; x_wconf 88' lang='lat' dir='ltr'><strong>duodecim</strong></span> <span class='ocrx_word' id='word_1_673' title='bbox 1590 4655 1846 4724; x_wconf 86' lang='lat' dir='ltr'><strong>partibus,</strong></span> <span class='ocrx_word' id='word_1_674' title='bbox 1881 4670 1950 4709; x_wconf 84' lang='lat' dir='ltr'><strong>xtt</strong></span> 
     </span>
    </p>
   </div>
   <div class='ocr_carea' id='block_1_92' title="bbox 370 4745 1952 4817">
    <p class='ocr_par' dir='ltr' id='par_1_92' title="bbox 370 4745 1952 4817">
     <span class='ocr_line' id='line_1_92' title="bbox 370 4745 1952 4817; baseline 0.002 -19"><span class='ocrx_word' id='word_1_675' title='bbox 370 4756 550 4813; x_wconf 86' lang='lat' dir='ltr'><strong>partes</strong></span> <span class='ocrx_word' id='word_1_676' title='bbox 595 4761 667 4799; x_wconf 90' lang='lat' dir='ltr'><strong>xtt</strong></span> <span class='ocrx_word' id='word_1_677' title='bbox 716 4745 865 4817; x_wconf 85' lang='lat' dir='ltr'><strong>signa</strong></span> <span class='ocrx_word' id='word_1_678' title='bbox 917 4745 1199 4817; x_wconf 87' lang='lat' dir='ltr'><strong>horoscopi</strong></span> <span class='ocrx_word' id='word_1_679' title='bbox 1251 4748 1525 4813; x_wconf 89' lang='lat' dir='ltr'><strong>nominat,</strong></span> <span class='ocrx_word' id='word_1_680' title='bbox 1573 4764 1690 4815; x_wconf 78' lang='lat' dir='ltr'><strong>qua:</strong></span> <span class='ocrx_word' id='word_1_681' title='bbox 1738 4748 1952 4802; x_wconf 88' lang='lat' dir='ltr'><strong>tricenis</strong></span> 
     </span>
    </p>
   </div>
   <div class='ocr_carea' id='block_1_93' title="bbox 368 4836 1946 4910">
    <p class='ocr_par' dir='ltr' id='par_1_93' title="bbox 368 4836 1946 4910">
     <span class='ocr_line' id='line_1_93' title="bbox 368 4836 1946 4910; baseline 0.002 -22"><span class='ocrx_word' id='word_1_682' title='bbox 368 4836 562 4889; x_wconf 87' lang='lat' dir='ltr'><strong>diebus</strong></span> <span class='ocrx_word' id='word_1_683' title='bbox 591 4847 646 4891; x_wconf 88' lang='lat' dir='ltr'><strong>et</strong></span> <span class='ocrx_word' id='word_1_684' title='bbox 675 4838 857 4905; x_wconf 86' lang='lat' dir='ltr'><strong>paucis</strong></span> <span class='ocrx_word' id='word_1_685' title='bbox 890 4837 1106 4907; x_wconf 90' lang='lat' dir='ltr'><strong>insuper</strong></span> <span class='ocrx_word' id='word_1_686' title='bbox 1135 4838 1279 4894; x_wconf 87' lang='lat' dir='ltr'><strong>horis</strong></span> <span class='ocrx_word' id='word_1_687' title='bbox 1308 4841 1477 4895; x_wconf 89' lang='lat' dir='ltr'><strong>solem</strong></span> <span class='ocrx_word' id='word_1_688' title='bbox 1509 4839 1712 4910; x_wconf 80' lang='lat' dir='ltr'><strong>singula</strong></span> <span class='ocrx_word' id='word_1_689' title='bbox 1748 4849 1946 4893; x_wconf 87' lang='lat' dir='ltr'><strong>tenent.</strong></span> 
     </span>
    </p>
   </div>
   <div class='ocr_carea' id='block_1_94' title="bbox 372 4927 1283 4986">
    <p class='ocr_par' dir='ltr' id='par_1_94' title="bbox 372 4927 1283 4986">
     <span class='ocr_line' id='line_1_94' title="bbox 372 4927 1283 4986; baseline 0.002 -3"><span class='ocrx_word' id='word_1_690' title='bbox 372 4927 524 4984; x_wconf 85' lang='lat' dir='ltr'><strong>Unde</strong></span> <span class='ocrx_word' id='word_1_691' title='bbox 549 4940 603 4983; x_wconf 89' lang='lat' dir='ltr'><strong>et</strong></span> <span class='ocrx_word' id='word_1_692' title='bbox 632 4930 773 4983; x_wconf 80' lang='lat' dir='ltr'><strong>Maro</strong></span> <span class='ocrx_word' id='word_1_693' title='bbox 799 4932 867 4985; x_wconf 85' lang='lat' dir='ltr'><strong>de</strong></span> <span class='ocrx_word' id='word_1_694' title='bbox 894 4930 1082 4985; x_wconf 88' lang='lat' dir='ltr'><strong>iisdem</strong></span> <span class='ocrx_word' id='word_1_695' title='bbox 1111 4932 1239 4986; x_wconf 91' lang='lat' dir='ltr'><strong>dicit</strong></span> <span class='ocrx_word' id='word_1_696' title='bbox 1270 4949 1283 4985; x_wconf 87' lang='lat'><strong>:</strong></span> 
     </span>
    </p>
   </div>
   <div class='ocr_carea' id='block_1_95' title="bbox 495 5039 1606 5104">
    <p class='ocr_par' dir='ltr' id='par_1_95' title="bbox 495 5039 1606 5104">
     <span class='ocr_line' id='line_1_95' title="bbox 495 5039 1606 5104; baseline 0 -16"><span class='ocrx_word' id='word_1_697' title='bbox 495 5039 676 5104; x_wconf 86' lang='lat' dir='ltr'><strong>idcirco</strong></span> <span class='ocrx_word' id='word_1_698' title='bbox 697 5046 847 5093; x_wconf 82' lang='lat' dir='ltr'><strong>certis</strong></span> <span class='ocrx_word' id='word_1_699' title='bbox 868 5047 1138 5094; x_wconf 89' lang='lat' dir='ltr'><strong>dimensum</strong></span> <span class='ocrx_word' id='word_1_700' title='bbox 1165 5043 1381 5104; x_wconf 90' lang='lat' dir='ltr'><strong>partibus</strong></span> <span class='ocrx_word' id='word_1_701' title='bbox 1401 5042 1570 5090; x_wconf 88' lang='lat' dir='ltr'><strong>orbem</strong></span> <span class='ocrx_word' id='word_1_702' title='bbox 1593 5076 1606 5096; x_wconf 92' lang='lat'><strong>,</strong></span> 
     </span>
    </p>
   </div>
   <div class='ocr_carea' id='block_1_96' title="bbox 497 5103 1657 5170">
    <p class='ocr_par' dir='ltr' id='par_1_96' title="bbox 497 5103 1657 5170">
     <span class='ocr_line' id='line_1_96' title="bbox 497 5103 1657 5170; baseline 0.001 -21"><span class='ocrx_word' id='word_1_703' title='bbox 497 5103 592 5151; x_wconf 78' lang='lat' dir='ltr'><strong>Per</strong></span> <span class='ocrx_word' id='word_1_704' title='bbox 615 5105 839 5154; x_wconf 87' lang='lat' dir='ltr'><strong>duodena</strong></span> <span class='ocrx_word' id='word_1_705' title='bbox 864 5116 996 5170; x_wconf 82' lang='lat' dir='ltr'><strong>regit</strong></span> <span class='ocrx_word' id='word_1_706' title='bbox 1022 5103 1187 5155; x_wconf 83' lang='lat' dir='ltr'><strong>mundi</strong></span> <span class='ocrx_word' id='word_1_707' title='bbox 1209 5106 1280 5154; x_wconf 88' lang='lat' dir='ltr'><strong>sol</strong></span> <span class='ocrx_word' id='word_1_708' title='bbox 1304 5117 1485 5153; x_wconf 82' lang='lat' dir='ltr'><strong>aureus</strong></span> <span class='ocrx_word' id='word_1_709' title='bbox 1506 5112 1657 5165; x_wconf 83' lang='lat' dir='ltr'><strong>astra,</strong></span> 
     </span>
    </p>
   </div>
   <div class='ocr_carea' id='block_1_97' title="bbox 364 5205 1949 5281">
    <p class='ocr_par' dir='ltr' id='par_1_97' title="bbox 364 5205 1949 5281">
     <span class='ocr_line' id='line_1_97' title="bbox 364 5205 1949 5281; baseline 0.001 -21"><span class='ocrx_word' id='word_1_710' title='bbox 364 5205 627 5274; x_wconf 83' lang='lat' dir='ltr'><strong>Quarum,</strong></span> <span class='ocrx_word' id='word_1_711' title='bbox 660 5211 940 5278; x_wconf 87' lang='lat' dir='ltr'><strong>videlicet,</strong></span> <span class='ocrx_word' id='word_1_712' title='bbox 977 5212 1201 5281; x_wconf 84' lang='lat' dir='ltr'><strong>partium</strong></span> <span class='ocrx_word' id='word_1_713' title='bbox 1245 5208 1411 5280; x_wconf 83' lang='lat' dir='ltr'><strong>prima</strong></span> <span class='ocrx_word' id='word_1_714' title='bbox 1459 5209 1607 5279; x_wconf 83' lang='lat' dir='ltr'><strong>juxta</strong></span> <span class='ocrx_word' id='word_1_715' title='bbox 1652 5216 1890 5263; x_wconf 90' lang='lat' dir='ltr'><strong>naturam</strong></span> <span class='ocrx_word' id='word_1_716' title='bbox 1922 5224 1949 5261; x_wconf 89' lang='lat' dir='ltr'><strong>a</strong></span> 
     </span>
    </p>
   </div>
   <div class='ocr_carea' id='block_1_98' title="bbox 372 5299 1953 5372">
    <p class='ocr_par' dir='ltr' id='par_1_98' title="bbox 372 5299 1953 5372">
     <span class='ocr_line' id='line_1_98' title="bbox 372 5299 1953 5372; baseline 0 -20"><span class='ocrx_word' id='word_1_717' title='bbox 372 5299 473 5353; x_wconf 90' lang='lat' dir='ltr'><strong>loci</strong></span> <span class='ocrx_word' id='word_1_718' title='bbox 506 5299 639 5372; x_wconf 83' lang='lat' dir='ltr'><strong>[AL,</strong></span> <span class='ocrx_word' id='word_1_719' title='bbox 672 5300 811 5371; x_wconf 70' lang='lat' dir='ltr'><strong>loco]</strong></span> <span class='ocrx_word' id='word_1_720' title='bbox 837 5301 1138 5371; x_wconf 71' lang='lat' dir='ltr'><strong>aequinoctii</strong></span> <span class='ocrx_word' id='word_1_721' title='bbox 1165 5302 1394 5356; x_wconf 88' lang='lat' dir='ltr'><strong>vernalis</strong></span> <span class='ocrx_word' id='word_1_722' title='bbox 1420 5300 1621 5368; x_wconf 90' lang='lat' dir='ltr'><strong>incipit.</strong></span> <span class='ocrx_word' id='word_1_723' title='bbox 1647 5300 1752 5371; x_wconf 72' lang='lat'><strong>[.41.</strong></span> <span class='ocrx_word' id='word_1_724' title='bbox 1784 5299 1906 5351; x_wconf 84' lang='lat' dir='ltr'><strong>add.</strong></span> <span class='ocrx_word' id='word_1_725' title='bbox 1934 5315 1953 5352; x_wconf 91' lang='lat'><strong><em>:</em></strong></span> 
     </span>
    </p>
   </div>
   <div class='ocr_carea' id='block_1_99' title="bbox 371 5390 1950 5464">
    <p class='ocr_par' dir='ltr' id='par_1_99' title="bbox 371 5390 1950 5464">
     <span class='ocr_line' id='line_1_99' title="bbox 371 5390 1950 5464; baseline 0 -19"><span class='ocrx_word' id='word_1_726' title='bbox 371 5390 525 5445; x_wconf 87' lang='lat' dir='ltr'><strong>Unde</strong></span> <span class='ocrx_word' id='word_1_727' title='bbox 577 5402 721 5447; x_wconf 86' lang='lat' dir='ltr'><strong>recte</strong></span> <span class='ocrx_word' id='word_1_728' title='bbox 776 5396 956 5447; x_wconf 86' lang='lat' dir='ltr'><strong>subdit</strong></span> <span class='ocrx_word' id='word_1_729' title='bbox 1010 5391 1253 5464; x_wconf 83' lang='lat' dir='ltr'><strong>Anatol.]</strong></span> <span class='ocrx_word' id='word_1_730' title='bbox 1309 5393 1431 5447; x_wconf 65' lang='lat' dir='ltr'><strong>llaec</strong></span> <span class='ocrx_word' id='word_1_731' title='bbox 1474 5405 1650 5446; x_wconf 90' lang='lat' dir='ltr'><strong>autem</strong></span> <span class='ocrx_word' id='word_1_732' title='bbox 1691 5392 1857 5461; x_wconf 89' lang='lat' dir='ltr'><strong>prima</strong></span> <span class='ocrx_word' id='word_1_733' title='bbox 1887 5405 1950 5445; x_wconf 85' lang='lat' dir='ltr'><strong>ex</strong></span> 
     </span>
    </p>
   </div>
   <div class='ocr_carea' id='block_1_100' title="bbox 371 5482 1952 5554">
    <p class='ocr_par' dir='ltr' id='par_1_100' title="bbox 371 5482 1952 5554">
     <span class='ocr_line' id='line_1_100' title="bbox 371 5482 1952 5554; baseline 0.001 -20"><span class='ocrx_word' id='word_1_734' title='bbox 371 5482 650 5536; x_wconf 90' lang='lat' dir='ltr'><strong>duodecim</strong></span> <span class='ocrx_word' id='word_1_735' title='bbox 702 5488 919 5539; x_wconf 89' lang='lat' dir='ltr'><strong>vernale</strong></span> <span class='ocrx_word' id='word_1_736' title='bbox 964 5494 1048 5539; x_wconf 90' lang='lat' dir='ltr'><strong>est</strong></span> <span class='ocrx_word' id='word_1_737' title='bbox 1098 5486 1495 5554; x_wconf 46' lang='lat' dir='ltr'><strong>atquinoctiunt,</strong></span> <span class='ocrx_word' id='word_1_738' title='bbox 1544 5484 1665 5552; x_wconf 90' lang='lat' dir='ltr'><strong>quia</strong></span> <span class='ocrx_word' id='word_1_739' title='bbox 1707 5484 1952 5536; x_wconf 89' lang='lat' dir='ltr'><strong>nimirum</strong></span> 
     </span>
    </p>
   </div>
   <div class='ocr_carea' id='block_1_101' title="bbox 373 5573 1953 5646">
    <p class='ocr_par' dir='ltr' id='par_1_101' title="bbox 373 5573 1953 5646">
     <span class='ocr_line' id='line_1_101' title="bbox 373 5573 1953 5646; baseline 0.002 -22"><span class='ocrx_word' id='word_1_740' title='bbox 373 5575 539 5641; x_wconf 84' lang='lat' dir='ltr'><strong>partis</strong></span> <span class='ocrx_word' id='word_1_741' title='bbox 566 5573 669 5644; x_wconf 79' lang='lat' dir='ltr'><strong>[AL</strong></span> <span class='ocrx_word' id='word_1_742' title='bbox 715 5576 839 5628; x_wconf 86' lang='lat' dir='ltr'><strong>add.</strong></span> <span class='ocrx_word' id='word_1_743' title='bbox 882 5577 1161 5646; x_wconf 85' lang='lat' dir='ltr'><strong>particula]</strong></span> <span class='ocrx_word' id='word_1_744' title='bbox 1191 5576 1431 5646; x_wconf 83' lang='lat' dir='ltr'><strong>ejusdem</strong></span> <span class='ocrx_word' id='word_1_745' title='bbox 1465 5575 1695 5639; x_wconf 90' lang='lat' dir='ltr'><strong>ittitium,</strong></span> <span class='ocrx_word' id='word_1_746' title='bbox 1727 5574 1953 5638; x_wconf 81' lang='lat' dir='ltr'><strong>sclicet,</strong></span> 
     </span>
    </p>
   </div>
   <div class='ocr_carea' id='block_1_102' title="bbox 374 5665 1951 5736">
    <p class='ocr_par' dir='ltr' id='par_1_102' title="bbox 374 5665 1951 5736">
     <span class='ocr_line' id='line_1_102' title="bbox 374 5665 1951 5736; baseline 0.002 -21"><span class='ocrx_word' id='word_1_747' title='bbox 374 5665 463 5717; x_wconf 88' lang='lat' dir='ltr'><strong>ubi</strong></span> <span class='ocrx_word' id='word_1_748' title='bbox 492 5667 569 5718; x_wconf 87' lang='lat' dir='ltr'><strong>sol</strong></span> <span class='ocrx_word' id='word_1_749' title='bbox 607 5666 778 5733; x_wconf 89' lang='lat' dir='ltr'><strong>primo</strong></span> <span class='ocrx_word' id='word_1_750' title='bbox 811 5667 1018 5736; x_wconf 88' lang='lat' dir='ltr'><strong>positus</strong></span> <span class='ocrx_word' id='word_1_751' title='bbox 1045 5677 1150 5731; x_wconf 85' lang='lat' dir='ltr'><strong>est,</strong></span> <span class='ocrx_word' id='word_1_752' title='bbox 1184 5667 1355 5733; x_wconf 78' lang='lat' dir='ltr'><strong>ipsum</strong></span> <span class='ocrx_word' id='word_1_753' title='bbox 1384 5674 1529 5719; x_wconf 88' lang='lat' dir='ltr'><strong>tenet</strong></span> <span class='ocrx_word' id='word_1_754' title='bbox 1555 5666 1951 5735; x_wconf 61' lang='lat' dir='ltr'><strong>aequinoctium,</strong></span> 
     </span>
    </p>
   </div>
   <div class='ocr_carea' id='block_1_103' title="bbox 374 5758 1952 5824">
    <p class='ocr_par' dir='ltr' id='par_1_103' title="bbox 374 5758 1952 5824">
     <span class='ocr_line' id='line_1_103' title="bbox 374 5758 1952 5824; baseline 0.001 -14"><span class='ocrx_word' id='word_1_755' title='bbox 374 5769 521 5821; x_wconf 84' lang='lat' dir='ltr'><strong>recte</strong></span> <span class='ocrx_word' id='word_1_756' title='bbox 552 5758 825 5824; x_wconf 68' lang='lat' dir='ltr'><strong>praemittit</strong></span> <span class='ocrx_word' id='word_1_757' title='bbox 854 5763 1020 5812; x_wconf 73' lang='lat' dir='ltr'><strong>Stllelll</strong></span> <span class='ocrx_word' id='word_1_758' title='bbox 1054 5760 1105 5812; x_wconf 91' lang='lat' dir='ltr'><strong>in</strong></span> <span class='ocrx_word' id='word_1_759' title='bbox 1141 5772 1203 5812; x_wconf 87' lang='lat' dir='ltr'><strong>ea</strong></span> <span class='ocrx_word' id='word_1_760' title='bbox 1233 5758 1317 5811; x_wconf 90' lang='lat' dir='ltr'><strong>die</strong></span> <span class='ocrx_word' id='word_1_761' title='bbox 1357 5772 1460 5811; x_wconf 90' lang='lat' dir='ltr'><strong>non</strong></span> <span class='ocrx_word' id='word_1_762' title='bbox 1491 5758 1661 5811; x_wconf 92' lang='lat' dir='ltr'><strong>solum</strong></span> <span class='ocrx_word' id='word_1_763' title='bbox 1690 5772 1952 5812; x_wconf 82' lang='lat' dir='ltr'><strong>conscen-</strong></span> 
     </span>
    </p>
   </div>
   <div class='ocr_carea' id='block_1_104' title="bbox 375 5848 1949 5920">
    <p class='ocr_par' dir='ltr' id='par_1_104' title="bbox 375 5848 1949 5920">
     <span class='ocr_line' id='line_1_104' title="bbox 375 5848 1949 5920; baseline -0.003 -14"><span class='ocrx_word' id='word_1_764' title='bbox 375 5851 518 5906; x_wconf 79' lang='lat' dir='ltr'><strong>disse</strong></span> <span class='ocrx_word' id='word_1_765' title='bbox 550 5853 769 5920; x_wconf 75' lang='lat' dir='ltr'><strong>primum</strong></span> <span class='ocrx_word' id='word_1_766' title='bbox 800 5860 1025 5920; x_wconf 84' lang='lat' dir='ltr'><strong>partem,</strong></span> <span class='ocrx_word' id='word_1_767' title='bbox 1054 5866 1239 5905; x_wconf 81' lang='lat' dir='ltr'><strong>verum</strong></span> <span class='ocrx_word' id='word_1_768' title='bbox 1272 5851 1430 5904; x_wconf 78' lang='lat' dir='ltr'><strong>etiam</strong></span> <span class='ocrx_word' id='word_1_769' title='bbox 1462 5848 1720 5916; x_wconf 85' lang='lat' dir='ltr'><strong>quadram</strong></span> <span class='ocrx_word' id='word_1_770' title='bbox 1757 5849 1863 5917; x_wconf 86' lang='lat' dir='ltr'><strong>jam</strong></span> <span class='ocrx_word' id='word_1_771' title='bbox 1900 5852 1949 5902; x_wconf 92' lang='lat' dir='ltr'><strong>in</strong></span> 
     </span>
    </p>
   </div>
   <div class='ocr_carea' id='block_1_105' title="bbox 2059 4654 3636 4722">
    <p class='ocr_par' dir='ltr' id='par_1_105' title="bbox 2059 4654 3636 4722">
     <span class='ocr_line' id='line_1_105' title="bbox 2059 4654 3636 4722; baseline 0.003 -15"><span class='ocrx_word' id='word_1_772' title='bbox 2059 4656 2340 4710; x_wconf 86' lang='lat' dir='ltr'><strong>traditione</strong></span> <span class='ocrx_word' id='word_1_773' title='bbox 2372 4654 2572 4717; x_wconf 84' lang='lat' dir='ltr'><strong>subtili,</strong></span> <span class='ocrx_word' id='word_1_774' title='bbox 2597 4662 2653 4707; x_wconf 89' lang='lat' dir='ltr'><strong>et</strong></span> <span class='ocrx_word' id='word_1_775' title='bbox 2681 4654 2798 4707; x_wconf 88' lang='lat' dir='ltr'><strong>sine</strong></span> <span class='ocrx_word' id='word_1_776' title='bbox 2820 4654 3149 4707; x_wconf 87' lang='lat' dir='ltr'><strong>dubitatione</strong></span> <span class='ocrx_word' id='word_1_777' title='bbox 3190 4654 3467 4722; x_wconf 84' lang='lat' dir='ltr'><strong>probabili.</strong></span> <span class='ocrx_word' id='word_1_778' title='bbox 3508 4675 3526 4708; x_wconf 72' lang='grc' dir='ltr'><strong>ι</strong></span> <span class='ocrx_word' id='word_1_779' title='bbox 3574 4658 3636 4711; x_wconf 82' lang='grc' dir='ltr'><strong>Ει</strong></span> 
     </span>
    </p>
   </div>
   <div class='ocr_carea' id='block_1_106' title="bbox 2058 4742 3637 4813">
    <p class='ocr_par' dir='ltr' id='par_1_106' title="bbox 2058 4742 3637 4813">
     <span class='ocr_line' id='line_1_106' title="bbox 2058 4742 3637 4813; baseline 0 -14"><span class='ocrx_word' id='word_1_780' title='bbox 2058 4755 2175 4812; x_wconf 91' lang='lat' dir='ltr'><strong>post</strong></span> <span class='ocrx_word' id='word_1_781' title='bbox 2198 4759 2361 4813; x_wconf 85' lang='lat' dir='ltr'><strong>pauca</strong></span> <span class='ocrx_word' id='word_1_782' title='bbox 2387 4760 2400 4795; x_wconf 89' lang='lat'><strong>:</strong></span> <span class='ocrx_word' id='word_1_783' title='bbox 2428 4744 2588 4813; x_wconf 86' lang='lat' dir='ltr'><strong>Igitur</strong></span> <span class='ocrx_word' id='word_1_784' title='bbox 2619 4743 2760 4805; x_wconf 89' lang='lat' dir='ltr'><strong>luna,</strong></span> <span class='ocrx_word' id='word_1_785' title='bbox 2795 4742 2981 4811; x_wconf 90' lang='lat' dir='ltr'><strong>inquit,</strong></span> <span class='ocrx_word' id='word_1_786' title='bbox 3016 4743 3059 4795; x_wconf 90' lang='lat' dir='ltr'><strong>si</strong></span> <span class='ocrx_word' id='word_1_787' title='bbox 3094 4759 3180 4795; x_wconf 90' lang='lat' dir='ltr'><strong>xtv</strong></span> <span class='ocrx_word' id='word_1_788' title='bbox 3210 4742 3495 4811; x_wconf 89' lang='lat' dir='ltr'><strong>reperitur,</strong></span> <span class='ocrx_word' id='word_1_789' title='bbox 3525 4747 3637 4799; x_wconf 88' lang='lat' dir='ltr'><strong>sole</strong></span> 
     </span>
    </p>
   </div>
   <div class='ocr_carea' id='block_1_107' title="bbox 2055 4832 3631 4904">
    <p class='ocr_par' dir='ltr' id='par_1_107' title="bbox 2055 4832 3631 4904">
     <span class='ocr_line' id='line_1_107' title="bbox 2055 4832 3631 4904; baseline -0.001 -14"><span class='ocrx_word' id='word_1_790' title='bbox 2055 4836 2107 4891; x_wconf 91' lang='lat' dir='ltr'><strong>iu</strong></span> <span class='ocrx_word' id='word_1_791' title='bbox 2138 4838 2305 4904; x_wconf 89' lang='lat' dir='ltr'><strong>prima</strong></span> <span class='ocrx_word' id='word_1_792' title='bbox 2337 4844 2484 4902; x_wconf 87' lang='lat' dir='ltr'><strong>parte</strong></span> <span class='ocrx_word' id='word_1_793' title='bbox 2517 4834 2599 4887; x_wconf 85' lang='lat' dir='ltr'><strong>sui</strong></span> <span class='ocrx_word' id='word_1_794' title='bbox 2628 4832 2810 4886; x_wconf 88' lang='lat' dir='ltr'><strong>circuli</strong></span> <span class='ocrx_word' id='word_1_795' title='bbox 2840 4832 3128 4886; x_wconf 81' lang='lat' dir='ltr'><strong>COIISIiltth</strong></span> <span class='ocrx_word' id='word_1_796' title='bbox 3155 4832 3263 4904; x_wconf 73' lang='lat' dir='ltr'><strong>[AL</strong></span> <span class='ocrx_word' id='word_1_797' title='bbox 3302 4850 3312 4884; x_wconf 91' lang='lat'>:</span> <span class='ocrx_word' id='word_1_798' title='bbox 3349 4833 3515 4903; x_wconf 89' lang='lat' dir='ltr'><strong>Luna,</strong></span> <span class='ocrx_word' id='word_1_799' title='bbox 3551 4836 3631 4889; x_wconf 87' lang='lat' dir='ltr'><strong>itt-</strong></span> 
     </span>
    </p>
   </div>
   <div class='ocr_carea' id='block_1_108' title="bbox 2052 4924 3635 4999">
    <p class='ocr_par' dir='ltr' id='par_1_108' title="bbox 2052 4924 3635 4999">
     <span class='ocr_line' id='line_1_108' title="bbox 2052 4924 3635 4999; baseline 0.002 -18"><span class='ocrx_word' id='word_1_800' title='bbox 2052 4930 2188 4999; x_wconf 91' lang='lat' dir='ltr'><strong>quit,</strong></span> <span class='ocrx_word' id='word_1_801' title='bbox 2226 4943 2338 4995; x_wconf 83' lang='lat' dir='ltr'><strong>xiv,</strong></span> <span class='ocrx_word' id='word_1_802' title='bbox 2368 4927 2469 4981; x_wconf 89' lang='lat' dir='ltr'><strong>hoc</strong></span> <span class='ocrx_word' id='word_1_803' title='bbox 2514 4936 2616 4993; x_wconf 92' lang='lat' dir='ltr'><strong>est,</strong></span> <span class='ocrx_word' id='word_1_804' title='bbox 2654 4926 2810 4993; x_wconf 87' lang='lat' dir='ltr'><strong>pleno</strong></span> <span class='ocrx_word' id='word_1_805' title='bbox 2854 4924 3052 4978; x_wconf 83' lang='lat' dir='ltr'><strong>lumine</strong></span> <span class='ocrx_word' id='word_1_806' title='bbox 3094 4928 3143 4978; x_wconf 92' lang='lat' dir='ltr'><strong>in</strong></span> <span class='ocrx_word' id='word_1_807' title='bbox 3179 4928 3345 4994; x_wconf 87' lang='lat' dir='ltr'><strong>prima</strong></span> <span class='ocrx_word' id='word_1_808' title='bbox 3378 4938 3527 4994; x_wconf 87' lang='lat' dir='ltr'><strong>parte</strong></span> <span class='ocrx_word' id='word_1_809' title='bbox 3556 4929 3635 4984; x_wconf 88' lang='lat' dir='ltr'><strong>sui</strong></span> 
     </span>
    </p>
   </div>
   <div class='ocr_carea' id='block_1_109' title="bbox 2055 5016 3631 5087">
    <p class='ocr_par' dir='ltr' id='par_1_109' title="bbox 2055 5016 3631 5087">
     <span class='ocr_line' id='line_1_109' title="bbox 2055 5016 3631 5087; baseline -0.003 -12"><span class='ocrx_word' id='word_1_810' title='bbox 2055 5020 2237 5075; x_wconf 90' lang='lat' dir='ltr'><strong>circuli</strong></span> <span class='ocrx_word' id='word_1_811' title='bbox 2268 5018 2604 5087; x_wconf 74' lang='lat' dir='ltr'><strong>COIlSliIUIOj,</strong></span> <span class='ocrx_word' id='word_1_812' title='bbox 2634 5016 2755 5085; x_wconf 91' lang='lat' dir='ltr'><strong>jure</strong></span> <span class='ocrx_word' id='word_1_813' title='bbox 2803 5016 2955 5083; x_wconf 83' lang='lat' dir='ltr'><strong>primi</strong></span> <span class='ocrx_word' id='word_1_814' title='bbox 2999 5019 3202 5071; x_wconf 67' lang='lat' dir='ltr'><strong>mensis</strong></span> <span class='ocrx_word' id='word_1_815' title='bbox 3246 5017 3546 5071; x_wconf 89' lang='lat' dir='ltr'><strong>ascribitur.</strong></span> <span class='ocrx_word' id='word_1_816' title='bbox 3578 5020 3631 5073; x_wconf 75' lang='lat' dir='ltr'><strong>Si</strong></span> 
     </span>
    </p>
   </div>
   <div class='ocr_carea' id='block_1_110' title="bbox 2056 5100 3642 5179">
    <p class='ocr_par' dir='ltr' id='par_1_110' title="bbox 2056 5100 3642 5179">
     <span class='ocr_line' id='line_1_110' title="bbox 2056 5100 3642 5179; baseline -0.002 -15"><span class='ocrx_word' id='word_1_817' title='bbox 2056 5126 2182 5171; x_wconf 88' lang='lat' dir='ltr'><strong>vero</strong></span> <span class='ocrx_word' id='word_1_818' title='bbox 2210 5111 2354 5179; x_wconf 92' lang='lat' dir='ltr'><strong>prius</strong></span> <span class='ocrx_word' id='word_1_819' title='bbox 2386 5124 2471 5162; x_wconf 83' lang='lat' dir='ltr'><strong>xtv</strong></span> <span class='ocrx_word' id='word_1_820' title='bbox 2513 5110 2633 5162; x_wconf 85' lang='lat' dir='ltr'><strong>luna</strong></span> <span class='ocrx_word' id='word_1_821' title='bbox 2665 5105 2769 5178; x_wconf 82' lang='lat' dir='ltr'><strong>[AL</strong></span> <span class='ocrx_word' id='word_1_822' title='bbox 2802 5122 2903 5159; x_wconf 86' lang='lat' dir='ltr'><strong>om.</strong></span> <span class='ocrx_word' id='word_1_823' title='bbox 2935 5104 3081 5175; x_wconf 82' lang='lat' dir='ltr'><strong>luna]</strong></span> <span class='ocrx_word' id='word_1_824' title='bbox 3115 5110 3213 5160; x_wconf 84' lang='lat' dir='ltr'><strong>hoc</strong></span> <span class='ocrx_word' id='word_1_825' title='bbox 3240 5105 3345 5177; x_wconf 78' lang='grc' dir='ltr'><strong>[ΑΙ.</strong></span> <span class='ocrx_word' id='word_1_826' title='bbox 3377 5109 3501 5159; x_wconf 82' lang='lat' dir='ltr'><strong>add.</strong></span> <span class='ocrx_word' id='word_1_827' title='bbox 3533 5100 3642 5170; x_wconf 71' lang='lat' dir='ltr'><strong>est]</strong></span> 
     </span>
    </p>
   </div>
   <div class='ocr_carea' id='block_1_111' title="bbox 2056 5198 3635 5273">
    <p class='ocr_par' dir='ltr' id='par_1_111' title="bbox 2056 5198 3635 5273">
     <span class='ocr_line' id='line_1_111' title="bbox 2056 5198 3635 5273; baseline -0.003 -17"><span class='ocrx_word' id='word_1_828' title='bbox 2056 5204 2213 5273; x_wconf 88' lang='lat' dir='ltr'><strong>pleno</strong></span> <span class='ocrx_word' id='word_1_829' title='bbox 2242 5199 2445 5254; x_wconf 88' lang='lat' dir='ltr'><strong>lumine</strong></span> <span class='ocrx_word' id='word_1_830' title='bbox 2472 5199 2617 5251; x_wconf 82' lang='lat' dir='ltr'><strong>cibis</strong></span> <span class='ocrx_word' id='word_1_831' title='bbox 2644 5198 2927 5262; x_wconf 79' lang='lat' dir='ltr'><strong>ellulserit,</strong></span> <span class='ocrx_word' id='word_1_832' title='bbox 2961 5212 3118 5264; x_wconf 87' lang='lat' dir='ltr'><strong>quant</strong></span> <span class='ocrx_word' id='word_1_833' title='bbox 3166 5200 3245 5250; x_wconf 90' lang='lat' dir='ltr'><strong>sol</strong></span> <span class='ocrx_word' id='word_1_834' title='bbox 3288 5208 3635 5251; x_wconf 85' lang='lat' dir='ltr'><strong>memoratam</strong></span> 
     </span>
    </p>
   </div>
   <div class='ocr_carea' id='block_1_112' title="bbox 2058 5289 3633 5366">
    <p class='ocr_par' dir='ltr' id='par_1_112' title="bbox 2058 5289 3633 5366">
     <span class='ocr_line' id='line_1_112' title="bbox 2058 5289 3633 5366; baseline -0.003 -19"><span class='ocrx_word' id='word_1_835' title='bbox 2058 5296 2282 5363; x_wconf 90' lang='lat' dir='ltr'><strong>primam</strong></span> <span class='ocrx_word' id='word_1_836' title='bbox 2312 5304 2516 5361; x_wconf 87' lang='lat' dir='ltr'><strong>partem</strong></span> <span class='ocrx_word' id='word_1_837' title='bbox 2550 5290 2735 5346; x_wconf 85' lang='lat' dir='ltr'><strong>circuli</strong></span> <span class='ocrx_word' id='word_1_838' title='bbox 2770 5290 2851 5343; x_wconf 90' lang='lat' dir='ltr'><strong>sui</strong></span> <span class='ocrx_word' id='word_1_839' title='bbox 2892 5290 3191 5357; x_wconf 72' lang='lat' dir='ltr'><strong>contigerit,</strong></span> <span class='ocrx_word' id='word_1_840' title='bbox 3235 5289 3322 5342; x_wconf 75' lang='lat' dir='ltr'><strong>XII</strong></span> <span class='ocrx_word' id='word_1_841' title='bbox 3372 5289 3516 5360; x_wconf 66' lang='lat' dir='ltr'><strong>ML,</strong></span> <span class='ocrx_word' id='word_1_842' title='bbox 3542 5296 3633 5366; x_wconf 83' lang='lat' dir='ltr'><strong>xu]</strong></span> 
     </span>
    </p>
   </div>
   <div class='ocr_carea' id='block_1_113' title="bbox 2057 5382 3639 5456">
    <p class='ocr_par' dir='ltr' id='par_1_113' title="bbox 2057 5382 3639 5456">
     <span class='ocr_line' id='line_1_113' title="bbox 2057 5382 3639 5456; baseline 0 -17"><span class='ocrx_word' id='word_1_843' title='bbox 2057 5385 2257 5440; x_wconf 75' lang='lat' dir='ltr'><strong>mensis</strong></span> <span class='ocrx_word' id='word_1_844' title='bbox 2285 5400 2401 5438; x_wconf 87' lang='lat' dir='ltr'><strong>esse</strong></span> <span class='ocrx_word' id='word_1_845' title='bbox 2432 5385 2698 5452; x_wconf 91' lang='lat' dir='ltr'><strong>reperitur</strong></span> <span class='ocrx_word' id='word_1_846' title='bbox 2726 5384 2809 5436; x_wconf 88' lang='lat' dir='ltr'><strong>vel</strong></span> <span class='ocrx_word' id='word_1_847' title='bbox 2841 5382 2950 5453; x_wconf 83' lang='grc' dir='ltr'><strong>[Αι.</strong></span> <span class='ocrx_word' id='word_1_848' title='bbox 2982 5400 3083 5435; x_wconf 87' lang='lat' dir='ltr'><strong>om.</strong></span> <span class='ocrx_word' id='word_1_849' title='bbox 3118 5385 3377 5450; x_wconf 84' lang='lat' dir='ltr'><strong>reperitur</strong></span> <span class='ocrx_word' id='word_1_850' title='bbox 3405 5383 3511 5456; x_wconf 80' lang='lat' dir='ltr'><strong>Vell</strong></span> <span class='ocrx_word' id='word_1_851' title='bbox 3543 5399 3639 5439; x_wconf 87' lang='lat' dir='ltr'><strong>re-</strong></span> 
     </span>
    </p>
   </div>
   <div class='ocr_carea' id='block_1_114' title="bbox 2056 5472 3640 5551">
    <p class='ocr_par' dir='ltr' id='par_1_114' title="bbox 2056 5472 3640 5551">
     <span class='ocr_line' id='line_1_114' title="bbox 2056 5472 3640 5551; baseline -0.003 -18"><span class='ocrx_word' id='word_1_852' title='bbox 2056 5478 2348 5551; x_wconf 90' lang='lat' dir='ltr'><strong>putabitur.</strong></span> <span class='ocrx_word' id='word_1_853' title='bbox 2398 5478 2459 5531; x_wconf 78' lang='lat' dir='ltr'><strong>Et</strong></span> <span class='ocrx_word' id='word_1_854' title='bbox 2504 5475 2612 5549; x_wconf 77' lang='lat' dir='ltr'><strong>[AL</strong></span> <span class='ocrx_word' id='word_1_855' title='bbox 2658 5476 2783 5528; x_wconf 86' lang='lat' dir='ltr'><strong>add.</strong></span> <span class='ocrx_word' id='word_1_856' title='bbox 2844 5472 2984 5543; x_wconf 70' lang='lat' dir='ltr'><strong>ideo]</strong></span> <span class='ocrx_word' id='word_1_857' title='bbox 3035 5476 3241 5541; x_wconf 87' lang='lat' dir='ltr'><strong>quoties</strong></span> <span class='ocrx_word' id='word_1_858' title='bbox 3294 5477 3363 5528; x_wconf 89' lang='lat' dir='ltr'><strong>ita</strong></span> <span class='ocrx_word' id='word_1_859' title='bbox 3417 5474 3640 5541; x_wconf 80' lang='lat' dir='ltr'><strong>contigit</strong></span> 
     </span>
    </p>
   </div>
   <div class='ocr_carea' id='block_1_115' title="bbox 2056 5562 3637 5641">
    <p class='ocr_par' dir='ltr' id='par_1_115' title="bbox 2056 5562 3637 5641">
     <span class='ocr_line' id='line_1_115' title="bbox 2056 5562 3637 5641; baseline -0.001 -19"><span class='ocrx_word' id='word_1_860' title='bbox 2056 5569 2187 5641; x_wconf 82' lang='lat' dir='ltr'><strong>[Al.,</strong></span> <span class='ocrx_word' id='word_1_861' title='bbox 2218 5565 2517 5633; x_wconf 65' lang='lat' dir='ltr'><strong>contingitl,</strong></span> <span class='ocrx_word' id='word_1_862' title='bbox 2568 5563 2875 5617; x_wconf 86' lang='lat' dir='ltr'><strong>soletnnitas</strong></span> <span class='ocrx_word' id='word_1_863' title='bbox 2918 5562 3135 5617; x_wconf 76' lang='lat' dir='ltr'><strong>Pascha:</strong></span> <span class='ocrx_word' id='word_1_864' title='bbox 3163 5562 3430 5630; x_wconf 74' lang='lat' dir='ltr'><strong>diliertur,</strong></span> <span class='ocrx_word' id='word_1_865' title='bbox 3463 5567 3526 5618; x_wconf 88' lang='lat' dir='ltr'><strong>ad</strong></span> <span class='ocrx_word' id='word_1_866' title='bbox 3558 5566 3637 5620; x_wconf 85' lang='lat' dir='ltr'><strong>al-</strong></span> 
     </span>
    </p>
   </div>
   <div class='ocr_carea' id='block_1_116' title="bbox 2056 5652 3638 5725">
    <p class='ocr_par' dir='ltr' id='par_1_116' title="bbox 2056 5652 3638 5725">
     <span class='ocr_line' id='line_1_116' title="bbox 2056 5652 3638 5725; baseline -0.005 -10"><span class='ocrx_word' id='word_1_867' title='bbox 2056 5670 2228 5715; x_wconf 87' lang='lat' dir='ltr'><strong>terum</strong></span> <span class='ocrx_word' id='word_1_868' title='bbox 2261 5657 2631 5725; x_wconf 81' lang='lat' dir='ltr'><strong>plenilunium,</strong></span> <span class='ocrx_word' id='word_1_869' title='bbox 2664 5652 2803 5722; x_wconf 89' lang='lat' dir='ltr'><strong>quod</strong></span> <span class='ocrx_word' id='word_1_870' title='bbox 2846 5652 3062 5707; x_wconf 88' lang='lat' dir='ltr'><strong>evenire</strong></span> <span class='ocrx_word' id='word_1_871' title='bbox 3099 5666 3320 5709; x_wconf 78' lang='lat' dir='ltr'><strong>neocsse</strong></span> <span class='ocrx_word' id='word_1_872' title='bbox 3354 5668 3432 5709; x_wconf 79' lang='lat' dir='ltr'><strong>cst</strong></span> <span class='ocrx_word' id='word_1_873' title='bbox 3464 5654 3638 5709; x_wconf 83' lang='lat' dir='ltr'><strong>adhuc</strong></span> 
     </span>
    </p>
   </div>
   <div class='ocr_carea' id='block_1_117' title="bbox 2056 5744 3636 5817">
    <p class='ocr_par' dir='ltr' id='par_1_117' title="bbox 2056 5744 3636 5817">
     <span class='ocr_line' id='line_1_117' title="bbox 2056 5744 3636 5817; baseline -0.007 -7"><span class='ocrx_word' id='word_1_874' title='bbox 2056 5755 2169 5810; x_wconf 89' lang='lat' dir='ltr'><strong>sole</strong></span> <span class='ocrx_word' id='word_1_875' title='bbox 2219 5753 2272 5805; x_wconf 89' lang='lat' dir='ltr'><strong>in</strong></span> <span class='ocrx_word' id='word_1_876' title='bbox 2322 5751 2485 5817; x_wconf 82' lang='lat' dir='ltr'><strong>prima</strong></span> <span class='ocrx_word' id='word_1_877' title='bbox 2536 5755 2681 5816; x_wconf 86' lang='lat' dir='ltr'><strong>parte</strong></span> <span class='ocrx_word' id='word_1_878' title='bbox 2735 5745 2802 5800; x_wconf 89' lang='lat' dir='ltr'><strong>de</strong></span> <span class='ocrx_word' id='word_1_879' title='bbox 2845 5744 3127 5800; x_wconf 72' lang='lat' dir='ltr'><strong>duodecim</strong></span> <span class='ocrx_word' id='word_1_880' title='bbox 3175 5744 3358 5799; x_wconf 85' lang='lat' dir='ltr'><strong>circuit</strong></span> <span class='ocrx_word' id='word_1_881' title='bbox 3404 5748 3636 5817; x_wconf 80' lang='lat' dir='ltr'><strong>partibus</strong></span> 
     </span>
    </p>
   </div>
   <div class='ocr_carea' id='block_1_118' title="bbox 2057 5844 2423 5901">
    <p class='ocr_par' dir='ltr' id='par_1_118' title="bbox 2057 5844 2423 5901">
     <span class='ocr_line' id='line_1_118' title="bbox 2057 5844 2423 5901; baseline -0.027 -1"><span class='ocrx_word' id='word_1_882' title='bbox 2057 5844 2362 5901; x_wconf 83' lang='lat' dir='ltr'><strong>constituto.</strong></span> <span class='ocrx_word' id='word_1_883' title='bbox 2406 5859 2423 5890; x_wconf 77' lang='grc' dir='ltr'><strong><em>ι</em></strong></span> 
     </span>
    </p>
   </div>
  </div>
