4220 6476
656 407 759 464 679

1362 399 1562 454 ΒΕΠᾹΞ
1607 395 2059 454 νιεΝΕιιΑιειιιε
2099 395 2247 451 OPP.
2295 394 2489 451 PARS.
2537 394 2621 448 Ill.
2665 428 2731 435 --
2774 399 3256 457 l‘AllzﬁNliTltlA.

3834 402 3946 455 (if-’0

728 518 850 572 llaec
898 517 963 571 de
1004 515 1184 571 verbis
1234 513 1371 568 beati
1424 510 1652 566 Victoris
1693 524 1969 565 assumere
2016 508 2229 577 placuit,
2264 511 2308 570 Α
2339 507 2460 560 luna
2491 512 2788 562 erraverim
2816 513 2906 579 qui
2950 521 3060 567 tres
3095 513 3210 567 dies
3252 512 3573 568 addiderunt
3603 522 3732 569 ante
3769 522 3947 582 anius-

656 622 921 680 qtiatentts
947 610 1208 665 sententia
1239 606 1408 660 saucti
1445 604 1614 659 Patris
1646 604 1899 666 Anatolii,
1932 618 2050 669 quin
2088 612 2141 655 ct
2184 602 2233 654 in

660 703 826 768 ipsius
869 714 1031 767 opere
1083 696 1340 766 paschali,
1394 706 1448 750 et
1500 696 1552 748 iii
1608 694 1825 747 historia
1878 692 2237 746 ecclesiastica

657 791 923 857 plerisque
968 791 1191 841 obscura
1242 796 1367 850 est,
1415 800 1509 853 per
1557 784 1675 851 ejus
1728 782 1815 835 libi
1864 781 2004 835 dicta
2047 782 2239 835 clarior

658 883 990 936 redderetur.
1040 881 1144 935 Sed
1200 896 1372 949 neque
1425 880 1526 932 lioe
1578 876 2047 946 prtetercumltiui,
2098 872 2237 941 quod

654 981 781 1025 sunt
809 973 896 1040 qui
930 973 1263 1025 contendunt
1301 969 1608 1023 Anatolium
1640 968 1689 1019 in
1724 966 1820 1019 hac
1849 976 2109 1018 sententia
2143 978 2238 1016 ue—

656 1079 919 1131 quaquam
991 1062 1373 1125 undecimum,
1431 1059 1524 1113 sed
1582 1068 1827 1110 octavum
1879 1054 2239 1109 Kalendarum

660 1156 921 1223 Aprilium
968 1155 1107 1209 diem
1159 1153 1425 1218 posuisse,
1470 1152 1712 1204 dicentes
1757 1148 2068 1209 Eusebium,
2119 1161 2240 1198 cum

661 1248 798 1302 haue
844 1249 1165 1302 sententiam
1216 1248 1267 1299 in
1320 1246 1540 1298 historia
1592 1241 1952 1297 ecclesiastica
2001 1249 2241 1307 poneret,

657 1340 799 1393 diem
827 1353 923 1407 pro
946 1339 1033 1393 die
1064 1348 1318 1400 mutasse,
1350 1348 1397 1390 et
1430 1335 1569 1404 quod
1600 1345 1790 1389 caetera
1822 1334 1955 1389 bene
1980 1348 2041 1386 ac
2072 1332 2244 1399 philo-

664 1431 883 1501 sophice
917 1431 1085 1499 posita
1122 1432 1325 1485 videret
1354 1429 1488 1499 ιΑι,,
1521 1426 1758 1496 videritl,
1793 1442 1899 1481 uno
1930 1427 2092 1481 verbo
2121 1440 2241 1479 cor-

660 1526 830 1587 rigere
870 1526 1126 1587 voluisse,
1160 1523 1300 1591 quod
1349 1524 1400 1575 in
1435 1538 1495 1574 ea
1531 1522 1706 1573 minus
1758 1518 1997 1586 perfecte
2044 1517 2245 1570 dictum

660 1617 1020 1685 conslieverit,
1056 1632 1119 1667 ne
1162 1616 1334 1678 illum,
1367 1612 1635 1671 videlicet,
1666 1624 1823 1678 quem
1868 1607 2082 1660 laudare
2120 1621 2245 1675 pro-

665 1718 913 1777 posuerat
945 1709 1076 1779 [Alﬁ
1110 1703 1495 1775 diSposueratl,
1537 1704 1707 1770 palam
1759 1699 2045 1753 notabilem
2097 1712 2248 1751 nimi-

664 1806 879 1860 straret,
926 1798 970 1849 si
1017 1810 1134 1864 eius
1181 1810 1307 1862 pura
1354 1794 1536 1855 verba,
1584 1801 1637 1845 et
1686 1801 1737 1843 ut
1773 1791 1992 1861 |Al.,ut
2029 1788 2244 1855 ellipse

662 1893 968 1955 scripserat,
1002 1887 1113 1939 suis
1156 1886 1358 1939 inderet
1389 1882 1640 1936 historiis.
1672 1880 1774 1935 Sed
1814 1881 2006 1933 mirum
2050 1879 2095 1932 si
2143 1879 2246 1931 Ειι-
2283 1868 2322 1925 li

661 1980 861 2041 sebins,
894 1987 997 2030 tam
1024 1979 1442 2043 Cil'ClltllSpCClllS
1468 1988 1716 2027 sermone
1741 1982 1792 2025 et
1816 1987 1974 2026 sensu
1998 1973 2247 2039 scriptor,

663 2071 716 2124 in
764 2077 965 2122 tantum
1016 2067 1185 2121 laudis
1236 2068 1463 2120 aliorum
1516 2066 1682 2132 potuit
1730 2078 1851 2118 esse
1898 2064 2145 2130 Cupidus,
2193 2073 2249 2116 iit

660 2174 844 2215 eorum
875 2160 1155 2229 scripturis
1184 2159 1484 2227 deﬂagrans
1523 2157 1655 2228 |Al.,
1686 2159 1883 2225 scripta
1933 2153 2246 2222 delloransl,

663 2268 725 2306 ea
756 2267 873 2321 qua:
896 2266 1000 2305 non
1031 2251 1276 2304 dixerant
1300 2250 1420 2303 illos
1443 2250 1642 2302 dixisse
1677 2248 1904 2311 tinxerit,
1934 2261 2030 2299 nec
2062 2246 2249 2299 formi-

663 2342 817 2395 daret
861 2343 1034 2410 argui,
1087 2352 1365 2409 postquam
1415 2341 1643 2393 lectores
1690 2340 1770 2392 sui
1818 2338 2018 2406 integra
2063 2352 2246 2391 eorum

663 2435 921 2504 Opusciila
969 2443 1459 2501 perscrutaientnr,
1506 2442 1664 2498 atque
1714 2446 1832 2497 quze
1887 2445 1998 2499 ipse
2046 2430 2114 2485 de
2166 2430 2250 2483 his

661 2537 1045 2595 assuinpserat,
1082 2526 1237 2580 aliter
1282 2527 1332 2579 in
1378 2526 1490 2578 suis
1526 2524 1834 2577 auctoiibus
1869 2523 2039 2592 posita
2082 2522 2247 2577 ollen-

662 2616 891 2669 disserit.
921 2614 1108 2669 Mirum
1150 2616 1193 2668 si
1242 2615 1535 2677 Victorem,
1567 2614 1720 2676 cujus
1766 2613 1907 2667 dicta
1954 2613 2246 2681 posuimus,

666 2710 837 2764 virum
868 2726 1018 2779 atque
1059 2710 1376 2763 eruditionis
1424 2708 1632 2762 eximie
1684 2708 1802 2761 talis
1848 2707 2139 2775 iuipostura
2170 2706 2248 2760 la-

669 2804 789 2868 tuit,
842 2803 931 2871 qui
985 2802 1035 2853 in
1090 2800 1196 2852 alio
1246 2815 1407 2865 opere
1457 2802 1697 2853 scribens
1742 2800 1810 2852 de
1857 2797 2071 2867 pascha.
2114 2798 2249 2853 hanc

668 2896 909 2949 eamdem
961 2895 1282 2948 sententiain
1336 2892 1567 2946 Anatolii
1619 2892 1685 2945 de
1738 2891 1957 2945 historia
1995 2892 2251 2947 ecclesia-

664 2988 820 3051 stica,
853 2989 1001 3056 quasi
1028 2986 1147 3054 jure
1178 2984 1493 3039 laudabilem
1536 2999 1598 3038 ac
1646 2982 2046 3039 memorabilem
2098 3000 2249 3037 assu-

669 3095 841 3145 mens,
892 3080 979 3134 ubi
1036 3089 1389 3148 opportunum
1451 3078 1667 3131 rebatur
1716 3077 1977 3143 inseruit,
2029 3086 2082 3131 et
2138 3077 2249 3145 ip:e

668 3172 1008 3224 undecimum
1060 3171 1109 3223 in
1162 3183 1223 3222 ca
1271 3185 1373 3222 uoti
1421 3178 1662 3221 octavum
1695 3167 2053 3221 Kalendarum
2094 3169 2247 3237 Apti-

665 3263 793 3317 lium
837 3264 1077 3317 scribens
1126 3262 1287 3315 diem.
1332 3260 1436 3317 Sed
1482 3271 1533 3313 et
1588 3260 1869 3329 Dionysius
1898 3272 2250 3327 cognomento

669 3354 926 3421 Exiguus,
959 3352 1180 3407 scientia
1226 3350 1546 3419 praicipuus,
1581 3349 1772 3403 mirum
1811 3366 1973 3418 quate
2012 3355 2089 3403 vel
2139 3352 2249 3419 ipse

665 3447 717 3501 in
746 3446 985 3515 epistolis
1028 3445 1139 3498 suis
1188 3442 1527 3511 paschalibus
1570 3442 1796 3494 Anatolii
1846 3440 2152 3507 sull'ragiuiii
2185 3442 2249 3493 de

664 3538 884 3592 historia
936 3535 1301 3591 ecclesiastica
1354 3533 1655 3601 ﬂagitaret,
1712 3532 1754 3585 si
1816 3530 1930 3599 ejus
1986 3531 2052 3583 ibi
2110 3532 2245 3584 dicta

662 3632 824 3683 sciret
854 3628 1060 3691 falsata,
1094 3643 1249 3696 quem
1295 3637 1349 3679 ut
1381 3626 1578 3679 Cra-cm
1610 3626 1770 3678 etiam
1806 3625 1994 3689 liugum
2028 3624 2250 3690 peritis-

660 3722 880 3785 simum,
927 3718 1154 3785 qualiter
1203 3720 1316 3769 llﬂ‘c
1363 3718 1470 3770 sint
1517 3716 1692 3783 primo
1737 3716 1899 3779 edita,
1946 3716 2112 3770 latere
2141 3730 2245 3768 tioii

664 3811 857 3876 potuit.
892 3810 977 3864 Ait
1025 3808 1167 3862 enim
1206 3808 1284 3861 sic
1318 3824 1331 3859 :
1370 3825 1388 3857 ι
1428 3807 1533 3863 Sed
1576 3808 1699 3876 quia
1751 3810 1951 3861 mensis
1984 3809 2069 3861 hic
2108 3808 2247 3863 unde

662 3910 839 3955 sumat
883 3900 1185 3964 exordium,
1219 3898 1303 3952 vel
1352 3899 1437 3953 ubi
1490 3900 1827 3963 terminetiir,
1878 3900 2151 3954 evidenter
2194 3901 2246 3955 in

668 3990 829 4060 Moysi
882 3989 1098 4058 scriptis
1150 4004 1254 4043 non
1302 3988 1574 4057 colligitur
1626 4006 1638 4041 :
1686 3990 1888 4057 praelati
1930 3990 2247 4045 vein-rabilis

662 4079 798 4153 [Al.,
838 4077 1197 4150 venerabiles]
1242 4094 1472 4134 cccxvm
1517 4080 1793 4148 pontiﬁces
1838 4081 2037 4149 antiqui
2084 4080 2246 4136 moris

663 4173 1087 4239 observantiam,
1119 4182 1172 4225 et
1201 4171 1394 4225 exinde
1440 4186 1470 4224 a
1521 4182 1706 4227 saneto
1751 4171 1929 4241 Moyse
1972 4173 2243 4237 traditam,

665 4264 803 4319 sicut
840 4265 893 4319 in
938 4266 1167 4332 septimo
1212 4264 1346 4317 l.bro
1394 4264 1771 4319 ecclesiastica:
1804 4266 2040 4320 historia:
2078 4267 2245 4321 fcrtur

661 4355 796 4429 [Al.,
820 4355 1071 4425 refertur]
1110 4356 1357 4409 solertius
1393 4357 1790 4425 investigantes,
1837 4374 1864 4409 a
1916 4372 2006 4410 vui
2061 4358 2243 4412 Iduum

670 4445 977 4497 Martiarum
1010 4460 1175 4514 usque
1205 4443 1258 4498 in
1289 4444 1429 4499 diem
1464 4444 1728 4498 Nonarum
1768 4446 2025 4513 Aprilium
2067 4461 2241 4502 natam

668 4536 847 4590 lunam
881 4534 1057 4590 facere
1104 4536 1360 4590 dixerunt
1404 4537 1561 4605 primi
1606 4540 1804 4592 mensis
1850 4539 2077 4606 initium,
2120 4552 2173 4595 et
2214 4558 2242 4595 a
2276 4577 2320 4636 Β

665 4624 984 4680 duodecimo
1024 4625 1381 4682 Kalendarum
1428 4626 1689 4696 Aprilium
1733 4643 1900 4699 usque
1930 4632 1994 4685 ad
2026 4645 2111 4686 xw
2140 4634 2245 4687 Ka-

667 4717 811 4771 lend.
846 4717 966 4771 Maii
1000 4716 1177 4771 lunam
1208 4733 1299 4771 XIV
1326 4718 1578 4772 solertius
1611 4720 1998 4787 inquirendam.
2025 4743 2042 4775 i
2065 4723 2247 4793 Itaque

668 4807 959 4861 verisimile
988 4808 1221 4876 videtur,
1255 4809 1539 4862 Eusebium
1562 4809 1773 4878 quidem
1807 4812 1945 4881 quod
1978 4812 2027 4865 iu
2057 4812 2241 4869 Graeca

669 4897 989 4950 auctoritate
1021 4897 1319 4965 invenerat,
1355 4899 1582 4953 ﬁdeliter
1628 4902 1737 4954 suis
1788 4902 2040 4959 indidisse
2079 4904 2247 4959 histo-

667 4986 785 5040 riis.
836 4987 1011 5054 lpsum
1062 5003 1187 5042 vero
1234 4989 1465 5043 libellum
1525 4993 1751 5046 Anatolii
1798 4996 2134 5062 postmodum
2192 4998 2244 5051 iii

668 5078 936 5144 aliquibus
967 5077 1276 5133 Latinorum
1309 5082 1703 5149 exemplaribus
1751 5100 1871 5138 esse
1909 5099 2240 5156 corruptum,

662 5181 853 5222 eorum
901 5169 1155 5222 nimirum
1202 5171 1386 5225 fraude
1424 5173 1535 5239 qui,
1571 5172 1781 5239 paschae
1826 5191 2006 5229 verum
2040 5188 2245 5246 tempus

669 5270 1001 5325 ignorantes,
1047 5277 1285 5317 errorem
1333 5279 1487 5317 suum
1541 5268 1668 5318 tanti
1716 5266 1885 5321 Patris
1930 5271 2245 5327 auctoritate

664 5353 950 5411 defendere
977 5357 1261 5425 gestit-ent.

740 5446 842 5498 Sed
894 5460 1139 5515 qnmruiit
1190 5448 1318 5517 ML,
1372 5450 1634 5523 qumrant]
1683 5452 1756 5506 illi
1814 5455 1902 5524 qui
1960 5456 2240 5511 Eusebium

672 5539 837 5606 magis
893 5556 1049 5592 uuam
1104 5542 1419 5596 emendasse
1477 5544 1834 5609 sententiam,
1886 5562 2042 5615 quam
2112 5550 2244 5604 alios

668 5625 937 5688 quoslibet
964 5638 1131 5682 totum
1163 5629 1393 5684 Anatolii
1443 5642 1628 5699 putant
1664 5634 1939 5689 inlalsasse
1992 5636 2124 5709 [Al.,
2161 5638 2243 5691 in-

672 5713 886 5786 lalsarc]
913 5720 1165 5784 libellum,
1191 5722 1461 5789 quomodo
1485 5724 1533 5775 iii
1558 5724 1648 5778 illo
1674 5725 1853 5779 libello
1878 5728 1945 5779 sit
1969 5729 2243 5797 scriptum.

671 5804 772 5857 Sed
807 5807 932 5874 quid
957 5808 1144 5862 mirum
1173 5812 1213 5865 si
1240 5811 1289 5864 iii
1315 5813 1589 5868 undecima
1624 5816 1752 5887 ML,
1778 5816 2028 5887 vigesima
2055 5818 2244 5893 prima]

2344 600 2599 663 noctium,
2628 600 2676 652 in
2708 602 2898 669 quibus
2932 604 3124 669 pascha
3158 603 3419 657 immolari
3456 618 3617 673 posse
3644 606 3943 665 deliniunt.

2342 692 2481 761 quod
2528 703 2732 746 eertum
2793 695 2900 761 IAl.
2943 698 3068 747 add.
3120 696 3223 765 est]
3265 698 3589 753 omnimodis
3643 698 3755 770 Idl.
3811 700 3943 753 add.

2342 782 2524 849 ctiam|
2556 785 2724 850 putari
2756 785 3073 839 absurdum.
3098 786 3304 853 Quibus
3327 788 3791 854 restiondendutn,
3817 789 3943 859 quia

2342 876 2623 928 Anatolius
2664 877 2894 941 potuerit
2936 892 3098 933 nosse
3130 879 3385 946 plurimos
3423 882 3531 952 |Al.
3565 882 3693 934 add.
3725 887 3941 952 eorum!

2344 966 2432 1034 qui
2466 967 2543 1021 sic
2585 968 2666 1022 vel
2703 970 2782 1022 sic
2818 969 2887 1024 de
2939 970 3136 1040 pascha
3182 972 3469 1037 senserint,
3516 989 3613 1028 nec
3645 986 3830 1029 tamen
3872 976 3941 1029 ad

2347 1067 2585 1111 nostram
2634 1059 2878 1113 notitiam
2930 1063 3291 1129 pervenerint.
3326 1063 3391 1117 Et
3419 1079 3451 1119 e
3480 1075 3663 1119 contra
3690 1081 3943 1135 quaeren-

2349 1148 2470 1201 dum
2518 1150 2585 1204 ab
2613 1148 2693 1204 eis
2722 1154 2992 1219 quomodo
3038 1152 3090 1207 in
3139 1153 3255 1220 ipso
3302 1155 3480 1210 libello
3527 1158 3597 1211 sit
3624 1160 3938 1226 scriptum:

2350 1239 2439 1293 list
2467 1255 2594 1310 ergo
2626 1239 2677 1294 in
2711 1243 2883 1306 primo
2924 1259 3068 1300 anno
3097 1246 3303 1301 initium
3347 1249 3501 1315 primi
3535 1250 3758 1316 mensis,
3792 1251 3940 1318 quod

2351 1338 2435 1384 est
2483 1332 2852 1387 iiovenideeim
2881 1348 3140 1391 annorum
3167 1337 3348 1392 circuli
3380 1339 3613 1406 initium,
3640 1343 3940 1397 secundum

2351 1418 2631 1491 Aigyptios
2652 1423 2868 1490 quidem
2895 1428 3091 1480 mensis
3109 1426 3435 1484 l'liatiieiiulh
3460 1447 3602 1485 xxvii
3628 1431 3765 1501 ιΑι..
3781 1436 3941 1503 xxvii

2350 1510 2457 1573 die,
2471 1512 2620 1580 juxta
2637 1514 2951 1570 Macedooes
2966 1532 3092 1571 vero
3108 1518 3262 1573 llistri
3280 1522 3594 1577 mensisxxti
3611 1524 3698 1591 [Al
3730 1569 3747 1591 ,
3768 1528 3941 1596 xxvi}.

2350 1601 2653 1659 Secundum
2686 1606 2956 1663 Romanus
2987 1625 3113 1665 vero
3136 1612 3319 1667 Martis
3349 1615 3479 1682 ML,
3511 1616 3709 1686 Martii]
3739 1621 3945 1674 mensis

2350 1708 2453 1746 xxv
2483 1693 2614 1763 ιΑι..
2640 1697 2787 1766 xxvi]
2819 1700 2927 1763 die,
2960 1699 3008 1753 id
3034 1712 3117 1755 est
3150 1719 3235 1757 vin
3269 1702 3537 1760 Kalendas
3566 1708 3791 1776 Aprilis,
3814 1725 3942 1764 cum

2353 1799 2477 1838 xxvi
2502 1786 2614 1839 dies
2641 1789 3223 1860 mensisAigyptiornin
3252 1794 3603 1864 l'hauiciioth,
3622 1810 3676 1853 et
3695 1815 3806 1854 mi
3823 1802 3945 1856 dies

2354 1876 2555 1929 mensis
2598 1874 2949 1933 Macedonum
3001 1880 3157 1935 llistri
3206 1900 3309 1937 non
3358 1888 3424 1939 sit
3456 1902 3547 1941 vni
3579 1888 3943 1947 Kalendarum

2351 1966 2634 2034 Aprilium,
2664 1970 2759 2024 sed
2793 1986 2840 2023 ix
2872 1973 3005 2038 |Al.,
3039 1977 3112 2039 λιι
3142 1973 3367 2031 Kalend.
3400 1979 3567 2046 April.
3612 1980 3806 2037 Nonne
3844 1998 3945 2036 ve-

2352 2057 2731 2114 risimillimuin
2764 2076 2984 2130 apparet
3011 2082 3169 2133 quam
3210 2079 3279 2122 sit
3315 2071 3499 2124 lalsata
3538 2077 3823 2139 sententia,
3853 2077 3945 2130 tibi

2353 2148 2466 2217 ipse
2492 2155 2579 2220 qui
2608 2166 2701 2206 vni
2749 2153 2968 2211 Kalend.
3003 2172 3099 2225 pro
3146 2174 3193 2212 iii
3242 2162 3373 2227 |.-tl.,
3407 2163 3478 2232 ii]
3506 2162 3729 2221 Kalend.
3766 2170 3944 2236 April.

2352 2245 2599 2310 mutavit,
2628 2245 2826 2300 oblitus
2854 2257 2937 2301 est
2976 2260 3138 2303 etiam
3185 2250 3557 2321 ztlgyptiuium
3601 2258 3679 2311 vel
3712 2259 3945 2313 (Suco—

2352 2348 2469 2387 rnm
2516 2337 2777 2391 mensium
2827 2348 3022 2395 statum
3071 2355 3289 2398 mutare.
3336 2344 3443 2401 Sed
3492 2348 3573 2403 his
3609 2364 3727 2419 qua:
3761 2352 3944 2405 minus

2353 2434 2477 2479 nota
2524 2438 2676 2481 erant
2724 2443 2943 2485 manere
2990 2435 3262 2500 permissis
3313 2449 3367 2490 ut
3399 2438 3612 2493 luerunt
3648 2441 3781 2509 ιΑι..
3825 2442 3946 2496 lue-

2354 2519 2523 2587 rantl,
2556 2518 2681 2572 iliiid
2704 2521 3041 2577 solummodo
3063 2527 3203 2592 quod
3231 2526 3340 2580 suis
3362 2529 3569 2597 sibique
3596 2531 3804 2587 visibile
3824 2544 3943 2587 (rat

2356 2610 2598 2663 mutavit.
2631 2612 2769 2677 Quid
2801 2626 2932 2668 sane
2960 2616 3147 2669 horum
3176 2618 3246 2670 sit
3274 2632 3471 2681 venus,
3506 2620 3577 2674 illi
3628 2622 3806 2687 potius
3846 2624 3940 2693 qui

2354 2701 2657 2757 Anatolium
2688 2703 2932 2760 Griecum
2965 2708 3142 2775 legunt
3172 2711 3301 2780 |Al.,
3328 2712 3531 2784 dicunt]
3557 2714 3789 2769 videant.

2426 2792 2619 2848 Verum
2646 2795 2760 2851 sive
2791 2797 3048 2853 Eusebius
3081 2800 3214 2856 hanc
3241 2803 3374 2869 |Al.,
3404 2804 3586 2876 unam]
3614 2806 3936 2861 sententiam

2352 2895 2448 2937 seu
2479 2885 2616 2940 alius
2642 2888 2865 2955 quilibet
2900 2899 3068 2942 totum
3100 2895 3269 2959 ipsum
3313 2894 3548 2947 libellum
3589 2910 3618 2947 a
3662 2909 3759 2948 suo
3790 2905 3935 2950 stain

2355 2981 2635 3035 mutaverit
2666 2983 2797 3048 |dl..
2832 2986 3127 3051 transicitl,
3178 2996 3386 3040 constat
3432 2988 3633 3057 absque
3675 2990 3778 3042 ulla
3829 2993 3937 3043 du-

2355 3074 2573 3140 bietate,
2600 3076 2839 3143 quamvis
2873 3076 3097 3143 plurima
3132 3082 3347 3134 verterit
3378 3078 3506 3151 |Al.,
3540 3085 3779 3143 quamvis
3813 3083 3933 3151 pln-

2356 3163 2486 3217 rima
2519 3177 2760 3219 veterum
2795 3169 2943 3221 turba
2976 3169 3254 3224 continuet
3268 3171 3303 3240 Ι,
3331 3172 3704 3241 aiquinoctiuui
3742 3186 3931 3230 octava

2358 3256 2715 3312 Kalendarum
2764 3262 3025 3329 Aprilium
3074 3261 3162 3316 die
3212 3280 3542 3333 nequaquam
3580 3283 3736 3337 posse
3779 3285 3933 3338 repe-

2356 3347 2470 3402 riri.
2506 3349 2654 3415 Quod
2704 3352 2813 3421 |Al.
2845 3353 2969 3405 add.
3003 3356 3077 3422 et]
3109 3354 3159 3407 in
3199 3359 3580 3424 eunspeetioue
3627 3360 3929 3429 horologica

2353 3449 2407 3491 et
2454 3452 2640 3507 aperta
2692 3442 2899 3496 ratione
2952 3445 3277 3510 probabitur.
3332 3447 3530 3517 llegula
3588 3451 3729 3503 enim
3784 3461 3931 3507 tenet

2352 3528 2724 3584 ecclesiastica:
2748 3532 3139 3588 observationis
3168 3536 3297 3607 μμ,
3320 3538 3780 3609 consecrationis],
3809 3558 3926 3610 qua!

2351 3630 2405 3673 et
2448 3620 2640 3675 edictis
2693 3619 2906 3677 l‘atruin
2955 3625 3188 3693 priorum
3236 3637 3288 3680 et
3338 3628 3533 3684 clarius
3580 3641 3662 3685 est
3712 3629 3929 3686 Nicaeae

2354 3709 2570 3775 probata
2601 3713 2850 3779 concilio,
2902 3725 2959 3769 ut
3002 3717 3214 3785 pascha:
3261 3719 3375 3774 dies
3422 3720 3725 3776 Dumiuieus
3765 3725 3832 3777 ab
3876 3741 3924 3779 xi

2352 3798 2705 3856 Kalendarum
2739 3804 2996 3871 Aprilium
3022 3823 3187 3876 usque
3219 3811 3267 3863 in
3298 3826 3364 3863 vn
3390 3810 3741 3868 Kalendarum
3768 3815 3928 3868 Maia-

2350 3906 2468 3947 rum
2526 3895 2665 3949 diem
2721 3908 3009 3964 quaeratur.
3068 3902 3194 3956 Item
3250 3905 3522 3961 catholica:
3583 3909 3927 3965 institutionis

2350 3984 2528 4053 regula
2557 3988 2796 4057 pra-cipit
2818 4000 2873 4044 ut
2899 4002 3024 4046 ante
3065 3996 3292 4049 ternalis
3322 3998 3620 4067 a-qiiinoctii
3655 4010 3926 4057 transcen-

2348 4088 2466 4129 eum
2500 4076 2691 4142 pascha
2736 4093 2842 4133 non
2888 4081 3207 4137 celebretur.
3239 4086 3335 4152 Qui
3368 4103 3496 4155 ergo
3525 4104 3614 4142 vni
3658 4090 3925 4146 Ka'enda-

2350 4181 2464 4219 rum
2511 4168 2771 4236 Aprilium
2803 4180 2962 4239 putat
2996 4190 3117 4230 esse
3146 4180 3542 4245 mquinoctiuiii,
3583 4198 3801 4239 necesse
3841 4195 3926 4240 est

2352 4259 2487 4313 idem
2532 4271 2625 4315 aut
2665 4264 2794 4333 |.-tl.,
2831 4266 2908 4338 ut|
2955 4279 3080 4324 ante
3125 4273 3500 4339 aequinoctium
3549 4278 3738 4343 pascha
3783 4280 3926 4335 cele-

2350 4349 2490 4403 brari
2533 4351 2733 4408 licitum
2776 4357 2937 4423 dicat,
2970 4369 3060 4413 aut
3100 4374 3224 4417 ante
3274 4380 3341 4418 vn
3382 4364 3734 4422 Kalendarum
3784 4372 3923 4427 diem

2352 4444 2543 4508 pascha
2570 4445 2829 4502 celebrari
2859 4449 3057 4505 licitum
3084 4453 3194 4525 [AL
3229 4474 3331 4509 om.
3358 4459 3517 4527 dicat,
3547 4477 3593 4514 a.
3624 4476 3676 4517 a.
3706 4478 3774 4517 vii
3802 4462 3921 4520 Kal.

2350 4532 2403 4586 d.
2439 4550 2491 4603 p.
2537 4553 2587 4591 c.
2622 4537 2736 4609 lie.i
2764 4552 2939 4609 neget.
2976 4545 3148 4612 Ipsum
3180 4564 3388 4617 quoque
3420 4554 3608 4619 pascha
3640 4558 3780 4624 quod
3816 4559 3921 4612 Du-

2351 4626 2526 4681 minus
2569 4631 2737 4695 pridie
2779 4647 2937 4701 quam
2986 4649 3255 4705 pateretur
3300 4657 3419 4696 cum
3464 4645 3736 4714 discipulis
3775 4647 3921 4716 fecit,

2348 4724 2439 4769 aut
2467 4734 2606 4773 nona
2654 4720 3012 4780 Kalendarum
3042 4731 3303 4798 Aprilium
3345 4735 3432 4789 die
3477 4751 3580 4790 non
3620 4739 3799 4805 fuisse,
3832 4752 3923 4795 aut

2347 4821 2473 4899 ante
2501 4813 2874 4879 aaquinoctinm
2906 4818 3069 4875 fuisse
3090 4824 3387 4880 confirmet.
3416 4826 3524 4899 [ΑΙ.
3571 4831 3695 4885 add.
3729 4848 3750 4887 :
3780 4833 3924 4890 Bene

2348 4898 2469 4952 vale
2496 4913 2707 4970 semper
2733 4905 2783 4958 in
2817 4906 3061 4974 Domino,
3095 4898 3438 4973 dilectissime
3465 4918 3662 4993 Pater.]

2418 4988 2598 5045 Primo
2644 5008 2785 5047 anno
2825 4998 3006 5054 circuli
3037 5002 3502 5063 decemuoveiialis
3542 5026 3646 5065 xxx
3685 5022 3768 5067 est
3797 5014 3923 5071 luna

2348 5085 2399 5139 in
2450 5103 2502 5141 iii
2550 5088 2905 5151 Kalendarum
2954 5098 3238 5168 Aprilium,
3286 5106 3579 5176 eodemque
3622 5127 3759 5165 anno
3799 5114 3918 5167 lima

2350 5194 2442 5233 xrv
2467 5182 2647 5249 quinta
2674 5184 2762 5240 die
2792 5186 3147 5247 Kalendarum
3194 5199 3472 5266 Aprilium,
3524 5201 3573 5256 id
3616 5212 3715 5268 est,
3743 5203 3918 5261 Nonas

2346 5269 2557 5338 Apriles
2593 5274 2898 5347 :jungeqiie
2923 5280 2988 5334 ad
3019 5298 3121 5337 xxx
3153 5296 3207 5339 et
3236 5302 3389 5344 sume
3422 5293 3690 5360 regulares
3723 5300 3920 5351 mensis

2348 5361 2566 5428 Aprilis,
2601 5381 2665 5419 eo
2693 5381 2833 5422 anno
2860 5386 2963 5439 quo
2994 5389 3082 5427 x1v
3123 5376 3242 5431 luna
3276 5379 3510 5448 Aprilem
3557 5384 3810 5439 incurrat.
3846 5389 3921 5439 lio

2347 5466 2475 5507 vero
2501 5472 2605 5523 quo
2638 5474 2820 5513 mense
2864 5462 3043 5517 Martis
3074 5466 3191 5521 luna
3220 5485 3303 5523 iiiv
3337 5472 3577 5543 incurrit,
3604 5479 3749 5528 tarde
3782 5477 3919 5529 Mar-

2351 5543 2417 5596 tis
2446 5548 2720 5614 regulares
2754 5552 2966 5620 triginta
2998 5572 3113 5611 sex.
3143 5559 3216 5612 Ex
3245 5564 3445 5629 cpactis
3471 5567 3651 5631 otique
3678 5571 3916 5636 agnoscis

2350 5636 2623 5705 facillime,
2650 5651 2828 5697 utrum
2864 5645 2915 5699 in
2945 5647 3186 5703 Martium
3217 5667 3284 5706 an
3314 5656 3362 5706 in
3401 5657 3634 5722 Aprilem
3680 5660 3798 5713 luna
3828 5662 3921 5716 de-

2351 5728 2487 5781 cinia
2518 5742 2700 5799 quarta
2728 5735 2957 5789 eveniat.
2998 5739 3055 5795 Si
3101 5740 3241 5795 enim
3274 5745 3390 5812 plus
3432 5762 3496 5799 xv
3548 5759 3639 5803 aut
3681 5751 3852 5803 minus
3892 5768 3922 5804 v

2353 5824 2552 5890 cpactis
2607 5825 2793 5897 babes,
2841 5830 3008 5899 Aprili
3064 5833 3185 5890 luna
3238 5853 3325 5893 iuv
3369 5850 3723 5913 computatur.
3781 5843 3924 5898 Tene
