4220 6518
710 328 815 385 083

1395 321 1596 377 liEDzE
1642 315 2097 377 VENERABILIS
2135 314 2286 370 OPP.
2335 312 2510 369 PARS
2549 310 2633 366 Ill.
2678 338 2745 349 —-
2787 308 3269 365 PARENETICA.

3897 314 4002 370 εει

715 442 823 499 xm
853 457 995 511 prius
1026 436 1292 509 quomodo
1326 435 1556 490 mundus
1588 433 1750 489 fuerit
1792 448 1820 485 a
1862 430 2119 500 principio
2149 430 2294 483 invec
2324 433 2369 491 Α
2400 425 2649 496 populum
2677 441 2687 475 :
2716 424 2795 479 Sit
2841 426 2977 477 vobis
3008 425 3301 478 obssrvatus
3336 425 3443 479 dim
3467 426 3667 495 primus
3690 438 3737 480 ει
3782 430 4003 483 novissi-

718 537 966 607 stigatus,
997 530 1127 586 nihil
1160 537 1335 599 potest
1361 528 1426 582 de
1453 525 1796 581 observantia
1827 522 2038 593 ρειειιιιεε
2062 521 2295 575 salubri-

718 638 799 681 ter
828 625 1081 679 ordinari.
1134 622 1393 675 Dixerunt
1425 634 1553 689 ergo
1597 620 1833 687 episcopi
1862 635 1871 668 :
1902 616 2068 683 Quem
2117 615 2295 668 credi-

718 731 833 770 mus
870 714 1065 768 factum
1092 712 1254 767 fuisse
1287 712 1337 765 itt
1390 710 1591 765 mundo
1622 709 1870 778 ptimum,
1926 706 2027 761 nisi
2056 704 2296 758 Domini-

715 824 835 860 cuut
885 806 1071 861 diem?
1126 802 1462 872 Theophilus
1516 801 1801 870 episcopus
1854 798 2033 852 dixit:
2069 797 2299 851 Probate

714 899 855 968 quod
908 898 1107 953 dicitis.
1179 895 1591 964 Responderunt
1643 896 1878 964 episcopi
1935 910 1947 943 :
1990 890 2297 948 Secundum

713 990 1004 1058 Scriptura:
1038 986 1434 1049 auctoritatem,
1470 986 1662 1039 factum
1696 996 1777 1041 est
1810 998 2032 1054 vespere
2060 991 2115 1037 et
2146 995 2302 1035 mane

714 1081 828 1135 dies
852 1081 1060 1149 primus

788 1171 991 1227 Deinde
1012 1171 1300 1235 secundus,
1329 1170 1539 1234 tertius,
1564 1178 1804 1238 quartus,
1832 1169 2073 1239 quintus,
2092 1176 2298 1229 sextus,

717 1266 995 1333 septimus.
1028 1262 1083 1317 ln
1114 1278 1218 1330 quo
1245 1262 1475 1330 septimo
1508 1262 1766 1328 requievit
1796 1259 1937 1312 Deus
1964 1260 2030 1311 ab
2054 1256 2303 1311 omnibus

715 1355 968 1426 operibus
994 1354 1126 1419 suis,
1154 1368 1312 1421 quem
1343 1351 1481 1405 diem
1514 1349 1804 1404 Sabbatunt
1827 1346 2133 1416 appellavit.
2165 1345 2305 1412 Ergo

714 1462 835 1501 cum
864 1444 1221 1499 novissimum
1255 1444 1396 1496 diem
1429 1442 1602 1511 signet
1638 1440 1953 1502 Sabbatum,
1986 1438 2104 1508 quis
2128 1446 2303 1507 potest

717 1555 835 1594 esse
866 1539 1093 1610 primus,
1142 1538 1245 1592 nisi
1293 1537 1599 1591 Dominicus
1637 1536 1793 1590 dies?
1822 1533 2154 1603 TheOphilus
2193 1533 2291 1600 epi-

720 1645 916 1701 scopus
943 1632 1079 1684 dixit
1107 1647 1119 1681 :
1147 1631 1282 1683 Ecce
1307 1629 1373 1682 de
1403 1630 1490 1683 die
1521 1626 1820 1691 Dominico,
1854 1627 1975 1695 quia
2005 1625 2207 1693 primus
2238 1624 2306 1676 sit

723 1724 1020 1793 probastis,
1064 1722 1133 1777 tle
1180 1731 1423 1790 tempore
1466 1722 1608 1775 enim
1660 1719 1785 1789 quid
1822 1718 2043 1773 dicitis?
2070 1720 2307 1784 Quatuor

2402 536 2541 573 mus.
2578 518 2773 583 Quinta
2820 516 2905 569 illa
2939 516 3241 571 benedictio
3286 526 3386 581 est,
3438 528 3495 573 ut
3525 519 3579 572 in
3610 534 3756 572 cxut
3790 524 4004 589 psalmo

2401 606 3050 662 dicit:Circumdederunt
3094 623 3171 660 me
3217 609 3345 661 sicut
3404 624 3553 678 apes,
3600 621 3646 662 et
3692 624 4002 665 exarserunt

2401 702 2528 753 sicut
2577 699 2712 768 ignis
2760 698 2813 749 in
2841 698 3023 765 spinis.
3061 698 3132 752 De
3164 701 3528 753 resurrectione
3568 710 3739 753 unum
3791 701 4003 755 Domini

2403 792 2526 845 dicit
2557 809 2568 843 :
2606 790 2734 843 lla'c
2772 800 2843 842 est
2886 790 2993 842 dies
3017 806 3166 857 quant
3213 794 3331 858 fecit
3377 791 3648 856 Dominus,
3690 795 4003 850 exultamus

2405 896 2450 939 et
2480 888 2712 938 (tutentur
2762 884 2814 937 in
2852 900 2931 951 ea,
2965 900 3123 953 usque
3153 886 3221 936 ad
3260 901 3420 938 cornu
3464 888 3669 941 altaris.
3716 887 3885 943 Sexta
3934 890 4002 943 illi

2410 977 2710 1031 benedictio
2734 988 2834 1043 εει,
2869 976 3010 1045 quod
3045 978 3096 1032 in
3121 979 3232 1047 ipsa
3258 978 3515 1035 Dominus
3555 984 3881 1037 resurrexit.
3917 984 4003 1035 Vi-

2406 1069 2501 1123 des
2532 1082 2661 1136 ergo
2687 1068 2808 1137 quia
2843 1068 2959 1122 dies
2986 1070 3396 1123 resurrectionis
3428 1070 3735 1125 Dominicus
3762 1074 4001 1144 singula-

2408 1160 2538 1213 riter
2568 1160 2618 1213 in
2670 1158 2872 1212 Pascha
2914 1162 3081 1214 teneri
3124 1160 3311 1227 possit.
3354 1161 3687 1232 Theophilus
3724 1165 3861 1219 dicit
3890 1185 3904 1217 :
3933 1167 4003 1221 De

2410 1258 2655 1317 tempore
2704 1258 2881 1303 autem
2923 1250 2987 1303 ad
3040 1251 3255 1320 Moysen
3288 1252 3592 1307 mandatum
3638 1266 3720 1310 est
3765 1273 3795 1310 a
3848 1257 3997 1313 Deo:

2410 1339 2504 1393 llic
2534 1342 2739 1396 n:ensis‘
2765 1342 2869 1395 erit
2907 1342 3061 1396 vobis
3103 1344 3313 1398 initium
3359 1348 3645 1414 mensium,
3682 1349 3891 1404 Pascha
3923 1352 3999 1403 fa-

2407 1434 2513 1487 cite
2547 1435 2598 1486 in
2630 1449 2718 1489 eo.
2749 1434 2947 1491 Omnes
2970 1452 3099 1507 ergo
3140 1439 3355 1507 triginta
3384 1439 3499 1495 dies
3528 1457 3558 1495 a
3602 1442 3831 1497 Domino
3860 1458 4000 1499 eon-

2409 1529 2601 1581 secrati
2626 1539 2768 1583 sunt.
2805 1531 3056 1600 Episcopi
3093 1531 3351 1587 dixerunt
3376 1553 3387 1587 :
3411 1534 3526 1590 .lam
3556 1540 3810 1606 superius
3839 1541 4000 1595 dedi-

2410 1634 2528 1673 mus
2552 1635 2893 1689 responsum,
2920 1623 3237 1691 principium
3263 1628 3443 1681 mundi
3471 1644 3593 1684 esse
3615 1633 3998 1701 a‘quinoctiutn

2410 1720 2602 1765 octavo
2633 1712 2997 1769 Kalendarum
3021 1718 3304 1784 Aprilium.
3332 1719 3393 1772 Et
3422 1721 3488 1774 ab
3511 1732 3697 1776 octavo
3725 1724 3997 1781 Kalenda-

721 1816 863 1872 enim
903 1813 1088 1869 mundi
1132 1824 1370 1883 tempora
1414 1812 1747 1883 accipiuntur
1774 1830 1786 1865 :
1818 1811 1942 1879 Ver,
1988 1821 2166 1874 testas,
2217 1825 2310 1863 au-
2344 1800 2386 1858 Β
2416 1821 2531 1859 rum
2560 1805 2820 1875 Aprilium
2856 1821 3023 1878 usque
3054 1810 3106 1862 in
3130 1823 3374 1865 octavum
3404 1812 3669 1869 Kalendas
3701 1817 3893 1885 Maias,
3926 1820 4000 1875 les

722 1918 964 1971 tumnus,
998 1906 1193 1960 hiems.
1227 1904 1381 1973 Quod
1412 1920 1540 1975 ergo
1591 1914 1803 1975 tempus
1833 1904 2065 1973 primum
2107 1903 2305 1957 factum

720 1999 774 2051 in
806 1996 1054 2052 mundo?
1086 1995 1337 2067 Episcopi
1370 1996 1764 2066 responderunt
1796 2014 1807 2048 :
1840 1995 2097 2049 Vernum.
2128 1994 2309 2049 Theo-

722 2089 901 2158 philus
927 2090 1213 2159 episcopus
1239 2090 1373 2143 dixit
1402 2106 1414 2142 :
1444 2088 1676 2144 Probate
1718 2088 1859 2158 quod
1900 2088 2100 2142 dicitis.
2138 2086 2199 2139 Et
2230 2085 2308 2140 illi

722 2180 1153 2249 responderunt,
1216 2180 1485 2248 Scriptum
1532 2188 1618 2233 est
1654 2197 1667 2233 :
1698 2179 1978 2234 Gerniinet
2026 2188 2167 2233 terra
2205 2178 2309 2233 feni

723 2272 943 2326 herbam
984 2272 1278 2326 secundum
1312 2287 1483 2342 genus
1526 2287 1684 2326 suum
1732 2281 1789 2326 et
1838 2271 2041 2340 lignum
2072 2271 2311 2326 fructife-

722 2377 865 2429 rum,
912 2362 1090 2417 terens
1134 2361 1365 2416 fructum
1397 2378 1572 2417 suum.
1609 2362 1733 2416 llrcc
1760 2373 1939 2416 autem
1981 2363 2313 2431 temporibus

724 2454 870 2508 veris
902 2453 1189 2523 accipitur.
1225 2453 1556 2525 TbeOphilus
1597 2453 1882 2524 episcopus
1919 2454 2051 2508 dixit
2078 2469 2093 2507 :
2123 2454 2179 2508 ln
2206 2469 2311 2524 qtto

724 2546 844 2600 loco
872 2555 1035 2615 caput
1066 2546 1251 2601 mundi
1277 2559 1399 2600 esse
1428 2544 1688 2601 creditis?
1722 2544 1776 2599 lit
1812 2545 2074 2613 principio
2102 2556 2310 2615 tempo-

724 2639 821 2707 ris,
855 2654 921 2693 an
954 2640 1006 2693 in
1039 2639 1215 2694 medio
1246 2648 1508 2707 tempore,
1553 2648 1643 2691 aut
1674 2639 1725 2691 in
1768 2638 1910 2693 line?
1943 2638 2189 2707 Episcopi
2233 2653 2313 2693 re-

722 2729 1055 2799 sponderunt
1080 2748 1093 2783 :
1115 2731 1168 2784 In
1195 2731 1523 2798 aequinoctio
1552 2739 1742 2783 ot-tavo
1774 2729 2134 2783 Kalendarum
2165 2729 2313 2799 Apri-

725 2822 882 2875 lium.
932 2821 1262 2889 Theophilus
1309 2819 1596 2888 episcopus
1648 2820 1781 2873 dixit
1826 2838 1836 2873 :
1882 2820 2111 2875 Probate
2167 2822 2309 2890 quod

721 2912 924 2967 dicitis.
961 2912 1028 2965 Et
1058 2913 1134 2966 illi
1160 2912 1562 2981 responderunt
1588 2928 1602 2965 :
1634 2912 1901 2980 Scriptum
1928 2922 2010 2967 est
2037 2912 2159 2981 quia
2189 2912 2311 2968 fecit

726 3003 870 3057 Deus
911 3003 1086 3057 lucem
1134 3012 1189 3057 et
1233 3003 1446 3057 vocavit
1478 3003 1617 3056 Deus
1668 3004 1837 3057 lucem
1884 3003 2048 3071 diem,
2091 3013 2144 3059 et
2185 3004 2306 3059 fecit

723 3092 861 3148 Deus
893 3096 1165 3159 tenebras,
1188 3103 1239 3148 et
1273 3095 1484 3148 vocavit
1507 3096 1755 3149 tenebras
1788 3108 2024 3161 noetem,
2051 3106 2104 3149 et
2129 3095 2309 3151 divisit

720 3188 858 3241 inter
889 3187 1065 3241 lucem
1107 3196 1161 3241 et
1205 3187 1455 3242 tenebras
1504 3201 1687 3256 mquas
1732 3195 1933 3254 partes.
1972 3186 2307 3258 Theophilus

718 3277 855 3334 dixit
887 3297 897 3332 :
927 3280 1066 3334 Ecce
1105 3280 1171 3335 de
1216 3278 1304 3334 die
1341 3279 1423 3334 vel
1469 3289 1708 3349 tempore
1740 3281 2028 3350 probastis,
2076 3281 2143 3337 de
2186 3282 2308 3338 luna

717 3373 841 3443 quid
872 3373 1026 3428 vobis
1056 3373 1308 3428 videtur?
1361 3370 1548 3428 Utrum
1590 3384 1926 3430 crescentem
1972 3390 2037 3429 ac
2060 3374 2170 3445 jam
2197 3374 2312 3444 ple-

717 3481 876 3535 nam,
933 3480 999 3520 an
1060 3466 1395 3521 imminutam
1450 3482 1480 3519 a
1534 3466 1645 3522 Deo
1695 3465 1861 3523 fuisse
1910 3477 2304 3523 consecratam.

717 3554 971 3625 Episc0pi
1033 3557 1481 3626 responderunt:
1518 3557 1760 3611 Plenam.
1809 3558 1879 3612 Et
1927 3558 2311 3614 illezProbate

716 3648 857 3716 quod
894 3645 1092 3699 dicitis.
1141 3644 1595 3713 Responderunt:
1625 3646 1689 3699 Et
1720 3646 1846 3700 fecit
1877 3647 1983 3701 duo
2027 3647 2308 3703 luminaria

721 3751 934 3806 magna,
964 3745 1021 3791 et
1052 3737 1229 3807 posuit
1261 3751 1323 3791 ea
1374 3737 1426 3790 in
1470 3739 1807 3792 ﬁrmamento
1834 3739 1957 3794 coeli
1994 3748 2052 3794 ιιι
2099 3740 2313 3796 luceant

721 3842 885 3899 super
947 3837 1166 3881 terram.
1226 3825 1514 3883 Luminare
1570 3827 1743 3899 majus
1806 3828 1858 3883 in
1915 3829 2309 3886 inchoationem

721 3918 847 3987 diei,
890 3917 1153 3972 luminare
1208 3917 1382 3972 minus
1425 3916 1477 3972 in
1528 3917 1925 3975 inchoationem
1966 3919 2158 3989 noctis,
2205 3937 2310 3978 non

724 4021 936 4081 p0terat
966 4010 1125 4066 aliter
1155 4010 1259 4065 nisi
1286 4020 1428 4066 esset
1462 4011 1640 4081 plena.
1674 4012 1824 4068 Nunc
1854 4027 1982 4083 ergo
2025 4014 2312 4084 investiga-

722 4103 895 4158 vitnus
939 4103 1211 4173 quomodo
1242 4103 1294 4156 in
1328 4103 1590 4174 principio
1631 4104 1805 4161 lactus
1849 4105 2009 4161 fuerit
2053 4106 2307 4173 mundus,

723 4196 774 4250 id
806 4204 910 4261 est,
932 4194 1020 4249 die
1051 4194 1352 4249 Dominico.
1388 4195 1567 4251 Veruo
1593 4205 1832 4267 tempore
1864 4200 1917 4253 in
1959 4197 2308 4270 aequinoctio,

724 4284 868 4355 quod
912 4296 994 4338 est
1037 4293 1226 4338 octavo
1257 4284 1615 4340 Kalendarum
1667 4289 1953 4358 Aprilium,
1988 4289 2112 4344 luna
2154 4288 2311 4359 plena

724 4390 819 4444 per
847 4374 1020 4443 ipsum
1056 4375 1424 4429 tantummodo
1473 4386 1682 4445 tempus
1727 4390 1781 4433 et
1824 4380 2093 4435 elementa
2132 4394 2312 4435 resuro

724 4477 873 4535 gunt.
906 4463 1237 4535 Theophilus
1268 4466 1403 4519 dixit
1429 4484 1442 4519 :
1464 4466 1617 4522 Nunc
1658 4468 1815 4538 igitur
1837 4471 2104 4540 agendum
2131 4482 2214 4527 est
2243 4471 2309 4526 de

723 4558 1096 4625 ordinatione,
1161 4558 1433 4626 quomodo
1484 4558 1777 4615 debeamus
1843 4562 2041 4631 pascha
2099 4573 2305 4620 tenere.

723 4650 972 4719 Episcopi
1010 4647 1579 4717 dixeruntzNunquid
1626 4659 1805 4718 potest
1852 4651 1966 4707 dies
1999 4652 2309 4709 Dominicus

722 4742 1005 4811 prteteriri,
1056 4750 1111 4797 ut
1152 4742 1204 4796 in
1237 4756 1301 4796 eo
1333 4740 1534 4796 Pascha
1587 4742 1807 4799 minime
1846 4744 2176 4811 celebretur,
2216 4745 2311 4814 qui

728 4843 807 4888 tot
875 4842 930 4889 et
985 4832 1178 4888 talibus
1253 4832 1719 4889 benedictionibus
1772 4834 2140 4890 sanctilicatus
2191 4834 2309 4891 est?

725 4925 1051 4996 Theophilus
1079 4924 1215 4979 dixit
1240 4942 1253 4979 :
1282 4924 1449 4979 Dicite
1478 4939 1607 4996 ergo
1638 4924 1834 4996 quibus
1854 4934 1910 4982 et
1940 4926 2188 4997 qualibus
2217 4926 2312 4981 be-

726 5016 1120 5075 nedictionibus
1166 5032 1288 5071 eum
1336 5030 1459 5071 esse
1496 5017 1890 5081 sanctiﬁcatum
1939 5018 2205 5085 asseritis,
2256 5026 2312 5073 ut

725 5109 961 5167 scribere
1009 5112 1297 5181 possimus.
1354 5109 1602 5179 Episcopi
1655 5109 1953 5166 dixerunt:
1999 5111 2180 5167 Prima
2233 5110 2308 5166 illi

725 5203 1032 5260 benedittio
1078 5212 1181 5271 est,
1212 5202 1336 5272 quia
1370 5202 1422 5255 in
1470 5204 1586 5270 ipso
1616 5201 1854 5257 tenebrae
1902 5210 2031 5257 sunt
2066 5210 2308 5267 remotae,

722 5307 776 5353 et
814 5298 900 5351 lux
932 5295 1202 5365 apparuit.
1229 5293 1476 5348 Secunda
1509 5304 1592 5349 est
1613 5294 1688 5347 illi
1719 5293 2050 5360 benedictio,
2076 5292 2215 5363 quod
2241 5292 2312 5348 de

722 5403 862 5446 terra
895 5388 1115 5459 ngypti
1141 5387 1285 5442 velut
1307 5386 1374 5442 de
1405 5387 1642 5442 tenebris
1666 5395 2011 5456 peccatorum
2038 5388 2189 5456 quasi
2213 5402 2310 5458 per

723 5482 922 5537 fontem
956 5481 1200 5552 baptismi
1250 5495 1344 5548 per
1389 5493 1537 5535 mare
1577 5478 1817 5535 Rubrum
1864 5480 2092 5549 populus
2122 5479 2309 5535 fuisset

724 5574 998 5628 liberatus.
1032 5572 1213 5628 Tertia
1257 5572 1332 5627 illi
1377 5572 1682 5628 benedictio
1714 5581 1819 5638 est,
1864 5572 1991 5641 quia
2026 5574 2076 5625 in
2115 5571 2305 5627 eodem

723 5664 809 5717 die
872 5664 1106 5719 caelestis
1170 5663 1326 5718 cibus
1380 5680 1575 5720 manna
1633 5666 1943 5721 hominibus
1992 5666 2147 5720 datus
2201 5674 2303 5719 est.

723 5756 917 5821 Quarta
964 5753 1052 5807 illa
1097 5753 1400 5810 benedictio
1432 5765 1533 5824 est,
1579 5771 1683 5826 qua
1734 5756 1947 5831 Moyses
1986 5757 2205 5813 mandat
2234 5758 2300 5813 ad

2410 1896 2583 1965 gimus
2624 1911 2745 1952 esse
2778 1909 3145 1954 consecratos.
3176 1901 3507 1971 Theophilus
3536 1905 3713 1961 dixit:
3741 1909 3884 1964 Ecce
3909 1910 4000 1966 im-

2411 1989 2555 2056 pium
2607 2005 2716 2043 non
2766 2000 2848 2044 est
2893 1999 2950 2045 ut
2984 1993 3162 2059 passio
3210 1993 3509 2065 Dominica,
3564 2004 3771 2052 tantum
3820 2015 3999 2054 sacra-

2410 2081 2573 2135 menti
2606 2079 2946 2150 mysterium,
2975 2094 3127 2137 extra
3161 2085 3385 2141 limitem
3419 2089 3771 2144 excludatur?
3802 2091 3999 2150 Passus

2413 2190 2645 2243 namque
2663 2174 2918 2231 Dominus
2932 2176 3002 2231 ab
3024 2178 3308 2234 undecimo
3332 2180 3685 2237 Kalendarum
3710 2184 3997 2254 Aprilium,

2411 2281 2514 2333 qua
2548 2276 2703 2321 nocte
2731 2282 2760 2321 a
2788 2267 2985 2322 Judacis
3015 2270 3240 2325 traditus
3266 2281 3369 2337 est,
3395 2283 3448 2327 et
3476 2288 3505 2326 a
3548 2275 3777 2344 septimo
3805 2277 3999 2334 Kalen-

2411 2355 2598 2411 darum
2653 2360 2967 2424 resurrexit,
3013 2362 3283 2430 quomodo
3335 2379 3465 2434 ergo
3518 2374 3626 2419 tres
3672 2366 3789 2422 dies
3843 2381 3997 2423 extra

2414 2446 2702 2501 terminum
2748 2451 3145 2506 excluduntur?
3183 2453 3382 2509 Omnes
3425 2456 3661 2526 episcopi
3700 2458 3994 2516 dixerunt:

2412 2536 2565 2591 Nulla
2610 2540 2817 2595 ratione
2864 2541 2975 2597 ﬁeri
3011 2543 3195 2607 debet,
3239 2554 3295 2598 ut
3341 2556 3544 2600 tantum
3596 2562 3994 2607 sacramentum

2413 2636 2563 2681 extra
2596 2627 2819 2684 limitem
2853 2632 3195 2699 excludatur,
3231 2635 3325 2690 sed
3360 2636 3413 2689 hi
3440 2645 3545 2691 tres
3573 2636 3686 2693 dics
3716 2639 3855 2695 intra
3887 2652 3996 2697 ter-

2416 2721 2619 2778 minum
2652 2724 2994 2793 inducantur,
3027 2738 3081 2782 et
3119 2728 3186 2783 de
3215 2730 3401 2785 subter
3427 2732 3701 2787 retrahere
3735 2737 3997 2792 constitu-

2414 2828 2522 2871 tum
2551 2825 2654 2872 est.
2686 2818 2827 2889 Ergo
2868 2821 2919 2873 in
2952 2820 3041 2876 illa
3089 2823 3293 2891 synodo
3322 2823 3389 2877 ab
3420 2824 3705 2880 undecimo
3734 2826 3998 2883 Kalenda-

2411 2921 2530 2961 rum
2564 2909 2827 2975 Aprilium
2856 2925 3024 2978 usque
3055 2916 3107 2967 in
3134 2915 3417 2969 undecimo
3442 2915 3796 2973 Kalendarum
3824 2921 3999 2974 Maia-

2412 3015 2553 3066 rum,
2586 3001 2792 3056 Pascha
2824 3000 3024 3054 debent
3057 3015 3293 3067 servare,
3326 3013 3378 3056 et
3406 3019 3503 3060 nec
3532 3018 3654 3061 ante
3686 3023 3783 3063 nec
3807 3023 3998 3079 postea

2410 3091 2714 3161 cuicunque
2772 3092 3123 3146 constitutum
3174 3092 3399 3147 limitem
3457 3099 3756 3167 transgredi
3809 3101 3995 3159 liceat.

2412 3185 2674 3241 Similiter
2714 3195 2768 3241 et
2797 3186 2864 3239 de
2907 3185 3030 3239 luna
3073 3195 3395 3255 praeceptum
3442 3186 3680 3244 divinum
3727 3199 3994 3248 teneatur.

2412 3276 2713 3331 Mandatum
2752 3288 2835 3332 est
2868 3292 2960 3345 per
2988 3277 3208 3347 Moysen
3237 3294 3249 3330 :
3281 3278 3362 3332 Sit
3391 3277 3543 3333 vobis
3591 3280 3932 3337 observatum
3963 3300 3995 3339 a

2409 3368 2617 3424 decima
2640 3378 2826 3439 quarta
2860 3370 2982 3422 luna
3032 3385 3198 3438 usque
3228 3384 3337 3425 xxi.
3382 3369 3484 3424 Has
3513 3387 3642 3441 ergo
3672 3384 3876 3443 septem
3908 3376 3995 3430 lu-

2412 3477 2510 3517 nas
2539 3460 2785 3518 similiter
2816 3464 2866 3516 in
2903 3461 3103 3516 Pascha
3134 3462 3367 3517 tenendo
3412 3473 3620 3517 constat
3646 3463 3827 3531 fuisse,
3862 3481 3996 3521 con-

2410 3563 2617 3609 secrata
2642 3562 2789 3609 sunt.
2823 3554 3049 3620 Quando
3078 3568 3207 3625 ergo
3238 3553 3297 3608 tit
3330 3553 3466 3609 intra
3496 3570 3648 3610 suum
3675 3557 3897 3612 limitem
3925 3560 3996 3612 ab

2412 3643 2697 3697 undecimo
2750 3642 3105 3698 Kalendarum
3163 3644 3409 3713 aprilium
3485 3660 3653 3714 usque
3718 3648 3769 3702 in
3823 3651 3995 3703 unde-

2411 3735 2551 3789 cimo
2608 3734 2966 3789 Kalendarum
3020 3734 3307 3802 Maiarum,
3374 3734 3489 3791 dies
3549 3735 3879 3803 dominicus,
3939 3748 3992 3795 et

2413 3825 2534 3879 luna
2564 3839 2628 3879 ex
2662 3824 2764 3879 illis
2790 3836 2977 3880 octava
3008 3825 3359 3891 sanctiﬁcata,
3392 3826 3589 3881 Pascha
3637 3829 3791 3883 nobis
3818 3830 3991 3885 visum

2411 3930 2496 3975 est
2548 3921 2847 3976 celebrare.
2901 3921 3089 3976 Omnis
3151 3921 3412 3989 paschalis
3459 3920 3581 3975 luna
3636 3924 3995 3994 cujuscunque

2413 4012 2586 4067 atatis
2618 4021 2721 4077 est,
2769 4013 2814 4066 si
2845 4012 3084 4066 detrahis
3132 4012 3198 4065 ah
3255 4027 3313 4066 ea
3342 4020 3567 4082 septem,
3616 4014 3705 4067 (iet
3735 4013 3827 4068 tibi
3864 4029 3913 4068 ω
3938 4031 3993 4068 as

2418 4102 2583 4169 lunae,
2612 4118 2733 4171 quas
2760 4103 2818 4156 tit
2849 4104 2900 4158 in
2934 4102 3084 4157 initio
3116 4102 3556 4171 quadragesimae.
3593 4103 3746 4158 Verbi
3776 4105 3947 4173 gratia
3978 4123 3993 4157 :

2414 4193 2472 4249 Si
2494 4193 2699 4247 decima
2729 4192 2911 4262 quinta
2940 4194 3062 4247 luna
3093 4202 3175 4248 est
3207 4193 3492 4263 paschalis,
3523 4194 3648 4248 tolle
3676 4195 3741 4249 de
3770 4194 3993 4263 quinde-

2416 4284 2519 4338 cim
2569 4284 2875 4349 duodecim,
2929 4293 2984 4338 et
3036 4293 3315 4338 remanent
3363 4293 3573 4338 centum
3618 4294 3673 4339 et
3726 4285 3993 4340 undecim.

2418 4371 2598 4427 Tertia
2628 4384 2711 4428 est
2736 4374 2859 4428 luna
2888 4374 2939 4428 in
2969 4373 3122 4429 initio
3150 4374 3592 4443 quadragesimm,
3621 4389 3685 4429 eo
3720 4389 3860 4431 anno
3890 4392 3995 4446 quo

2417 4464 2623 4520 decima
2648 4466 2832 4534 quinta
2864 4466 2985 4520 luna
3016 4474 3099 4521 est
3126 4466 3212 4521 die
3243 4466 3516 4521 Dominico
3546 4466 3783 4530 Pascha},
3817 4477 3869 4521 et
3893 4483 3997 4522 cae-

2415 4572 2529 4617 tera
2582 4562 2848 4616 similiter.
2884 4562 3148 4617 Memento
3196 4563 3336 4633 quod
3385 4579 3525 4618 anno
3570 4566 3827 4620 biSsextili
3856 4567 3994 4620 lunai

2412 4653 2693 4709 Februarii
2724 4654 2924 4708 mensis
2948 4655 3159 4724 triginta
3187 4655 3323 4721 dies,
3351 4664 3406 4710 et
3439 4667 3615 4713 tamen
3662 4658 3782 4710 luna
3819 4657 3994 4712 Martii

2413 4744 2615 4798 mensis
2648 4744 2862 4813 triginta
2892 4743 3006 4799 dies
3047 4745 3258 4811 habeat,
3289 4748 3429 4801 sicut
3467 4762 3677 4816 semper
3708 4746 3889 4813 habet,
3930 4761 3997 4801 ne

2414 4837 2675 4908 paschalis
2713 4839 2851 4894 luna:
2880 4840 3017 4894 ratio
3047 4841 3275 4895 vacillet.

3000 4934 3330 4989 EPISTOLA
3364 4934 3425 4999 V,

3038 5044 3103 5081 AD
3132 5043 3327 5083 ACCAN.

2896 5118 2969 5171 De
2997 5119 3248 5189 principio
3279 5119 3506 5176 Genesis.

2485 5210 2841 5266 Dilectissimo
2884 5225 2946 5267 ac
2976 5210 3652 5267 Reverendissimo’abbati
3677 5213 3851 5280 Acen,
3886 5214 3989 5268 hu-

2412 5301 2661 5356 millimus
2689 5301 3006 5356 famulorum
3032 5301 3231 5356 Christi
3263 5304 3425 5369 Beda,
3453 5304 3677 5359 salutem
3706 5304 3720 5358 ι

2481 5393 2557 5447 De
2581 5393 2840 5462 principio
2869 5394 2986 5447 libri
3010 5393 3233 5448 Genesis
3262 5395 3313 5448 in
3336 5410 3442 5463 quo
3464 5394 3643 5449 mundi
3670 5392 3825 5463 hujus
3850 5410 4006 5449 crea-

2413 5484 2485 5538 tio
2512 5483 2780 5553 descripta
2812 5494 2911 5551 est,
2944 5486 3096 5539 multi
3130 5485 3296 5539 multa
3327 5485 3534 5552 dixere,
3569 5485 3732 5539 multa
3764 5487 3998 5554 poSteris

2410 5576 2610 5647 ingenii
2660 5578 2743 5632 sui
2809 5571 3139 5633 monimenta
3205 5578 3500 5649 reliquere,
3555 5579 3649 5633 sed
3701 5578 3994 5647 praecipue,

2410 5679 2663 5737 quantum
2693 5680 2873 5724 nostra
2924 5671 3189 5739 pusillitas
3218 5671 3459 5727 ediscere
3510 5673 3711 5741 potuit,
3764 5671 3998 5726 Basilius

2411 5758 2777 5831 thsariensis,
2830 5779 2988 5831 quem
3038 5764 3348 5821 Eustathius
3394 5766 3657 5837 interpres
3694 5766 3759 5822 de
3803 5765 3995 5821 Graeco
