4220 6452
505 344 608 403 (85'

1710 351 1901 407 SECT.
1946 347 2026 400 iV.
2072 371 2142 384 -—
2182 336 2557 396 EPISTULA).

3656 330 3754 381 iiiili

507 462 781 519 fecitcsse
819 463 1082 527 Latinum,
1130 463 1440 519 Ambrosius
1491 465 1923 529 Mediolanensis,
1977 463 2080 515 Au-
2116 463 2158 517 Λ
2192 456 2378 518 missa.
2428 457 2579 523 (tuftsi
2629 458 3050 527 πὶιιδιυὶηάῖοο,
3095 470 3144 512 ei
3197 461 3285 529 ι)ῑο
3335 469 3481 527 ινδινε
3533 460 3767 527 irrogata

504 558 746 625 gustinus
778 556 1131 625 Hipponensis
1156 560 1460 625 cpiscopus,
1509 574 1730 626 quorum
1780 559 1978 625 primus
2012 555 2086 607 li-

506 646 615 701 bris
648 660 858 708 novem,
894 647 1185 710 secundus,
1237 646 1457 717 vestigia
1490 646 1608 717 ejus
1651 662 1898 715 sequens,
1934 644 2084 700 libris

504 753 621 806 sex,
668 738 855 791 tertius
887 736 1036 792 libris
1066 753 1136 791 xu
1162 746 1214 791 et
1244 752 1455 792 rursum
1498 740 1616 792 aliis
1646 738 1850 791 duobus
1882 738 2086 802 specia-

506 830 626 883 liter
652 827 932 883 adversum
977 828 1301 884 Maniclueos
1331 828 1638 900 descriptis,
1671 828 1874 897 prolixa
1908 829 2087 897 legen-

492 917 644 971 tibus
674 917 933 972 doctrinte
960 918 1207 973 salutaris
1237 917 1432 973 ﬂuenta
1468 928 1772 981 manarunt,
1815 918 2086 984 completo

506 1009 555 1061 in
580 1008 659 1062 eis
685 1008 1214 1077 promissoVeritatis
1236 1025 1339 1076 quo
1366 1009 1593 1063 dicebat:
1615 1009 1714 1075 Qui
1736 1010 1894 1063 credit
1911 1009 1961 1060 in
1985 1023 2083 1069 me,

502 1100 629 1154 sicut
653 1100 724 1153 ait
754 1099 1044 1169 Scriptura,
1078 1101 1293 1169 ﬂumina
1320 1101 1383 1153 de
1410 1110 1576 1154 ventre
1618 1104 1727 1173 ejus
1757 1104 1915 1171 ﬂuent
1942 1116 2087 1168 aqum

501 1193 643 1245 vim.
684 1192 723 1244 E
750 1192 945 1261 quibus
974 1194 1302 1262 Augustinus
1328 1194 1489 1248 etiam
1524 1194 1575 1247 in
1610 1194 1757 1248 libris
1785 1194 2084 1248 Confessio-

502 1298 628 1337 num
655 1297 891 1350 suarum,
940 1282 991 1337 in
1033 1284 1180 1338 libris
1223 1298 1433 1353 quoque
1461 1300 1599 1351 quos
1625 1294 1809 1337 contra
1837 1284 2086 1337 adversa-

500 1376 639 1430 rium
672 1374 800 1444 legis
832 1384 884 1429 et
930 1376 1307 1444 prophetarum
1337 1378 1530 1430 eximie
1554 1376 1878 1443 composuit,
1909 1373 2001 1427 sed
2032 1383 2087 1428 et

502 1467 555 1521 in
583 1466 703 1522 aliis
751 1468 975 1535 sparsim
1009 1466 1281 1535 opusculis
1318 1467 1431 1520 suis
1480 1465 1790 1519 nonnullam
1838 1464 2082 1533 ejusdem

501 1556 859 1626 primordialis
889 1565 1149 1611 creaturae
1199 1556 1510 1610 memoriam
1532 1594 1547 1618 ,
1601 1570 1722 1609 cum
1753 1554 2087 1621 expositione

500 1662 734 1718 congrua
783 1647 929 1703 fecit.
984 1647 1178 1700 Verum
1209 1648 1331 1715 quia
1388 1647 1501 1701 btec
1533 1656 1638 1700 tam
1688 1646 1927 1714 copiosa,
1979 1653 2085 1698 tam

499 1750 623 1793 sunt
652 1739 757 1793 alta
787 1748 845 1793 ut
874 1740 981 1802 vix,
1014 1739 1114 1793 nisi
1145 1754 1172 1791 a
1206 1737 1669 1806 locupletioribus,
1703 1745 1781 1790 tot
1814 1735 2083 1790 volumina

2189 546 2394 617 ﬂagella
2429 547 2735 612 toleremus,
2787 549 2897 602 sive
2927 550 2991 602 ad
3037 551 3287 602 virtutum
3336 550 3584 617 gloriam,
3635 566 3766 619 ang-

2189 646 2534 704 mentumque
2567 637 2876 691 meritorum
2897 682 2910 703 ,
2956 640 2998 692 si
3038 640 3165 706 justi
3198 651 3252 693 et
3284 641 3604 695 innocentes
3636 642 3766 693 feri~

2188 740 2329 791 mur,
2360 740 2455 781 seu
2484 726 2549 779 ad
2577 732 2966 784 correctionem
3003 745 3229 795 morum,
3271 735 3313 786 si
3349 734 3491 785 vitiis
3522 734 3765 801 implica-

2188 832 2326 872 mur.
2376 818 2809 873 Consolationem
2843 834 2969 875 vero
3016 822 3435 891 Scripturarum,
3489 835 3545 877 ut
3578 826 3765 880 harum

2186 910 2373 965 crebra
2406 911 2756 966 meditatione
2785 913 2848 965 ad
2881 916 3193 968 memoriam
3227 931 3561 979 revocemus,
3601 933 3768 986 quan-

2188 1008 2297 1053 tum
2330 1000 2402 1054 illi
2435 1001 2629 1054 summi
2674 1001 2882 1067 Patres,
2915 1013 2967 1057 ct
2997 1005 3249 1071 prmclara
3283 1006 3533 1061 Ecclesia:
3569 1008 3767 1062 lumina

2189 1096 2487 1151 tenebrosae
2514 1097 2823 1153 atllictionis
2850 1113 2993 1169 saepe
3036 1100 3087 1153 in
3119 1100 3221 1153 vita
3257 1104 3504 1170 przrscnti
3540 1104 3769 1169 pertule-

2188 1188 2316 1253 rint,
2348 1197 2603 1257 quantum
2638 1189 2688 1242 in
2722 1188 2897 1243 futura
2934 1188 3041 1244 vita
3074 1191 3257 1260 glorise
3292 1206 3412 1245 cum
3443 1192 3622 1247 divino
3652 1208 3769 1247 me-

2188 1281 2290 1334 rito
2322 1280 2531 1349 pietatis
2561 1290 2616 1335 et
2648 1282 2918 1351 patientia!
2941 1284 3296 1350 perceperint,
3329 1296 3581 1353 quantum
3609 1286 3768 1338 etiam

2188 1372 2237 1424 in
2268 1370 2365 1425 hac
2397 1370 2505 1424 vita
2534 1371 2675 1439 apud
2709 1372 2890 1428 ﬁdeles
2921 1388 3107 1427 omnes
3135 1374 3470 1429 indefectivaa
3498 1375 3667 1431 lziudis
3714 1385 3771 1431 et

2186 1464 2447 1518 claritatis
2494 1466 2829 1535 reliquerint,
2877 1466 3091 1521 dicente
3144 1468 3459 1535 Scriptura:
3517 1468 3771 1523 Memoria

2180 1554 2311 1621 justi
2355 1570 2471 1607 cum
2520 1556 2755 1609 laudibus
2804 1554 2985 1624 (Prov.
3029 1559 3103 1625 x).
3150 1557 3213 1610 Et
3258 1559 3491 1612 iterum:
3541 1558 3771 1627 Corpora

2185 1656 2477 1700 sanctorum
2522 1650 2571 1700 in
2598 1664 2725 1716 pace
2753 1648 2949 1715 sepulta
2980 1658 3117 1716 sunt,
3162 1659 3207 1702 et
3238 1652 3445 1704 nomine
3493 1667 3665 1704 eorum
3694 1655 3769 1705 ri—

2187 1750 2300 1792 vent
2324 1739 2376 1792 in
2415 1740 2759 1809 generationes
2789 1750 2833 1793 et
2864 1748 3211 1811 generationes
3245 1742 3435 1811 (Eccli.
3484 1752 3646 1812 κων).
3707 1745 3771 1799 Et

500 1830 728 1900 acquiri,
774 1830 860 1883 vix
895 1839 999 1882 tam
1043 1829 1302 1898 profunda
1326 1828 1426 1882 nisi
1458 1828 1522 1882 ab
1565 1826 1944 1881 eruditioribus
1987 1840 2080 1879 va-
2116 1806 2163 1866 Β
2190 1806 2460 1898 apostolus
2482 1831 2713 1887 Jacobus
2740 1850 2753 1885 :
2786 1806 2916 1886 Ecce
2946 1806 3312 1901 beati/Scaurus,
3361 1835 3549 1905 inquit,
3576 1806 3659 1890 eos
3684 1838 3770 1905 qui

500 1922 641 1975 leam
674 1920 1016 1990 perscrutari,
1072 1918 1268 1989 placuit
1301 1931 1496 1973 vestras
1518 1918 1783 1973 sanctitati
1843 1917 1893 1971 id
1934 1915 2085 1971 nobis

501 2012 661 2067 oiticii
690 2011 988 2083 injungere,
1038 2022 1095 2066 ut
1122 2012 1190 2067 de
1219 2012 1466 2066 omnibus
1511 2011 1592 2063 bis
1621 2011 1764 2065 velut
1812 2010 1881 2064 de
1913 2024 2083 2064 amm-

501 2103 735 2158 nissirnis
764 2105 870 2158 late
898 2103 1140 2158 ﬁorentis
1170 2102 1401 2172 paradisi
1435 2102 1658 2170 campis,
1692 2114 1811 2171 quae
1840 2100 2083 2155 inﬁrmo-

500 2211 616 2250 rum
649 2195 955 2250 viderentur
984 2195 1297 2249 necessitati
1350 2194 1599 2248 sufﬁcere
1648 2195 2080 2260 decerperemus.

502 2284 609 2339 Nec
637 2285 853 2354 segnior
884 2285 935 2338 iu
958 2283 1336 2352 exsequendo,
1380 2298 1497 2351 quze
1524 2282 1713 2351 jubere
1755 2298 1813 2336 es
1838 2283 2084 2353 dignatus

502 2374 701 2440 exstiti,
754 2376 880 2445 quin
911 2374 1086 2444 potius
1115 2376 1293 2428 statim
1346 2374 1636 2442 perspectis
1687 2373 1902 2427 Patrum
1934 2374 2085 2427 volu-

503 2466 754 2529 minibus,
802 2466 987 2534 collegi
1039 2481 1101 2519 ex
1137 2467 1238 2529 his,
1284 2479 1346 2519 ae
1384 2465 1592 2518 duobus
1632 2466 1682 2519 in
1734 2466 1926 2519 libellis
1972 2465 2084 2518 dis-

501 2559 664 2623 tinxi,
696 2572 814 2628 qua:
841 2556 1027 2610 rudem
1052 2556 1227 2609 adhuc
1256 2564 1474 2622 possent
1503 2554 1768 2609 instruere
1800 2555 2081 2621 lectorem,

502 2651 691 2719 quibus
740 2650 979 2706 eruditus
1025 2649 1089 2702 ad
1138 2648 1385 2703 altiorem
1423 2648 1657 2703 disceret
1705 2648 2084 2718 fortioremque

502 2747 764 2816 majorum
795 2745 1086 2801 ascendere
1113 2742 1421 2799 lectionem.
1457 2744 1510 2796 ln
1539 2757 1644 2812 quo
1673 2757 1836 2811 Opere
1866 2758 2082 2798 sensum

501 2856 599 2911 per
627 2842 803 2895 omnia
833 2848 1273 2900 memoratorum,
1308 2837 1643 2905 aliorumque
1674 2850 1823 2904 reque
1852 2835 2083 2890 catholi-

503 2947 685 2989 corum
721 2933 963 2995 Patrum,
1016 2945 1157 2985 nunc
1184 2931 1313 2999 ipsis
1342 2943 1553 2995 eorum,
1612 2942 1772 2992 nunc,
1808 2927 2081 2982 breviandi

502 3043 683 3093 causa,
719 3027 849 3082 meis
874 3024 1236 3087 sermonibus,
1267 3037 1407 3077 nunc
1437 3022 1611 3075 tacitis
1638 3035 1826 3076 eorum
1859 3020 2080 3075 vocabu-

503 3119 589 3185 lis,
624 3132 765 3173 nunc
796 3117 1233 3172 commemoratis
1262 3124 1418 3183 prout
1442 3113 1812 3181 opportunitas
1839 3110 2077 3165 locorum

503 3211 760 3277 dictabat,
795 3225 995 3280 ponere
1025 3209 1329 3262 studebam.
1384 3206 1724 3275 Produxique
1756 3220 1889 3270 opus
1916 3219 2084 3273 usque

503 3303 627 3357 dmn
658 3303 857 3371 ejectus
889 3301 1056 3356 Adam
1087 3300 1155 3354 de
1187 3298 1436 3368 paradiso
1464 3297 1780 3364 voluptatis,
1834 3296 2083 3350 exsilium

504 3396 625 3450 vita:
657 3392 967 3463 temporalis
1012 3392 1229 3446 intravit
1254 3409 1265 3443 :
1312 3388 1493 3457 aliqua
1523 3388 1684 3443 etiam
1714 3388 1781 3442 de
1811 3391 2083 3455 sequenti-

506 3488 604 3542 bus
633 3498 800 3541 sacrae
832 3483 1089 3547 historiae,
1119 3481 1163 3535 si
1194 3481 1332 3535 Deus
1364 3480 1615 3547 voluerit,
1662 3479 1861 3533 auxilio
1892 3488 2084 3533 vestrce

505 3577 907 3634 intercessionis
955 3574 1247 3630 comitante
1292 3572 1613 3641 scripturus,
1665 3571 1790 3625 dum
1821 3571 1991 3638 primo
2019 3570 2084 3623 li-

508 3674 657 3726 brum
703 3669 873 3725 sancti
907 3668 1093 3723 Esdrte
1139 3667 1415 3737 prophetae
1445 3679 1507 3719 ac
1540 3665 1855 3729 sacerdotis,
1902 3665 1953 3719 in
1982 3677 2087 3732 quo

507 3761 701 3818 Christi
747 3770 801 3816 et
846 3752 1102 3816 Ecclesiae
1150 3768 1481 3813 sacramenta
1532 3757 1631 3810 sub
1680 3757 1848 3826 ﬁgura
1899 3755 2088 3809 solutae

509 3856 679 3925 longa:
731 3850 1094 3922 captivitatis,
1150 3850 1435 3903 restaurati
1487 3847 1701 3915 templi,
1754 3845 2089 3900 retediiicatze

509 3957 707 4003 sanctze
734 3945 986 4010 civitatis,
1037 3943 1379 3999 reducturum
1422 3940 1473 3994 in
1522 3938 1909 4008 Jerosolymam
1938 3950 2091 3991 vaso-

510 4052 626 4092 rum
655 4052 775 4109 quze
805 4036 1059 4098 abducta,
1113 4036 1389 4102 rescriptze
1420 4032 1551 4102 legis
1599 4031 1688 4085 Dei
1718 4042 1841 4100 qua:
1874 4030 2087 4083 incensa

511 4129 702 4191 fuerat,
749 4127 992 4196 castigati
1026 4125 1093 4179 ab
1145 4125 1403 4178 uxoribus
1431 4122 1620 4176 alienis
1670 4121 1852 4190 populi
1887 4129 1938 4172 et
1985 4131 2091 4172 uno

514 4220 672 4276 corde
700 4227 860 4288 atque
884 4219 1058 4273 anima
1091 4219 1143 4272 in
1164 4218 1253 4272 Dei
1281 4216 1559 4271 servitium
1588 4213 1858 4275 conversi,
1886 4220 1943 4265 ut
1968 4225 2089 4279 pro-

514 4313 668 4381 pheta
697 4311 855 4366 simul
886 4319 940 4365 et
968 4309 1255 4363 historicus
1284 4307 1629 4374 conscripsit,
1659 4318 1945 4373 parumper
1974 4317 2091 4370 per-

515 4414 780 4463 scrutatus
805 4406 977 4469 fuero,
1026 4412 1079 4457 et
1106 4402 1277 4471 aliqua
1313 4415 1375 4454 ex
1418 4398 1498 4452 bis
1525 4413 1645 4466 quze
1675 4395 2086 4450 commemoravi

2186 1919 2557 1971 sustinuerunt.
2594 1919 2959 1987 Str/ferentium
2994 1920 3093 1974 Job
3118 1923 3221 1974 aud
3247 1925 3359 1988 stis,
3403 1932 3452 1977 et
3474 1925 3628 1992 ﬁnem
3659 1925 3771 1979 Da-

2187 2009 2312 2061 mini
2340 2009 2539 2063 vidistis
2573 2009 2711 2074 (Jac.
2742 2009 2819 2078 ν).
2852 2009 2965 2063 Non
2998 2021 3173 2064 autem
3216 2012 3413 2067 frustra
3440 2030 3769 2071 commemo-

2191 2097 2321 2152 ratis
2360 2098 2629 2165 justorum
2682 2100 2948 2168 pressuris
2979 2102 3222 2155 addidit:
3277 2104 3343 2156 Et
3387 2105 3539 2173 ﬁnem
3568 2106 3771 2165 Domini

2188 2192 2402 2255 vidistis,
2438 2192 2557 2261 quia
2592 2207 2761 2262 neque
2790 2193 2881 2248 ille
2922 2194 3045 2248 hinc
3091 2194 3208 2249 sine
3240 2194 3447 2265 ﬂagello
3474 2199 3625 2267 exiit,
3677 2200 3769 2269 qui

2190 2282 2275 2336 bic
2300 2284 2417 2338 sine
2443 2285 2576 2337 vitio
2606 2284 2773 2349 vixit;
2823 2286 3023 2352 quique
3067 2285 3133 2339 ad
3181 2287 3450 2342 sanandos
3499 2288 3768 2355 inﬁrmos,

2191 2384 2534 2441 mortuosque
2560 2374 2900 2430 suscitandos
2927 2377 3173 2445 apparuit
3197 2377 3249 2431 in
3279 2383 3497 2443 mundo,
3532 2380 3669 2449 ipse,
3702 2384 3767 2433 ad

2190 2466 2709 2531 prtcmonstrandum
2764 2467 2917 2521 nobis
2963 2467 3270 2535 exemplum
3320 2469 3623 2537 patientiae,
3675 2487 3769 2541 rer

2188 2556 2552 2612 inﬁrmitatem
2603 2559 2795 2612 mort‘s
2827 2558 2995 2611 voluit
3037 2558 3215 2613 redire
3244 2559 3312 2613 de
3343 2560 3563 2614 mundo.
3619 2561 3770 2617 Unde

2188 2646 2468 2700 Psalmista
2498 2660 2620 2700 cum
2650 2647 2909 2702 dixisset:
2955 2646 3093 2701 Deus
3125 2656 3295 2702 noster
3327 2647 3461 2702 Deus
3496 2652 3664 2709 saIvos
3693 2657 3771 2719 [a-

2187 2736 2353 2788 ciendi
2395 2734 2566 2805 (Psat.
2600 2735 2787 2804 vau),
2835 2751 2958 2789 mox
2988 2736 3306 2790 admirando
3349 2737 3430 2792 vel
3467 2739 3645 2806 potius
3674 2741 3772 2792 ob-

2186 2824 2852 2894 stupescendosubjunxit:
2876 2825 2937 2878 Et
2960 2825 3371 2881 DominiDomini
3391 2828 3555 2882 exitus
3570 2829 3766 2882 mortis.

2188 2916 2367 2985 Itaque
2418 2930 2512 2984 per
2544 2918 2853 2985 patientiam
2905 2926 2957 2971 et
2993 2918 3418 2972 consolationem
3467 2918 3771 2986 Scriptura-

2188 3022 2303 3061 rum
2335 3022 2484 3075 spem
2516 3007 2796 3075 habemus,
2848 3009 3011 3062 etiam
3062 3023 3160 3063 nos
3188 3008 3499 3064 consolandi
3528 3019 3649 3078 post
3679 3026 3774 3064 no-

2188 3107 2420 3153 strarum
2448 3097 2764 3153 aiﬁictiones
2794 3112 3190 3167 pressurarum,
3239 3114 3359 3153 cum
3386 3108 3442 3153 et
3473 3100 3569 3167 ipsi
3604 3099 3653 3153 in
3679 3101 3775 3154 tri-

2191 3189 2462 3244 bulatione
2489 3186 2753 3259 patientes
2782 3190 3176 3257 exstiterimus,
3214 3199 3268 3245 et
3310 3204 3498 3245 eorum
3528 3200 3677 3244 actus
3708 3192 3774 3246 ad

2189 3291 2418 3336 mentem
2467 3279 2879 3345 reduxerimus,
2931 3284 3021 3351 qui
3084 3296 3181 3335 nos
3228 3289 3281 3336 et
3318 3285 3511 3337 merito
3554 3283 3774 3351 justitire

2190 3371 2345 3443 longe
2376 3380 2783 3439 praecesserunt,
2835 3381 2889 3426 ct
2921 3373 3076 3441 longe
3107 3373 3308 3439 majora
3343 3373 3496 3426 nobis
3527 3374 3768 3429 adversi-

2191 3474 2355 3521 tntum
2422 3466 2717 3520 certamina
2771 3466 3086 3521 tolerarunt.
3165 3465 3244 3520 llli
3296 3468 3495 3521 etenim
3546 3478 3767 3536 propter

2186 3557 2448 3626 justitiam
2478 3570 2579 3626 qua
2622 3555 2950 3611 excellenter
2982 3557 3312 3623 eminebant,
3366 3559 3771 3626 persecutiones

2189 3666 2334 3721 stupe
2382 3651 2724 3720 patiebantur
2770 3650 3114 3719 injustorum,
3168 3660 3431 3720 quatenus
3481 3666 3603 3706 cum
3634 3668 3773 3721 0pc-

2193 3743 2395 3796 ratione
2421 3739 2640 3811 justitire
2666 3754 2923 3795 coronam
2954 3741 3338 3810 insuperabilis
3358 3744 3627 3809 patientia:
3653 3759 3774 3812 per-

2192 3835 2453 3903 ciperent,
2482 3842 2536 3886 ct
2568 3833 2786 3903 insuper
2814 3834 3022 3888 cunctis
3053 3849 3113 3888 se
3143 3838 3512 3905 sequentibus,
3542 3838 3772 3907 gloriosa

2194 3924 2587 3990 perseverantia
2617 3938 2711 3977 sua
2744 3925 2961 3993 vestigia
2996 3926 3212 3994 praefixa
3242 3926 3628 3995 relinquerent.
3667 3930 3771 3982 Nos

2192 4026 2370 4070 autem
2402 4018 2599 4085 saepius
2638 4015 3002 4069 misericordia
3050 4024 3104 4069 et
3133 4016 3438 4084 provisione
3464 4018 3774 4074 Conditoris

2194 4109 2363 4160 nostri
2400 4123 2495 4174 pro
2548 4109 2746 4161 nostris
2794 4108 3115 4176 casﬁgamur
3143 4110 3433 4175 erratibis,
3486 4119 3543 4165 ut
3571 4112 3769 4167 salubri

2192 4197 2604 4265 compunctione
2647 4196 2712 4250 ad
2744 4199 3131 4252 conscientiam
3183 4208 3423 4253 nostram
3460 4202 3770 4266 redeuntes,

2194 4291 2475 4360 puniamus
2506 4290 2736 4345 sollicite
2767 4292 3016 4361 lacrymis
3045 4292 3376 4347 diluentibus
3424 4294 3562 4362 quod
3594 4294 3769 4351 illece-

2192 4381 2304 4435 bris
2335 4380 2639 4435 fallentibus
2670 4396 2733 4437 ac
2786 4382 3127 4452 negligentiis
3173 4382 3518 4449 admisimus;
3568 4386 3771 4455 sicque,

515 4494 861 4550 sacramentis
891 4492 1159 4562 apertiora
1203 4490 1458 4545 studiosis
1512 4488 1623 4541 Deo
1666 4488 1876 4542 favente
1903 4484 2083 4541 reddi-

2190 4472 2411 4540 juvante
2444 4472 2690 4540 Domino,
2723 4477 2951 4529 correcti
2983 4476 3048 4528 ad
3080 4490 3229 4543 spem
3275 4477 3415 4538 vitat,
3463 4478 3527 4529 ad
3560 4478 3771 4531 illorum

516 4586 665 4641 dero.
710 4585 853 4640 Bene
879 4584 995 4639 vale
1022 4625 1036 4650 ,
1068 4597 1280 4651 semper
1320 4579 1687 4635 amantissime
1715 4581 1960 4643 antistes,
1994 4592 2087 4633 no-

514 4679 607 4733 stri
639 4691 845 4733 memor
874 4677 926 4732 in
955 4676 1176 4731 Domino
1204 4688 1215 4729 ;

1082 4765 1411 4821 EPISTULA
1440 4764 1525 4832 vr,

1038 4877 1104 4916 AD
1133 4875 1349 4915 εωιῐιειι
1384 4872 1569 4912 ACCAE

991 4952 1062 5007 De
1092 4952 1279 5017 templo
1311 4947 1619 5003 Salomonis.

593 5047 846 5103 llortatur
874 5058 974 5099 nos
1005 5042 1110 5098 Vas
1139 5040 1441 5104 electionis,
1470 5047 1525 5094 et
1551 5038 1798 5106 Magister
1829 5034 2090 5106 gentium,

519 5142 583 5195 ad
615 5139 897 5196 lectionem
946 5135 1249 5190 divinorum
1293 5132 1647 5200 eloquiorum,
1699 5127 1932 5184 veridica
1964 5140 2095 5180 voce

518 5242 845 5300 contestans,
874 5229 994 5299 quia
1024 5242 1334 5299 quotcunque
1360 5226 1547 5296 scripta
1591 5232 1730 5287 sunt,
1769 5222 1838 5275 ad
1868 5229 2095 5275 nostram

519 5327 805 5379 doctrinam
830 5323 1024 5388 scripta
1064 5328 1205 5384 sunt,
1251 5328 1305 5371 ut
1346 5334 1434 5386 per
1466 5316 1760 5384 patientiam
1786 5322 1831 5366 et
1858 5312 2095 5365 consola-

521 5419 709 5472 tionem
737 5416 1139 5486 Srripturarum,
1174 5427 1312 5480 spem
1349 5410 1644 5462 habeamus.
1680 5407 1776 5461 Ubi
1808 5406 2005 5473 optime
2033 5404 2097 5456 ad

522 5507 864 5563 obtinendam
897 5521 1045 5575 spem
1077 5503 1374 5559 ccelestium
1428 5501 1690 5555 bonorum
1713 5538 1728 5562 ,
1783 5496 2096 5562 patientiam

526 5599 680 5653 nobis
726 5597 1025 5652 habendam
1054 5635 1068 5659 ,
1120 5603 1176 5650 et
1220 5591 1649 5647 consolationem
1701 5590 2101 5657 Scripturarnm

528 5688 913 5760 inspiciendam
963 5701 1083 5742 esse
1139 5684 1392 5739 declarat.
1457 5678 1775 5735 Patientiarn
1829 5679 2101 5740 videlicet.

527 5791 663 5836 utea
688 5798 805 5849 quae
837 5779 1167 5834 occurrerint
1193 5776 1437 5839 adversa,
1470 5780 1650 5827 mente
1672 5771 1857 5826 humili
1887 5785 1949 5825 ac
1977 5770 2103 5824 sub-

2194 4566 2283 4634 qui
2312 4565 2626 4619 innocentes
2654 4564 2836 4621 afﬁicti
2866 4576 2989 4621 sunt
3018 4581 3323 4621 mereamur
3355 4571 3620 4636 pertinere
3645 4585 3771 4625 con-

2195 4657 2440 4710 sortium.
2487 4656 2617 4711 Nam
2650 4668 2705 4712 et
2748 4658 2836 4711 hic
2879 4658 2930 4711 in
2976 4660 3341 4713 c0nsolatioue
3374 4660 3770 4729 Scripturarum

2200 4747 2523 4812 invenimus,
2571 4749 2694 4815 quia
2740 4747 3016 4802 benedixit
3065 4750 3319 4803 Dominus
3349 4765 3537 4805 cunnos
3575 4752 3773 4808 timen-

2199 4853 2279 4896 tes
2308 4856 2388 4906 se,
2423 4840 2642 4908 pusillos
2670 4855 2797 4910 cum
2822 4842 3138 4911 majoribus,
3184 4842 3486 4912 multasque
3517 4845 3668 4899 nobis
3721 4846 3772 4901 in

2197 4932 2356 4985 domo
2389 4931 2559 4985 Patris
2588 4933 2667 4985 sui
2698 4934 3004 4989 mansiones
3034 4948 3153 4999 esse
3184 4934 3493 4990 declaravit.
3541 4937 3772 5003 Quarum

2199 5040 2338 5080 nunc
2387 5025 2755 5081 consolatione
2804 5034 2860 5082 et
2907 5036 2997 5094 te,
3053 5028 3399 5085 dilectissime
3448 5032 3769 5098 antistitum,

2200 5127 2490 5185 prtesentes
2516 5132 2691 5172 rerum
2719 5118 3108 5187 temporalium“
3126 5133 3351 5189 angores
3376 5122 3610 5190 quotidie
3638 5124 3769 5177 alle-

2200 5210 2372 5271 viare,
2405 5218 2564 5277 atque
2590 5207 2653 5261 ad
2686 5207 2912 5262 videnda
2944 5210 3079 5262 bona
3112 5208 3321 5264 Domini
3345 5212 3395 5263 in
3431 5223 3570 5265 terra
3596 5212 3775 5267 viven-

2203 5299 2335 5353 tium
2382 5300 2683 5355 sublimiter
2706 5302 2952 5367 auimari,
2986 5316 3089 5356 non
3119 5303 3352 5374 ambigo,
3401 5313 3583 5373 utpote
3608 5305 3775 5359 abun-

2201 5392 2416 5447 dantem
2464 5409 2568 5447 non
2601 5402 2805 5448 tantum
2855 5396 3157 5449 divinarum
3204 5399 3409 5465 paginis
3454 5397 3775 5463 litterarum,

2203 5486 2295 5540 sed
2325 5495 2379 5540 et
2421 5486 2521 5555 piis
2568 5502 2751 5540 earum
2804 5488 3247 5555 expositionibus,
3296 5506 3429 5545 uuas
3475 5495 3775 5545 veneranda

2205 5578 2420 5633 Patrum
2454 5579 2606 5633 nobis
2654 5580 2927 5649 Scriptura
2974 5582 3210 5649 reliquit.
3266 5582 3457 5635 Verum
3488 5583 3608 5651 quia
3642 5599 3775 5636 nova

2205 5686 2466 5742 quemque
2490 5688 2869 5741 nonnunquam
2900 5674 3129 5741 amplius
3153 5675 3435 5743 delectant,
3462 5692 3629 5732 vrsum
3651 5674 3777 5729 mibi

2207 5776 2287 5821 est
2317 5766 2627 5835 opusculum
2660 5766 2800 5834 quod
2848 5766 2911 5821 de
2961 5765 3160 5821 factura
3194 5770 3373 5834 templi
3428 5770 3517 5822 Dei
3549 5780 3777 5836 sequens
