4220 6468
497 318 595 373 687

501 445 816 501 magnorum
874 428 1094 499 chtigia
1157 440 1497 485 tractatorum
1568 447 1735 501 nuper
1792 426 2153 500 allegoriceA

500 524 845 579 condideram
893 530 994 576 tua:
1042 524 1311 577 sanctitati
1370 524 1788 592 percurrendum
1842 524 2073 576 mittere.

500 618 662 686 Cujus
687 617 902 672 lectioni
936 618 1188 681 intentus,
1236 626 1434 685 quanto
1468 617 1617 685 plura
1663 616 1860 670 Christi
1889 626 1940 668 et
1975 612 2078 668 Ec-

501 711 681 764 clesia:
714 718 1044 763 sacramenta
1091 709 1323 778 antiquis
1354 709 1520 763 indita
1552 708 1761 778 paginis
1792 705 2081 769 inveneris,

503 812 705 871 quanto
734 803 990 869 ampliora
1027 802 1096 855 ibi
1154 803 1244 857 Dei
1273 802 1437 867 dona,
1470 803 1584 856 sive
1613 802 1666 855 in
1698 800 1946 870 prmsenti
1990 814 2082 853 no-

494 895 576 947 bis
613 895 756 959 data,
801 908 893 946 seu
934 893 984 947 in
1020 894 1195 946 futuro
1226 894 1491 962 promissa
1524 893 1886 963 perspexeris,
1940 900 2086 943 tanto

495 988 542 1040 Ie
558 986 705 1039 viora
735 984 920 1051 credo,
955 995 1006 1037 t-t
1037 986 1211 1038 minus
1239 984 1474 1038 curanda
1516 984 1751 1038 omnium
1795 982 2085 1036 labentium

506 1094 706 1143 rerum,
732 1087 786 1132 et
812 1077 1036 1130 adversa
1056 1076 1318 1145 iudicabis
1342 1084 1395 1130 et
1425 1090 1697 1143 prospera,
1717 1074 1870 1143 juxta
1903 1087 2086 1127 exem-

510 1170 653 1237 plum
708 1169 847 1222 beati
904 1168 1162 1231 Joannis,
1217 1168 1304 1234 qui
1362 1167 1429 1220 ab
1484 1168 1803 1234 imperatore
1862 1164 2090 1219 nefando

509 1263 650 1315 intra
678 1260 951 1330 angustias
1001 1261 1155 1314 unius
1206 1259 1536 1327 parvissima:
1584 1258 1848 1325 relegatus
1880 1256 2087 1320 insula,

508 1352 790 1408 confestim
824 1368 851 1405 a
882 1352 969 1422 pio
999 1352 1310 1416 Couditore,
1343 1367 1437 1421 per
1460 1351 1706 1419 Spiritum
1736 1363 1839 1416 est,
1870 1349 1935 1404 ad
1966 1363 2093 1403 con-

507 1446 811 1515 templanda
841 1446 1041 1499 infinita
1074 1444 1161 1499 illa
1188 1444 1487 1499 caelestium
1511 1442 1849 1498 mansionum
1876 1456 2090 1508 arcana,

508 1535 884 1598 introductus;
934 1544 989 1589 et
1022 1534 1107 1588 ubi
1156 1544 1371 1603 putatus
1402 1543 1487 1587 est
1517 1549 1545 1587 a
1576 1532 1813 1601 deceptis
1857 1530 2096 1586 hostibus

509 1628 802 1682 amicorum
830 1626 1103 1679 hominum
1135 1626 1332 1680 auxilio
1377 1640 1439 1680 ac
1469 1627 1728 1680 societate
1757 1623 1993 1691 destitui,
2026 1624 2095 1677 ibi

510 1715 806 1769 amicorum
834 1715 1147 1783 angelorum
1178 1714 1372 1769 meruit
1394 1726 1611 1783 aSpectu
1638 1724 1795 1784 atque
1826 1712 2095 1783 colloquio

1217 317 1417 373 BED/E
1464 314 1917 373 V'ENERABILIS
1956 311 2106 369 OPP.
2143 314 2321 373 PARS
2362 317 2447 373 Ill.
2493 348 2559 359 —
2604 318 3085 377 PARA‘INETICA.

3570 292 3767 382 loss

2729 434 3057 491 EPISTOLA
3088 435 3217 501 Vill,

2678 544 2741 581 AD
2767 542 2937 583 ACCAM
2973 542 3219 583 EPISCOPU
3229 543 3261 580 ll
3271 567 3283 591 ,

2299 614 2364 666 In
2389 616 2761 681 expositionem
2789 614 3052 686 Evangelii
3086 617 3362 669 secundum
3396 611 3645 669 Marcum.

2261 704 2666 774 Expositionem
2700 707 2972 776 Evangelii
3027 706 3316 761 secundum
3349 706 3601 772 Marcum,
3651 707 3774 777 opi-

2190 798 2391 852 tulante
2431 797 2541 866 ipsa
2570 798 2879 867 evangelica
2907 799 3096 867 gratia,
3126 798 3396 867 scripturi,
3451 796 3620 866 primo
3647 814 3776 866 qua

2189 889 2347 943 fuerit
2372 890 2544 944 eidem
2577 891 2753 944 Marco
2779 906 2941 945 causa
2972 891 3243 959 Evangelii
3270 890 3559 957 scribendi,
3586 890 3775 946 brevi-

2192 990 2272 1035 ter
2302 980 2674 1034 insinuandum
2706 995 2829 1036 esse
2856 981 3185 1036 censuimus.

2268 1071 2401 1127 Cum
2433 1071 2687 1127 Romanae
2719 1072 2839 1127 urbi
2869 1073 3071 1128 clarum
3102 1074 3215 1128 veri
3244 1072 3337 1128 Dei
3371 1073 3548 1128 lumen
3580 1074 3779 1143 pradi-

2192 1176 2349 1220 cante
2379 1166 2534 1221 beato
2580 1167 2740 1221 Petro
2785 1168 3030 1237 apostolo
3076 1167 3266 1223 fuisset
3316 1179 3583 1237 exortum,
3632 1171 3780 1223 adeo

2194 1272 2373 1313 sermo
2403 1258 2642 1313 veritatis
2670 1259 3042 1315 universorum
3078 1268 3283 1315 mentes
3308 1261 3505 1329 placito
3534 1259 3778 1315 illustra-

2195 1351 2286 1405 bat
2310 1350 2513 1415 auditu,
2563 1359 2619 1403 ut
2646 1351 2888 1417 quotidie
2934 1350 3271 1407 audientibus
3315 1366 3437 1406 eum
3486 1352 3627 1406 nulla
3678 1367 3783 1405 un-

2194 1458 2353 1512 quam
2403 1444 2625 1499 satietas
2675 1444 2850 1499 fieret.
2898 1443 3048 1499 Unde
3087 1459 3259 1514 neque
3289 1444 3490 1499 auditio
3532 1446 3648 1499 sola
3692 1446 3783 1499 eis

2197 1532 2430 1599 suffecit,
2483 1534 2577 1588 sed
2604 1533 2837 1589 Marcum
2866 1534 3186 1604 discipulum
3236 1536 3352 1605 ejus
3378 1536 3623 1591 omnibus
3650 1551 3780 1606 pre-

2199 1622 2349 1678 cibus
2380 1626 2728 1681 obsecrantes
2758 1635 2934 1692 orant,
2987 1636 3132 1681 utea
3163 1641 3279 1697 quas
3321 1627 3409 1682 ille
3438 1628 3601 1683 verbo
3628 1642 3785 1697 pra:-

2204 1716 2439 1782 dicabat,
2464 1717 2528 1771 ad
2548 1728 2855 1787 perpetuam
2875 1732 3061 1773 eorum
3090 1719 3557 1774 commonitionem
3570 1718 3784 1773 haben—

516 1805 739 1874 perfrui.
792 1806 832 1859 A
865 1779 1060 1875 quibus
1089 1805 1330 1868 edoctus,
1381 1779 1645 1875 eo'magis
1676 1779 1947 1874 magisque
1976 1779 2092 1861 i-lle-
2125 1779 2172 1840 Β
2200 1806 2319 1860 dam
2353 1779 2927 1876 Scriptum-traderet,
2977 1823 3084 1879 quo
3128 1808 3273 1864 domi
3318 1809 3559 1879 forisque
3589 1810 3640 1863 in
3669 1808 3788 1863 liu-

509 1897 697 1951 cebras
725 1897 905 1950 smculi
937 1905 992 1951 et
1035 1896 1420 1951 amaritudines
1468 1896 1653 1951 didicit
1684 1912 1803 1951 esse
1833 1912 2092 1965 spernen-

512 1990 636 2054 das,
681 2004 787 2059 quo
817 1988 1101 2043 sublimius
1132 1989 1218 2042 illa
1268 1989 1665 2058 speculabatur,
1712 2004 1830 2057 quae
1862 2003 1959 2059 pro
1984 2005 2093 2043 ma-

510 2082 783 2152 gnitudine
810 2091 971 2151 atque
994 2080 1298 2135 aeternitate
1328 2079 1407 2135 sui
1440 2083 1594 2150 longe
1619 2080 1847 2151 amplius
1875 2082 1953 2135 vel
1986 2095 2096 2135 me-

514 2174 706 2228 tuenda
737 2182 946 2228 constat
976 2188 1118 2237 esse,
1153 2172 1236 2227 vel
1266 2172 1513 2227 amanda.
1573 2172 1716 2227 Bene
1749 2171 1935 2227 valens
1955 2186 2096 2226 sem-

514 2280 629 2335 per,
658 2264 1029 2331 dilectissime,
1066 2280 1162 2331 pro
1194 2263 1343 2318 nobis
1372 2262 1664 2319 intercede.

1070 2355 1402 2412 EPISTOLA
1434 2355 1544 2419 VII,

881 2468 941 2504 AD
966 2464 1294 2504 NOTIIELIIUM
1323 2466 1718 2505 PRESBYTEBUM.

981 2543 1059 2596 De
1085 2561 1185 2597 xxx
1222 2544 1478 2610 Quwstiou
1488 2544 1618 2598 ibus.

584 2634 943 2715 Dilectissimo
976 2633 1129 2687 fratri
1161 2633 1446 2687 Nothelmo
1477 2634 1641 2699 Beda,
1672 2633 1901 2689 salutem
1929 2635 1943 2687 ι

582 2728 711 2794 Quae
738 2728 805 2782 de
836 2728 973 2783 libro
1002 2727 1203 2796 Regum
1234 2727 1575 2781 dilucidanda
1610 2726 1724 2793 tibi,
1777 2728 1940 2782 frater
1970 2726 2099 2781 dile-

512 2818 771 2883 ctissime,
821 2817 1039 2885 misisti,
1084 2816 1287 2880 statim,
1337 2826 1496 2885 prout
1538 2818 1703 2885 potui,
1758 2816 1983 2871 Domino
2012 2816 2098 2887 ju-

514 2919 695 2977 vante,
731 2909 1006 2978 explicare
1035 2910 1235 2972 curavi,
1271 2924 1332 2962 ea
1356 2910 1615 2963 duntaxat
1643 2910 2010 2976 distinctione,
2046 2921 2100 2964 ut

514 3017 618 3056 xxx
644 3015 712 3055 ex
757 3000 838 3053 his
873 2999 1291 3068 propositiones,
1342 3015 1460 3068 quae
1488 3000 1758 3069 graviores
1786 2998 1923 3053 forte
1950 3000 2100 3054 vide-

514 3092 729 3156 bantur,
781 3089 1035 3145 brevibus
1079 3089 1362 3143 diStinctas
1412 3090 1694 3157 capitulis,
1746 3105 1851 3160 quo
1896 3090 2098 3145 facilius

518 3192 742 3252 possent
794 3181 1045 3247 inveniri,
1099 3181 1200 3236 hoc
1232 3181 1322 3235 tibi
1374 3180 1647 3236 volumine
1674 3182 2097 3250 comprehende-

517 3288 653 3328 rem.
688 3273 889 3326 Czetera
924 3286 1051 3325 vero
1081 3285 1199 3341 quae
1229 3271 1553 3325 commistim
1584 3272 1850 3326 annotain
1888 3271 2101 3326 nomina

516 3365 600 3418 vel
630 3361 813 3430 verba,
841 3378 958 3431 qua:
985 3362 1191 3416 facilius
1237 3376 1299 3415 ac
1327 3362 1539 3416 brevius
1566 3362 1697 3415 solvi
1728 3370 1995 3430 poterant,
2048 3363 2100 3416 in

515 3453 633 3507 aliis
656 3451 928 3507 schedulis
954 3466 1196 3507 seorsum
1228 3453 1473 3521 collecta,
1520 3453 1682 3507 simul
1713 3462 1816 3509 tua:
1847 3454 2101 3510 fraterni-

519 3542 611 3597 tati
645 3541 1087 3595 transmitterem.
1129 3542 1383 3607 Quamvis
1411 3544 1522 3609 ipse
1550 3556 1829 3611 noveram,
1878 3543 2101 3611 plurima

519 3640 569 3689 in
599 3635 788 3691 eodem
821 3636 955 3689 libro
986 3635 1154 3688 multo
1182 3634 1514 3702 obscuriora,
1558 3649 1715 3703 quam
1746 3650 1805 3690 ea
1837 3650 1956 3691 esse
1984 3652 2103 3705 qua:

517 3740 544 3779 a
575 3740 661 3779 me
692 3722 975 3793 qumreuda
996 3722 1263 3791 iudicasti.
1297 3722 1402 3777 Sed
1426 3732 1479 3777 et
1509 3721 1612 3777 hoc
1635 3739 1738 3777 non
1772 3724 2101 3792 ignorabam,

520 3818 715 3885 saepius
766 3814 879 3869 fieri
908 3812 1083 3869 solere
1117 3824 1171 3867 ut
1202 3812 1248 3868 is
1296 3812 1385 3883 qui
1416 3812 1725 3868 obscuriora
1784 3815 1920 3868 forte
1966 3828 2101 3870 non-

524 3911 669 3965 nulla
699 3908 806 3979 jam
856 3906 993 3962 bene
1047 3906 1406 3975 intellexerat,
1442 3907 1532 3975 qui
1587 3905 1838 3962 videlicet
1890 3906 2003 3962 htec
2050 3906 2103 3961 in

520 4003 836 4061 tractatibus
890 4016 1201 4070 magnorum
1257 4012 1533 4057 auctorum
1564 4000 1893 4057 sufficienter
1916 4001 2107 4070 expla-

519 4104 644 4148 nata
670 4102 966 4162 repererat,
993 4094 1105 4162 ipse
1134 4092 1310 4148 adhuc
1332 4092 1383 4147 in
1415 4092 1733 4162 quibusdam
1776 4092 2104 4148 facilioribus

520 4200 681 4240 sensu
723 4187 958 4239 incertus
989 4194 1319 4254 perseveret,
1371 4199 1433 4239 ac
1461 4184 1672 4249 dubius,
1723 4199 1843 4253 quae
1873 4185 1946 4239 illi
1990 4184 2103 4239 for-

521 4288 662 4331 tasse
687 4278 774 4345 qui
806 4276 1148 4344 profundiora
1177 4277 1494 4343 tractabant,
1526 4278 1752 4348 qutesitu
1796 4279 1953 4346 digna
1998 4295 2103 4333 non

521 4369 808 4423 ducebant.
862 4370 945 4425 Fit
970 4373 1134 4425 etiam
1168 4383 1226 4426 ut
1253 4389 1358 4426 non
1402 4374 1579 4429 omnia
1629 4391 1747 4444 qua:
1788 4390 1818 4429 a
1862 4376 2104 4430 Patribus

523 4459 725 4529 scripta
752 4468 897 4527 sunt,
926 4461 993 4515 ab
1021 4463 1270 4516 omnibus
1298 4463 1500 4532 possint
1529 4464 1739 4529 haberi,
1771 4474 1825 4519 et
1852 4465 2104 4534 ignoren-
2131 4493 2180 4552 ι)

526 4559 613 4604 tur
639 4551 964 4621 qumslioues
988 4553 1385 4621 Scripturarum
1410 4569 1437 4606 a
1464 4554 1761 4625 legentibus
1787 4572 1801 4621 ;
1837 4570 1940 4610 non
1959 4557 2099 4625 quod

524 4642 833 4697 doctoribus
859 4645 1113 4712 exposita:
1152 4660 1257 4699 non
1287 4645 1415 4708 sint,
1468 4645 1561 4701 sed
1592 4645 1731 4713 quod
1764 4647 1892 4714 ipsa:
1919 4661 2103 4701 earum

526 4738 851 4804 quaestiones
898 4735 980 4790 vel
1014 4752 1119 4791 non
1170 4737 1487 4802 habeantur,
1528 4742 1608 4793 vel
1660 4739 1857 4793 habere
1887 4753 1991 4793 non
2024 4739 2105 4792 in-

528 4825 833 4895 telligantur
878 4827 1281 4895 qotereutibus;
1330 4830 1464 4883 sicut
1505 4830 1556 4883 in
1606 4830 1851 4897 plurimis
1893 4844 2100 4897 eorum,

526 4931 750 4982 quorum
780 4931 806 4968 a
839 4932 924 4971 me
964 4932 1218 4995 responsa
1265 4927 1316 4973 et
1364 4919 1538 4987 petisti
1571 4930 1622 4975 et
1652 4920 1926 4989 accepisti,
1976 4933 2106 4975 con-

526 5017 633 5062 stat
672 5022 794 5063 esse
822 5006 1138 5063 factitatum.
1198 5009 1254 5063 In
1280 5010 1474 5078 quibus
1525 5010 1772 5067 videlicet
1814 5013 2108 5081 responsis,

526 5100 615 5165 qui
641 5100 745 5154 tuis
775 5099 1121 5169 petitionibus
1150 5102 1373 5169 vestigia
1406 5102 1621 5157 Patrum
1653 5118 1906 5171 sequens,
1952 5106 2111 5159 satis-

529 5191 707 5249 facere
737 5194 937 5257 studui,
975 5211 1163 5264 precor
1192 5206 1247 5251 ut
1277 5197 1443 5252 vicem
1458 5198 1691 5253 debitam
1724 5210 1919 5256 nostra:
1948 5202 2110 5258 devo-

527 5284 657 5338 tioni
711 5286 987 5352 reddens,
1040 5303 1137 5356 pro
1188 5289 1447 5358 sospitate
1497 5299 1677 5346 nostra
1732 5301 1787 5347 et
1839 5292 2015 5349 cordis
2059 5303 2114 5348 et

530 5377 803 5443 corporis,
853 5393 957 5431 una
985 5394 1106 5434 cum
1142 5380 1394 5436 fratribus
1416 5383 1502 5449 qui
1538 5383 1640 5438 illis
1686 5384 1735 5439 in
1767 5384 1898 5440 locis
1930 5365 2123 5441 vobis--

531 5476 649 5517 cum
672 5464 897 5521 Domino
918 5468 1247 5536 deserviunt,
1284 5472 1615 5527 intercedere
1639 5476 1967 5529 memineris.
1999 5476 2105 5532 Sed

531 5561 584 5605 et
628 5554 823 5622 siquid
869 5558 936 5613 de
988 5560 1068 5615 his
1100 5576 1219 5631 quae
1262 5565 1447 5631 scripsi
1494 5568 1670 5635 aptius
1703 5566 1841 5622 forte
1887 5568 2103 5635 alicubi,

528 5644 671 5727 quod
692 5644 938 5702 facillime
959 5652 1264 5721 contingere
1283 5655 1470 5722 potuit,
1490 5658 1787 5725 expositum
1812 5659 2101 5727 inveneris,

535 5725 687 5785 nobis
737 5748 942 5805 quoque
991 5740 1139 5795 ocius
1170 5741 1270 5798 hoc
1316 5744 1587 5802 destinare
1637 5764 1740 5804 non
1769 5750 2026 5819 graveris.

2192 1893 2429 1965 jusmodi
2488 1897 2638 1951 verbi
2696 1898 3135 1953 meditationibus
3192 1910 3591 1969 permanerent.
3666 1899 3783 1955 Nec

2200 1990 2347 2059 prius
2378 1990 2444 2045 ab
2467 1991 2799 2046 obsecrando
2829 1993 3117 2061 desistunt,
3161 2009 3318 2063 quam
3352 2009 3469 2061 qua:
3494 2003 3785 2049 oraverant

2200 2081 2569 2149 impetrarent.
2622 2082 2813 2137 Petrus
2841 2098 2986 2148 vero,
3020 2094 3076 2137 ut
3102 2099 3196 2153 per
3241 2084 3498 2153 Spiritum
3531 2092 3781 2138 sanctum

2199 2171 2451 2241 religioso
2480 2187 2540 2227 se
2569 2173 2855 2241 spoliatum
2876 2175 3135 2244 comperit
3156 2174 3314 2237 furto,
3348 2174 3637 2229 delectatus
3662 2183 3781 2238 est;

2198 2271 2253 2317 et
2283 2263 2441 2320 fidem
2475 2278 2661 2318 eorum
2690 2264 3138 2333 devotionemque
3165 2280 3259 2335 per
3283 2265 3777 2331 baecconsiderans,

2200 2350 2404 2408 factum
2429 2355 2783 2421 confirmavit,
2816 2364 2870 2410 et
2900 2356 2953 2410 in
2978 2364 3290 2426 perpetuum
3320 2356 3596 2426 legendam
3633 2356 3782 2411 Scri-

2202 2456 2411 2517 pturam
2437 2448 2686 2503 Ecclesiis
2716 2450 2952 2504 tradidit.

2272 2538 2521 2594 Clemens
2545 2538 2597 2593 iu
2627 2550 2788 2593 sexto
2813 2540 3229 2608 Dispositionum
3256 2540 3391 2596 libro
3408 2540 3521 2595 haec
3538 2541 3606 2595 ita
3626 2550 3779 2610 gesta

2200 2643 2321 2685 esse
2348 2630 2621 2685 describit.
2654 2631 2749 2685 Cui
2776 2631 2949 2686 simile
2970 2632 3061 2685 dat
3090 2634 3449 2689 testimonium
3475 2634 3632 2688 etiam
3658 2634 3783 2688 llie-

2203 2720 2459 2807 rapolites
2483 2721 2787 2791 episcopus,
2822 2724 3039 2778 nomine
3067 2724 3275 2793 Papias,
3301 2725 3390 2795 qui
3413 2732 3469 2780 et
3499 2725 3598 2780 hoc
3626 2724 3781 2791 dicit,

2202 2812 2343 2880 quod
2375 2812 2563 2868 Petrus
2594 2813 2646 2866 in
2680 2814 2847 2882 prima
2896 2814 3130 2884 Epistola
3169 2830 3285 2881 sua,
3334 2832 3493 2885 quam
3538 2816 3606 2871 de
3648 2818 3786 2872 urbe

2204 2902 2369 2957 Roma
2400 2904 2642 2973 scripsit,
2670 2905 2971 2961 meminerit
2996 2908 3182 2973 Marci,
3230 2909 3282 2963 in
3313 2922 3412 2977 qua
3447 2908 3646 2977 tropice
3674 2907 3785 2961 Ro-

2204 3012 2343 3051 mam
2389 2996 2732 3067 Babyloniam
2764 2998 3071 3064 nomiuarit,
3104 3012 3224 3053 cum
3252 2998 3417 3053 dicit:
3451 2998 3657 3054 Salutat
3684 3012 3783 3053 Vos

2205 3102 2265 3142 ea
2290 3088 2544 3158 Ecclesia,
2585 3104 2702 3159 qua:
2740 3090 2794 3143 in
2821 3089 3091 3161 Babylone
3129 3089 3297 3145 electa
3340 3098 3443 3156 est,
3488 3100 3543 3144 et
3570 3089 3784 3146 Marcus

2207 3177 2346 3234 filius
2376 3194 2549 3235 meus.

2280 3276 2570 3344 Assumpto
2618 3274 2797 3345 itaque
2827 3274 3113 3345 Evangelio
3143 3273 3294 3345 quod,
3321 3274 3433 3343 ipse
3460 3273 3783 3339 confecerat,

2205 3364 2442 3437 perrexit
2473 3368 2525 3420 in
2555 3365 2868 3437 (Egyptum,
2894 3374 2948 3420 et
2978 3368 3205 3435 primum
3255 3366 3588 3421 Alexandria
3630 3364 3784 3421 Chri-

2204 3464 2344 3511 stum
2366 3456 2709 3523 annuntians,
2734 3456 3011 3511 constituit
3036 3455 3329 3513 Ecclesiam
3356 3465 3494 3511 tanta
3516 3458 3785 3525 doctrina,

2204 3558 2260 3603 et
2288 3548 2409 3603 vitae
2438 3550 2793 3617 continentia,
2823 3560 2879 3606 ut
2918 3565 3106 3605 omnes
3157 3560 3450 3607 sectatores
3492 3549 3686 3606 Christi
3714 3552 3785 3606 ad

2205 3640 2507 3709 exemplum
2537 3642 2621 3696 sui
2648 3650 2885 3711 cogeret.

2280 3732 2517 3800 Denique
2563 3733 2735 3799 Philo,
2775 3731 3158 3787 disertissimus
3204 3731 3546 3796 Judaeorum,
3596 3731 3789 3787 videns

2206 3825 2540 3881 Alexandria:
2587 3823 2811 3893 primam
2844 3823 3137 3878 Ecclesiam
3185 3824 3357 3878 adhuc
3394 3822 3787 3889 Judaizantem,

2205 3917 2356 3987 quasi
2388 3916 2439 3970 in
2469 3914 2678 3969 laudem
2702 3917 2877 3983 gentis
2900 3930 3011 3969 suae
3042 3914 3234 3967 librum
3264 3929 3421 3983 super
3445 3930 3626 3969 eorum
3656 3928 3788 3968 cou-

2206 4009 2508 4063 versatione
2536 4006 2773 4073 scripsit.
2808 4006 2870 4060 Et
2898 4005 3166 4075 quomodo
3196 4005 3364 4060 Lucas
3392 4013 3608 4059 enarrat
3632 4002 3789 4058 Jero-

2205 4101 2425 4169 solytnae
2455 4099 2737 4153 credentes
2766 4096 2946 4151 omnia
2979 4096 3227 4151 habuisse
3257 4096 3554 4151 communia
3579 4135 3595 4161 ,
3624 4095 3701 4151 sic
3728 4104 3788 4151 et

2209 4191 2296 4245 ille
2327 4189 2465 4260 quod
2498 4188 2837 4243 Alexandriae
2860 4188 2959 4241 sub
2991 4187 3169 4241 Marco
3197 4186 3313 4241 fieri
3339 4187 3557 4242 doctore
3587 4201 3788 4241 cerne-

2206 4284 2315 4349 bat,
2348 4282 2618 4336 metnorias
2650 4280 2883 4334 tradidit.

2276 4372 2518 4429 Tradunt
2540 4380 2713 4426 autem
2736 4371 2876 4425 hunc
2900 4370 3115 4426 natione
3136 4369 3441 4437 Israelitica,
3460 4379 3513 4424 et
3533 4369 3784 4424 sacerdo-

2206 4464 2298 4517 tali
2330 4471 2504 4517 ortum
2551 4462 2816 4531 prosapia,
2846 4474 2909 4516 ac
2938 4471 3056 4529 post
3087 4461 3385 4530 passionem
3425 4475 3489 4514 ac
3538 4474 3785 4515 resurre-

2210 4556 2441 4611 ctionem
2476 4553 2682 4609 Domini
2709 4552 2990 4608 salvatoris
3014 4552 3079 4606 ad
3111 4552 3541 4621 praedicationem
3571 4560 3784 4621 aposto-

2213 4650 2382 4704 lorum
2406 4648 2707 4717 evangelica
2734 4646 2837 4701 fide
2864 4660 2926 4700 ac
2952 4646 3300 4699 sacramentis
3325 4646 3603 4711 imbutum,
3626 4653 3786 4713 atque

2213 4757 2276 4796 ex
2322 4755 2505 4795 eorum
2556 4737 2715 4791 fuisse
2762 4750 2985 4790 numero
3031 4736 3099 4789 de
3145 4736 3339 4804 quibus
3385 4735 3571 4789 scribit
3618 4734 3787 4789 Lucas

2212 4832 2330 4901 quia
2363 4828 2523 4883 multa
2552 4827 2713 4881 etiam
2747 4826 2897 4881 turba
2946 4826 3281 4881 sacerdomm
3315 4825 3599 4879 obediehat
3644 4825 3783 4880 fidei.

2212 4921 2567 4990 Quapropter,
2592 4925 2774 4985 utpote
2806 4916 3062 4985 legalibus
3107 4916 3378 4971 institutus
3404 4913 3613 4979 edictis,
3644 4916 3786 4981 opti-

2213 5028 2355 5067 mum
2380 5026 2472 5081 per
2490 5010 2665 5066 omnia
2688 5008 2897 5062 vivendi
2919 5008 3159 5062 ordinem
3180 5006 3515 5077 genti,quam
3538 5006 3601 5060 ad
3626 5003 3784 5059 fidem

2215 5104 2441 5160 vocabat
2483 5100 2929 5173 pramonstravit.
2979 5100 3083 5154 Sed
3126 5108 3181 5153 et
3213 5101 3523 5153 canonicam
3572 5098 3786 5153 Pascha:

2213 5197 2627 5257 observantiam.
2653 5209 2775 5265 qua
2818 5192 3081 5248 universis
3123 5192 3323 5247 Christi
3370 5188 3621 5246 Ecclesiis
3652 5190 3787 5244 foret

2216 5290 2508 5353 imitabilis,
2538 5287 2791 5342 ostendit.

2287 5382 2342 5436 In
2370 5380 2523 5445 cuius
2568 5375 2910 5447 Evangelium
2957 5385 3067 5437 tuo,
3099 5372 3446 5428 dilectissime
3491 5370 3786 5425 antistitum

2213 5477 2375 5535 Acca.
2407 5485 2610 5525 necnon
2640 5478 2693 5522 et
2721 5468 2944 5521 aliorum
2976 5466 3191 5520 fratrum
3225 5464 3452 5533 plurium
3489 5463 3785 5517 commoui-

2217 5572 2300 5618 tus
2327 5563 2558 5623 hortatu,
2593 5568 2745 5628 prout
2778 5558 3031 5613 Dominus
3062 5557 3231 5617 dedit.
3256 5554 3528 5622 scripturi,
3559 5553 3787 5607 maxime

2212 5669 2329 5723 qua:
2362 5655 2410 5707 in
2448 5653 2659 5707 Patrum
2702 5650 3089 5705 venerabiliqu
3133 5648 3391 5714 exemplis
3439 5648 3742 5701 invenimus
3768 5686 3786 5711 ,

2214 5749 2336 5804 hinc
2358 5746 2478 5803 inde
2504 5745 2723 5801 collecta
2749 5758 2947 5813 ponere
2973 5741 3295 5799 curabimus.
3321 5739 3423 5797 Sed
3449 5750 3501 5797 et
3532 5738 3785 5794 nonnulla
