4220 6458
527 337 630 393 689

1731 350 1922 407 SECT.
1968 352 2053 407 IV.
2096 385 2165 395 —-
2210 354 2580 416 EPISTOLIE.

3680 373 3796 428 GLO:

522 452 737 522 propria
778 453 844 508 ad
875 452 1219 513 imitationem
1250 472 1440 515 sensus
1469 476 1674 529 eorum,
1718 464 1805 519 ubi
1835 476 2094 535 opportu-
2127 468 2175 524 Δ
2203 471 2451 536 Opuscula
2497 477 2899 544 transcriptioue
2947 480 3105 551 digna
3148 482 3433 552 duxerint,
3486 496 3799 547 memorata
3834 461 3846 482 ί

522 560 645 598 ιιιιιιι
681 545 978 613 videbitur,
1011 549 1432 618 interponemus.
1464 553 1846 625 Lectoremque
1875 558 2100 627 supplex

521 635 764 702 obsecro,
799 646 854 690 ut
875 638 920 693 si
952 638 1063 692 haec
1088 652 1267 696 nostra
1296 644 1549 712 opuscula
1579 646 1993 713 transcriptione
2016 646 2100 701 di-

520 742 624 795 gna
661 727 915 795 duxerit,
965 732 1369 788 annotationem
1417 735 1689 790 nominum
1748 750 1934 791 eorum
1981 750 2102 806 qua:

519 833 681 888 supra
726 819 779 873 in
825 822 1065 892 margine
1111 826 1351 893 apposita
1395 837 1538 892 sunt,
1567 825 1792 895 diligens
1837 828 2100 896 scriptura

520 921 822 973 conservet,
853 915 1120 982 quomodo
1172 916 1224 969 in
1266 916 1598 983 expositione
1638 917 1914 987 Evangelii
1961 917 2100 973 beati

522 1004 708 1071 Lueze,
740 1022 898 1077 quam
946 1017 1070 1063 ante
1120 1025 1287 1064 annos
1327 1011 1621 1079 plurimos,
1672 1011 1959 1065 auxiliante
2004 1010 2099 1065 Dei

520 1096 707 1166 gratia,
735 1097 1165 1164 composuimus,
1200 1110 1410 1155 constat
1434 1115 1553 1156 esse
1578 1101 1893 1156 factitatum.
1926 1098 2100 1154 Oran-

524 1199 627 1242 tem
676 1203 773 1257 pro
830 1189 984 1244 nobis
1031 1193 1366 1247 sanctitatem
1416 1202 1558 1247 tuam
1601 1194 1839 1249 caelestis
1884 1208 2101 1262 semper

519 1280 688 1346 gratia
735 1288 991 1349 protegat.
1024 1281 1129 1338 Sed
1159 1294 1210 1339 et
1244 1283 1345 1338 hoc
1374 1294 1499 1339 ante
1529 1285 1706 1338 omnia
1751 1294 1973 1339 cunctos
2004 1284 2095 1356 qui

523 1369 638 1424 haec
683 1369 822 1426 forte
872 1372 1058 1427 lecturi
1099 1383 1222 1428 sunt
1248 1374 1511 1443 deprecor
1539 1376 1590 1428 in
1640 1375 1882 1442 Domino,
1914 1384 1971 1429 ut
2002 1389 2098 1443 pro

521 1463 655 1517 meis
679 1472 735 1518 et
762 1466 999 1535 corporis
1030 1476 1082 1522 et
1108 1468 1272 1521 animi
1324 1469 1693 1538 fragilitatibus
1720 1512 1734 1537 ,
1764 1471 1903 1540 apud
1951 1470 2096 1540 pium

518 1552 748 1622 iudicem
781 1554 1162 1613 intercessores
1193 1558 1423 1613 existere
1446 1558 1751 1627 dignentur.

1089 1648 1419 1706 EPISTOLA
1472 1650 1566 1718 ιχ,

1155 1758 1222 1797 ΔΙ)
1269 1758 1461 1799 ACCAE.

1011 1834 1087 1890 De
1114 1835 1390 1908 Evangelia
1420 1836 1593 1892 Lucae.

591 1925 820 1981 Domino
870 1927 1179 1984 beatissimo
1225 1939 1278 1985 et
1335 1929 1555 1984 nimium
1602 1929 2103 1986 desiderantissimo

520 2017 675 2070 Acca:
713 2015 966 2087 episcopo
994 2016 1136 2075 Beda
1179 2019 1395 2078 humilis
1438 2020 1738 2093 presbyter,
1773 2022 1825 2077 in
1874 2021 2101 2077 Domino

519 2115 721 2162 aeterno
748 2108 1006 2165 salutem!

593 2195 721 2250 Mira
751 2212 876 2252 vere
904 2206 1006 2265 est,
1038 2209 1091 2254 et
1118 2214 1241 2254 vera
1270 2202 1402 2257 mire
1422 2245 1436 2268 ,
1468 2203 1705 2260 doctoris
1748 2205 1944 2276 egregii
1976 2218 2099 2258 sen-

522 2283 705 2352 tentia,
733 2286 853 2356 quia
876 2287 1103 2343 cltaritas
1125 2292 1294 2345 omnia
1320 2293 1500 2357 credit,
1529 2295 1701 2349 omnia
1731 2307 1924 2365 sperat.
1950 2295 2098 2351 Datis

520 2390 751 2446 namque
780 2377 846 2433 ad
876 2395 961 2434 me
988 2381 1232 2450 epiStolis
1256 2423 1272 2450 ,
1304 2393 1361 2437 ut
1389 2383 1565 2455 aliqua
1612 2385 1704 2442 tibi
1745 2386 1978 2441 scribam
2009 2401 2100 2441 ro-

518 2483 644 2538 gare
682 2477 736 2525 te
782 2468 934 2537 dicis,
963 2483 1017 2526 et
1060 2472 1199 2529 inter
1245 2476 1562 2546 rogandum,
1596 2477 1933 2546 necdumque
1965 2493 2099 2533 mete

518 2562 886 2617 consensionis
915 2574 1136 2633 accepto
1167 2580 1447 2635 responso,
1479 2568 1718 2637 quaesitis
1758 2568 1935 2623 adhuc
1958 2583 2096 2638 opu-

517 2652 680 2707 sculis
709 2656 858 2725 quasi
885 2656 997 2727 jam
1039 2660 1315 2725 acquisitis
1339 2675 1402 2715 ac
1432 2661 1669 2731 perfecte
1714 2664 2099 2717 consummatis

519 2741 843 2808 prmfationis
867 2746 1201 2817 signaculum
1242 2749 1447 2805 condis.
1495 2749 1741 2807 Nondum
1790 2752 2098 2808 fundamine

514 2836 678 2908 iacto,
706 2854 811 2895 non
836 2842 997 2897 allata
1019 2843 1206 2899 saltem
1238 2848 1481 2912 materia,
1508 2848 1622 2919 ipse
1645 2851 1795 2919 quasi
1826 2852 2098 2922 completo

426 2960 429 2963 η
514 2928 624 2997 jam
666 2932 794 2985 tanti
844 2933 1038 2990 laboris
1090 2936 1352 3005 aedificio,
1383 2939 1568 2995 claves
1609 2942 1802 3011 quibus
1849 2944 2098 2999 introitus

518 3020 784 3076 muniatur
803 3022 1008 3094 dirigis,
1030 3035 1083 3079 ut
1107 3027 1305 3097 pudeat
1331 3044 1435 3084 non
1458 3031 1566 3085 cito
1589 3032 1772 3087 subire
1801 3048 1935 3101 opus
1956 3032 2096 3103 quod

516 3111 620 3165 cito
646 3112 1004 3180 subeundum,
1038 3115 1193 3172 citius
1224 3121 1543 3187 explendum
1578 3120 1710 3178 ﬁdes
1738 3126 1910 3179 amica
1955 3140 2095 3194 prae-

518 3214 709 3257 sumat.
758 3203 874 3260 Non
925 3206 1038 3264 hmc
1086 3218 1230 3264 certe
1260 3211 1360 3265 alia
1402 3227 1556 3282 quam
1588 3213 1884 3269 indubitata
1917 3216 2085 3269 mutui

521 3295 711 3349 tiducia
740 3297 864 3352 facit
887 3299 1108 3366 amoris,
1132 3316 1249 3370 quae
1268 3301 1335 3356 de
1363 3303 1536 3358 amico
1559 3313 1775 3372 pectore
1796 3305 1875 3374 (ut
1899 3305 2096 3360 dictum

517 3386 622 3455 est)
652 3387 829 3441 omnia
861 3390 1116 3445 duntaxat
1146 3406 1267 3460 qua:
1294 3392 1410 3447 ﬁeri
1443 3403 1665 3463 possunt
1695 3396 1891 3459 credit,
1918 3394 2096 3451 omnia

517 3489 714 3551 sperat.
749 3480 900 3536 Unde
926 3490 980 3536 et
1004 3496 1104 3551 ego
1130 3498 1255 3539 mox
1291 3484 1440 3540 lectis
1490 3494 1593 3541 tuae
1618 3487 1941 3544 dulcissima:
1973 3504 2099 3544 san-

516 3574 715 3630 ctitatis
746 3575 1006 3645 paginulis
1031 3575 1249 3645 injuncti
1282 3592 1367 3632 me
1406 3578 1586 3648 operis
1616 3579 1784 3635 labori
1814 3582 2094 3651 supposui,

518 3666 569 3719 in
595 3680 697 3734 quo
725 3667 807 3735 (ut
850 3668 1127 3723 innumera
1157 3668 1465 3724 monasticae
1492 3671 1771 3725 servitutis
1801 3673 2097 3728 retinacula

520 3759 853 3824 praeteream)
886 3758 1000 3828 ipse
1044 3758 1174 3813 mihi
1206 3760 1433 3816 dictator
1477 3761 1636 3816 simul
1681 3762 1920 3817 notarius
1951 3772 2007 3819 et
2032 3765 2097 3818 li-

519 3852 723 3905 brarius
771 3854 1074 3909 existerem.
1125 3854 1543 3925 Aggregatisque
1594 3856 1720 3911 hinc
1766 3857 1890 3912 inde
1946 3857 2097 3929 quasi

520 3941 891 4011 insignissimis
915 3959 979 3998 ac
998 3946 1326 4016 dignissimis
1350 3949 1479 4002 tanti
1510 3950 1751 4003 muneris
1778 3950 2093 4017 artificibus,

519 4034 791 4103 opusculis
818 4034 1057 4105 Patrum,
1089 4040 1211 4108 quid
1247 4039 1432 4094 beatus
1454 4039 1792 4108 Ambrosius,
1824 4042 1951 4110 quid
1984 4043 2096 4096 Au-

520 4128 794 4196 gustinus,
854 4128 980 4198 quid
1034 4130 1264 4202 denique
1313 4132 1603 4203 Gregorius
1655 4133 2097 4204 vigilantissimus

520 4221 688 4292 (juxta
730 4238 884 4278 suum
932 4226 1148 4296 nomen)
1184 4234 1378 4281 nostrae
1419 4229 1596 4297 gentis
1641 4230 1939 4299 apostolus,
1972 4231 2111 4298 quid

522 4312 874 4383 Hieronymus
921 4328 1088 4370 sacra:
1129 4318 1388 4386 interpres
1438 4320 1696 4387 historiae,
1741 4323 1864 4392 quid
1915 4326 2115 4379 caateri-

520 4406 703 4460 Patres
732 4408 782 4461 in
809 4406 948 4462 beati
975 4408 1132 4463 Luca:
1165 4409 1342 4464 verbis
1369 4412 1656 4479 senserint,
1682 4415 1806 4484 quid
1841 4416 2093 4481 dixerint,

2127 1817 2175 1877 B

2205 574 2416 630 quoque
2462 566 2734 622 nominum
2781 570 2952 641 signa,
2984 585 3042 628 ut
3069 574 3123 629 in
3150 586 3332 632 nostro
3356 578 3651 647 exemplari
3693 597 3783 638 re-

2205 653 2665 723 periunt,afflgere
2687 663 3044 718 meminerint.
3073 664 3332 721 Nonnulla
3359 670 3520 724 etiam
3547 685 3666 739 quae
3684 672 3795 742 (ut

2205 744 2381 799 verbis
2423 755 2526 801 tua:
2553 752 2848 806 sanctitatis
2871 754 3079 825 loquar)
3112 758 3241 811 mihi
3270 766 3459 816 auctor
3487 761 3620 818 lucis
3650 778 3779 833 ape-

2204 839 2330 905 ruit,
2374 842 2574 910 proprii
2606 844 2817 901 sudoris
2855 846 3046 904 indicia
3072 892 3085 916 ,
3120 851 3205 906 ubi
3239 862 3597 923 opportunum
3631 857 3780 913 vide-

2204 927 2377 995 batur,
2409 932 2652 989 annexui.
2706 935 2804 1002 Qui
2837 937 2886 991 in
2917 939 3044 1008 legis
3075 941 3269 996 divinae
3302 946 3647 1003 meditatione
3673 950 3777 1003 etsi

2204 1032 2307 1073 non
2324 1020 2526 1089 (utipse
2546 1022 2831 1093 scripsiSti)
2855 1024 2967 1080 dies
2986 1037 3270 1099 noctesque
3289 1032 3568 1102 pervigiles
3580 1034 3783 1092 dueere

2202 1108 2431 1175 sufficio,
2462 1126 2565 1165 non
2587 1127 2771 1183 parum
2796 1124 2972 1171 tamen
2992 1118 3149 1172 studii
3182 1137 3266 1175 me
3292 1122 3342 1175 in
3370 1120 3662 1193 Scripturis
3684 1126 3779 1181 im-

2204 1203 2451 1271 pendisse
2473 1219 2576 1260 non
2592 1205 2797 1276 dubito,
2817 1218 2940 1263 etea
2962 1209 3133 1264 solum
3157 1227 3272 1281 qua:
3295 1214 3423 1267 mihi
3439 1225 3623 1270 auctor
3643 1216 3776 1271 lucis

2203 1296 2411 1364 aperire
2449 1295 2692 1366 dignatus
2728 1307 2831 1368 est,
2887 1316 2990 1354 non
3035 1301 3085 1355 in
3130 1304 3229 1357 hoc
3260 1312 3460 1359 tantum
3494 1308 3771 1375 opusculo,

2200 1387 2292 1441 sed
2323 1388 2372 1440 in
2398 1389 2541 1443 omni
2576 1404 2793 1458 prorsus
2822 1392 3048 1448 lectione
3084 1396 3321 1464 potuisse
3350 1398 3547 1463 videre,
3585 1401 3637 1454 id
3668 1412 3773 1468 cst,

2201 1490 2345 1533 recte
2390 1480 2669 1537 sentiendo
2698 1483 3030 1552 dignoscere.
3081 1490 3231 1556 Quod
3264 1504 3395 1545 vero
3440 1492 3518 1547 ais
3563 1508 3789 1549 movere

2201 1570 2455 1639 quosdam
2486 1588 2649 1641 quare
2682 1576 2734 1628 in
2781 1577 3129 1647 Apocalypsis
3170 1595 3303 1635 nova
3337 1582 3782 1651 interpretatione

2202 1660 2503 1717 Matthmum
2534 1666 2698 1731 leoni,
2718 1665 2952 1723 Marcum
2986 1669 3187 1725 homini
3216 1672 3553 1741 assignarim,
3584 1676 3780 1729 intueri

2203 1752 2494 1808 debuerant
2523 1756 2823 1827 quicunque
2853 1758 2930 1813 illi
2961 1769 3083 1814 sunt
3119 1776 3251 1831 quos
3281 1763 3379 1817 hoc
3408 1774 3601 1829 movet,
3635 1766 3778 1834 quod

2205 1861 2308 1900 non
2338 1847 2438 1901 hoc
2468 1863 2582 1903 mea
2607 1864 2762 1918 nova,
2788 1852 2880 1906 sed
2905 1853 3122 1923 antiqua
3156 1864 3364 1925 patrum
3399 1857 3785 1926 explanatione

2204 1938 2450 1994 traditum
2472 1940 2602 1995 dixi.
2632 1942 2813 2013 Neque
2841 1945 2982 1999 enim
3011 1946 3137 2001 mihi
3170 1963 3199 2003 a
3229 1949 3436 2019 meipso
3463 1951 3534 2005 ita
3566 1952 3775 2017 visum;

2199 2030 2291 2085 sed
2322 2029 2391 2085 ita
2440 2045 2470 2085 a
2499 2030 2654 2087 beato
2688 2035 2983 2109 Augustino
3028 2039 3328 2106 expositum
3378 2039 3545 2096 fuisse
3576 2057 3777 2097 memo-

2200 2123 2334 2183 ravi,
2361 2130 2413 2176 et
2443 2124 2623 2191 paucis
2668 2124 2827 2179 etiam
2861 2128 2999 2183 unde
3047 2127 3149 2184 hoc
3188 2128 3481 2186 afﬁrmaret
3526 2133 3774 2203 adjunxi.

2198 2210 2361 2281 Cujus
2404 2228 2510 2268 non
2538 2214 2604 2269 ab
2631 2231 2687 2270 re
2714 2225 2798 2271 est
2837 2219 2883 2273 si
2922 2218 3034 2287 ipsa
3060 2235 3274 2290 quoque
3302 2226 3462 2278 verba
3490 2236 3775 2294 ponentes,

2198 2302 2323 2372 quid
2346 2302 2411 2358 de
2437 2305 2775 2373 evangelistis
2807 2308 2888 2363 vel
2921 2311 3057 2381 typis
3088 2326 3271 2367 eorum
3296 2315 3613 2371 animalibus
3651 2332 3775 2373 seu-

2198 2395 2328 2448 serit
2356 2396 2718 2463 ostendamus,
2752 2400 2943 2470 quibus
2993 2412 3047 2458 et
3075 2404 3204 2459 illud
3238 2417 3482 2464 nostrum
3524 2425 3659 2481 opus
3704 2413 3775 2467 ab

2199 2486 2393 2555 injusla
2416 2490 2807 2559 vituperatione
2836 2494 3089 2563 salvetur,
3124 2507 3178 2551 et
3204 2499 3306 2555 hoc
3328 2502 3614 2571 praeposita
3644 2507 3775 2559 tanti

2197 2578 2432 2633 doctoris
2462 2581 2779 2637 auctoritate
2812 2583 3073 2641 firmethr.
3121 2585 3257 2643 Cum
3288 2605 3415 2660 ergo
3454 2595 3618 2648 multa
3663 2595 3781 2665 puli

2198 2670 2326 2725 chre
2363 2680 2416 2727 et
2443 2673 2640 2729 eximie
2670 2674 2737 2729 de
2767 2677 3110 2746 cvangelistis
3148 2680 3199 2734 in
3230 2681 3367 2737 libro
3394 2684 3461 2738 de
3490 2682 3771 2743 Consensu

2198 2775 2382 2815 eorum
2410 2764 2580 2826 primo
2604 2767 2967 2833 praemisisset,
2990 2769 3160 2839 jungit
3178 2772 3314 2827 inter
3340 2784 3532 2829 caetera
3554 2777 3774 2832 dicens:

2202 2851 2265 2905 Et
2285 2854 2525 2921 quamvis
2547 2854 2741 2924 singuli
2772 2871 2924 2911 suum
2953 2860 3233 2928 quemdam
3258 2866 3506 2919 narrandi
3530 2865 3773 2923 ordinem

2200 2946 2434 2999 tenuisse
2464 2944 2764 3015 videantur,
2821 2963 2927 3003 non
2961 2959 3136 3006 tamen
3182 2955 3543 3025 unusquisque
3588 2971 3776 3013 eorum

2201 3034 2343 3087 velut
2372 3033 2593 3089 alterius
2640 3038 2991 3105 praecedentis
3020 3041 3236 3111 ignarus
3276 3045 3506 3102 voluisse
3538 3048 3775 3105 scribere

2202 3124 2483 3192 reperitur,
2512 3127 2590 3180 vel
2625 3131 2862 3196 ignorata
2893 3135 3303 3199 praetermisisse
3338 3152 3457 3206 qua:
3495 3141 3774 3210 scripsisse

2203 3218 2339 3272 alius
2366 3217 2657 3284 invenitur,
2698 3220 2790 3275 sed
2814 3222 2952 3277 sicut
2994 3226 3282 3296 unicuique
3326 3229 3643 3299 inspiratam
3674 3246 3778 3297 est,

2200 3322 2305 3361 non
2335 3310 2659 3377 superﬂuam
2690 3316 3132 3380 cooperationem
3164 3318 3244 3371 sui
3280 3318 3481 3374 laboris
3505 3320 3766 3389 adjunxit.

2200 3396 2329 3451 Nam
2360 3397 2638 3453 Matthaeus
2673 3401 2975 3469 suscepisse
3004 3404 3320 3473 intelligitur
3352 3408 3772 3464 incarnationem

2201 3489 2411 3544 Domini
2433 3491 2725 3546 secundum
2748 3494 2968 3563 stirpem
2994 3495 3283 3566 regiam,et
3308 3497 3563 3569 pleraque
3588 3515 3788 3557 secun-

2199 3582 2324 3637 dum
2345 3582 2621 3638 hominum
2667 3594 2988 3652 praesentem
3017 3587 3180 3641 vitam
3212 3587 3347 3643 facta
3379 3598 3436 3644 et
3466 3590 3605 3645 dicta
3639 3592 3779 3660 ejus.

2202 3672 2406 3728 Marcus
2427 3674 2568 3735 enim
2593 3676 2914 3731 subsecutus
2936 3687 3186 3747 tanquam
3219 3680 3571 3751 pedissequus
3595 3693 3645 3737 et
3665 3686 3779 3738 tire-

2204 3762 2371 3819 viatur
2420 3762 2538 3835 ejus
2566 3765 2795 3821 videtur.
2830 3766 2961 3822 Cum
3004 3768 3121 3823 solo
3171 3771 3367 3839 quippe
3397 3771 3606 3828 Joanne
3646 3773 3782 3829 nihil

2201 3856 2354 3921 dixit,
2387 3857 2531 3911 solus
2563 3856 2677 3927 ipse
2704 3874 2988 3928 perpauca,
3022 3874 3141 3915 cum
3173 3862 3287 3918 solo
3328 3863 3465 3918 Luca
3506 3865 3783 3933 pauciora,

2202 3966 2323 4004 cum
2346 3946 2593 4003 Matthiae
2615 3965 2739 4004 vero
2762 3951 3008 4018 plurima,
3035 3960 3091 4005 et
3114 3952 3278 4007 multa
3302 3968 3438 4022 pene
3462 3955 3679 4010 totidem
3704 3969 3793 4010 at-

2203 4040 2450 4109 queaipse
2478 4039 2652 4094 verbis
2679 4039 2792 4094 sive
2822 4054 2940 4093 cum
2967 4040 3083 4095 solo
3112 4042 3225 4095 sive
3268 4042 3629 4100 cum'cmteris
3655 4060 3787 4099 con-

2202 4143 2451 4189 sonante.
2482 4131 2651 4186 Lucas
2671 4138 2848 4185 autem
2868 4130 3005 4185 circa
3027 4133 3413 4188 sacerdotalem
3439 4133 3786 4192 Doministir-

2206 4242 2321 4293 pem
2336 4234 2493 4292 atque
2509 4238 2788 4291 personam
2813 4224 2978 4291 magis
3000 4232 3291 4292 occupatus
3311 4236 3551 4295 apparet.
3577 4226 3707 4281 Nam
3731 4238 3787 4284 et

2202 4318 2267 4372 ad
2288 4318 2457 4386 ipsum
2483 4314 2773 4371 David-non
2800 4315 3003 4383 regium
3026 4326 3496 4371 stemma-secutus
3520 4320 3797 4388 ascendit,

2202 4410 2294 4463 sed
2329 4424 2421 4478 per
2450 4423 2543 4463 eos
2573 4408 2660 4476 qui
2692 4422 2844 4477 reges
2876 4424 2979 4461 non
3007 4406 3241 4472 fuerunt,
3267 4409 3374 4463 exvit
3396 4408 3461 4463 ad
3484 4409 3688 4465 Nathan
3720 4410 3783 4465 fl-

520 4494 822 4563 diligentius
862 4496 1126 4565 inspicere
1154 4500 1360 4571 sategi;
1395 4501 1812 4574 mandatumque
1842 4506 2095 4561 continuo

2206 4502 2333 4553 lium
2358 4498 2652 4567 David,qui
2677 4513 2775 4552 nec
2798 4500 2909 4565 ipse
2933 4514 3022 4552 rex
3048 4498 3165 4551 fuit.
3182 4498 3297 4553 Non
3325 4499 3463 4554 sicut
3486 4501 3784 4567 Matthazus,

520 4584 808 4647 schedulis,
841 4592 894 4639 ut
934 4585 1173 4656 jussisti,
1204 4591 1285 4643 vel
1329 4588 1458 4660 ipsis
1506 4607 1694 4648 eorum
1742 4595 1982 4665 syllabis,
2015 4600 2097 4653 vel

521 4684 664 4730 certe
691 4677 845 4742 meis,
879 4677 1149 4734 breviandi
1181 4696 1363 4749 causa,
1395 4685 1762 4754 sermonibus,
1797 4699 1851 4742 ut
1882 4691 2100 4744 videba-

524 4777 625 4832 tur,
654 4768 818 4829 edidi.
850 4768 1084 4836 Quorum
1115 4775 1236 4843 quia
1265 4790 1551 4845 operosum
1594 4788 1721 4834 erat
1739 4780 1992 4835 vocabula
2019 4782 2099 4837 in-

524 4870 787 4916 tersercre
810 4877 904 4932 per
920 4864 1217 4935 singula,et
1232 4868 1355 4937 quid
1382 4883 1410 4922 a
1435 4885 1540 4940 quo
1566 4881 1786 4929 auctore
1809 4875 1878 4929 sit
1899 4875 2098 4932 dictum

525 4955 833 5011 nominatim
876 4958 1195 5025 oatendere,
1246 4963 1583 5018 commodum
1634 4965 1760 5020 duxi
1811 4967 2022 5024 eminus
2069 4986 2099 5026 e

525 5047 689 5101 latere
720 5048 918 5116 primas
947 5050 1220 5105 nominum
1268 5053 1476 5108 litteras
1526 5053 1869 5123 imprimere;
1898 5075 2098 5130 perque

528 5141 621 5193 has
649 5139 845 5193 viritim
880 5140 964 5195 ubi
994 5143 1249 5212 cujusque
1283 5143 1495 5200 Patrum
1530 5147 1771 5215 incipiat,
1804 5151 1888 5205 ubi
1918 5166 2101 5209 sermo

527 5247 682 5299 quem
713 5233 955 5286 transtuli
978 5235 1205 5302 desinat,
1222 5235 1487 5305 intimare,
1506 5238 1765 5293 sollicitus
1790 5255 1882 5309 per
1899 5242 2097 5308 omnia,

528 5338 595 5376 ne
619 5323 875 5390 majorum
906 5324 1044 5378 dicta
1076 5323 1263 5394 furari,
1295 5337 1352 5383 et
1379 5329 1492 5384 haec
1522 5331 1670 5399 quasi
1721 5346 1839 5387 mea
1890 5335 2103 5404 propria

526 5430 851 5483 componere
878 5417 1020 5472 dicat
1046 5427 1093 5471 ι.

598 5508 923 5577 Multumque
953 5510 1196 5577 obsecro,
1231 5522 1283 5567 et
1316 5529 1407 5579 per
1441 5514 1717 5569 Dominum
1749 5515 1984 5586 legentes
2008 5518 2105 5573 oh—

529 5612 715 5669 testor,
747 5611 802 5656 ut
830 5604 873 5655 si
902 5602 991 5672 qui
1034 5603 1173 5659 forte
1205 5614 1387 5660 nostra
1415 5607 1529 5662 hare
1554 5609 1944 5679 qualiacunque
1972 5618 2104 5666 sunt

2206 4596 2292 4665 qui
2324 4610 2416 4663 per
2446 4594 2784 4648 Salomonem
2808 4606 2987 4661 regem
3016 4591 3347 4647 descendens
3370 4604 3595 4648 caeteros
3621 4596 3785 4648 etiam

2208 4700 2361 4755 reges
2407 4700 2471 4738 ex
2519 4684 2704 4737 ordine
2739 4692 3050 4751 persecutus
3081 4692 3182 4747 est,
3224 4698 3448 4736 servans
3497 4684 3548 4737 in
3580 4685 3658 4736 eis
3688 4685 3783 4755 (de

2208 4794 2313 4848 quo
2343 4786 2521 4845 postea
2551 4775 2839 4842 loquimur)
2872 4777 3152 4844 mysticum
3176 4789 3478 4828 numerum~
3524 4774 3782 4829 Dominus

2209 4872 2348 4925 enim
2387 4866 2542 4922 Jesus
2569 4864 2835 4931 Christus,
2864 4878 3015 4918 unus
3045 4878 3200 4918 verus
3231 4879 3321 4918 res
3375 4875 3427 4919 et
3458 4880 3592 4919 unus
3623 4880 3783 4920 verus

2210 4960 2483 5023 sacerdos,
2514 4958 2640 5012 illud
2674 4957 2738 5010 ad
2772 4957 3034 5026 regendos
3077 4972 3193 5021 nos,
3239 4958 3339 5011 hoc
3368 4957 3433 5011 ad
3462 4958 3777 5027 expiandos,

2210 5056 2304 5108 has
2341 5052 2472 5106 duas
2502 5063 2754 5118 personas
2783 5048 2920 5117 apud
2952 5048 3136 5103 Patres
3164 5049 3474 5120 singillatim
3506 5064 3783 5104 commen-

2208 5147 2358 5201 datas
2384 5159 2535 5199 suam
2567 5143 2786 5207 figuram
2816 5142 2989 5209 egisse
3012 5142 3317 5195 declaravit.
3354 5144 3416 5194 Et
3448 5143 3598 5209 paulo
3622 5153 3740 5211 pust
3771 5164 3781 5198 :

2210 5239 2513 5297 Secundum
2544 5239 2812 5292 hominem
2843 5236 3036 5303 quippe
3081 5234 3323 5288 Christus
3355 5235 3571 5305 (ἰιιιιιιίι)
3602 5246 3656 5291 ει
3686 5253 3785 5293 re;
3860 5270 3879 5277 ,

2212 5343 2264 5387 et
2296 5331 2545 5387 sacerdos
2571 5328 2788 5383 eﬂectus
2817 5340 2919 5380 esu
2952 5327 3048 5381 Cui
3072 5327 3213 5380 dedit
3242 5329 3379 5381 Deus
3405 5331 3585 5383 sedem
3622 5331 3791 5386 David

2216 5423 2378 5494 patris
2410 5421 2489 5475 sui
2534 5430 2611 5485 ut,
2660 5419 2806 5487 regni
2834 5417 2949 5485 ejus
2983 5433 3086 5470 non
3118 5428 3260 5471 esset
3285 5418 3425 5482 linis,
3456 5430 3506 5474 et
3549 5430 3693 5475 esset
3719 5420 3789 5475 ad

2214 5510 2653 5581 interpellandum
2688 5526 2784 5578 pio
2810 5510 2961 5564 nobis
2995 5508 3254 5562 mediator
3284 5508 3375 5563 Dei
3416 5521 3477 5564 et
3502 5511 3785 5566 hominum

2216 5606 2374 5658 homo
2412 5600 2654 5656 Christus
2699 5599 2875 5653 Jesus.
2924 5598 3035 5652 Non
3084 5610 3261 5653 autem
3313 5600 3493 5655 habuit
3532 5613 3793 5671 tanquam

600 5747 622 5773 ⁸
654 5739 775 5793 llmc
806 5739 979 5806 signa,
1008 5737 1260 5808 inspectis
1304 5738 1486 5793 nmltis
1525 5741 1927 5811 exemplaribus
1961 5755 2091 5798 sane
2128 5756 2286 5812 quam
2317 5740 2559 5805 VeitlSliS,
2607 5739 2659 5793 in
2690 5737 2831 5793 nullo
2895 5738 3057 5808 (unde
3086 5738 3351 5809 dolemus)
3426 5740 3657 5812 reperire
3690 5752 3785 5807 po-

530 5810 742 5867 tuimus.
778 5810 956 5865 CILES.
