4220 6522
461 338 554 389 Ct}!

1139 336 1343 392 BEDAS
1390 334 1841 389 VENEllABlLlS
1886 333 2040 388 Ul’l’.
2082 332 2257 390 PARS
2298 337 2380 390 lll.
2424 367 2491 376 —
2534 338 3005 396 PARASNETICA.

3632 344 3738 398 693

462 450 815 505 ln-cviatnrem
860 448 1200 518 conjunction
1233 448 1422 509 Lucas,
1454 448 1595 501 sicut
1634 448 1869 502 Marcum
1904 446 2038 501 Μαι-
2066 444 2117 502 Δ
2143 461 2359 503 carnem
2388 451 2724 517 portanttlms
2752 452 2989 506 tradidit.
3044 453 3112 511 At
3140 467 3266 509 vero
3296 453 3536 512 Joannes
3568 472 3732 528 supra

459 543 651 605 tinens,
678 541 850 594 ethoc
876 538 1012 595 forte
1037 554 1139 594 non
1171 541 1284 593 sine
1310 539 1490 607 aliquo
1522 550 1883 602 sacramento,
1911 540 2034 607 quia

459 647 642 697 regum
671 641 753 684 est
796 646 898 689 non
940 645 1055 684 esse
1102 630 1218 684 sine
1248 630 1504 683 comitum
1553 630 1831 697 obsequio.
1883 628 2034 686 Unde

457 723 545 776 ille
574 723 661 791 qui
695 721 889 791 regiam
924 736 1203 788 personam
1250 720 1448 776 Christi
1480 720 1799 775 narrandam
1851 736 2035 776 susce-

459 825 625 879 perat,
656 815 837 868 habuit
887 815 988 869 sibi
1039 824 1289 882 tanquam
1317 816 1566 870 comitem
1599 816 1911 884 adjunctum
1939 816 2031 885 qui

452 922 547 959 sua
572 906 785 975 vestigia
802 906 1195 975 quodammodo
1212 922 1547 977 sequeretur.
1565 908 1830 964 Sacerdos
1850 919 2031 963 autem

449 998 696 1066 quoniam
722 1000 771 1052 in
794 1009 975 1055 sancta
995 1009 1303 1055 sanctorum
1318 1004 1463 1055 solus
1480 1002 1733 1069 intrabat,
1752 1011 2031 1071 propterea

448 1090 620 1145 Lucas
660 1092 833 1160 (cujus
881 1093 1024 1146 circa
1055 1091 1413 1147 sacerdotium
1444 1093 1643 1148 Christi
1691 1105 1807 1150 erat
1856 1095 2037 1151 inten-

448 1186 540 1257 tio)
577 1203 682 1240 non
716 1188 898 1242 habuit
939 1198 1188 1255 tanquam
1223 1188 1428 1244 socium
1469 1188 2026 1258 subsequentem,qui

443 1293 592 1332 suam
611 1279 970 1334 narratianm
993 1279 1385 1349 quodammodo
1401 1279 1685 1335 breviaret.
1701 1280 1831 1335 Tres
1847 1291 2023 1335 tamen

443 1372 528 1426 isti
554 1372 894 1441 evangelista:
929 1373 979 1426 in
1021 1372 1104 1427 his
1136 1374 1293 1427 rebus
1318 1372 1546 1427 maxime
1592 1372 1842 1426 diversati
1873 1379 2026 1437 sunt,

442 1476 573 1531 quas
594 1462 835 1517 Christus
860 1478 952 1530 per
976 1463 1259 1517 humanam
1284 1478 1499 1518 carnem
1525 1462 1891 1531 temporaliter
1903 1477 2024 1533 ges-

440 1556 527 1608 sit.
565 1554 734 1610 l‘orro
763 1566 939 1610 autem
974 1554 1206 1610 Joannes
1233 1555 1403 1624 ipsam
1431 1554 1662 1609 maxime
1685 1555 2025 1609 divinitatem

440 1644 652 1698 Domini
683 1659 786 1714 qua
814 1643 957 1698 Patri
980 1655 1060 1698 est
1087 1645 1327 1713 mqualis,
1353 1645 1601 1710 intendit,
1631 1659 1859 1713 eamque
1893 1659 2028 1711 prae—

438 1736 595 1802 cipue
621 1750 720 1789 suo
752 1734 1039 1803 Evangelia
1061 1743 1316 1802 quantum
1343 1734 1481 1790 inter
1511 1734 1750 1789 homines
1775 1735 2023 1789 sufﬁcere

2148 540 2324 594 nubila
2344 541 2665 598 infirmitatis
2683 544 2926 599 humana:
2948 544 3281 617 velutaquila
3301 549 3465 615 volat,
3487 560 3541 605 et
3556 552 3732 608 lucem

2144 634 2592 692 incommutabilis
2616 640 2857 695 veritatis
2880 640 3201 695 acutissimis
3217 652 3377 710 atque
3408 644 3733 702 ﬁrmissimis

2146 728 2315 781 oculis
2338 730 2517 783 cordis
2547 730 2803 786 intuetur.
2838 732 2959 785 llaec
2991 734 3128 787 beati
3162 735 3442 801 Augustini
3471 752 3635 804 pauca
3658 738 3731 793 de

2142 817 2382 886 pluribus
2402 832 2651 891 excerpta
2672 823 2971 877 testimonia
2999 825 3062 876 ad
3090 826 3451 894 repellendam
3476 831 3729 896 querulo-

2142 923 2257 962 rum
2281 911 2606 966 calumniam
2634 914 2871 980 epistola:
2906 915 3235 983 przefationis
3266 918 3484 983 inserui,
3519 936 3639 989 qua
3669 931 3729 977 et

2140 1001 2314 1068 prisco
2336 1011 2520 1055 nestro
2533 1006 2679 1071 operi
2698 1005 2779 1073 (ut
2801 1006 2998 1059 dictum
3015 1008 3120 1076 est)
3146 1008 3361 1062 tutelam
3386 1008 3724 1066 defensionis

2137 1092 2445 1160 exhibeant,
2469 1106 2523 1150 et
2552 1098 2804 1164 prmsenti
2827 1099 3156 1169 signaculum
3182 1116 3286 1156 non
3321 1102 3555 1171 ignobile
3584 1119 3724 1173 pra:-

2139 1183 2317 1253 ﬁgant.
2349 1184 2602 1241 Orantem
2638 1203 2733 1257 pro
2764 1190 2916 1244 nobis
2945 1199 3182 1245 sanctam
3207 1194 3579 1259 paternitatem
3619 1209 3722 1247 ve-

2134 1286 2297 1330 stram
2330 1281 2495 1344 gratia
2536 1281 2754 1349 superni
2805 1282 3063 1350 adjutoris
3102 1298 3420 1339 conservare
3460 1293 3619 1353 atque
3645 1286 3721 1340 ad

2134 1368 2496 1424 defensionem
2547 1371 2798 1427 Ecclesiae
2828 1389 2938 1429 sua:
2971 1384 3168 1429 sancta:
3206 1390 3422 1445 semper
3454 1375 3720 1432 corroboo

2136 1475 2252 1515 rare
2280 1461 2544 1531 dignetur.

2701 1558 3027 1613 EPISTOLA
3076 1560 3140 1623 Χ,

2764 1666 2830 1702 AD
2871 1666 3069 1702 Αῡελιι.

2587 1738 2659 1791 De
2685 1740 3001 1808 expasitione
3026 1741 3263 1793 Actutmt.

435 1824 689 1892 credidit,
719 1827 1097 1881 commendare
1128 1826 1356 1881 curavit.
1393 1825 1573 1895 Itaque
1599 1826 1755 1895 longe
1784 1842 1814 1880 a
1849 1826 2015 1881 tribus
2057 1798 2103 1858 Β
2204 1825 2431 1879 Domino
2456 1827 2507 1880 in
2539 1798 2757 1882 Christo
2781 1828 3246 1883 desideratissimo
3274 1842 3329 1886 et
3357 1848 3482 1889 vere
3504 1834 3713 1892 beatis-

434 1916 550 1987 istis
576 1915 819 1983 superius
848 1916 1033 1983 fertur,
1083 1917 1152 1970 ita
1186 1926 1240 1972 ut
1280 1916 1381 1972 hos
1410 1917 1594 1974 videas
1627 1918 2023 1988 quodammodo

433 2012 488 2064 in
522 2011 659 2063 terra
689 2022 810 2063 cum
838 2008 1054 2063 Christo
1076 2007 1297 2064 homine
1317 2010 1645 2075 conversari,
1673 2010 1819 2063 illum
1842 2019 2019 2065 autem

434 2099 833 2154 transcendisse
862 2099 1115 2155 nebulam
1162 2115 1266 2170 qua
1317 2102 1511 2171 tegitur
1540 2101 1713 2155 omnis
1760 2110 1925 2167 terra,
1968 2111 2023 2155 et

433 2193 734 2259 pervenisse
754 2192 819 2245 ad
847 2192 1100 2262 liquidum
1129 2192 1345 2260 ctelum,
1369 2192 1513 2249 unde
1537 2194 1652 2249 acie
1676 2195 1870 2248 mentis
1892 2208 2015 2247 acu-

431 2284 631 2339 tissima
661 2294 819 2354 atque
848 2283 1151 2338 ﬁrmissima
1179 2285 1386 2340 videret
1413 2285 1465 2339 in
1498 2286 1761 2356 principio
1794 2286 2014 2341 verbum

431 2379 640 2432 Domini
671 2376 808 2446 apud
843 2378 1004 2432 Deum
1029 2416 1044 2444 ,
1094 2394 1187 2445 per
1216 2380 1357 2449 quod
1396 2378 1535 2434 facta
1578 2390 1702 2434 sunt
1731 2380 1935 2444 omnia,
1964 2390 2018 2435 et

428 2475 601 2541 ipsum
628 2481 939 2543 agnosceret
966 2486 1182 2527 carnem
1216 2473 1415 2527 factum
1451 2485 1508 2527 ut
1541 2473 1806 2527 habitaret
1838 2472 1889 2526 in
1923 2488 2016 2524 no-

426 2565 526 2619 bis.
561 2564 687 2620 ltetn
718 2576 835 2633 post
878 2564 1146 2632 aliquanta
1199 2582 1210 2617 ε
1258 2564 1412 2621 Unde
1464 2563 1593 2617 inihi
1623 2564 1893 2628 videntur,
1931 2565 2013 2617 in-

425 2658 558 2722 quit,
592 2655 681 2723 qui
725 2670 786 2709 ex
823 2654 1142 2723 Apocalypsi
1190 2652 1274 2706 illa
1303 2665 1530 2722 quatuor
1557 2654 1805 2707 animalia
1834 2653 1899 2707 ad
1934 2654 2015 2706 in-

433 2746 745 2813 telligendos
791 2755 1017 2814 quatuor
1066 2744 1433 2814 evangelistas
1487 2744 1822 2812 interpretati
1861 2752 2007 2809 sunt,

426 2839 749 2904 probabilius
793 2838 990 2907 aliquid
1045 2837 1340 2892 attendisse
1388 2836 1462 2891 illi
1532 2839 1624 2905 qui
1690 2838 1901 2892 leonem
1955 2836 2008 2891 in

422 2929 692 2995 hlattltmo,
730 2928 995 2981 hominem
1030 2928 1081 2981 in
1114 2928 1312 2993 Marco,
1342 2928 1565 2981 vitulum
1591 2929 1642 2982 in
1672 2929 2008 2999 Luca,aqui-

421 3022 525 3075 lam
575 3022 627 3074 in
673 3020 881 3075 Joanne
911 3018 1309 3084 intellexerunt,
1360 3036 1518 3090 quam
1569 3019 1643 3075 illi
1692 3022 1781 3091 qui
1830 3022 2002 3076 homi-

422 3129 543 3170 nem
576 3114 843 3177 hlattbmo,
887 3112 1116 3181 aquilam
1151 3112 1351 3179 Marco,
1407 3111 1615 3165 leonem
1665 3111 1856 3167 Joanni
1909 3114 2004 3166 tri-

419 3207 670 3260 buerunt.
743 3205 817 3258 De
870 3205 1138 3274 prim-ipiis
1186 3207 1327 3259 enim
1394 3205 1653 3260 librorum
1711 3206 1996 3275 quamdam

419 3296 775 3365 conjecturam
800 3312 992 3366 capere
1018 3296 1320 3361 voluerunt,
1353 3311 1454 3351 non
1479 3298 1545 3351 de
1570 3306 1676 3351 tota
1703 3298 2003 3353 intentione

415 3386 857 3456 evangelistarum
893 3427 911 3453 ,
962 3402 1079 3457 qua:
1143 3390 1310 3455 magis
1365 3387 1538 3443 fuerat
1591 3389 1995 3456 perscrutanda.

418 3478 578 3533 Multo
602 3480 741 3534 enim
772 3480 1150 3549 congruentius
1182 3479 1273 3535 ille
1301 3479 1388 3548 qui
1420 3481 1619 3549 regiam
1640 3479 1843 3535 Christi
1877 3496 1999 3549 per-

413 3587 598 3625 sonam
631 3572 862 3625 maxime
903 3570 1320 3636 commendavit,
1352 3585 1445 3640 per
1475 3570 1684 3625 leonem
1715 3570 1992 3642 signiﬁca-

416 3676 498 3718 tus
528 3663 804 3732 accipitur.
842 3662 995 3717 Unde
1022 3672 1075 3718 et
1106 3663 1158 3715 in
1201 3662 1521 3731 Apocalypsi
1560 3677 1679 3716 cum
1705 3663 1821 3729 ipsa
1852 3664 1994 3718 tribu

413 3756 557 3825 regia
587 3756 671 3810 leo
701 3761 1149 3808 commemoratus
1179 3762 1283 3818 est,
1333 3752 1421 3807 ubi
1452 3753 1652 3807 dictum
1685 3762 1766 3807 est
1799 3770 1813 3807 :
1852 3753 1991 3807 Vicit

409 3847 491 3901 leo
516 3847 579 3900 de
604 3845 738 3898 tribu
758 3843 921 3898 Juda.
939 3844 1241 3899 Secundum
1266 3844 1568 3897 Mattlueutn
1596 3843 1738 3897 enim
1768 3853 1821 3898 et
1850 3845 1989 3914 magi

414 3947 699 3991 narrantur
728 3936 938 3991 venisse
960 3936 1027 3989 ab
1058 3935 1273 3990 Oriente
1298 3934 1364 3987 ad
1398 3948 1579 4001 regem
1614 3934 1984 4001 quaerendum,

410 4040 464 4083 et
488 4027 840 4093 adorandum,
872 4027 960 4096 qui
985 4027 1061 4081 cis
1089 4043 1181 4095 per
1209 4026 1419 4081 stellam
1454 4036 1608 4080 natus
1635 4026 1899 4094 apparuit,
1933 4036 1987 4079 et

407 4122 522 4189 ipse
566 4134 655 4174 rex
710 4119 947 4174 llerodes
988 4133 1164 4187 regem
1211 4118 1482 4172 Christum
1530 4118 1780 4172 formidat
1819 4118 1993 4172 infan—

409 4223 538 4276 tem,
568 4220 727 4279 atque
754 4220 807 4260 ut
830 4224 949 4262 eum
976 4208 1144 4274 possit
1169 4208 1414 4263 occidere
1437 4218 1515 4262 tot
1534 4208 1782 4275 parvulos
1804 4216 1982 4263 necat.

404 4299 555 4367 Quod
587 4310 760 4352 autem
790 4313 883 4366 per
926 4297 1148 4351 vitulum
1182 4297 1348 4352 Lucas
1377 4297 1704 4368 signiﬁcatus
1746 4298 1816 4351 sit
1862 4314 1984 4367 pro-

405 4400 521 4460 pter
552 4388 833 4443 maximam
866 4386 1135 4442 victimam
1160 4388 1473 4452 sacerdotis,
1500 4388 1674 4442 neutri
1705 4389 1982 4443 dubitave-

405 4492 545 4539 runt.
586 4482 655 4537 Ibi
683 4480 822 4535 enim
854 4496 885 4533 a
932 4479 1214 4533 sacerdote
1256 4478 1512 4532 Zacharia
1563 4480 1747 4546 incipit
1799 4495 1978 4533 sermo

403 4574 689 4632 narrantis.
739 4573 811 4627 lbi
838 4572 1087 4641 cognatio
1115 4571 1294 4625 Μαι-ξω
1325 4581 1378 4626 et
1425 4570 1697 4625 Elisabeth
1741 4587 1979 4627 comme-

401 4677 654 4724 moratur.
690 4666 763 4720 lbi
793 4672 1125 4720 sacramenta
1160 4662 1314 4733 primi
1347 4662 1632 4716 sacerdotii
1666 4663 1717 4716 in
1769 4660 1972 4719 infante

400 4762 612 4816 Christo
643 4758 855 4827 impleta
906 4764 1209 4811 narrantur.
1244 4753 1310 4808 Et
1345 4770 1676 4826 quaecunque
1706 4756 1809 4809 alia
1844 4771 1979 4826 pos-

396 4860 521 4906 sunt
549 4852 830 4918 diligenter
852 4847 1076 4910 adverti,
1096 4847 1290 4916 quibus
1316 4855 1571 4915 appareat
1597 4846 1769 4901 Lucas
1796 4846 1906 4901 inte
1918 4864 1979 4902 n-

398 4948 593 4999 tionem
624 4945 761 4997 circa
791 4953 1072 5009 personam
1106 4938 1404 4993 sacerdotis
1440 4938 1709 4992 habuisse.
1764 4938 1976 4993 Marcus

394 5049 523 5092 vero
546 5032 639 5104 qui
680 5048 853 5101 neque
880 5031 1099 5098 stirpem
1135 5030 1330 5099 regiam
1373 5045 1542 5097 neque
1575 5033 1967 5085 sacerdotalem

397 5129 479 5183 vel
509 5129 877 5197 cognationem
909 5125 991 5178 vel
1022 5123 1478 5177 consecrationem
1523 5138 1741 5177 narrare
1768 5124 1968 5189 voluit,

318 5246 333 5253 π
394 5233 445 5276 et
468 5228 644 5274 tamen
665 5218 718 5271 in
742 5218 821 5272 eis
854 5226 1097 5270 versatus
1126 5212 1424 5267 ostenditur
1454 5228 1570 5279 (μιςὲ
1604 5215 1763 5267 homo
1803 5214 1959 5269 Chri-

395 5322 508 5367 stus
548 5318 795 5379 operatus
841 5318 945 5371 est,
994 5314 1195 5360 tantum
1244 5304 1475 5359 hominis
1507 5305 1731 5375 ﬁguram
1773 5308 1823 5359 in
1856 5306 1960 5361 illis

393 5412 621 5472 quatuor
650 5401 966 5454 animalibus
987 5396 1317 5466 signiﬁcasse
1340 5396 1569 5449 videtur.
1626 5397 1749 5450 llaec
1780 5405 1959 5451 autem

394 5494 639 5550 animalia
667 5490 784 5556 tria,
813 5492 925 5545 sive
974 5490 1078 5557 leo,
1112 5491 1225 5544 sive
1253 5490 1444 5551 homo,
1485 5490 1598 5543 sive
1641 5489 1860 5553 vitulus,
1910 5491 1961 5545 in

397 5598 534 5640 terra
582 5584 913 5652 gradiuntur.
950 5580 1102 5637 Unde
1146 5580 1229 5634 isti
1262 5589 1369 5634 tres
1398 5580 1740 5650 evangelista:
1787 5581 1838 5635 in
1882 5583 1962 5635 his

398 5675 627 5729 maxime
652 5676 893 5741 occupati
926 5684 1049 5727 sunt
1074 5689 1191 5739 qua:
1223 5673 1465 5727 Christus
1494 5675 1546 5726 iu
1578 5689 1739 5728 carne
1766 5688 1957 5740 opera-

398 5781 475 5824 tus
509 5776 616 5835 cst,
650 5776 699 5819 et
732 5779 843 5834 que
878 5772 1145 5833 prmccpta
1199 5765 1436 5819 mortalis
1483 5766 1603 5821 vita:
1652 5767 1964 5820 exercenda:

2030 3160 2078 3226 C

2127 1918 2265 1972 simo
2320 1920 2478 1974 Accae
2525 1918 2802 1990 episcopo,
2835 1919 3002 1986 Beda,
3038 1932 3344 1991 perpetuam
3384 1924 3437 1980 in
3480 1924 3714 1983 Domino

2126 2011 2374 2065 salutem.

2198 2103 2394 2172 Accepi
2422 2104 2779 2159 creberrimas
2806 2105 3157 2160 beatitudinis
3190 2113 3296 2159 tua:
3326 2106 3550 2174 litteras,
3587 2110 3703 2177 qui-

2126 2194 2223 2248 bus
2253 2210 2336 2249 me
2367 2209 2711 2249 commonere
2747 2195 2996 2263 dignatus
3027 2210 3086 2249 es
3106 2235 3121 2258 ,
3161 2210 3227 2249 ne
3255 2197 3446 2250 tuentis
3475 2212 3702 2254 acumen

2125 2286 2279 2341 inerti
2309 2287 2419 2342 otio
2451 2297 2661 2356 torpere
2688 2295 2740 2341 et
2766 2286 3071 2341 obdormire
3102 2288 3426 2353 permittam,
3458 2289 3551 2343 sed
3583 2306 3698 2345 me-

2122 2376 2358 2431 ditandis
2381 2378 2793 2446 scrutandisque
2818 2376 3054 2447 quotidie
3076 2376 3365 2445 Scripturis
3397 2379 3519 2449 \igil
3542 2388 3702 2449 atque

2122 2468 2424 2524 indefessus
2457 2470 2721 2537 insistam,
2752 2478 2805 2523 et
2841 2478 2959 2537 post
3000 2468 3390 2538 expositionem
3433 2471 3700 2542 Apocaly-

2125 2575 2280 2623 pseos
2308 2559 2477 2614 sancti
2506 2559 2846 2627 evangelista:
2877 2557 3118 2623 Joannis,
3148 2572 3304 2628 quam
3329 2559 3505 2615 fratris
3531 2563 3698 2617 nostri

2121 2653 2336 2707 Eusebii
2391 2663 2576 2721 rogatu
2625 2651 2796 2706 tribus
2847 2652 2995 2705 libris
3039 2652 3395 2719 complexam,
3442 2668 3564 2709 mox
3594 2654 3689 2709 tibi

2119 2744 2575 2800 transeribendam
2604 2744 2865 2799 destinavi
2894 2782 2910 2808 ,
2943 2744 3446 2812 in-explanationem
3480 2760 3691 2815 quoque

2118 2838 2257 2892 beati
2287 2836 2633 2906 evangelista:
2656 2836 2831 2902 Lucae,
2856 2834 3005 2905 juxta
3030 2836 3247 2906 vestigia
3270 2835 3503 2899 Patrum,
3528 2852 3693 2907 quan-

2115 2937 2222 2980 tum
2242 2928 2445 2982 valeam
2462 2926 2671 2983 sudoris
2693 2927 3014 2992 impendam.
3042 2925 3193 2993 Quod
3223 2928 3343 2995 quia
3374 2927 3545 2981 facere
3570 2943 3693 2982 nec-

2113 3018 2237 3072 dum
2265 3018 2432 3087 potui,
2464 3030 2517 3073 et
2543 3018 2744 3087 operis,
2772 3018 3036 3081 videlicet,
3057 3019 3410 3073 immensitate
3442 3022 3697 3088 perterri-

2113 3121 2217 3177 tus,
2238 3121 2289 3165 et
2314 3110 2731 3178 obstrepentium
2757 3125 3038 3165 causarum
3064 3113 3220 3181 (quas
3242 3120 3297 3165 tu
3323 3112 3510 3167 melius
3527 3112 3691 3184 nosﬁ)

2113 3202 2432 3256 necessitate
2462 3202 2805 3271 praepeditus,
2840 3217 2906 3257 ne
2955 3213 3130 3256 tamen
3164 3210 3267 3257 tua:
3314 3204 3691 3272 postulationis

2108 3302 2542 3346 contemneretur
2566 3295 2856 3347 auctoritas
2881 3335 2895 3359 ,
2939 3293 3079 3361 quod
3114 3292 3323 3349 interim
3355 3296 3528 3365 potui,
3563 3294 3688 3350 feci.

2107 3381 2227 3435 Misi
2257 3382 2398 3436 enim
2430 3384 2741 3450 opusculum
2790 3382 2868 3437 in-
2891 3385 3056 3439 Actus
3098 3385 3460 3454 apostolorum
3483 3427 3500 3453 ,
3544 3389 3687 3455 quod

2106 3483 2229 3527 ante
2261 3488 2363 3527 non
2388 3474 2581 3528 multos
2605 3474 2721 3529 dies
2743 3474 2966 3540 editum,
2986 3485 3041 3531 et
3066 3475 3403 3533 velocissime
3428 3490 3683 3547 quantum

2106 3574 2315 3635 tempus
2344 3566 2607 3633 dederat,
2641 3582 2708 3621 ne
2740 3576 2825 3621 tua
2856 3578 3196 3622 sacrosancta
3236 3569 3480 3624 voluntas
3510 3570 3680 3639 impe-

2103 3656 2330 3722 diretur,
2358 3657 2697 3713 emendatum
2723 3659 3101 3715 membranulis
3128 3660 3443 3716 indideram.
3497 3661 3595 3717 Ubi
3619 3678 3682 3716 ea

2102 3762 2221 3815 qua:
2264 3750 2348 3803 vel
2381 3750 2604 3819 mystice
2631 3760 2778 3820 gesta
2813 3751 2893 3807 vel
2934 3752 3211 3807 obscurius
3246 3753 3383 3807 dicta
3416 3752 3676 3809 videban-

2104 3847 2211 3904 tur,
2240 3851 2393 3908 prout
2425 3842 2571 3909 potui
2604 3842 2898 3899 dilucidare
2927 3842 3144 3899 tentavi.
3178 3842 3237 3898 In
3270 3859 3375 3912 quo
3404 3858 3490 3898 me
3517 3858 3678 3912 Opus-

2098 3932 2219 3986 culo
2249 3948 2368 3987 cum
2395 3934 2482 3987 alii
2512 3934 2720 4001 plurimi
2752 3934 2872 3989 ﬁdei
2902 3934 3179 3990 catholica:
3209 3935 3523 4003 scriptorcs,
3558 3944 3670 3990 tum

2097 4028 2326 4081 maxime
2348 4027 2486 4096 juvit
2516 4032 2707 4081 Arator
2734 4038 2937 4083 sancta:
2970 4029 3223 4085 Romana:
3261 4027 3514 4083 Ecclesia:
3545 4028 3667 4082 sub-

2097 4118 2373 4183 diaconus,
2408 4118 2495 4186 qui
2528 4118 2699 4187 ipsum
2731 4132 2794 4172 ex
2837 4119 3025 4173 ordine
3072 4118 3260 4172 librum
3312 4116 3526 4174 heroico
3554 4134 3673 4173 car-

2094 4213 2238 4265 tuine
2270 4225 2627 4279 percurrens,
2668 4210 2951 4265 nonnullos
3003 4213 3055 4263 in
3104 4209 3293 4264 eodem
3340 4217 3513 4265 metro
3540 4210 3672 4265 alle-

2091 4303 2252 4371 goria:
2285 4302 2443 4355 ﬁores
2487 4302 2768 4357 admiswit
2811 4319 2823 4355 :
2871 4302 3207 4357 occasionem
3238 4302 3366 4357 mihi
3408 4303 3668 4365 tribuens,

2093 4394 2175 4446 vel
2203 4394 2305 4446 alia
2336 4408 2399 4446 ex
2435 4394 2514 4446 his
2545 4393 2822 4461 etilligendi
2847 4433 2863 4459 ,
2897 4394 2980 4446 vel
3010 4394 3196 4448 eadem
3246 4392 3452 4460 planius
3497 4408 3661 4462 expo-

2094 4484 2273 4538 nendi.
2306 4487 2469 4537 Actus
2500 4484 2657 4553 igitur
2684 4484 3049 4552 apostolorum
3082 4483 3161 4551 (ut
3186 4484 3369 4538 beatus
3406 4484 3664 4555 Hierony-

2091 4592 2207 4629 mus
2246 4575 2342 4644 ait)
2384 4575 2579 4629 nudam
2613 4575 2823 4643 quidem
2856 4589 3050 4629 sonare
3082 4575 3333 4629 videntur
3364 4575 3662 4641 hiatoriam,

2083 4678 2136 4721 et
2162 4670 2430 4721 nascentis
2456 4666 2710 4720 Ecclesiae
2739 4664 3016 4719 infantiam
3049 4673 3263 4730 texere;
3294 4665 3389 4719 sed
3429 4666 3475 4720 si
3499 4681 3665 4722 nove-

2083 4760 2249 4812 rimus
2278 4774 2460 4811 eorum
2490 4756 2799 4821 scriptorem
2826 4755 3030 4810 Lucam
3050 4770 3170 4811 esse
3194 4755 3481 4822 medicum,
3513 4756 3665 4824 cujus

2082 4849 2196 4903 laus
2216 4858 2297 4903 eSt
2328 4849 2378 4901 in
2413 4847 2724 4918 Evangelio,
2756 4845 3237 4901 animadvertimus
3262 4844 3460 4914 pariter
3481 4845 3660 4900 omnia

2080 4942 2241 4995 verba
2296 4940 2436 4995 illius
2485 4939 2678 4994 animm
2723 4938 3021 5007 languentis
3068 4954 3187 4993 esse
3227 4939 3564 4993 medicinam.
3619 4939 3659 4993 Ε

2078 5032 2272 5102 quibus
2312 5046 2408 5089 nos
2438 5032 2610 5100 aliqua
2646 5030 2795 5097 juxta
2840 5030 3113 5084 modulum
3148 5040 3345 5084 nostrae
3377 5028 3659 5098 parvitatis

2078 5122 2391 5190 expasituri,
2410 5123 2579 5189 primo
2605 5123 2893 5175 admonere
2914 5122 3219 5175 curabimus
3239 5122 3412 5189 ipsum
3430 5136 3660 5189 evange-

2080 5214 2250 5268 listam
2286 5215 2503 5279 Lucam,
2535 5222 2593 5269 ut
2615 5214 2811 5266 dictum
2839 5210 3109 5280 est,juxta
3140 5211 3477 5265 traditionem
3509 5220 3659 5266 vete~

2080 5321 2194 5359 rum
2231 5304 2483 5358 Ecclesia:
2515 5312 2881 5365 tractatorum,
2910 5300 3186 5355 medicina:
3216 5301 3343 5354 artis
3370 5299 3529 5353 fuisse
3556 5314 3656 5367 pe-

2077 5398 2405 5460 ritissimum,
2424 5404 2476 5449 et
2500 5395 2666 5462 magis
2682 5392 2893 5447 Graecas
2911 5392 3114 5445 litteras
3133 5392 3354 5445 scivisse
3373 5405 3533 5459 quam
3553 5388 3657 5443 lle-

2076 5488 2264 5541 brteas.
2304 5487 2450 5541 Unde
2496 5501 2676 5539 sermo
2711 5485 2825 5553 eius
2854 5496 2958 5538 tam
3002 5484 3054 5537 itt
3088 5481 3381 5551 Evangelia
3409 5495 3565 5548 quam
3598 5480 3654 5533 in

2079 5580 2298 5634 Actibus
2321 5579 2703 5648 apostolorum,
2728 5577 2993 5645 comptior
3009 5584 3113 5639 est,
3135 5585 3188 5629 et
3212 5572 3542 5627 saecularium
3569 5588 3653 5624 re-

2076 5672 2609 5739 doleteloqoeutiam,
2629 5670 2903 5739 magisque
2927 5666 3245 5721 testimoniis
3260 5665 3460 5720 Graecis
3486 5663 3652 5716 utitur

2076 5783 2229 5836 quam
2260 5764 2511 5822 Hebraeis.
2544 5764 2613 5816 Ex
2634 5780 2737 5832 quo
2751 5761 2961 5827 accidit,
2983 5760 3119 5828 quod
3139 5758 3368 5814 maxime
3392 5757 3574 5823 miror,
3599 5764 3652 5810 et
