4220 6470
373 314 474 368 895

1560 319 1751 371 SEC'I‘.
1794 316 1879 370 ιν.
1922 346 1989 356 —
2032 319 2403 381 EPISTUL/E.

3512 333 3627 388 69+

371 435 585 495 propter
616 424 809 492 ingenii
855 422 1156 477 tarditatem
1199 424 1667 480 vehementissimo
1713 436 1930 494 stupore
1961 426 2213 486 Adinem
2266 444 2495 491 vestram
2549 440 2807 495 Dominus
2863 442 3197 509 oinuipoten;
3260 442 3323 495 ad
3380 442 3614 511 ταιεῑιηεη

369 516 642 583 perculsus
671 516 849 568 nescio
875 515 1216 582 perscrutari,
1247 532 1347 583 qua
1377 519 1580 571 ratione
1608 534 1727 571 cum
1752 519 1802 571 in
1830 518 1939 571 lle-

369 608 542 662 braica
572 607 798 662 veritate
839 621 870 659 a
900 607 1099 662 diluvio
1142 624 1306 678 usque
1354 611 1419 663 ad
1463 611 1726 665 Abraham
1754 612 1939 667 decem

364 699 735 769 generationes
765 699 1122 763 inveniamur,
1153 699 1265 766 ipse
1288 703 1457 753 Lucas
1479 702 1566 769 qui
1589 702 1788 768 Spiritu
1813 718 1939 756 san-

365 802 451 846 cto
476 791 739 845 calamum
771 799 991 858 regente
1023 789 1326 844 nullatenus
1357 790 1542 845 falsum
1573 792 1809 847 scribere
1839 807 1935 860 po-

368 883 488 947 tuit,
501 880 747 935 undecim
762 878 1137 949 generationes
1154 879 1302 947 juxta
1318 883 1651 951 septuaginta
1676 882 1940 951 Interpre-

368 983 448 1028 tes
473 971 681 1039 adjecto
709 970 947 1035 Cainam,
998 970 1051 1023 in
1102 969 1387 1039 Evangelio
1440 988 1634 1039 ponere
1662 973 1933 1027 maluerit.

368 1067 491 1121 Ideo
518 1075 692 1118 autem
716 1064 768 1117 in
789 1064 1057 1133 Evangelii
1074 1066 1332 1133 proremio
1349 1066 1478 1120 dicit
1500 1066 1599 1120 sibi
1621 1067 1788 1122 visum
1818 1082 1937 1122 esse

363 1175 429 1213 ex
461 1157 648 1213 ordine
676 1157 955 1227 diligenter
984 1158 1240 1221 scribere,
1268 1157 1515 1227 quooiarn
1540 1159 1642 1213 hoc
1673 1159 1820 1213 multi
1843 1174 1934 1213 eo-

366 1250 470 1303 nati
501 1260 645 1304 sunt.
674 1248 778 1303 Sed
809 1262 902 1303 eos
935 1247 1190 1301 debemus
1212 1250 1475 1318 accipere,
1501 1265 1723 1319 quorum
1752 1251 1802 1303 in
1828 1252 1930 1304 Ec-

361 1343 524 1397 clesia
559 1342 720 1395 multa
769 1348 949 1394 exstat
994 1340 1301 1404 auctoritas,
1354 1342 1475 1410 quia
1506 1340 1556 1393 id
1585 1341 1724 1410 quod
1756 1341 1933 1395 conati

363 1439 511 1498 sunt,
545 1431 769 1499 implere
798 1430 1013 1484 minime
1043 1439 1352 1497 potuerunt.
1382 1431 1487 1485 Iste
1509 1442 1685 1486 autem
1714 1448 1818 1487 non
1847 1447 1935 1486 so-

366 1524 474 1577 lum
506 1536 669 1591 usque
696 1520 760 1574 ad
790 1521 1234 1576 resurreCtionem
1267 1525 1794 1591 assumptionemque
1826 1523 1932 1577 Do-

364 1615 491 1669 mini
522 1611 769 1682 perduxit
809 1612 1167 1667 narrationem
1199 1628 1373 1680 suam,
1404 1623 1460 1667 ut
1492 1613 1542 1667 in
1583 1624 1813 1682 quatuor
1843 1629 1930 1669 au-

361 1706 599 1762 ctoribus
627 1705 943 1774 evangelica:
963 1704 1252 1773 Scriptura:
1277 1705 1491 1774 dignum
1514 1720 1609 1760 suo
1640 1706 1818 1759 labore
1841 1705 1934 1759 ha-

362 1799 514 1854 beret
537 1798 931 1867 locum,verum
956 1797 1115 1852 etiam
1141 1796 1391 1865 deinceps
1408 1813 1527 1866 qua:
1551 1812 1643 1865 per
1666 1797 1933 1865 apostolos

358 1899 509 1955 gesta
560 1897 707 1954 sunt,
738 1886 1151 1957 quaevsufllcere
1178 1887 1407 1942 credidit
1455 1888 1521 1942 ad
1562 1887 1932 1943 aedificandam

362 1979 518 2032 fidem
548 1979 827 2047 legentium
852 1978 933 2032 vel
961 1977 1315 2041 audientium,
1345 1979 1415 2032 ita
1445 1978 1681 2047 scripsit,
1704 1987 1763 2034 ut
1789 1980 1932 2034 solus

358 2072 476 2138 ejus
523 2070 656 2124 liber
686 2070 789 2124 fide
816 2068 1008 2140 dignus
1039 2070 1324 2125 haberetur
1353 2071 1405 2125 in
1448 2071 1682 2124 Ecclesia
1711 2072 1776 2126 de
1806 2088 1927 2141 apo~

356 2162 616 2216 stolarum
669 2162 892 2217 Actibus
933 2162 1221 2227 narrantis,
1253 2164 1550 2232 reprobatis
1571 2163 1816 2219 omnibus
1842 2166 1933 2234 qui

355 2269 463 2307 non
492 2267 551 2305 ea
584 2252 687 2307 ﬁde
714 2270 813 2321 qua
862 2251 1097 2322 oportuit
1126 2252 1262 2307 facta
1293 2253 1539 2323 dictaque
1566 2254 1929 2323 apostolorum

351 2347 593 2402 scribere
620 2347 734 2401 ausi
786 2359 930 2401 sunt.
964 2345 1040 2401 Eo
1074 2346 1269 2416 quippe
1310 2355 1551 2415 tempore
1590 2346 1928 2414 scripserunt

353 2439 560 2493 Marcus
588 2447 641 2493 et
663 2437 852 2502 Lucas,
885 2453 991 2508 quo
1021 2453 1124 2491 non
1152 2438 1323 2494 solum
1354 2440 1419 2493 ab
1445 2439 1679 2493 Ecclesia
1703 2437 1928 2505 Christi,

352 2544 534 2583 verum
554 2528 710 2583 etiam
727 2528 794 2580 ah
821 2529 949 2598 ipsis
965 2528 1135 2582 adhuc
1166 2530 1219 2583 in
1250 2544 1409 2583 carne
1438 2530 1777 2584 manentibus
1804 2544 1929 2598 apo-

349 2622 503 2676 stolis
533 2621 742 2691 probari
778 2629 1082 2690 potuerunt.
1139 2620 1269 2674 Nam
1302 2621 1512 2676 Domini
1544 2630 1672 2674 nutu
1703 2620 1930 2689 gereba-

351 2723 441 2767 tur
469 2722 524 2766 ιιι
552 2728 658 2767 ηοη
688 2713 859 2768 solum
891 2714 1119 2783 apostoli
1149 2712 1237 2783 qui
1271 2714 1531 2778 viderant,
1561 2712 1655 2768 sed
1683 2722 1738 2767 et
1767 2714 1929 2767 disci-

352 2807 460 2875 puli
510 2805 599 2875 qui
647 2805 832 2860 auditu
884 2806 1199 2874 didicerant,
1246 2805 1380 2860 facta
1432 2806 1632 2861 Christi
1685 2806 1928 2872 dictaque

350 2895 767 2962 conscriberent,
796 2906 1055 2965 quatenus
1082 2897 1428 2967 sequentibus
1456 2895 1708 2950 Ecclesiae
1731 2895 1926 2949 docto-

348 2988 500 3042 ribus
530 3000 591 3040 ea
624 3001 740 3054 qua:
773 3001 877 3038 non
925 2986 1165 3039 viderant
1198 2984 1518 3055 prmdicandi
1547 2983 1924 3051 scribendique

2044 524 2293 580 Ecclesia:
2325 539 2575 595 perpetuo
2603 542 2879 587 conservet
2908 532 3254 586 incolumem.

2596 647 2919 702 EPISTOLA
2965 647 3056 702 XI.

2321 713 2569 784 Prtefatio
2599 717 2662 770 de
2692 717 3072 772 Iietractntione
3097 718 3337 771 Actuum.

2107 806 2315 861 Scimus
2342 808 2592 862 eximium
2622 809 2894 864 doctorem
2926 826 2987 865 ac
3016 812 3322 879 pontificem
3357 808 3606 877 Augusti-

2040 912 2185 963 num,
2230 913 2350 953 cutn
2400 908 2543 953 esset
2585 901 2789 967 senior,
2840 901 3005 956 libros
3060 901 3519 956 Retracmtionum
3562 900 3613 953 in

2039 987 2283 1053 quaedam
2315 1003 2407 1041 sua
2448 989 2724 1058 opuscula,
2769 1006 2889 1060 qua:
2925 990 3136 1059 juvenis
3163 991 3491 1056 condiderat,
3530 989 3607 1042 fe-

2038 1076 2193 1138 cisse.
2227 1086 2281 1129 ut
2309 1092 2427 1147 quae
2452 1095 2516 1133 ex
2548 1087 2785 1149 tempore
2818 1080 3025 1143 melius,
3056 1081 3246 1136 crebro
3275 1095 3339 1135 ex
3364 1081 3613 1136 lectionis

2038 1184 2134 1223 usu
2159 1184 2219 1223 ac
2246 1185 2465 1225 munere
2502 1186 2745 1240 superna:
2793 1173 3055 1241 largitatis
3098 1171 3378 1239 didicerat,
3411 1186 3515 1226 non
3547 1181 3607 1226 ut

2035 1257 2101 1313 de
2128 1260 2295 1327 prisca
2326 1260 2578 1317 confusus
2630 1262 2919 1329 imperitia,
2969 1264 3062 1317 sed
3109 1270 3166 1316 ut
3194 1262 3259 1317 de
3306 1276 3404 1318 suo
3434 1263 3603 1333 magis

2037 1350 2271 1418 profectu
2309 1353 2521 1422 gavisus
2550 1356 2893 1411 monimentis
2940 1355 3151 1412 indcret
3190 1356 3507 1419 litterarum,
3547 1369 3611 1410 ac

2034 1443 2261 1510 posteris
2284 1442 2507 1512 legenda
2548 1446 2895 1514 relinqueret.
2922 1444 3084 1514 Cujus
3113 1446 3425 1500 industriam
3456 1445 3610 1500 nobis

2034 1546 2246 1599 quoque
2277 1547 2372 1602 pro
2404 1534 2619 1589 modulo
2650 1544 2835 1591 nostro
2877 1536 3078 1605 placuit
3122 1537 3354 1600 imitari,
3403 1544 3461 1589 ut
3492 1545 3613 1605 post

2033 1621 2419 1688 expositionem
2450 1624 2675 1679 Actuum
2698 1628 3082 1693 apostolorum,
3106 1642 3266 1697 quam
3291 1636 3412 1681 ante
3437 1642 3607 1680 annos

2036 1710 2212 1777 plures
2244 1722 2425 1782 rogatu
2453 1715 2772 1771 venerabilis
2801 1716 3035 1786 episcOpi
3068 1716 3242 1780 Accm,
3282 1724 3479 1784 quanta
3509 1730 3603 1770 va-

2036 1801 2227 1899 luﬁi‘us
2272 1804 2508 1869 solertia,
2556 1806 2991 1873 conscripsimus,
3025 1822 3163 1861 nunc
3190 1810 3244 1861 in
3278 1807 3422 1862 idem
3463 1806 3613 1861 volu-

2038 1892 2171 1945 men'
2193 1892 2406 1948 brevem
2438 1895 2832 1950 retractationis
2864 1896 3102 1951 libellum
3145 1896 3462 1961 condamus,
3502 1905 3613 1950 stu-

2036 1981 2125 2035 dio
2154 1982 2380 2037 maxime
2406 1984 2486 2038 vel
2516 1984 2745 2038 addendi
2773 2001 2890 2052 qua!
2918 1986 3093 2039 minus
3116 1985 3277 2049 dicta,
3306 1985 3391 2039 vel
3423 1999 3609 2040 emen-

2035 2071 2192 2125 dandi
2220 2088 2341 2141 quze
2385 2089 2540 2129 secus
2570 2091 2725 2143 quam
2760 2076 2956 2143 placuit
2988 2076 3128 2130 dicta
3161 2077 3499 2131 videbantur.
3550 2075 3607 2129 In

2034 2176 2139 2231 quo
2159 2165 2316 2218 etiam
2342 2166 2581 2234 qumdam
2606 2182 2724 2235 qua:
2750 2168 2803 2220 in
2829 2167 3014 2221 Graeco
3038 2169 3150 2221 sive
3175 2167 3350 2226 aliter.
3374 2182 3467 2221 seu
3489 2168 3606 2235 plus

2033 2261 2124 2307 aut
2153 2256 2326 2308 minus
2355 2255 2520 2324 posita
2546 2254 2794 2325 vidimus,
2822 2257 3051 2311 breviter
3073 2270 3496 2310 commemorare
3514 2270 3610 2309 cu-

2037 2346 2293 2402 ravimus.
2325 2345 2454 2411 Quae
2492 2355 2665 2401 tttrum
2707 2347 3028 2416 negligentia
3065 2346 3373 2414 interpretis
3406 2344 3602 2400 omissa

2034 2433 2117 2488 vel
2145 2435 2297 2489 aliter
2318 2434 2475 2502 dieta,
2499 2451 2564 2490 an
2593 2436 2799 2491 incuria
2824 2436 3157 2491 librariorum
3186 2436 3293 2489 sint
3313 2434 3600 2504 depravata

2032 2525 2143 2579 sive
2175 2525 2382 2591 relicta,
2413 2525 2649 2580 nondum
2700 2526 2840 2581 scire
2872 2524 3160 2595 putuimus.
3188 2524 3427 2591 Namque
3458 2520 3604 2577 Cra:-

2031 2630 2149 2668 cum
2181 2618 2449 2685 exemplar
2475 2617 2635 2672 fuisse
2668 2616 2935 2684 falsatum,
2971 2617 3228 2688 suspicari
3258 2632 3362 2671 non
3393 2617 3602 2680 audeo;

2032 2707 2171 2761 unde
2200 2709 2445 2764 lectorem
2489 2710 2775 2778 admoneo,
2819 2722 2871 2764 nt
2903 2711 3016 2765 hcc
3056 2710 3356 2779 ubicunque
3400 2707 3596 2763 feceri-

2031 2813 2167 2863 mus,
2200 2802 2368 2867 gratia
2399 2800 2714 2855 eruditionis
2741 2801 2901 2870 legat,
2934 2816 3036 2854 non
3080 2800 3131 2853 in
3162 2814 3259 2854 suo
3297 2808 3473 2853 tamen
3516 2813 3607 2852 vo-

2032 2892 2231 2947 lumine
2279 2892 2423 2947 velut
2466 2893 2779 2948 emendatos
2810 2894 3120 2957 interserat,
3162 2891 3262 2945 nisi
3293 2890 3430 2946 forte
3462 2906 3523 2946 ea
3552 2890 3604 2944 in

2032 2982 2222 3037 Latino
2253 2983 2451 3039 Codice
2476 3000 2588 3039 sua:
2615 2985 2862 3039 editionis
2905 2983 3194 3053 antiquitus
3233 2983 3310 3037 sic
3348 2984 3610 3051 interpre-

3620 820 3643 829 κ

351 3077 541 3131 fiducia
573 3077 772 3146 pariter
802 3084 857 3132 et
886 3076 1177 3131 auctoritas
1206 3075 1557 3145 praeberetur.
1604 3074 1763 3130 Actus
1795 3089 1923 3127 vero
1955 3115 2001 3180 ο
2035 3085 2139 3131 tata
2189 3079 2467 3145 repererit.
2524 3079 2652 3132 Nam
2682 3089 2737 3133 et
2769 3078 3121 3149 Hieronymus
3163 3079 3415 3147 pleraque
3458 3076 3609 3132 testi-

348 3168 730 3239 apostolorum,
756 3177 809 3224 et
857 3170 1121 3239 prtecipue
1153 3169 1299 3223 beati
1331 3168 1497 3233 Pauli,
1540 3168 1692 3237 cujus
1720 3168 1917 3222 indivi-

350 3261 486 3314 duus
519 3260 570 3313 in
610 3259 998 3329 peregrinando
1029 3272 1213 3313 comes
1258 3258 1469 3313 exstitit
1498 3259 1684 3314 beatus
1731 3259 1921 3325 Lucas,

349 3353 488 3406 sicut
534 3351 745 3405 videbat
796 3351 943 3416 ipse,
982 3350 1302 3418 composuit.
1349 3351 1584 3413 Quorum
1636 3357 1921 3403 contextus

348 3457 556 3509 omms,
605 3451 859 3512 quantum
901 3455 965 3495 ex
1020 3440 1242 3493 aliorum
1303 3439 1537 3493 historiis
1587 3439 1922 3494 animadver-

348 3542 464 3587 tere
501 3533 783 3601 potuimus,
832 3532 1070 3586 continet
1115 3545 1283 3584 annos
1317 3531 1499 3599 viginti
1539 3539 1681 3595 octo,
1726 3531 1776 3584 id
1820 3540 1921 3600 εει,

347 3623 549 3677 'l‘iberii
616 3621 841 3676 Caesaris
896 3636 1066 3675 annos
1113 3636 1248 3686 sex,
1298 3619 1408 3674 Caii
1457 3636 1626 3676 annos
1675 3632 1920 3690 quatuor,

352 3713 555 3770 Claudii
596 3728 765 3768 annos
793 3712 1220 3781 quatuordecitn.
1262 3711 1424 3781 Cujus
1454 3713 1705 3781 principis
1739 3713 1926 3767 Petrus

353 3805 621 3876 apostolus
637 3806 857 3859 Romam
880 3803 1044 3864 venit,
1070 3813 1123 3857 et
1147 3805 1198 3856 in
1222 3811 1408 3872 quarto
1433 3817 1573 3855 anno
1598 3802 1734 3856 fame
1765 3800 1923 3867 facta,

354 3906 539 3953 octavo
564 3911 701 3952 anno
729 3902 855 3951 sunt
881 3894 1046 3948 Judalti
1074 3893 1240 3947 Ruina
1271 3895 1502 3961 expulsi.
1536 3893 1664 3946 Item
1699 3892 1926 3946 Neronis

354 4000 579 4059 quatuor
606 4003 803 4052 annos,
834 4002 1057 4057 quorum
1089 3985 1221 4039 duos
1260 3995 1529 4039 extremos
1572 3986 1754 4038 beatus
1792 3982 1928 4036 Pau-

356 4084 436 4136 lus
488 4083 668 4136 Roma:
722 4081 774 4134 in
827 4079 990 4134 libera
1026 4077 1218 4132 mansit
1265 4076 1524 4131 custodia.
1570 4075 1645 4129 Ex
1691 4090 1796 4145 quo
1841 4074 1927 4150 in-

356 4173 640 4243 telligimus
672 4173 722 4226 in
762 4170 949 4226 eadem
980 4172 1109 4225 urbe
1154 4170 1348 4224 librum
1391 4183 1511 4224 esse
1550 4168 1924 4235 compositum.

360 4266 614 4331 Itemque,
640 4272 692 4315 ut
721 4276 812 4330 per
843 4259 1148 4315 Judmorum
1171 4275 1381 4328 quoque
1408 4272 1558 4328 reges
1584 4258 1770 4313 eadem
1797 4268 1929 4312 tem-

356 4370 479 4421 pora
510 4353 843 4417 discernam,
887 4350 1161 4415 Herodes,
1214 4350 1521 4417 Philippus,
1575 4358 1627 4402 ct
1675 4348 1928 4417 Lysanias

359 4446 659 4499 Tetrarchae
691 4443 1013 4511 praefuerunt
1034 4441 1186 4494 annis
1216 4454 1342 4503 sex;
1376 4428 1611 4492 llerodes
1642 4453 1735 4491 rex
1765 4438 1852 4505 qui
1876 4428 1930 4491 et
1958 4468 2011 4528 Β

362 4536 583 4603 Agrippa
610 4534 698 4603 qui
719 4532 993 4586 Caesariem
1022 4530 1198 4600 periit,
1226 4542 1394 4582 annos
1426 4537 1667 4595 septem;
1702 4527 1930 4598 Agrippa

363 4626 499 4679 tilius
530 4624 663 4695 ejus,
685 4625 782 4678 sub
804 4638 908 4692 quo
941 4622 1132 4677 Paulus
1164 4623 1387 4676 Romam
1413 4620 1606 4674 missus
1633 4630 1737 4687 est,
1765 4634 1934 4673 annos

362 4714 680 4785 quindecim.
710 4712 872 4783 Cujus
906 4720 1105 4766 restant
1132 4724 1293 4780 usque
1317 4709 1381 4763 ad
1414 4708 1818 4762 subversionem
1847 4708 1933 4762 Je-

364 4808 751 4878 rosolymorum
782 4804 906 4858 anni
946 4802 1247 4858 duodecim.
1298 4800 1422 4854 Ηωο
1450 4798 1749 4853 distinctius
1780 4812 1935 4852 exse-

359 4910 512 4957 cutus
542 4915 682 4966 sum,
738 4907 793 4951 ut
832 4914 952 4951 cum
994 4895 1239 4965 ejusdem
1288 4894 1448 4947 libelli
1485 4893 1727 4947 revolvas
1771 4893 1933 4947 histo-

361 4993 512 5058 riam,
554 4988 681 5060 quid
726 4990 824 5043 sub
862 5002 967 5057 quo
1012 4998 1250 5054 tempore
1289 4995 1493 5055 gestum
1540 4986 1609 5037 sit
1661 4985 1934 5038 evidenter

362 5096 651 5154 agnoscere
681 5081 870 5151 possis.
931 5079 1041 5134 Misi
1088 5089 1264 5133 autem
1313 5086 1369 5131 et
1410 5077 1929 5144 expianatiunculam

362 5153 598 5243 epistolae
626 5173 913 5228 beatissimi
945 5169 1285 5241 evangelista:
1314 5153 1724 5237 Joannis,cujus
1755 5170 1929 5223 maxi-

365 5284 499 5322 mam
542 5276 744 5335 partem
776 5281 840 5318 ex
889 5262 1121 5317 homiliis
1151 5262 1318 5316 sancti
1352 5260 1632 5329 Augustini
1675 5262 1930 5315 latissima

363 5362 623 5416 suavitate
670 5342 876 5415 diil'usis
916 5355 1329 5423 compendiosas
1368 5354 1636 5408 breviatur
1665 5354 1929 5422 excerpsi.

364 5453 621 5506 Nonnulla
668 5465 796 5505 vero
852 5450 903 5501 in
936 5448 1085 5503 calce
1118 5447 1277 5500 etiam
1326 5444 1539 5513 proprio
1570 5442 1765 5497 sudore
1801 5444 1931 5497 sub-

364 5547 520 5601 texui.
561 5545 613 5597 In
647 5558 752 5612 quo
784 5551 1007 5609 utroque
1046 5552 1212 5608 opere
1243 5537 1285 5590 si
1327 5536 1455 5607 quid
1488 5536 1733 5589 utilitatis
1780 5536 1929 5590 inve-

364 5640 522 5704 neris,
558 5636 647 5690 Dei
673 5634 824 5688 donis
850 5631 1075 5687 ascribe.
1104 5629 1159 5684 Si
1189 5628 1311 5696 quid
1344 5628 1620 5697 supcrllui,
1653 5644 1785 5681 mere
1819 5628 1925 5681 fra-

362 5730 544 5792 uilitati
576 5736 898 5797 compulere.
932 5722 1348 5779 lntcrcedentctn
1384 5737 1477 5792 pro
1522 5720 1672 5778 nobis
1705 5721 1930 5777 beatitu-

2035 3169 2207 3223 monia
2263 3169 2463 3224 Veteris
2522 3168 2866 3224 lnstrumcuti
2899 3211 2915 3234 ,
2975 3179 3034 3222 ut
3089 3168 3349 3222 llebraica
3408 3167 3610 3222 veritas

2028 3260 2209 3325 habet,
2230 3260 2451 3325 edocet;
2487 3275 2583 3335 nec
2613 3270 2787 3313 tamen
2823 3261 2935 3313 haec
2963 3259 3032 3314 ita
3064 3260 3114 3312 in
3147 3258 3346 3312 nostris
3391 3256 3604 3312 Codici-

2028 3355 2125 3408 bus
2156 3362 2247 3407 aut
2276 3353 2388 3423 ipse
2420 3352 2775 3421 interpretari,
2825 3362 2915 3406 aut
2946 3367 3042 3404 nos
3093 3351 3381 3406 emendare
3409 3350 3596 3405 voluit.

2030 3445 2186 3499 Verbi
2204 3445 2365 3514 gratia
2396 3463 2407 3497 :
2439 3444 2556 3496 Non
2582 3444 2825 3513 aspiciam
2850 3441 3106 3494 hominem
3132 3441 3290 3507 ultra,
3319 3450 3367 3493 et
3394 3438 3599 3493 habita-

2028 3548 2201 3603 torem,
2228 3537 2409 3605 quievit
2430 3537 2685 3606 generatio
2715 3552 2825 3587 mea
2848 3550 2865 3599 ;
2906 3542 2960 3588 et
2989 3551 3002 3587 :
3040 3533 3152 3586 Erit
3171 3532 3462 3600 sepulcrum
3489 3534 3601 3601 ejus

2027 3629 2329 3699 gloriosum;
2364 3637 2415 3680 et
2448 3645 2458 3678 :
2494 3628 2535 3679 Α
2566 3626 2752 3696 ﬁnibus
2776 3634 2922 3678 teme
2943 3624 3122 3677 laudes
3148 3621 3465 3685 audivimus;
3492 3629 3549 3675 et
3585 3639 3595 3671 :

2033 3721 2208 3774 Omnis
2233 3720 2319 3788 qui
2349 3718 2585 3772 occiderit
2614 3715 2741 3771 Cain
2763 3758 2777 3783 ,
2810 3716 3097 3785 septuplunt
3144 3713 3383 3784 punietur
3413 3727 3433 3767 :
3471 3712 3601 3766 dicit

2031 3814 2081 3867 in
2114 3813 2335 3866 Hebraeo
2364 3810 2543 3864 haberi
2571 3827 2583 3862 :
2608 3809 2808 3878 Septem
2839 3809 3084 3861 vindictas
3112 3806 3362 3865 absolvet;
3393 3812 3446 3860 et
3480 3823 3492 3858 :
3525 3805 3598 3858 Ab

2029 3905 2125 3957 alis
2153 3913 2335 3965 terrm,-
2358 3911 2446 3956 et:
2478 3902 2689 3968 chuies
2717 3905 2830 3969 ejus
2852 3900 3104 3970 gloriosa;
3134 3907 3187 3951 et.
3210 3914 3221 3950 :
3250 3895 3604 3949 Habitatorem

2028 3995 2224 4063 quietis,
2249 3994 2506 4063 generatio
2532 4008 2639 4045 mea
2667 3992 2835 4044 ablata
2857 3998 2951 4056 cst,
2968 4006 3083 4059 quae
3106 3989 3181 4043 sic
3193 3987 3329 4056 apud
3349 3987 3603 4042 Hebraeos

2032 4083 2214 4137 haberi
2244 4083 2496 4136 lectorem
2526 4080 2710 4144 voluit,
2741 4079 3053 4134 eruditionis
3091 4075 3459 4143 solummodo,
3492 4090 3600 4130 non

2033 4183 2209 4229 autem
2234 4172 2549 4229 emendandi
2574 4170 2766 4241 gratia,
2798 4184 2981 4225 nosse.

2562 4303 2889 4360 EPISTULA
2947 4300 3041 4355 XII
3055 4342 3069 4365 ,

2632 4432 2698 4470 AD
2730 4428 3009 4470 EUSEBIUI.

2116 4530 2480 4587 Dileetissimo
2512 4528 2658 4583 fratri
2692 4526 2923 4580 Eusebio
2954 4524 3093 4577 Beda
3123 4523 3368 4576 salutem.

2110 4606 2462 4695 Apocalypsis
2491 4619 2659 4674 sancti
2690 4617 2929 4677 Joannis,
2965 4615 3016 4667 in
3045 4628 3143 4681 qua
3174 4613 3311 4667 bella
3343 4622 3395 4663 et
3424 4612 3606 4664 incen-

2037 4714 2124 4769 dia
2170 4714 2421 4767 intestina
2469 4710 2720 4764 Ecclesiae
2761 4721 2869 4759 sua:
2917 4705 3053 4757 Deus
3098 4701 3273 4754 verbis
3316 4700 3606 4769 figurisquc

2039 4804 2277 4858 revelare
2308 4802 2553 4869 dignatus
2599 4806 2680 4852 est
2707 4837 2720 4860 ,
2772 4803 2976 4862 septem
3008 4791 3134 4844 mihi
3164 4789 3353 4849 (frater
3385 4788 3604 4855 Eusebi)

2040 4897 2248 4951 videtur
2275 4908 2395 4947 esse
2424 4891 2591 4946 divisa
2623 4886 2906 4958 periochis.

2107 4986 2159 5039 In
2193 4997 2413 5052 quarum
2448 4981 2636 5049 prima,
2673 4985 2790 5046 post
2818 4972 3187 5044 praefationem
3216 4970 3513 5040 cupiosam,
3541 4969 3606 5023 ad

2038 5074 2391 5131 roborandam
2427 5073 2587 5126 [idem
2625 5069 2914 5138 fragilium,
2957 5082 3021 5120 ac
3067 5063 3276 5119 Domini
3306 5060 3606 5132 passiones,

2034 5181 2087 5223 et
2118 5166 2439 5238 posteriores
2471 5164 2673 5232 glorias
2702 5169 3065 5226 enumeratos,
3089 5156 3320 5211 similem
3353 5153 3488 5208 Filio
3514 5154 3609 5205 ho-

2038 5260 2197 5313 minis
2229 5259 2468 5313 Ecclesia
2519 5255 2690 5310 cernit
2734 5254 3016 5307 indutum:
3060 5250 3148 5320 qui
3177 5246 3614 5303 commemoratis

2037 5354 2119 5405 his
2145 5366 2262 5419 quse
2290 5347 2593 5417 specialiter
2618 5347 2670 5400 in
2694 5354 2897 5413 septem
2922 5343 3062 5398 Asia:
3090 5351 3237 5410 gesta
3260 5339 3342 5393 vel
3373 5336 3607 5407 gerenda

2034 5444 2141 5496 sint
2173 5439 2423 5495 Ecclesiis
2469 5440 2640 5493 luctas
2672 5436 2926 5490 describit
2955 5444 3008 5488 et
3038 5435 3260 5503 palmas.
3314 5431 3413 5487 Ubi
3443 5438 3601 5484 sexto

2036 5538 2152 5590 loco
2205 5531 2457 5587 consulto
2508 5528 2873 5598 subjiciendus
2929 5526 3181 5581 Ecclesia:
3232 5524 3492 5590 Jttdmos,
3553 5532 3609 5577 et

2038 5625 2381 5681 teutalionem
2413 5621 2558 5676 orbis
2590 5618 2823 5673 universi
2859 5618 3089 5670 futuram
3113 5658 3127 5682 ,
3159 5628 3326 5683 seque
3359 5613 3611 5683 promisit

2037 5719 2142 5773 cito
2173 5730 2289 5771 esse
2322 5722 2602 5768 venturum
2632 5725 2644 5765 :
2699 5707 2927 5778 septimo
2961 5718 3137 5764 autem
3192 5706 3425 5777 tepidam
3459 5704 3612 5776 pontii
