4220 6456
638 315 742 371 505

1314 316 1509 372 ΒΕΟᾸΞ
1554 308 2007 369 VENEllABlLlS
2047 304 2199 363 ΟΙῬ.
2244 303 2418 359 PARS
2459 298 2545 357 ιιι.
2590 330 2655 343 —-
2698 298 3179 359 ίἈΙὶίΕΜΞΤΙΟΑ.

3805 300 3912 359 696

638 437 954 490 Laudiceam
984 452 993 486 :
1030 432 1198 487 Filius
1229 433 1361 487 enim
1391 432 1612 488 hominis
1639 431 1863 494 veniens,
1895 434 2044 497 putas
2070 423 2211 476 inve—
2241 423 2289 478 A
2324 418 2548 486 ligentes
2578 416 2878 488 Pelagiani,
2911 417 2995 474 vel
3022 414 3375 471 condiderunt
3425 428 3577 469 suam
3625 416 3904 487 heresim,

639 530 737 581 nict
765 527 917 595 [idem
943 528 994 579 in
1024 534 1158 579 terra
1182 527 1206 581 Ζ)

712 620 765 672 In
806 619 1035 674 secunda
1076 627 1253 673 autem
1298 618 1549 685 periocha
1579 658 1595 683 ,
1643 616 1935 685 descriptis
1984 615 2037 669 in
2085 613 2215 669 sede

644 710 732 765 Dei
757 718 983 779 quatuor
1002 708 1342 774 animalibus,
1359 718 1414 763 et
1430 707 1613 779 viginti
1635 716 1867 777 quatuor
1885 704 2212 770 senioribus,

636 815 829 870 agnum
860 799 1042 865 videt,
1095 801 1297 867 apertis
1341 810 1549 868 septem
1600 799 1722 853 libri
1771 798 1966 868 signati
1997 797 2210 867 sigillis,

642 906 681 941 ει
710 890 918 944 nllictns
963 900 1014 945 et
1067 891 1369 957 triumphos
1401 890 1659 944 Ecclesia:
1705 903 1948 943 reserare
1980 888 2209 942 futuros.

642 979 735 1035 Ubi
764 979 917 1051 jnsta
948 982 1398 1035 consuetudinem
1432 982 1551 1036 libri
1583 982 1759 1046 istius,
1793 995 1962 1047 usque
1990 979 2057 1034 ad
2092 994 2212 1034 sex-

635 1087 743 1130 tum
795 1091 1077 1130 numerum
1129 1076 1375 1130 ordinem
1421 1077 1688 1140 custodit;
1744 1084 1799 1130 et
1849 1073 2212 1142 prmtermisso

634 1168 866 1231 septimo
896 1165 1252 1235 recapitulat,
1300 1180 1362 1221 ac
1388 1167 1521 1220 duas
1553 1167 1909 1227 narratiOnes,
1944 1164 2093 1234 quasi
2122 1178 2211 1217 or-

635 1260 813 1313 dinem
841 1268 1078 1323 secutus,
1111 1259 1343 1326 septimo
1372 1258 1663 1313 concludit.
1697 1258 1803 1312 Sed
1834 1268 1885 1310 et
1916 1258 2027 1322 ipsa
2060 1270 2208 1309 reca-

634 1351 877 1418 pitulatio
910 1367 1005 1421 pro
1038 1351 1171 1405 locis
1203 1350 1545 1419 intelligenda
1575 1359 1677 1404 est.
1728 1348 2033 1416 Aliquando
2062 1347 2206 1401 enim

636 1442 936 1511 aboriginc
967 1441 1253 1510 passionis,
1298 1441 1585 1511 aliquando
1632 1455 1662 1493 a
1711 1439 1891 1495 medio
1939 1448 2203 1507 tempore,

635 1535 921 1603 aliquando
952 1536 1019 1590 de
1049 1535 1163 1588 sola
1193 1534 1304 1603 ipsa
1335 1535 1624 1588 novissima
1659 1547 1938 1600 pressura,
1981 1541 2072 1586 aut
2100 1547 2204 1586 non

638 1625 801 1679 multo
833 1636 955 1679 ante
984 1625 1228 1679 dicturus
1258 1624 1591 1692 recapitulat.
1642 1622 1774 1677 Illud
1822 1632 1998 1678 tamen
2041 1622 2203 1676 ﬁxum

637 1724 838 1778 servat,
868 1725 923 1768 ut
950 1731 976 1768 a
1005 1725 1157 1770 sexto
1186 1715 1521 1783 recapitulet.

2316 511 2399 565 vel
2430 518 2718 563 auxerunt.

2385 602 2584 669 Quarta
2611 610 2694 655 est
2718 600 2783 654 de
2811 600 2990 669 specie
3018 610 3073 655 et
3101 613 3316 670 genere.
3350 598 3574 669 Species
3600 600 3746 655 enim
3778 617 3905 667 pars

2315 700 2430 758 est;
2480 708 2650 761 genus
2690 702 2866 747 autem
2901 701 3070 746 totum
3099 733 3114 757 ,
3163 691 3315 761 cujus
3342 706 3404 747 ea
3437 706 3562 762 pars
3591 700 3693 748 est.
3746 693 3905 748 Sicut

2315 798 2648 855 unaquaeque
2685 785 2875 838 civitas
2900 823 2917 847 ,
2965 798 3091 854 pars
3131 793 3211 839 est
3254 784 3416 837 totius
3458 784 3752 853 provinciae
3777 824 3793 846 ,
3844 793 3902 839 et

2314 888 2649 944 unaquaeque
2677 874 2977 941 provincia,
3007 887 3128 941 pars
3156 882 3239 927 εει
3270 873 3433 927 totius
3462 875 3631 928 orbis.
3668 874 3824 928 Unde
3845 884 3900 929 et

2315 968 2365 1020 in
2396 969 2635 1021 notitiam
2657 966 2796 1033 vulgi
2820 965 2980 1020 verba
3009 965 3106 1019 ista
3130 975 3409 1025 venerunt.
3439 976 3498 1020 ut
3524 966 3684 1020 etiam
3715 967 3899 1022 idiota

2314 1055 2620 1125 intelligant
2647 1056 2771 1125 quid
2807 1056 3129 1125 specialiter,
3159 1055 3287 1123 quid
3317 1056 3641 1125 generaliter
3669 1061 3720 1109 in
3754 1071 3885 1125 qum

2312 1162 2523 1214 cunque
2556 1156 2822 1215 praecepto
2852 1147 3115 1216 imperiali
3147 1149 3215 1199 sit
3243 1146 3615 1201 constitutum.
3672 1146 3758 1201 Fit
3793 1150 3895 1202 hoc

2312 1238 2473 1293 etiam
2505 1237 2571 1292 de
2604 1237 2909 1291 hominibus
2931 1278 2946 1301 ,
2988 1239 3128 1291 sicut
3156 1252 3217 1292 ca
3248 1253 3366 1306 quae
3395 1239 3463 1292 de
3494 1238 3784 1293 Salomone
3812 1240 3895 1293 di-

2312 1343 2524 1396 cuntur,
2546 1332 2809 1387 excedunt
2836 1332 2952 1403 cjus
2975 1333 3216 1398 modum,
3240 1344 3292 1388 et
3322 1334 3500 1403 potius
3524 1335 3589 1388 ad
3613 1332 3893 1389 Christum

2312 1434 2365 1477 et
2394 1423 2718 1491 Ecclesiam,
2749 1422 2904 1493 cujus
2935 1425 3026 1479 ille
3060 1439 3181 1491 pars
3210 1435 3323 1489 est,
3366 1425 3530 1479 relata
3561 1426 3890 1480 clarescunt.

2311 1515 2421 1569 Nec
2450 1516 2658 1583 species
2687 1530 2902 1584 semper
2931 1516 3236 1571 exceditur.
3292 1517 3446 1585 Saepe
3474 1520 3618 1572 enim
3650 1518 3778 1571 talia
3810 1519 3893 1573 di-

2312 1615 2524 1668 cuntur,
2564 1621 2683 1676 qua:
2715 1606 2795 1660 vel
2827 1607 2875 1661 ei
2908 1620 3119 1676 quoque
3144 1647 3157 1667 .
3204 1607 3286 1662 vel
3316 1608 3363 1661 ei
3396 1606 3624 1661 fortasse
3654 1615 3895 1662 tantum-

2313 1699 2473 1752 modo
2523 1698 2857 1766 apertissime
2908 1706 3226 1769 congruant.
3291 1697 3399 1752 Sed
3450 1714 3572 1751 cum
3626 1713 3653 1750 a
3708 1700 3893 1768 specie

704 1769 882 1861 τετίε,
919 1821 1048 1861 νει-ο
1081 1769 1335 1875 ρθτίοοικξ
1363 1848 1377 1872 ,
1427 1807 1527 1860 sub
1568 1805 1748 1875 specie
1790 1815 1994 1875 septem
2037 1819 2205 1875 auge-
2244 1769 2287 1829 Β
2316 1790 2571 1844 transitur
2595 1789 2660 1843 ad
2690 1805 2879 1858 genus,
2921 1790 3069 1859 quasi
3103 1790 3279 1844 adhuc
3308 1790 3375 1845 de
3403 1790 3584 1860 specie
3628 1790 3893 1860 loquente

638 1900 810 1955 lorum
865 1900 989 1957 tuba
1037 1901 1380 1968 canentium,
1430 1881 1607 1956 varios
1640 1900 1901 1957 Ecclesia:
1947 1899 2209 1956 describit

630 2001 873 2048 eventus.

699 2086 919 2153 Quarta,
949 2086 1048 2141 sub
1081 2086 1246 2155 figura
1279 2086 1521 2141 mulieris
1553 2086 1898 2155 parturientis
1919 2130 1933 2151 ,
1986 2096 2041 2143 et
2084 2088 2209 2142 dra-

628 2179 777 2233 conis
808 2193 925 2233 eam
960 2179 1365 2247 persequentis,
1415 2177 1656 2247 ejusdem
1702 2178 1955 2233 Ecclesiae
1999 2179 2209 2233 labores

628 2279 681 2323 et
712 2269 959 2322 victorias
990 2268 1197 2337 aperit,
1238 2278 1291 2322 et
1319 2269 1530 2338 utrique
1561 2268 1769 2323 militiae
1800 2268 2019 2337 prmmia
2048 2269 2208 2338 digna

628 2360 893 2428 rependit.
939 2358 1039 2414 Ubi
1069 2370 1278 2427 septem
1309 2375 1521 2430 quoque
1547 2360 1857 2430 angelorum
1888 2361 2027 2416 dicta
2061 2377 2209 2417 com-

631 2458 1017 2517 memorantur,
1049 2459 1101 2505 et
1134 2450 1293 2515 facta,
1325 2462 1381 2506 et
1410 2451 1511 2521 ipsi
1543 2468 1648 2507 non
1680 2453 1901 2522 pariter,
1935 2463 1993 2507 ut
2021 2467 2206 2522 supra.

628 2538 781 2596 Hunc
811 2542 951 2597 enim
986 2544 1207 2611 mystica
1240 2542 1458 2597 solertia
1505 2559 1787 2599 numerum
1835 2559 1973 2614 pene
2012 2546 2209 2614 ubique

628 2642 835 2699 servat,
864 2647 985 2685 cum
1018 2640 1071 2686 ct
1098 2631 1263 2687 moris
1300 2635 1371 2687 sit
1398 2634 1641 2703 ejusdem
1671 2634 1918 2699 Joannis,
1951 2638 2001 2689 in
2033 2634 2209 2688 Evan-

628 2724 781 2792 gcliis
809 2737 1021 2793 quoque
1070 2732 1125 2776 et
1174 2722 1426 2791 Epistolis
1477 2724 1608 2778 nihil
1661 2725 1837 2793 tepide
1884 2734 1938 2780 et
1975 2726 2212 2782 breviter

630 2810 829 2867 dicere.

701 2904 895 2968 Quinta
923 2912 1099 2957 autem
1129 2903 1377 2971 periocha
1410 2919 1503 2973 per
1527 2914 1731 2973 septem
1760 2908 1979 2978 angelos
2003 2918 2207 2977 septem

632 2996 799 3061 plagis
829 2994 1136 3048 novissimis
1168 3004 1362 3048 terram
1397 2995 1651 3064 perfudit.

2309 1883 2607 1952 Scriptura,
2639 1882 2710 1937 ibi
2739 1882 2956 1953 vigilare
2981 1882 3142 1938 debet
3172 1882 3387 1937 lectoris
3414 1884 3657 1939 intentio.

2379 1974 2629 2041 Quintam
2657 1975 2804 2043 ponit
2826 1972 3085 2043 regulam,
3112 1988 3270 2042 quam
3297 1974 3364 2029 de
3392 1976 3720 2042 temporibus
3751 1992 3894 2029 nun-

2307 2076 2485 2137 cupat.
2531 2066 2715 2121 Potest
2744 2075 2921 2120 autem
2956 2065 3035 2135 (ut
3068 2065 3199 2119 mihi
3233 2066 3463 2133 videtur)
3497 2066 3657 2121 etiam
3686 2068 3757 2122 de
3788 2086 3892 2123 nn-

2309 2158 2471 2214 meris
2500 2156 2779 2226 appellari.
2815 2155 2960 2211 Hanc
2987 2164 3139 2224 tropo
3164 2155 3500 2226 synecdoche
3521 2163 3604 2210 vel
3635 2156 3892 2225 legitimis

2311 2252 2549 2305 numeris
2578 2250 2757 2319 vigere
2783 2249 2935 2305 dicit.
2988 2249 3198 2319 Tropns
3224 2250 3561 2321 synecdoche
3601 2262 3680 2305 est
3723 2261 3816 2305 aut
3859 2268 3889 2305 a

2311 2348 2461 2410 parte
2486 2349 2676 2405 totum,
2708 2348 2799 2393 aut
2824 2354 2853 2393 a
2886 2347 2998 2393 toto
3017 2349 3248 2408 partem.
3269 2342 3389 2406 Quo
3418 2340 3701 2395 locutionis
3726 2342 3891 2395 modo

2310 2432 2471 2487 etiam
2500 2431 2590 2487 illa
2623 2430 2689 2487 de
2720 2433 3121 2486 resurrectione
3148 2432 3346 2485 Christi
3375 2430 3597 2485 solvitur
3624 2434 3851 2499 quastio
3871 2474 3887 2498 ,

2312 2537 2433 2591 pars
2462 2522 2603 2576 enim
2636 2521 2925 2576 novissima
2957 2521 3062 2577 diei
3090 2535 3197 2589 quo
3241 2536 3430 2591 passus
3469 2532 3551 2576 est
3574 2563 3589 2588 ,
3641 2524 3739 2576 nisi
3791 2538 3888 2591 pro

2313 2623 2418 2667 tnta
2448 2612 2535 2667 die
2561 2613 2874 2681 accipiatur,
2898 2613 2948 2667 id
2972 2622 3074 2679 est,
3100 2612 3347 2680 adjuncta
3376 2611 3534 2667 etiam
3567 2621 3721 2666 nocte
3748 2629 3882 2681 pra!-

2313 2702 2499 2768 terita;
2529 2712 2584 2758 et
2635 2718 2736 2758 nos
2769 2704 2820 2757 in
2852 2704 3005 2771 cujus
3037 2713 3186 2771 parte
3216 2702 3400 2755 ultima
3430 2702 3745 2767 resurrexit,
3781 2702 3886 2757 nisi

2312 2804 2455 2849 totus
2484 2794 2597 2850 dies
2628 2796 2937 2865 accipiatur,
2970 2798 3238 2867 adjuncto,
3275 2798 3505 2861 scilicet,
3539 2797 3888 2853 illucescente

2309 2886 2396 2941 die
2444 2888 2759 2953 Dominico,
2814 2904 2917 2944 non
2966 2900 3191 2959 possunt
3220 2905 3341 2946 esse
3393 2900 3500 2946 tres
3542 2892 3657 2946 dies
3686 2900 3740 2947 et
3772 2901 3887 2947 tres

2312 2988 2518 3044 noctes,
2553 2979 2744 3048 quibus
2775 2996 2836 3035 se
2866 2982 2916 3035 in
2947 2981 3111 3037 corde
3147 2990 3302 3036 terra:
3349 2981 3592 3051 prtedixit
3622 2982 3883 3036 futurum.

701 3084 861 3139 se“;
890 3082 1289 3141 dammjioncm
1317 3086 1615 3143 meretricis
1643 3102 1876 3160 magna.
1907 3089 1957 3145 id
1987 3099 2090 3159 es"
2116 3091 2208 3147 im,
2235 3123 2279 3184 Ο
2313 3070 2604 3184 begitimcos
2629 3079 2829 3172 .antem
2882 3087 3135 3184 numeros
3182 3072 3312 3174 dicit
3337 3090 3351 3126 :
3400 3088 3532 3143 quos
3561 3073 3888 3184 eminentius

630 3174 730 3243 pia:
759 3174 1010 3230 civitatis.

700 3286 959 3357 Septima,
983 3298 1227 3344 ornatum
1259 3290 1438 3347 uxoris
1465 3292 1607 3364 agni,
1633 3302 1897 3359 sanctam,
1929 3294 2204 3364 videlicet,

637 3379 929 3436 Jerusalem
958 3382 1025 3438 de
1051 3382 1191 3438 cmlo
1220 3398 1248 3437 a
1280 3383 1389 3440 Deo
1419 3385 1835 3442 descendentem
1866 3388 2122 3443 ostendit.

702 3495 919 3561 Septem
950 3510 1160 3565 quoque
1189 3496 1403 3565 regulas
1432 3497 1690 3566 Tychonii
1710 3542 1726 3567 ,
1768 3500 1864 3556 viri
1912 3502 2051 3558 inter
2080 3517 2209 3559 suos

632 3586 1005 3651 eruditissimi,
1042 3586 1238 3652 quibus
1265 3588 1330 3642 ad
1360 3587 1737 3660 intelligendas
1762 3592 2067 3661 Scripturas
2096 3604 2209 3650 stu-

630 3678 768 3732 diosi
802 3676 1089 3745 plurimum
1121 3677 1466 3745 adjuvantur,
1517 3681 1753 3737 breviter
1780 3698 2208 3741 commemoran-

632 3771 725 3823 das
756 3771 958 3836 putavi.
992 3770 1186 3824 Harum
1218 3772 1385 3839 prima
1412 3772 1479 3827 de
1505 3773 1731 3829 Domino
1760 3785 1815 3830 et
1840 3777 1957 3844 ejus
1982 3792 2210 3847 corpore

631 3874 734 3927 est,
776 3864 1046 3931 quandoa
1078 3867 1257 3933 capite
1287 3866 1351 3921 ad
1383 3882 1578 3938 corpus
1607 3870 1689 3924 vel
1719 3884 1746 3922 a
1775 3884 2002 3939 corpore
2034 3881 2209 3927 trans-

631 3954 737 4009 itur
765 3956 831 4009 ad
870 3967 1029 4026 caput
1051 3997 1068 4025 ,
1108 3967 1161 4012 et
1192 3968 1369 4014 tamen
1400 3960 1468 4014 ab
1500 3974 1602 4014 una
1660 3960 1953 4029 eademque
1985 3978 2208 4029 persona

630 4062 737 4101 non
770 4049 1057 4105 receditur.
1116 4050 1227 4106 Una
1260 4051 1401 4105 enim
1449 4066 1673 4120 persona
1720 4053 1954 4123 loquitur
1982 4054 2205 4110 dicens:

629 4137 773 4192 Sicut
801 4154 998 4206 sponso
1023 4141 1277 4210 imposuit
1304 4142 1434 4197 mihi
1462 4144 1696 4210 mitram,
1720 4151 1776 4198 et
1798 4144 1936 4199 sicut
1956 4160 2209 4213 sponsam

629 4231 846 4285 ornavit
872 4247 956 4286 me
982 4244 1336 4298 ornamento;
1368 4246 1420 4291 et
1448 4244 1626 4292 tamen
1652 4238 1776 4308 quid
1805 4239 1997 4292 horum
2023 4240 2207 4309 capiti,

630 4322 755 4389 quid
786 4324 1018 4391 corpori,
1067 4325 1116 4377 id
1148 4334 1265 4391 est,
1318 4328 1443 4395 quid
1483 4327 1731 4395 Christo,
1777 4329 1902 4400 quid
1955 4331 2209 4387 Ecclesiae

630 4411 934 4476 conveniat,
968 4412 1149 4481 utique
1181 4415 1582 4485 intelligendum
1616 4428 1717 4472 est.

701 4524 948 4579 Secunda
1000 4535 1081 4579 est
1127 4526 1193 4581 de
1244 4541 1470 4598 corpore
1519 4528 1730 4584 Domini
1784 4531 2069 4597 bipertito,
2120 4537 2205 4592 vel

632 4620 807 4687 potius
852 4616 919 4673 de
964 4618 1176 4673 Domini
1210 4633 1435 4689 corpore
1465 4635 1591 4675 vero
1622 4632 1783 4692 atque
1821 4625 2105 4691 simulato,
2154 4638 2213 4683 ut

628 4720 819 4763 sancto
843 4709 1141 4779 Augustino
1170 4711 1338 4781 magis
1364 4712 1619 4781 appellari
1650 4714 1863 4783 placuit.
1902 4715 2039 4769 Dicit
2067 4719 2211 4774 enim

630 4800 868 4855 Ecclesia
897 4818 909 4852 :
943 4798 1120 4854 Fusco
1150 4818 1262 4855 sum
1291 4812 1338 4855 et
1366 4803 1599 4873 speciosa
1625 4821 1770 4871 sunt;
1801 4809 1898 4862 sed
1926 4816 2214 4880 utrumque

629 4909 689 4949 se
708 4909 828 4948 esse
851 4893 1005 4960 dixit,
1032 4903 1249 4963 propter
1272 4896 1703 4953 communionem
1726 4908 2210 4965 sacramentorum,

630 4996 685 5040 et
729 4996 948 5054 propter
991 4993 1394 5054 temporaneam
1442 4988 1872 5045 commistionem
1922 4988 2058 5044 intra
2107 5007 2212 5046 una

630 5081 760 5134 retia
812 5077 1036 5147 piscium
1092 5080 1355 5132 bonorum
1407 5088 1461 5133 et
1510 5081 1793 5134 malorum.
1842 5082 2211 5138 Tabernacula

630 5171 826 5241 quippe
853 5170 1027 5226 Cedar
1055 5170 1121 5224 ad
1157 5170 1436 5225 lsmaclcm
1472 5172 1778 5241 pertinent,
1819 5174 1940 5242 quia
1974 5191 2077 5229 non
2109 5178 2213 5231 erit

634 5265 806 5319 laceres
832 5278 954 5318 cum
983 5262 1092 5317 lilio
1120 5262 1324 5317 liberae.

703 5380 882 5433 Tertia
914 5387 995 5433 est
1024 5378 1092 5433 de
1124 5378 1399 5447 promissis
1448 5386 1502 5431 et
1550 5378 1700 5446 lege,
1747 5394 1866 5446 qua:
1898 5379 2001 5434 alio
2031 5381 2211 5447 modo,

634 5473 701 5527 de
730 5474 919 5541 Spiritu
949 5483 1005 5528 et
1032 5474 1229 5538 littera,
1262 5474 1344 5527 vel
1374 5472 1443 5529 de
1471 5474 1642 5543 gratia
1674 5482 1730 5528 et
1756 5473 2005 5529 mandato
2040 5484 2215 5543 potest

637 5564 914 5631 appellari.
974 5564 1102 5619 llaec
1152 5576 1339 5619 sancto
1389 5563 1689 5635 Augustino
1745 5580 1934 5635 magna
1988 5565 2212 5633 quaestio

640 5658 808 5722 magis
841 5674 1001 5725 quam
1036 5657 1215 5725 regula
1248 5674 1366 5727 qua:
1410 5658 1684 5715 solvendis
1714 5668 1797 5715 est
1824 5659 2211 5729 qumstiunibus

637 5746 932 5800 adhibenda
954 5790 968 5809 ,
1004 5746 1230 5801 videtur.
1287 5748 1402 5814 Ipsa
1430 5760 1507 5803 est
1541 5751 1686 5806 enim
1718 5766 1875 5817 quam
1910 5765 2017 5805 non
2051 5750 2209 5806 intel-

2314 3160 2495 3215 divina
2525 3161 2802 3231 Scriptura
2835 3164 3202 3233 commendat,
3235 3164 3373 3219 sicut
3401 3165 3776 3235 septenarium,
3800 3167 3885 3222 vel

2308 3255 2586 3311 denarium
2610 3300 2624 3323 ,
2659 3256 2741 3311 vel
2770 3257 3155 3312 duodenarium
3179 3298 3193 3321 ,
3234 3258 3430 3328 quibus
3458 3258 3769 3328 plerumque
3799 3259 3885 3315 vel

2311 3340 2628 3403 universitas
2659 3348 2914 3416 temporis
2934 3390 2947 3412 ,
2981 3349 3063 3404 vel
3096 3348 3172 3403 rei
3204 3350 3427 3418 alicujus
3460 3349 3714 3418 perfectio
3743 3350 3886 3405 desi-

2310 3450 2519 3508 gnatur.
2572 3438 2723 3496 Sicut
2748 3456 2761 3493 :
2796 3438 2998 3507 Septies
3026 3440 3080 3493 in
3108 3440 3191 3494 die
3218 3440 3421 3493 laudem
3451 3440 3559 3494 dixi
3585 3440 3707 3505 tibi,
3752 3440 3884 3494 nihil

2311 3539 2393 3585 est
2420 3531 2584 3597 aliud,
2616 3546 2795 3599 quam,
2827 3530 3042 3599 Semper
3072 3530 3187 3585 laus
3217 3533 3329 3601 ejus
3359 3532 3412 3585 in
3458 3548 3542 3585 ore
3569 3546 3698 3584 meo.
3738 3531 3852 3585 Tan
3872 3559 3887 3571 ο

2315 3621 2548 3677 tumdem
2590 3631 2767 3676 autem
2810 3621 3032 3689 valent,
3078 3631 3133 3676 ct
3171 3636 3293 3677 cum
3322 3621 3743 3691 multiplicantur
3769 3624 3888 3677 sive

2312 3728 2407 3783 per
2431 3712 2735 3780 denarium,
2760 3713 2898 3768 sicut
2925 3714 3256 3783 septuaginta
3282 3724 3332 3769 et
3356 3716 3713 3784 septingenti;
3743 3716 3888 3772 unde

2312 3814 2536 3875 possunt
2578 3812 2631 3859 et
2672 3804 3004 3874 septuaginta
3048 3806 3171 3860 anni
3215 3805 3464 3861 Jeremite
3509 3822 3602 3875 pro
3632 3806 3887 3861 universo

2312 3904 2553 3965 tempore
2596 3894 2947 3964 spiritualitcr
2975 3897 3177 3966 accipi,
3224 3911 3329 3966 quo
3372 3906 3455 3952 est
3498 3898 3634 3966 apud
3680 3898 3886 3954 alienos

2313 3984 2572 4053 Ecclesia,
2604 3986 2719 4041 sive
2750 4001 2844 4055 per
2870 3986 3101 4054 seipsos,
3134 3989 3275 4043 sicut
3316 3989 3502 4045 decem
3548 4005 3643 4058 per
3673 3991 3883 4057 decem,

2310 4086 2549 4142 centum,
2582 4078 2722 4133 sicut
2750 4078 3031 4135 duodecim
3066 4095 3157 4149 per
3184 4080 3491 4147 duodecim,
3513 4092 3727 4137 centum
3756 4099 3887 4151 qua-

2310 4170 2552 4233 draginta
2575 4180 2823 4240 quatuor,
2843 4185 2946 4240 quo
2970 4187 3194 4227 numero
3215 4172 3545 4245 significatur
3566 4175 3886 4232 universitas

2311 4268 2619 4314 sanctorum
2648 4260 2702 4313 in
2730 4260 3071 4330 Apocalypsi.

2382 4354 2599 4410 Sextam
2634 4353 2867 4423 regulam
2895 4354 3204 4424 Tychonius
3247 4356 3744 4424 recapitulationcm
3790 4373 3886 4412 vo-

2241 4474 2292 4534 υ
2317 4455 2421 4501 cat.
2457 4446 2544 4502 Sic
2571 4447 2711 4501 enim
2737 4446 2986 4500 dicuntur
3014 4445 3063 4499 in
3096 4446 3385 4516 Scripturis
3414 4448 3681 4517 quaedam,
3724 4455 3880 4517 quasi

2314 4546 2609 4606 sequantur
2640 4538 2691 4591 in
2725 4536 2913 4591 ordine
2944 4538 3201 4607 temporis
3222 4578 3237 4603 ,
3277 4539 3361 4593 vel
3397 4555 3574 4594 rerum
3603 4543 3884 4597 continua-

2314 4629 2458 4683 tione
2500 4638 2803 4694 narrentur,
2854 4642 2975 4683 cum
3023 4629 3087 4683 ad
3136 4629 3311 4698 priora
3360 4644 3478 4696 qua:
3527 4635 3887 4700 praetermissa

2312 4732 2435 4775 sunt
2485 4722 2710 4776 latenter
2758 4722 2992 4775 narratio
3041 4730 3344 4776 revocetur.
3394 4722 3542 4777 Sicut
3589 4725 3639 4777 in
3690 4724 3885 4782 Genesi

2311 4816 2449 4885 quod
2481 4816 2675 4870 dicitur
2702 4833 2713 4867 :
2748 4812 2845 4868 Isti
2876 4814 2971 4881 ﬁlii
3002 4812 3117 4867 Noe
3145 4816 3196 4867 in
3223 4814 3450 4867 tribubus
3476 4824 3523 4867 et
3549 4815 3735 4887 linguis
3753 4819 3883 4874 suis.

2314 4908 2388 4960 Ab
2427 4907 2505 4960 his
2544 4906 2716 4959 divisit
2756 4913 2873 4958 sunt
2912 4904 3095 4959 insula:
3133 4906 3356 4972 gentium
3384 4922 3537 4973 super
3564 4918 3767 4962 terram.
3818 4908 3888 4964 Et

2314 5001 2491 5053 statim
2519 5017 2528 5050 :
2566 4997 2693 5051 Erat
2721 5007 2887 5051 autem
2919 4998 3083 5050 omnis
3114 5009 3249 5051 terra
3281 4998 3402 5050 [abii
3434 4999 3585 5051 unius
3616 5009 3662 5051 et
3692 5016 3884 5052 sermo-

2316 5108 2431 5144 num
2464 5090 2769 5145 earumdem.
2813 5090 2883 5143 Ita
2917 5088 3115 5141 dictum
3145 5089 3371 5153 videtur,
3407 5098 3653 5159 tanquam
3685 5106 3748 5144 eo
3772 5092 3884 5158 jam

2316 5194 2554 5253 tempore
2597 5199 2702 5253 quo
2744 5183 2969 5251 dispersi
3016 5182 3231 5236 luerunt
3277 5197 3376 5235 una
3433 5184 3587 5237 fuerit
3635 5185 3882 5241 omnibus

2315 5278 2512 5347 lingua,
2533 5291 2652 5328 cum
2678 5275 2851 5343 p0tins
2868 5274 3263 5343 recapitulando
3286 5274 3514 5330 latenter
3536 5276 3879 5347 adiungeret:

2314 5369 2552 5437 Qualiter
2579 5368 2683 5420 sint
2712 5366 2905 5435 lingua:
2935 5365 3140 5419 divism.

2386 5459 2620 5527 Septima
2653 5457 2889 5527 ejusdem
2926 5456 3101 5525 regula
3139 5465 3259 5521 est,
3305 5458 3373 5513 de
3414 5458 3625 5513 diabolo
3671 5469 3725 5513 et
3767 5461 3885 5529 ejus

2315 5567 2558 5621 corpore.
2604 5550 2904 5618 Aliquando
2929 5550 3069 5603 enim
3103 5552 3154 5603 in
3188 5550 3454 5604 diabolum
3489 5552 3703 5613 dicitur,
3741 5559 3883 5621 quod

2319 5660 2420 5697 non
2455 5644 2502 5695 in
2536 5642 2673 5709 ipso,
2706 5641 2798 5694 sed
2832 5641 2883 5695 in
2914 5640 3030 5709 ejus
3061 5656 3285 5710 corpore
3315 5643 3483 5708 poscit
3513 5645 3747 5711 agnosci,
3782 5646 3882 5698 sic-

2317 5750 2371 5791 ut
2420 5736 2673 5791 Dominus
2708 5735 2862 5791 bcato
2906 5733 3038 5801 Job,
3089 5734 3329 5803 ejusdem
3375 5734 3541 5792 hostis
3574 5735 3785 5792 fraudes
3836 5747 3886 5792 et
