4220 6450
435 300 530 362 807

1603 311 1794 368 SECT.
1836 311 1922 367 IV.
1969 340 2033 352 —-
2073 308 2449 372 EPISTOLrE.

3601 332 3705 389 6’38

436 424 578 481 vires
607 439 904 494 exponens,
935 424 1074 480 inter
1103 426 1203 481 alia
1235 426 1402 482 dicit:
1434 428 1697 499 Numquid
1726 430 1790 485 ad
1817 440 1867 486 te
1891 446 2007 500 pre-
2039 427 2088 487 Α
2117 433 2409 491 doctrinam
2459 438 2541 494 vel
2585 444 3026 511 consolationem,
3071 446 3250 502 omnia
3297 447 3495 515 scripta
3541 462 3695 517 sunt,

433 533 520 573 ces
550 517 945 587 multiplicabit,
972 528 1064 572 aut
1087 520 1335 588 loquetur
1363 520 1454 576 tibi
1484 524 1702 577 mollia?
1732 523 1846 578 Non
1875 526 2017 579 enim

434 610 549 679 ipse
578 608 826 664 diabolus
870 610 1066 679 legitur
1110 612 1317 679 uspiam
1363 614 1731 680 pmnitcntiam
1778 624 2018 681 acturus,

432 700 526 756 sed
558 714 756 767 corpus
788 699 955 769 ipsius
986 701 1129 769 quod
1175 701 1482 758 damnatum
1528 702 1580 758 in
1614 704 1719 759 ﬁne
1749 704 2015 761 dicturum

431 792 501 847 sit
526 810 539 843 :
575 790 815 855 Domine,
852 789 1085 854 Domine,
1116 793 1259 861 aperi
1287 794 1450 847 nobis.
1513 794 1619 849 Has
1649 810 1778 864 ergo
1806 797 2021 863 regulas

434 899 541 938 non
573 884 626 937 in
654 882 976 954 Apocalypsi
1012 892 1216 938 tantum
1244 924 1259 950 ,
1313 884 1366 939 id
1415 895 1539 953 est,
1592 886 1645 940 in
1694 887 2023 942 revelatione

434 976 605 1032 sancti
644 976 866 1032 Joannis
909 977 1135 1045 apostoli
1163 1016 1178 1041 ,
1229 991 1388 1042 quam
1438 977 1578 1032 idem
1620 977 1928 1048 Tychonius
1970 987 2024 1034 et

436 1071 691 1125 vivaciter
730 1068 1033 1136 intellexit,
1084 1079 1138 1124 et
1187 1069 1422 1125 veridice
1468 1070 1707 1140 satisque
1754 1071 2022 1127 catholice

433 1162 716 1227 disseruit,
762 1169 1021 1231 prmterea
1065 1162 1325 1217 duntaxat
1371 1163 1511 1230 loca,
1566 1164 1618 1218 in
1665 1166 1858 1232 quibus
1907 1180 2021 1219 sure

436 1254 622 1324 partis,
649 1253 699 1307 id
725 1263 827 1321 est,
851 1252 1250 1309 Donatistarum
1277 1255 1511 1310 schisma
1535 1256 1824 1312 defendere
1849 1259 2019 1325 nisus,

436 1350 873 1419 persecutiones,
925 1366 1060 1422 quas
1106 1351 1215 1422 ipsi
1263 1368 1293 1407 a
1344 1354 1598 1423 religioso
1646 1355 2020 1411 Valentiniano

437 1444 702 1515 principe,
734 1444 1006 1510 videlicet,
1041 1456 1097 1500 ut
1125 1446 1395 1514 haeretici,
1429 1448 1798 1516 pertulerunt,
1837 1450 2023 1504 Eccle-

436 1541 529 1594 siis
550 1554 735 1595 eorum
761 1549 814 1595 et
840 1540 1106 1607 plebibus,
1132 1540 1491 1612 domibusque
1515 1551 1569 1596 et
1592 1542 2024 1613 possessionibus

438 1631 540 1685 sub
566 1630 966 1685 Catholicorum
1013 1646 1230 1686 manum
1268 1632 1607 1700 contraditis,
1650 1633 2023 1689 sacerdotibus

437 1721 627 1776 exsilio
662 1723 910 1787 retrusis,
946 1723 1142 1790 dellet,
1176 1733 1232 1778 et
1263 1725 1521 1795 martyria
1551 1740 1783 1793 vocans,
1832 1727 1928 1780 has
1969 1726 2020 1780 in

2122 539 2219 578 nec
2240 526 2340 580 soli
2367 526 2626 584 Jeremias
2651 543 2702 587 et
2732 533 2891 590 Isaias
2911 537 3198 607 caeterique
3221 539 3378 605 tales,
3406 542 3496 610 qui
3524 543 3703 596 verbis

2122 616 2294 671 futura
2332 619 2696 690 signaverunt,
2729 626 2823 680 sed
2863 637 2917 681 et
2954 628 3194 694 Samuel,
3226 630 3389 686 Jonas
3418 641 3473 685 et
3505 632 3696 689 Esdra.

2120 724 2415 780 eorumque
2461 715 2803 783 eoosimiles,
2855 719 2942 787 qui
2996 722 3285 789 praeterita,
3339 723 3421 777 vel
3466 738 3561 777 sua
3614 726 3698 781 vel

2124 801 2373 865 aliorum,
2427 814 2575 875 gesta
2629 807 2741 861 sive
2790 807 2931 865 dicta
2976 813 3368 882 conscripsere,
3400 813 3514 869 dies
3552 817 3705 874 istos.

2123 889 2223 945 hoc
2252 903 2333 946 est
2375 910 2528 951 nova:
2566 898 2772 966 gratim,
2808 900 2923 955 luce
2950 902 3219 956 radiantes
3253 904 3543 971 insinuant,
3568 905 3700 959 insi-

2122 982 2367 1038 stendum
2399 986 2555 1042 nobis
2586 1002 2927 1057 summopere
2972 1002 3074 1059 εει,
3121 1002 3173 1045 ει
3224 1008 3319 1059 pro
3366 1008 3463 1046 suo
3513 994 3708 1061 cuique

2123 1075 2339 1131 modulo
2364 1078 2560 1133 Christi
2588 1082 2807 1149 juvante
2849 1084 3019 1151 gratia
3062 1083 3361 1148 nitendum,
3393 1100 3459 1138 ne
3487 1100 3548 1140 ea
3582 1100 3704 1155 quae

2123 1179 2344 1239 propter
2384 1187 2481 1227 nos
2521 1176 2721 1243 scripta
2756 1184 2881 1230 sunt
2924 1186 3109 1231 nostro
3141 1193 3239 1231 nos
3271 1187 3484 1247 torpore
3510 1180 3590 1232 vel
3621 1179 3705 1233 itt—

2123 1262 2269 1315 cnria
2317 1264 2467 1331 quasi
2498 1263 2670 1320 aliena
2702 1278 3042 1335 praetereant.
3076 1269 3183 1323 Sed
3216 1284 3321 1338 quo
3350 1284 3509 1323 sensu
3541 1270 3592 1322 in
3626 1270 3708 1323 his

2124 1355 2544 1421 correptionem,
2578 1372 2680 1426 qua
2710 1358 2915 1411 ratione
2941 1359 3267 1425 doctrinam,
3300 1375 3403 1428 quo
3434 1360 3708 1415 intellectu

2125 1444 2546 1499 conwlationem
2603 1448 3018 1515 nanciscamur,
3069 1451 3302 1520 qualiter
3359 1451 3539 1505 omnia
3595 1452 3711 1505 dies

2126 1534 2258 1587 istos
2307 1535 2592 1604 loquantur
2622 1546 2677 1590 et
2703 1540 3042 1603 aununtient,
3084 1541 3311 1594 sollicite
3339 1556 3402 1594 ac
3432 1542 3712 1610 vigilanter

2127 1624 2506 1691 intendamus,
2557 1627 2826 1682 imitantes
2876 1644 2971 1698 pro
3020 1641 3179 1697 captu
3231 1632 3403 1685 nostri
3451 1632 3707 1699 ingenioli

2126 1717 2357 1772 scribam
2404 1718 2550 1773 illum
2601 1718 2816 1774 doctum
2850 1721 2901 1774 in
2931 1737 3097 1791 regno
3127 1722 3416 1787 caelorum,
3466 1719 3560 1791 qui
3590 1738 3716 1791 pro-

437 1813 627 1868 eadem
659 1815 920 1883 gloriatur
946 1814 1267 1886 Apocalypsi
1300 1815 1466 1872 fuisse
1498 1817 1802 1886 pradicas.
1837 1834 2019 1873 verum
2057 1784 2097 1844 Β
2130 1808 2231 1861 [ει-ι
2262 1807 2329 1863 de
2361 1809 2612 1864 thesauro
2660 1826 2761 1865 suo
2792 1826 2927 1866 nova
2958 1822 3014 1867 et
3044 1824 3245 1867 vetera.
3294 1813 3427 1869 Nam
3459 1814 3503 1868 si
3533 1825 3714 1869 vetera

437 1902 491 1957 in
533 1903 680 1959 omni
721 1918 933 1975 quoque
981 1904 1257 1974 Scriptura
1304 1907 1603 1973 canonica,
1656 1916 1710 1962 et
1757 1907 2025 1977 praecipue

445 1995 794 2065 prophetica,
838 1996 1056 2052 easdem
1103 1998 1284 2067 vigere
1326 1997 1575 2068 regulas,
1619 1998 1861 2069 quisquis
1892 2000 2023 2069 vigi-

444 2090 617 2144 lanter
647 2087 972 2155 intenderit,
1020 2088 1279 2143 inveniet.
1328 2086 1494 2158 Cujus
1528 2088 1745 2161 quidem
1793 2091 2026 2145 auctoris

438 2189 497 2235 et
537 2194 635 2235 nos
679 2181 733 2235 in
777 2181 879 2236 hoc
905 2195 1072 2250 opere
1099 2194 1318 2236 sensum
1349 2182 1557 2247 secuti,
1607 2182 1860 2237 nonnulla
1906 2198 2026 2251 qua:

439 2272 779 2326 extrinsecus
832 2272 1052 2341 posuit,
1107 2271 1385 2328 breviandi
1440 2286 1598 2327 causa
1630 2314 1646 2336 ,
1699 2274 2025 2339 omisimus,

442 2362 593 2430 plura
624 2375 753 2416 vero
782 2376 904 2430 qua:
932 2360 1033 2428 illi,
1078 2371 1265 2431 utpote
1293 2362 1411 2416 viro
1444 2361 1746 2433 ingenioso,
1797 2372 1851 2417 et
1895 2362 1981 2432 qui
2012 2404 2028 2428 ,

442 2454 581 2509 sicut
607 2453 676 2511 de
702 2468 768 2509 eo
795 2454 998 2510 dictum
1028 2464 1134 2519 est,
1165 2454 1325 2509 veluti
1354 2470 1475 2510 rosa
1505 2455 1559 2510 in
1588 2455 1757 2525 spinis
1789 2455 2029 2511 efﬂoruit

441 2558 625 2618 aperta
653 2590 670 2615 ,
721 2562 821 2604 nec
864 2548 1090 2619 qumsitu
1133 2549 1288 2619 digna
1323 2549 1623 2617 videbatur,
1654 2560 1914 2620 quantum
1945 2551 2027 2607 vel

442 2641 821 2709 magistrorum
852 2638 1177 2705 traditione,
1206 2641 1287 2697 vel
1320 2642 1576 2696 memoria
1607 2642 1858 2698 lectionis
1880 2685 1895 2709 ,
1942 2645 2026 2700 vel

443 2733 605 2788 etiam
636 2740 799 2799 captu
842 2731 1011 2786 nostri
1056 2746 1251 2787 sensus
1289 2734 1555 2804 attingere
1596 2734 1895 2803 potuimus,
1940 2749 2033 2789 su-

445 2823 781 2893 peradjicere
830 2824 1156 2879 curavimus.
1214 2823 1348 2880 Nam
1394 2834 1449 2880 et
1494 2825 1599 2879 hoc
1643 2825 1697 2880 in
1746 2825 2029 2896 praeceptis

446 2914 728 2977 habemus,
760 2921 819 2968 ut
850 2924 1102 2983 percepta
1140 2917 1339 2969 talenta
1369 2929 1492 2970 cum
1520 2915 1701 2971 usuris
1732 2916 2032 2973 referamus

442 3006 510 3060 ad
564 3005 871 3060 Dominum.
925 3004 1171 3075 Cumque
1220 3022 1356 3076 opus
1402 3018 1756 3063 memoratum
1808 3010 1859 3064 iu
1915 3019 2029 3066 tres

444 3099 657 3155 libellos
698 3098 1001 3155 revelandre
1051 3101 1245 3155 mentis
1296 3101 1462 3170 gratia
1513 3100 1642 3155 ﬁndi
1696 3101 2022 3170 placuisset,

443 3192 626 3246 nescio
657 3207 763 3262 quo
796 3192 941 3248 enim
984 3192 1169 3260 modo,
1212 3202 1273 3247 ut
1314 3193 1501 3248 beatus
1534 3192 1861 3263 Augustinus
1908 3196 2024 3263 ait,

444 3285 515 3337 ita
538 3282 659 3337 libri
684 3284 915 3338 termino
938 3283 1178 3338 reficitur
1200 3282 1417 3341 lectoris
1440 3285 1688 3351 intentio,
1711 3286 1849 3340 sicut
1876 3286 2030 3342 labor

443 3374 668 3430 viatoris
694 3375 954 3445 hospitio.
986 3376 1343 3432 Nihilominus
1374 3386 1549 3432 tamen
1575 3388 1633 3432 ut
1659 3378 1864 3433 facilior
1885 3394 2031 3446 qua:-

452 3465 696 3521 rentibus
746 3464 986 3522 inventio
1038 3467 1381 3533 redderetur,
1433 3468 1619 3523 eadem
1672 3469 2027 3538 capitulorum

449 3559 767 3616 intemerata
798 3561 991 3625 series,
1021 3560 1172 3630 juxta
1203 3561 1343 3631 quod
1378 3562 1430 3615 in
1478 3561 1597 3629 ipso
1627 3560 1806 3617 libello
1837 3578 2022 3633 quon-

447 3651 570 3708 dam
621 3652 924 3721 prmpositis
970 3652 1223 3708 brevibus
1265 3653 1616 3708 distinxeram
1645 3693 1663 3721 ,
1710 3670 1806 3724 per
1849 3658 2032 3712 omnia

449 3744 728 3799 videbatur
756 3759 877 3800 esse
908 3745 1195 3801 servanda.
1246 3745 1454 3801 Nostrae
1494 3747 1781 3815 siquidem,
1827 3748 1878 3804 id
1923 3759 2029 3817 est,

448 3835 744 3906 Anglorum
776 3836 972 3905 gentis,
1009 3836 1217 3892 inertiae
1254 3838 1642 3893 consulendum
1678 3847 1859 3905 ratus,
1908 3855 2032 3909 quas

448 3935 504 3981 et
552 3942 657 3981 non
707 3925 950 3995 dudum,
1001 3927 1052 3982 id
1106 3936 1188 3982 est
1239 3928 1571 3997 temporibus
1615 3929 1754 3985 beati
1787 3930 2033 4000 Gregorii

448 4038 630 4090 papae.
661 4037 849 4080 semen
878 4023 1085 4092 accepit
1119 4023 1273 4089 fidei,
1302 4033 1359 4079 et
1389 4025 1529 4080 idem
1560 4035 1818 4096 quantum
1853 4026 1919 4080 ad
1951 4025 2032 4081 le-

450 4114 679 4169 ctionem
712 4114 895 4184 tepide
921 4114 1053 4170 satis
1083 4117 1350 4181 excoluit,
1384 4133 1489 4172 non
1534 4119 1706 4173 solum
1739 4119 2035 4174 dilueidare

449 4224 663 4276 sensus,
690 4225 873 4265 verum
897 4210 1191 4265 sententias
1222 4226 1438 4283 quoque
1476 4213 1741 4283 stringere
1769 4213 2031 4283 disposui.

450 4299 583 4355 Nam
614 4308 670 4356 et
694 4310 879 4372 aperta
923 4303 1092 4372 magis
1123 4302 1360 4357 brevitas
1389 4318 1548 4372 quam
1580 4304 1869 4372 disputatio
1902 4319 2037 4373 pro-

451 4390 558 4445 lixa
589 4392 866 4447 memoria:
907 4392 1045 4446 solet
1091 4390 1260 4459 inﬁgi.
1313 4392 1450 4461 Opto
1492 4393 1545 4446 in
1575 4392 1793 4449 Chri~to
1827 4395 2030 4460 valeas,

2130 1902 2498 1957 tantummodo
2520 1902 2588 1957 de
2618 1902 2873 1959 thesauro
2896 1907 3287 1973 Scripturarum
3322 1908 3581 1977 proferre,
3610 1909 3713 1963 hoc

2127 2005 2232 2061 est,
2255 1997 2399 2051 solas
2421 1997 2613 2053 littera:
2636 1997 2833 2067 ﬁguras
2848 1998 2996 2067 sequi
3018 1997 3238 2055 Judaico
3260 2015 3411 2054 more
3431 2016 3708 2066 curamus,

2127 2085 2253 2156 quid
2307 2088 2449 2141 inter
2499 2088 2805 2156 quotidiana
2858 2096 3072 2158 peccata
3123 2089 3523 2158 correptionis,
3576 2090 3717 2144 inter

2134 2181 2534 2237 crebrescentes
2577 2195 2844 2237 aerumnas
2891 2182 3073 2236 saeculi
3119 2182 3526 2247 consolationis,
3576 2183 3716 2237 inter

2129 2273 2440 2329 innumeros
2478 2273 2600 2329 vita:
2639 2274 2798 2343 hujus
2843 2289 3056 2331 errores
3110 2276 3402 2343 spiritualis
3451 2275 3714 2331 doctrinae

2130 2365 2368 2434 legentes
2398 2365 2483 2420 vel
2510 2364 2790 2421 audientes
2812 2366 3156 2436 acquirimus,
3188 2366 3313 2421 dum
3337 2375 3523 2436 aperto
3554 2366 3713 2435 libro,

2129 2459 2275 2514 verbi
2303 2460 2497 2529 gratia,
2532 2458 2670 2515 beati
2700 2459 2970 2516 Samuelis
2992 2501 3011 2525 ,
3057 2460 3313 2515 Elcanam
3344 2462 3515 2514 virum
3548 2474 3715 2513 unum

2130 2547 2264 2603 duas
2296 2564 2496 2604 uxores
2528 2549 2782 2605 habuisse
2818 2550 3141 2620 reperimus,
3182 2564 3281 2606 nos
3308 2550 3567 2617 maxime,
3592 2550 3717 2618 qui-

2132 2641 2233 2697 bus
2279 2642 2664 2697 ecclesiasticae
2712 2643 2837 2698 vita:
2888 2642 3276 2699 consuetudine
3327 2644 3482 2712 longe
3512 2642 3624 2697 ﬁeri
3651 2642 3719 2696 ab

2134 2734 2324 2790 uxoris
2346 2736 2631 2804 complexu
2662 2744 2716 2790 et
2742 2736 2965 2791 caelibes
2997 2752 3215 2791 manere
3248 2737 3582 2805 propositum
3614 2746 3719 2798 est,

2132 2825 2177 2880 si
2212 2840 2315 2881 non
2360 2824 2519 2879 etiam
2550 2827 2617 2881 dc
2646 2826 2729 2880 bis
2756 2838 2809 2881 et
2840 2826 3141 2895 hujusmodi
3175 2827 3332 2881 dictis
3363 2827 3710 2895 allegoricnm

2133 2915 2442 2971 noverimus
2489 2917 2775 2986 exculpere
2815 2932 3056 2983 sensum,
3090 2919 3177 2987 qui
3208 2918 3465 2973 vivaciter
3490 2918 3719 2973 interius

2136 3006 2465 3076 castigando,
2500 3007 2815 3072 erudiendo,
2845 3008 3171 3063 consolando
3203 3008 3407 3065 reﬁcit?

2204 3096 2359 3154 Unde
2391 3108 2481 3153 tuo
2507 3097 2721 3167 crebro,
2752 3099 3103 3155 dilectissime
3130 3115 3195 3154 ac
3224 3101 3719 3158 desiderantissime

2134 3190 2374 3246 omnium
2422 3189 2507 3259 qui
2551 3190 2605 3245 in
2656 3189 2815 3245 terris
2856 3199 3144 3266 morantur
3188 3192 3509 3259 antistitum,
3555 3196 3718 3261 Acca,

2135 3290 2457 3351 provocatus
2500 3280 2736 3345 hortatu,
2784 3281 2888 3335 tuis
2930 3281 3097 3337 fretus
3134 3284 3485 3351 orationibus,
3518 3299 3721 3340 memo-

2135 3375 2235 3428 r..ti
2283 3374 2581 3444 prophetae,
2630 3374 2717 3442 qui
2773 3381 2897 3428 tunc
2944 3374 3239 3429 vocabatur
3271 3374 3491 3440 Videris,
3521 3378 3721 3446 scripta

2138 3468 2492 3537 perlustrans,
2524 3467 2568 3521 si
2600 3466 2749 3537 quid,
2779 3465 3017 3523 donante
3047 3466 3139 3521 illo
3170 3468 3256 3536 qui
3290 3466 3338 3522 ei
3370 3467 3531 3521 multa
3561 3468 3720 3536 spiri-

2139 3558 2299 3612 tnalia
2346 3555 2493 3612 dedit
2542 3556 2744 3622 videre,
2775 3554 3048 3623 Spirituale
3076 3570 3137 3610 ac
3166 3557 3451 3628 mysticum
3480 3568 3718 3626 poteram

2135 3648 2411 3712 contueri,
2457 3646 2650 3703 litteris
2690 3647 2945 3702 mandare
2974 3649 3191 3704 curabo.
3237 3648 3299 3703 Et
3332 3657 3450 3718 post
3477 3648 3719 3719 qualem-

2134 3756 2344 3810 cunque
2391 3740 2780 3810 expositiouem
2814 3740 2953 3796 beati
2987 3741 3143 3797 Lucra
3182 3742 3472 3809 dictorum,
3525 3742 3717 3812 quibus

2135 3834 2507 3904 evangelicos,
2565 3835 2647 3889 vel
2710 3836 2876 3903 ipsius
2924 3834 3172 3900 Domini,
3225 3836 3305 3890 vel
3359 3836 3720 3905 apostolorum

2136 3924 2253 3993 ejus
2280 3938 2431 3979 actus
2456 3924 2731 3991 describit,
2782 3926 2943 3979 etiam
2992 3925 3131 3981 hunc
3173 3927 3570 3981 sanctissimum
3612 3927 3722 3982 Do-

2138 4017 2283 4071 mino
2310 4031 2375 4072 ex
2405 4016 2591 4071 matris
2624 4026 2776 4072 utero
2803 4014 3136 4083 Nazarazum,
3174 4031 3279 4070 non
3312 4017 3488 4071 minus
3519 4017 3631 4071 suis
3660 4017 3716 4072 in

2136 4108 2347 4177 scriptis
2389 4109 2757 4178 evangelista,
2810 4122 2967 4177 quam
3000 4107 3239 4163 historici
3265 4108 3507 4162 functum
3536 4107 3720 4163 ofﬁcio

2139 4200 2367 4269 probare
2395 4208 2653 4268 satagam,
2684 4180 2881 4268 quippe
2908 4198 2997 4268 qui
3026 4209 3079 4251 et
3106 4198 3221 4266 ipse
3250 4197 3429 4253 omnia
3462 4198 3721 4253 Mediatoo

2137 4294 2211 4348 ris
2257 4291 2345 4346 Dei
2396 4300 2450 4345 et
2495 4290 2795 4355 hominum,
2840 4290 3077 4344 hominis
3120 4289 3246 4344 .Iesu
3295 4290 3493 4345 Christi
3541 4304 3720 4345 sacra-

2140 4395 2319 4441 menta
2373 4384 2601 4454 ﬁgurato
2652 4384 2823 4439 ﬁdelis
2851 4383 3113 4449 historiae,
3158 4384 3249 4439 sed
3283 4384 3598 4454 plenissimo
3626 4384 3721 4440 de-

450 4485 804 4541 dilectissime
827 4485 1013 4552 frater,
1041 4484 1305 4555 Bedaeque
1335 4484 1410 4539 tui
1439 4498 1655 4555 semper
1681 4501 1886 4542 memor
1910 4503 2028 4545 esse

2140 4479 2369 4548 signavit
2416 4476 2655 4548 eloquio.
2706 4475 2966 4547 Denique,
3020 4486 3078 4531 ut
3121 4477 3189 4531 de
3235 4477 3449 4532 caeteris
3494 4486 3721 4545 taceam,

449 4578 711 4650 digneris.

977 4671 1309 4728 EPISTOLA
1370 4672 1505 4727 Ᾱ111.

1083 4782 1151 4821 ΑΒ
1199 4781 1396 4821 ΑεεΑιι.

520 4857 599 4914 De
621 4858 876 4915 Samuelis
902 4858 1017 4913 libri
1044 4859 1196 4927 primi
1218 4860 1494 4931 allegorica
1517 4858 1959 4927 interpretatione.

519 4951 849 5021 Qumcunqne
881 4950 1021 5007 enim
1051 4954 1241 5021 scripta
1282 4960 1420 5018 sunt,
1466 4952 1535 5006 ad
1577 4961 1805 5005 nostram
1838 4951 2035 5005 dortri-

446 5062 566 5101 nam
596 5048 787 5113 scripta
818 5053 961 5110 sunt,
1010 5053 1068 5099 at
1115 5061 1205 5115 per
1237 5045 1535 5115 patientiam
1565 5053 1611 5097 et
1639 5044 2035 5097 consolationem

450 5137 838 5205 Scripturarum
887 5153 1029 5206 spem
1084 5137 1384 5190 habeamus.
1438 5138 1503 5191 Et
1546 5134 1931 5190 alibi:0mnia
1982 5136 2036 5189 in

448 5231 617 5301 ﬁgura
643 5228 998 5296 contingebant
1021 5228 1145 5283 illis.
1171 5228 1377 5298 Scripta
1404 5238 1527 5283 sunt
1554 5228 1618 5281 ad
1643 5228 2033 5297 correptionem

450 5329 708 5383 nostram,
738 5320 792 5371 in
821 5334 947 5383 quos
976 5318 1104 5387 ﬁnes
1131 5318 1437 5372 saeculorum
1477 5319 1804 5373 devenerunt.
1855 5316 1959 5372 Sed
1984 5326 2039 5374 et

452 5416 638 5470 beatus
688 5416 963 5483 apostolus
1019 5414 1209 5470 Petrus
1270 5416 1557 5470 dominica:
1612 5415 2034 5479 incarnationis,

453 5508 716 5574 passionis
744 5518 797 5563 et
830 5508 1149 5575 posterioris
1195 5507 1383 5577 glorias
1424 5517 1662 5577 tempora
1711 5522 2037 5561 commemo—

453 5617 597 5670 rans,
630 5602 759 5655 dicit
807 5603 945 5656 inter
984 5610 1176 5656 caetera
1206 5617 1219 5653 :
1251 5600 1316 5654 Et
1369 5616 1541 5655 omnes
1588 5600 1851 5670 prophetw
1875 5616 1907 5652 a
1938 5598 2038 5655 Sa-

453 5697 607 5758 muel,
640 5704 687 5747 et
736 5696 976 5761 deinceps
1016 5694 1101 5763 qui
1151 5694 1309 5747 locuti
1341 5702 1481 5759 sunt,
1516 5694 1669 5747 etiam
1706 5694 2038 5747 annuntiarc-

457 5797 573 5841 rtmt
615 5789 735 5844 istos
785 5790 911 5846 dies.
960 5790 1016 5848 Si
1060 5787 1200 5845 cnim
1243 5786 1309 5844 ad
1356 5799 1592 5845 nostram
1619 5790 2035 5858 correptionem,

2137 4568 2285 4625 sinus
2328 4568 2517 4636 David,
2573 4570 2745 4625 locum
2797 4568 3124 4638 nativitatis,
3182 4568 3415 4622 ofﬁcium
3467 4569 3721 4638 pastoris,

2135 4656 2385 4719 ruborem
2411 4678 2474 4717 ac
2501 4661 2948 4731 pulchritudinem
2977 4670 3242 4730 aspectus,
3269 4660 3484 4715 modum
3510 4662 3719 4717 unetio-

2134 4754 2243 4817 nis,
2273 4753 2484 4821 insigne
2514 4752 2790 4819 virtutum,
2826 4750 3032 4819 pondus
3064 4748 3489 4813 tribulationum,
3523 4757 3578 4805 et
3604 4764 3717 4819 pro-

2137 4845 2283 4902 missi
2313 4846 2440 4901 olim
2464 4845 2610 4913 regni
2640 4843 2887 4913 gloriam,
2920 4852 3063 4897 arcta
3089 4843 3422 4909 consideres,
3456 4844 3500 4897 si
3523 4854 3719 4913 quanta

2138 4942 2190 4995 in
2216 4937 2539 5008 ltissingulis
2568 4937 2690 4993 lidei
2734 4945 2793 4993 et
2829 4935 3073 4991 veritatis
3107 4935 3443 5006 Evangelica:
3468 4946 3719 5006 congesta

2139 5030 2393 5101 mysteria
2420 5029 2529 5085 sint
2556 5042 2771 5084 cernas.
2819 5027 3016 5083 Verum
3062 5027 3178 5082 haec
3204 5042 3303 5082 suo
3333 5027 3453 5081 loco
3483 5027 3718 5097 planius,

2140 5138 2281 5178 nunc
2328 5137 2394 5178 ex
2446 5121 2635 5177 ordine
2688 5120 2986 5190 injunctum
3036 5124 3209 5189 opus,
3264 5133 3500 5189 superno
3548 5118 3717 5173 solum

2140 5218 2309 5273 fidens
2358 5215 2578 5280 auxilio,
2627 5222 2683 5269 et
2730 5223 2937 5282 patrum
2990 5212 3215 5280 vestigia
3248 5223 3496 5281 sequens,
3532 5198 3718 5281 aggrei

2138 5313 2276 5368 diar.
2308 5312 2372 5368 Et
2399 5311 2442 5370 si
2473 5309 2687 5380 quidem
2720 5308 3035 5371 multorum,
3068 5316 3123 5360 ut
3148 5306 3420 5370 desidero,
3453 5320 3605 5360 meus
3628 5319 3718 5359 su-

2139 5406 2238 5461 dor
2269 5404 2482 5459 utilitati
2514 5412 2563 5458 et
2594 5400 2881 5456 commodo
2935 5399 3217 5467 profuerit,
3272 5398 3437 5451 multa
3484 5411 3571 5452 me
3619 5397 3718 5451 do-

2143 5500 2379 5554 nandum
2427 5498 2675 5553 merccde
2721 5510 2844 5550 cum
2888 5493 2991 5548 illis
3037 5508 3066 5545 a
3119 5492 3345 5547 Domino
3396 5506 3585 5561 spero;
3635 5492 3717 5545 sin

2142 5604 2342 5659 autem,
2376 5605 2476 5645 nec
2508 5588 2634 5642 mihi
2666 5597 2845 5641 tamen
2878 5600 2992 5640 mea
3038 5583 3277 5652 solertia,
3312 5598 3429 5651 quae
3461 5597 3547 5637 tne
3574 5590 3720 5636 tanto

2144 5700 2382 5757 tempore
2406 5669 2603 5739 laboris
2627 5680 2848 5748 hujusce
2874 5678 3104 5733 otiosum
3131 5691 3275 5739 esse,
3300 5676 3717 5745 supervacuisve

2143 5784 2298 5843 rebus
2348 5780 2581 5837 animum
2626 5773 2897 5843 indulgere
2931 5786 3036 5828 non
3071 5769 3217 5839 sinit,
3252 5767 3575 5825 infructuosa
3606 5766 3713 5821 exi-
