4220 6472
627 300 725 352 ﬁlii)

1297 298 1494 351 [ilisz
1540 289 1991 349 VENERABILIS
2029 286 2178 343 OI‘P.

2232 285 2398 339 PARS
2440 285 2525 339 Ill.
2570 313 2639 324 —
2679 282 3154 337 l‘All.-ENETIC.~\.
3773 280 3865 335 700

627 427 769 467 stere
803 414 1015 480 poterit.
1065 414 1220 480 Ergo,
1270 428 1388 477 age,
1440 413 1733 474 vid-mntis,
1789 409 2045 477 propheta
2093 408 2186 460 Sa-
2221 402 2260 458 Α
2296 400 2347 450 in
2400 399 2687 453 solitudine
2740 399 2971 463 Pltaran,
3030 396 3355 465 profectique
3402 403 3538 449 sunt
3584 394 3656 450 de
3700 409 3868 451 monte

631 506 790 573 muel,
822 505 911 574 qui
944 506 1150 558 loeutus
1176 514 1254 557 est
1282 517 1331 557 et
1365 503 1699 557 annuntiavit
1729 503 1842 554 dies
1872 504 2021 558 istos.
2049 501 2185 568 quod

627 597 865 665 ejusdem
896 598 1178 651 locutionis
1207 609 1258 650 et
1288 597 1705 649 annuntiationis
1738 609 1847 646 sua:
1880 594 2063 646 iecerit
2092 592 2190 645 ini-

633 693 758 740 tium
788 707 800 753 ;
854 699 907 741 et
940 704 1001 742 ex
1032 687 1218 741 ordine
1245 689 1596 749 disserentes,
1629 686 1767 739 beati
1805 684 1941 739 Petri
1970 693 2187 750 aposto«

630 780 800 831 lorum
834 778 1084 846 principis
1115 778 1405 846 adjutorio,
1431 780 1517 843 qui
1548 786 1753 834 cuncta.
1787 775 1977 845 quibus
2005 773 2190 827 diebus

604 870 733 921 sint
762 866 1010 934 aptanda,
1039 868 1336 934 perdocuit,
1360 868 1588 937 qualiter
1616 866 1822 935 singula
1853 866 1955 917 sint
1986 863 2186 918 eisdem

626 956 811 1009 diebus
840 956 1093 1024 aptanda,
1126 972 1444 1022 qumramus.

1147 1043 1472 1096 EPISTULA
1532 1042 1666 1096 XIV.

942 1133 1019 1187 De
1057 1135 1397 1186 mansionibus
1425 1134 1648 1199 ﬁliorum
1682 1131 1867 1186 Israel.

699 1224 922 1278 Domino
953 1225 1002 1276 in
1034 1223 1244 1277 Christo
1271 1224 1615 1277 dilectissimo
1646 1234 1699 1277 et
1725 1240 1841 1277 cum
1876 1224 2019 1275 omni
2050 1239 2187 1275 smn-

629 1331 723 1381 per
764 1315 1166 1368 honoriﬁcentia
1218 1314 1539 1367 nominando
1581 1314 1800 1366 antistiti
1837 1314 2007 1378 Acer,
2046 1315 2182 1366 Beda

623 1407 788 1460 ﬁdelis
816 1416 935 1459 tuus
962 1405 1206 1458 famulus.

692 1494 953 1561 Quasdam
982 1496 1107 1548 milii
1133 1495 1350 1563 pariter,
1378 1494 1719 1547 dilectissime
1743 1493 2055 1555 antistitum,
2082 1510 2183 1546 non

623 1594 798 1638 tamen
831 1585 986 1639 unius
1012 1586 1357 1654 ejusdemque
1379 1584 1703 1638 difﬁcultatis
1733 1586 2017 1638 solvendas
2044 1602 2187 1653 quat-

628 1675 828 1727 stiunes
867 1673 1209 1737 destinando,
1246 1688 1531 1742 parumper
1562 1688 1645 1726 me
1676 1675 1740 1726 ab
1770 1675 2013 1727 inchoata
2048 1674 2183 1727 beati

2297 488 2615 557 Dominihvia
2651 490 2804 543 trium
2837 489 3066 553 dierum,
3092 489 3260 542 donec
3300 487 3555 541 venirent
3594 488 3663 541 ad
3704 488 3865 544 locum

2296 582 2607 647 mansionis,
2656 598 2773 647 qua:
2822 582 3010 633 merito
3042 580 3217 648 populi
3243 594 3429 633 carnes
3463 578 3753 649 Aigyptias
3779 582 3864 635 de-

2293 673 2595 736 siderantis,
2627 672 2993 739 sepulcrorum
3026 671 3471 738 concupiscentia:
3500 686 3705 724 nomen
3731 686 3867 726 acce-

2296 763 2387 829 pit.
2423 760 2614 815 Ultima
2646 772 2823 816 autem
2852 761 3040 815 barum
3076 762 3429 827 mansionum,
3460 759 3518 815 id
3550 772 3659 825 est,
3685 761 3865 829 Gades,

2293 868 2397 918 quo
2430 851 2516 905 die
2547 851 2629 904 vel
2663 866 2847 903 mense
2874 852 3110 919 ejusdem
3159 851 3280 904 anni
3328 851 3397 904 sit
3445 851 3725 918 ingressa,
3772 866 3867 903 non

2293 941 2513 1004 dicitur;
2547 942 2641 994 sed
2674 950 2846 994 tamen
2875 941 2992 1008 quia
3026 953 3077 994 et
3107 940 3215 1009 ipsa
3247 942 3297 994 in
3331 941 3636 994 solitudine
3670 940 3867 996 Pharao

2290 1030 2391 1084 sita
2421 1034 2539 1100 quia
2569 1032 2756 1086 eodem
2782 1047 2923 1086 anno
2947 1031 3107 1085 fuerit
3137 1032 3299 1099 adita,
3328 1049 3429 1085 non
3461 1042 3704 1087 tacetur.
3734 1032 3865 1087 Scri-

2293 1131 2435 1189 ptum
2468 1132 2549 1175 est
2581 1122 2719 1176 enim
2754 1142 2765 1175 :
2802 1122 2863 1175 Et
2905 1124 3123 1192 populus
3167 1140 3265 1175 non
3306 1133 3378 1176 est
3425 1136 3604 1177 motus
3653 1126 3717 1177 de
3765 1125 3865 1179 loco

2290 1214 2399 1278 illo,
2432 1215 2611 1276 donec,
2655 1225 2888 1268 revocata
2921 1212 3111 1280 Maria,
3146 1216 3399 1284 profectus
3420 1225 3492 1268 est
3527 1218 3595 1269 de
3626 1215 3865 1269 Haseroth

2289 1305 2407 1371 ﬁxis
2438 1306 2662 1358 tentoriis
2690 1306 2739 1357 in
2770 1306 2964 1358 deserto
3013 1305 3218 1358 Pharan
3243 1323 3261 1370 ;
3288 1306 3355 1358 ibi
3381 1307 3593 1360 loeutus
3641 1318 3716 1360 est
3768 1306 3859 1361 Do-

2232 1462 2237 1467 .
2290 1395 2456 1446 minus
2486 1397 2552 1445 ad
2584 1395 2789 1464 Moysen
2820 1397 2988 1449 dicens
3009 1409 3030 1450 .'
3059 1395 3204 1450 Mitte
3249 1397 3379 1450 uiros
3418 1397 3509 1467 qui
3532 1400 3865 1467 considerent

2290 1492 2473 1536 terram
2506 1483 2789 1547 Chanaan;
2829 1484 2970 1554 quod
3016 1500 3083 1541 ne
3130 1486 3365 1554 proxima
3418 1498 3546 1554 post
3602 1488 3860 1543 llaserotb

2291 1576 2565 1629 mansione
2609 1578 2813 1645 jussum
2862 1578 3159 1647 laetumque
3190 1587 3422 1646 putetur,
3453 1580 3550 1633 sed
3588 1582 3765 1648 potius
3794 1581 3864 1633 in-

2295 1666 2559 1735 telligatur
2588 1666 2638 1721 in
2673 1668 2855 1720 ultima
2888 1684 3068 1723 earum
3096 1684 3213 1737 quae
3243 1670 3340 1723 sub
3374 1670 3589 1723 Pharan
3625 1671 3861 1725 solitudi-

629 1765 899 1833 pr0pheta:
927 1764 1189 1818 Samuelis
1217 1764 1548 1829 expositione
1580 1765 1642 1815 ad
1677 1764 1855 1817 Mosen
1889 1763 2184 1833 lsaiamque

2232 1747 2261 1802 ll
2295 1756 2376 1806 uis
2406 1757 2622 1810 nomine
2670 1757 3009 1811 continentur
3058 1759 3354 1826 impletum,
3402 1761 3689 1815 videamus
3732 1763 3861 1829 quod

626 1854 942 1908 scrutandos
967 1854 1244 1907 artiorilum
1268 1853 1551 1907 deﬂectere
1573 1854 1737 1922 cogis.
1764 1854 1994 1917 Quarum
2020 1856 2186 1921 prima

627 1959 745 2010 quae
782 1944 847 1996 ad
893 1944 1161 1998 historiam
1213 1944 1463 2011 pra'teriti
1511 1945 1766 2012 temporis
1807 1943 2052 2011 respicit,
2100 1954 2189 1997 aut

626 2032 779 2086 facile
828 2031 1051 2086 fortasse
1102 2034 1375 2095 clarescet,
1424 2044 1511 2087 aut
1567 2048 1668 2086 non
1716 2048 1906 2101 magno
1954 2034 2189 2101 periculo

623 2123 916 2178 remanebit
958 2124 1181 2177 occulta.
1231 2124 1471 2178 Secunda
1523 2140 1667 2191 vero,
1725 2125 1864 2193 quod
1913 2125 1978 2178 ad
2029 2126 2186 2179 ﬁdem

625 2213 851 2278 pertinet
891 2212 1207 2275 futurorum,
1250 2215 1470 2267 sialiter
1515 2228 1673 2283 quam
1723 2214 1877 2269 decet
1904 2215 2184 2278 sentiatur,

619 2305 915 2359 cavendum
943 2316 1025 2360 est
1056 2322 1121 2360 ne
1151 2306 1301 2360 fovea
1355 2307 1749 2361 nefandissimte
1797 2307 2062 2361 btereseos
2108 2308 2188 2360 in-

618 2408 878 2451 curratur.
929 2398 1133 2465 Quaeris
1179 2415 1306 2467 ergo
1350 2402 1653 2455 mansiones
1710 2401 1940 2455 ﬁliorum
2001 2400 2184 2468 Israel,

623 2504 739 2558 quae
784 2489 1131 2559 quadraginta
1165 2500 1216 2545 et
1246 2488 1365 2545 dote
1398 2492 1595 2560 pariter
1626 2491 1675 2545 in
1710 2491 1891 2545 ultima
1929 2490 2047 2544 libri
2081 2490 2187 2544 Nu-

621 2595 887 2633 merorum
933 2591 1081 2649 parte
1124 2592 1518 2650 computantur,
1574 2592 1703 2650 quot
1744 2583 1829 2638 vel
1861 2582 2051 2651 quibus
2082 2584 2187 2635 sint

621 2671 770 2723 anuis
814 2672 1054 2739 aptandas
1103 2673 1394 2741 longissimi
1447 2674 1585 2726 illius
1643 2673 1877 2738 itineris,
1930 2672 2068 2740 quod
2121 2672 2186 2725 ab

618 2760 852 2833 JEgypto
880 2762 945 2815 ad
977 2773 1168 2816 terram
1201 2763 1633 2829 repromissionis
1662 2763 1936 2831 agebatur.
1967 2763 2185 2815 Cunctis

620 2854 763 2905 enim
811 2853 1109 2919 legentibus
1153 2853 1336 2919 liquet,
1366 2853 1608 2919 quamvis
1631 2867 1800 2905 annos
1831 2852 2068 2919 ejusdem
2102 2852 2187 2905 iti-

622 2944 768 2996 neris
807 2944 993 2996 eodem
1024 2957 1189 3012 prepe
1218 2956 1323 3011 quo
1352 2951 1406 2997 et
1447 2943 1752 2997 mansiones
1794 2957 2017 2997 numero
2053 2958 2184 2997 con-

617 3038 781 3099 cludi,
826 3053 1156 3106 nequaquam
1203 3048 1377 3091 tamen
1418 3038 1655 3107 singulos
1684 3051 1854 3092 annos
1884 3036 1934 3091 in
1964 3037 2185 3107 singulis

2297 1844 2430 1897 iul'ra
2480 1847 2734 1913 scriptum
2787 1856 2869 1901 est
2906 1863 2922 1902 :
2968 1847 3267 1919 Reversique
3311 1851 3672 1918 exploratores
3728 1860 3864 1905 terra:

2294 1948 2404 2003 post
2430 1939 2772 2007 quadraginta
2800 1940 2927 2005 dies,
2960 1940 3094 1993 omni
3120 1943 3325 2013 regione
3358 1944 3598 2007 circuitu,
3633 1954 3863 1999 venerunt

2291 2030 2357 2079 ad
2392 2028 2599 2098 Moysen
2640 2040 2685 2081 et
2715 2030 2886 2083 Aaron
2927 2040 2973 2085 et
3001 2031 3068 2084 ad
3094 2048 3291 2086 omnem
3320 2044 3499 2087 cretum
3528 2035 3763 2103 ﬁliorum
3790 2033 3862 2089 Is-

2290 2119 2397 2171 rael
2422 2122 2472 2171 in
2502 2121 2750 2174 desertum
2794 2120 3025 2188 Pharon,
3079 2123 3215 2192 quod
3254 2134 3327 2177 est
3354 2126 3404 2177 in
3434 2123 3626 2180 Cades.
3674 2123 3779 2178 Sed
3817 2134 3862 2178 et

2290 2209 2340 2263 in
2364 2209 2771 2265 Deuteronomio
2784 2212 2989 2283 Moyses
3011 2214 3122 2281 ipse
3144 2213 3374 2283 loquitur
3396 2218 3593 2283 populo
3614 2234 3627 2270 :
3648 2217 3861 2285 Cumque

2290 2301 2548 2354 t-enissetis
2586 2301 2640 2353 in
2681 2302 3013 2368 Cadesbarne,
3042 2305 3147 2357 dixi
3168 2306 3303 2358 vobis
3332 2320 3351 2360 :
3385 2305 3604 2359 l’enistis
3630 2308 3701 2360 ad
3730 2325 3860 2360 mon-

2290 2401 2386 2442 tem
2430 2391 2712 2445 Amorrluri
2736 2410 2880 2461 quem
2907 2391 3157 2448 Dominus
3192 2394 3326 2449 Deus
3358 2407 3525 2450 noster
3556 2399 3773 2451 daturus
3795 2408 3861 2452 est

2289 2482 2447 2546 nobis,
2480 2484 2591 2537 vide
2614 2493 2821 2552 terram,
2860 2502 3014 2555 quam
3058 2486 3305 2539 Dominus
3337 2486 3472 2542 Deus
3497 2498 3620 2542 tuus
3644 2491 3733 2541 dat
3758 2488 3858 2553 tibi,

2288 2574 2498 2627 dicende
2541 2590 2692 2639 eam;
2739 2584 2785 2628 et
2830 2576 3108 2629 accessistis
3137 2576 3205 2628 ad
3226 2593 3304 2629 me
3331 2592 3500 2630 omnes
3543 2589 3705 2643 atque
3731 2578 3858 2630 dixi-

2287 2666 2415 2717 stis:
2444 2663 2592 2717 Mitte
2637 2668 2772 2719 viros
2820 2668 2907 2735 qui
2948 2668 3265 2721 considerent
3316 2679 3523 2732 terram,
3573 2680 3682 2725 etc.
3717 2668 3858 2736 Quod

2288 2764 2462 2809 autem
2504 2757 2751 2810 eamdem
2796 2758 3128 2813 mansionem
3160 2760 3392 2813 secundo
3422 2775 3562 2814 anno
3593 2763 3771 2815 exitus
3798 2759 3859 2813 de

2288 2843 2519 2915 Egypto
2560 2846 2827 2911 adierunt,
2861 2864 2889 2902 a
2918 2864 3018 2917 qua
3069 2857 3243 2904 tamen
3296 2862 3513 2919 peccato
3558 2867 3857 2906 murmura-

2288 2939 2446 2992 tionis
2473 2948 2615 2993 retro
2644 2942 2840 2995 reverti
2884 2956 2946 2995 ac
2990 2944 3154 2996 multo
3186 2952 3422 3012 tempore
3466 2960 3559 3014 per
3589 2946 3854 2999 desertum

2288 3028 2405 3099 vagi
2446 3045 2631 3086 errare
2670 3040 2724 3086 et
2755 3033 2955 3102 passim
3009 3034 3202 3089 cadere
3254 3044 3589 3101 meruerunt,
3642 3043 3856 3089 testatur

620 3127 808 3181 castris
845 3142 937 3181 eos
969 3126 1130 3181 luisse
1158 3106 1627 3183 commemoratos.
1662 3128 1781 3191 Ubi,
1812 3128 1949 3183 sicut
1979 3126 2030 3181 in
2061 3142 2179 3181 om-
2208 3106 2253 3167 (ἶ
2286 3119 2494 3192 Moyses
2524 3122 2575 3176 in
2608 3124 2976 3194 sequentibus,
3022 3126 3206 3179 dicens
3236 3143 3248 3179 :
3283 3126 3497 3181 Sedistis
3537 3143 3662 3197 ergo
3688 3128 3739 3180 in
3764 3124 3855 3179 Ca-

616 3216 775 3269 n'bus
821 3217 988 3284 soleo,
1038 3226 1137 3271 tua:
1185 3217 1492 3271 beatitudini
1544 3226 1822 3285 promptus
1871 3217 1990 3271 dico
2038 3216 2178 3287 quod

615 3305 808 3371 sentio,
863 3317 1068 3372 castra,
1122 3308 1410 3372 videlicet,
1469 3309 1551 3363 vel
1605 3310 1908 3363 mansiones
1962 3310 2179 3364 easdem

614 3398 774 3450 trium
828 3400 1192 3454 tantummodo
1235 3414 1529 3469 congruere
1571 3400 1851 3457 curriculis
1889 3415 2175 3467 annorum,

613 3490 786 3557 primi,
828 3490 1097 3557 videlicet,
1140 3492 1359 3546 secundi
1383 3500 1439 3546 et
1467 3492 1882 3562 quadragesimi,
1914 3493 2180 3562 egressio-

607 3577 688 3630 nis
714 3592 776 3631 ει
802 3576 1051 3649 Egypto.

683 3668 920 3734 Quorum
956 3671 1172 3738 .primus
1219 3671 1456 3725 continet
1481 3686 1651 3725 annus
1690 3672 1994 3726 mansiones
2034 3683 2178 3726 certa

613 3759 955 3814 distinctione
995 3762 1292 3817 duodecim.
1328 3764 1558 3817 Primam
1593 3779 1713 3818 esse
1742 3766 2055 3819 duodecima
2094 3766 2181 3821 die

617 3849 771 3919 primi
796 3852 993 3906 mensis
1018 3852 1344 3922 ingressum;
1381 3856 1617 3908 ultimam
1649 3856 1987 3909 solitudinem
2012 3856 2178 3923 Sinai,

616 3943 785 4010 prima
809 3942 893 3996 die
918 3945 1057 3998 tertii
1084 3946 1283 3999 mensis
1309 3947 1527 4011 aditum,
1571 3958 1624 4001 et
1648 3962 1740 4016 per
1766 3948 2007 4003 undecim
2039 3964 2181 4004 men-

612 4045 701 4085 ses
748 4033 1067 4101 continuos,
1115 4037 1456 4091 construendi
1510 4038 1869 4105 tabernaculi,
1922 4040 2180 4095 docendae

614 4121 746 4189 legis
795 4124 987 4191 gratia,
1041 4126 1259 4181 minime
1309 4128 1568 4181 relictam.
1620 4130 1877 4195 Quarum,
1909 4130 2176 4197 videlicet,

610 4212 887 4265 duodecim
915 4214 1249 4267 mansionum
1280 4232 1467 4270 novem
1501 4219 1836 4271 solummodo
1857 4219 1991 4272 liber
2014 4219 2177 4273 Exodi

612 4302 927 4356 nominatim
961 4304 1291 4371 exprimens,
1319 4316 1542 4359 crateras
1571 4317 1675 4360 tres
1706 4309 1804 4361 sub
1831 4308 2029 4363 deserti
2059 4310 2177 4377 Sin,

605 4391 751 4459 quod
782 4406 900 4446 esse
927 4392 1123 4445 dicitur
1165 4394 1302 4447 inter
1350 4395 1483 4448 Elim
1510 4408 1561 4449 et
1590 4397 1756 4461 Sinai,
1798 4398 2055 4453 vocabulo
2099 4399 2176 4453 in-

604 4482 832 4535 discrete
876 4483 1151 4551 praeteriit.

677 4571 954 4627 Secundus
984 4587 1159 4627 anuus
1188 4575 1560 4644 complectitur
1592 4577 1895 4632 mansiones
1922 4579 2102 4646 viginti
2127 4588 2181 4636 et

608 4678 791 4728 unam,
843 4664 1038 4732 quibus
1070 4665 1119 4718 in
1152 4664 1337 4720 ordine
1369 4665 1607 4721 historia:
1636 4670 1839 4722 cunctis
1866 4662 2179 4724 iudiﬁ‘eren-

605 4765 689 4811 ter
735 4755 834 4811 sub
877 4755 1181 4811 solitudinis
1228 4758 1452 4811 Pharum
1494 4759 1707 4814 nomine
1757 4761 2177 4829 comprehensis,

609 4846 774 4914 prima
825 4846 1017 4911 solum,
1076 4847 1306 4901 secunda
1348 4856 1402 4902 et
1442 4848 1623 4902 ultima
1670 4849 1767 4905 hoc
1808 4859 1890 4904 est
1933 4851 2177 4919 sepulcra

605 4937 1057 5003 concupiscentia:
1103 4938 1330 4991 Aserutlt
1361 4948 1415 4992 et
1443 4938 1616 4994 Cades
1656 4956 1752 4993 suo
1783 4940 2179 5010 distinguuntur

603 5043 667 5081 ex
698 5029 949 5093 nomine;
985 5028 1077 5081 sed
1111 5029 1161 5081 in
1194 5030 1438 5097 catalogo
1467 5032 1804 5085 mansionum
1839 5033 2035 5099 pariter
2062 5049 2178 5088 om-

608 5132 702 5172 nes
748 5128 881 5187 quot
929 5133 1154 5172 numero
1206 5118 1423 5186 fuerint,
1474 5122 1556 5175 vel
1608 5137 1712 5190 quo
1757 5125 1972 5179 nomine
1997 5125 2173 5192 dictre,

602 5210 885 5278 diligenter
922 5210 1244 5265 oetenditur.
1296 5212 1531 5277 Quarum
1586 5214 1754 5281 prima
1799 5218 2029 5283 mansio,
2077 5217 2177 5273 hoc

604 5311 707 5364 est,
753 5301 994 5370 sepulcra
1039 5301 1514 5370 concupiscentia),
1556 5307 1791 5358 secundo
1822 5321 2004 5361 mense
2033 5307 2177 5377 ejus-

605 5394 727 5445 dem
774 5393 989 5447 secundi
1033 5394 1154 5447 anni
1208 5394 1464 5448 vicesimo
1490 5398 1723 5451 secundo
1752 5398 1839 5453 die
1871 5400 2067 5455 mensis
2095 5411 2177 5456 est

608 5483 839 5537 introita.
888 5484 1039 5539 Anno
1089 5486 1229 5540 enim
1280 5488 1553 5554 secundo,
1608 5499 1665 5544 ut
1710 5491 1978 5561 Scriptura
2023 5492 2173 5562 dicit,

609 5592 791 5633 mense
846 5583 1117 5648 secundo,
1176 5585 1430 5641 vicesimo
1483 5588 1568 5644 die
1616 5592 1833 5657 mensis,
1896 5602 2176 5648 moverunt

605 5677 775 5721 castra
816 5669 882 5725 de
926 5672 1141 5727 deserto
1185 5676 1352 5744 Sinai,
1404 5689 1453 5733 ct
1495 5682 1753 5748 retubuit,
1789 5684 1973 5754 inquit,
2010 5686 2174 5742 nubes

2284 3216 2530 3268 desbarne
2570 3216 2731 3269 multo
2772 3225 3029 3287 tempore;
3060 3218 3368 3287 profectique
3398 3217 3514 3269 inde
3541 3219 3771 3271 uenimus
3802 3216 3850 3267 in

2282 3305 2610 3358 solitudinem
2656 3321 2770 3374 quia
2812 3306 2949 3359 ducit
2980 3307 3047 3358 ad
3080 3322 3216 3360 mare
3259 3307 3505 3370 Rubrum,
3555 3306 3695 3359 sicut
3737 3304 3853 3357 mihi

2283 3398 2480 3450 dixerat
2520 3395 2787 3463 Dominus,
2837 3410 2885 3450 et
2930 3398 3252 3451 circuiuimus
3293 3407 3509 3451 montem
3550 3397 3674 3451 Seir
3708 3398 3851 3465 longo

2282 3500 2524 3559 tempore.
2560 3491 2624 3543 Et
2666 3490 2841 3544 infra:
2876 3489 3092 3560 Tempus
3115 3502 3284 3542 autem
3332 3506 3429 3556 quo
3478 3489 3846 3543 ambulavimus

2283 3588 2345 3639 de
2364 3586 2680 3640 Cadesbarne
2713 3602 2867 3652 usque
2896 3588 2963 3639 ad
2994 3586 3259 3639 transitum
3285 3585 3515 3637 torrentis
3546 3582 3733 3647 Zared,
3763 3582 3842 3635 tri-

2282 3678 2421 3746 ginta
2464 3685 2577 3729 octo
2620 3692 2872 3730 annorum
2917 3676 3032 3744 fuit,
3084 3677 3241 3728 donec
3280 3682 3657 3726 consumeretur
3692 3670 3847 3725 omnis

2282 3765 2535 3833 generatio
2564 3766 2823 3817 hominum
2850 3764 3151 3817 bellatorum
3182 3767 3243 3816 de
3267 3766 3464 3827 castris,
3491 3766 3619 3815 sicut
3645 3763 3842 3832 iurave-

2282 3865 2358 3907 rat
2383 3853 2650 3908 Dominus.
2680 3854 2846 3909 Z'tt'ed
2879 3867 3055 3909 autem
3108 3871 3213 3910 non
3260 3871 3451 3911 nomen
3498 3866 3580 3911 est
3617 3857 3844 3910 mansio-

2284 3945 2388 4011 nis,
2432 3944 2498 3999 de
2540 3946 2646 4001 illis
2690 3946 2811 4000 dico
2855 3946 3200 4015 quadraginta
3249 3946 3474 4013 duabus,
3526 3947 3618 4001 sed
3658 3959 3840 4001 nomen

2284 4036 2556 4102 torrentis,
2601 4036 2667 4090 ad
2710 4053 2885 4105 quem,
2941 4041 3079 4093 sicut
3115 4038 3166 4092 in
3199 4038 3553 4093 Numerorum
3583 4037 3843 4092 volumine

2285 4130 2491 4198 legitur,
2546 4138 2876 4201 transgressa
2924 4135 3186 4187 tricesima
3220 4144 3407 4188 octava
3450 4136 3729 4189 mansione
3756 4147 3841 4187 no.

2278 4221 2424 4274 mine
2455 4221 2549 4275 llie
2580 4222 2647 4275 ab
2672 4222 2831 4277 Aram
2864 4234 3140 4279 venerunt.
3173 4224 3334 4289 Quem
3366 4227 3725 4295 relinquentes,
3770 4226 3841 4278 in-

2281 4310 2415 4379 quit,
2450 4320 2615 4365 castra
2644 4317 2817 4366 metati
2852 4327 2969 4367 sunt
2995 4326 3170 4369 contra
3200 4318 3395 4381 Arnon,
3437 4333 3550 4385 qua:
3590 4327 3665 4370 est
3688 4318 3737 4370 in
3760 4316 3840 4368 de-

2284 4412 2417 4454 serto
2446 4410 2492 4456 et
2522 4405 2771 4472 prominet
2802 4405 2853 4457 in
2881 4406 3068 4475 ﬁnibus
3101 4407 3426 4472 Amorrhwi;
3457 4409 3594 4476 quod
3624 4407 3841 4477 quadra-

2284 4493 2486 4561 gesimo
2513 4510 2654 4550 anno
2700 4508 2905 4566 gestum
2954 4498 3115 4553 tuisse
3157 4514 3254 4553 nos
3295 4501 3439 4554 latet.
3475 4502 3572 4568 Qui
3603 4501 3839 4555 videlicet

2280 4600 2473 4651 annus,
2518 4589 2956 4658 quadragesimus
2987 4590 3126 4645 idem
3156 4602 3208 4645 et
3241 4592 3487 4659 ultimus,
3528 4594 3837 4663 longissima:

2281 4692 2379 4745 per
2398 4677 2669 4733 desertum
2693 4679 2791 4732 vite
2817 4683 3119 4735 mansiones
3140 4684 3375 4737 continet
3397 4698 3616 4738 numero
3638 4685 3831 4745 decem,

2280 4784 2497 4837 quarum
2533 4773 2697 4839 prima
2721 4780 2803 4826 est
2827 4788 3017 4843 magno
3041 4775 3221 4830 labore
3246 4788 3454 4841 reperta
3482 4795 3493 4828 :
3518 4778 3702 4833 eadem
3727 4781 3832 4845 ipsa

2278 4861 2447 4916 Cades
2476 4863 2672 4917 deserti
2694 4866 2807 4932 Sin,
2843 4882 3000 4935 quam
3032 4877 3154 4922 ante
3184 4869 3393 4939 triginta
3421 4881 3543 4924 octo
3571 4886 3756 4933 annos,
3784 4875 3837 4921 ut

2284 4952 2479 5006 dictuut
2509 4963 2613 5017 est,
2645 4954 2798 5022 culpa
2839 4957 3291 5023 praevaricationis
3333 4958 3596 5029 exigente,
3641 4969 3756 5029 post
3781 4972 3835 5011 se

2277 5049 2475 5099 reversi
2518 5046 2861 5114 reliquerant.
2910 5048 2983 5103 De
3009 5064 3109 5117 qua
3143 5050 3208 5105 ita
3238 5052 3491 5118 scriptum
3525 5062 3603 5107 est
3636 5070 3647 5106 :
3681 5052 3833 5105 Vene-

2277 5148 2492 5206 runtque
2532 5138 2627 5206 ﬁlii
2671 5136 2835 5193 Israel
2882 5147 2929 5193 et
2973 5143 3132 5194 omnis
3180 5144 3451 5197 multitudo
3494 5146 3547 5198 in
3588 5146 3829 5199 desertum

2278 5229 2393 5294 Sin,
2412 5244 2578 5282 mense
2599 5232 2783 5297 primo,
2806 5240 2854 5283 et
2878 5234 3060 5285 mansit
3082 5234 3313 5301 papulas
3327 5234 3378 5286 in
3404 5233 3588 5299 Cades,
3615 5235 3832 5288 Mortua-

2275 5340 2371 5393 que
2404 5335 2474 5376 est
2504 5323 2570 5376 ibi
2601 5324 2770 5377 Maria
2797 5332 2842 5378 et
2870 5327 3070 5394 sepulta
3108 5336 3180 5379 est
3224 5328 3275 5379 in
3314 5328 3488 5381 eodem
3529 5330 3659 5384 loco.
3693 5331 3831 5383 Cum-

2276 5430 2373 5481 que
2420 5416 2662 5483 indigeret
2712 5433 2900 5485 aquam
2953 5418 3208 5487 papulas,
3260 5430 3526 5488 coegerunt
3580 5422 3830 5475 aduersum

2280 5503 2491 5572 Moysen
2515 5514 2558 5557 et
2585 5508 2773 5570 Aaron,
2805 5517 2933 5569 etc.,
2958 5508 3021 5561 ad
3047 5508 3097 5561 id
3127 5513 3264 5575 quod
3294 5512 3549 5577 scriptum
3572 5523 3683 5566 est:
3718 5510 3829 5563 llas

2276 5603 2347 5647 est
2380 5612 2510 5662 aqua
2552 5596 2989 5664 contradictionis,
3032 5600 3116 5651 ubi
3135 5603 3337 5669 jurgati
3379 5612 3493 5653 sunt
3538 5602 3631 5668 ﬁlii
3677 5597 3829 5655 Israel

2278 5696 2447 5739 contra
2474 5686 2742 5741 Dominum
2771 5696 2814 5742 et
2850 5689 3277 5758 sant‘ti/imtuscst
3305 5690 3353 5743 in
3382 5690 3472 5747 eis.
3512 5688 3825 5747 Notandum-
