4220 6454
179 338 283 395 701

1386 302 1577 359 SLCT.
1621 298 1704 353 IV.
1750 323 1819 334 —-
1861 294 2239 353 El’lSl‘OL/E.

3344 288 3444 342 7032

173 466 288 517 ,μω
313 438 454 509 quod
479 434 724 493 eamdem
758 431 926 487 Cades
956 429 1008 481 in
1030 426 1241 479 deserto
1266 422 1475 475 Pharao
1505 414 1630 470 etin
1662 412 1760 465 dc-
1789 407 1839 466 Α
1867 407 1999 462 sicut
2036 410 2261 478 Aquilae,
2308 416 2449 462 tanta
2473 408 2583 477 jam
2614 422 2678 462 ac
2708 406 2828 461 taiia
2881 403 3128 474 malignis
3171 400 3449 470 spiritibus

166 548 323 595 serto
352 533 446 589 Siti
474 530 752 596 Scriptura
780 525 935 579 sitam
961 518 1179 575 referat.
1214 513 1370 569 Unde
1393 508 1581 579 conjici
1611 506 1767 560 datur

176 636 443 685 consueto
475 636 626 678 more
656 621 893 672 locorum
925 618 1125 681 partem
1157 603 1356 661 deserti
1406 601 1635 664 l’haran,
1677 595 1766 650 uhi

178 725 352 782 Cades
402 730 504 783 est,
534 712 839 786 specraliter
884 707 975 761 Sin
1006 699 1285 772 appellari.
1334 696 1428 751 Sin
1456 701 1633 746 autem
1662 704 1767 742 nntt

178 820 296 885 ipsa
345 820 448 877 est,
495 822 654 879 quam
714 816 833 856 mox
867 806 1199 864 tranSgresso
1229 788 1360 843 mari
1401 785 1583 840 Rubro
1631 782 1770 836 inter

183 875 325 964 [:Zlim
356 915 409 960 et
429 875 573 956 Sitiai
607 892 991 967 pertransiere,
1019 887 1113 942 sed
1142 884 1243 938 alia
1274 893 1517 953 prorsus,
1546 875 1771 943 aliisque

180 1002 324 1070 apud
382 996 634 1052 Hebraeos
689 987 891 1055 scripta
944 980 1246 1038 elementis.
1312 972 1556 1031 Secunda
1642 983 1769 1023 vero

179 1093 374 1147 eadem
421 1082 815 1157 quadragesimi
857 1075 980 1132 anni
1023 1072 1228 1128 mansio
1256 1077 1339 1124 est
1366 1080 1522 1122 mons
1554 1063 1685 1127 Hor,
1716 1060 1769 1114 in

180 1200 290 1249 quo
314 1153 561 1236 occubuit
582 1180 756 1230 Aaron
786 1172 955 1240 prima
986 1166 1072 1220 die
1100 1161 1271 1231 quinti
1302 1157 1534 1220 mensis;
1561 1153 1771 1217 ultima,

180 1270 508 1342 catttpestt‘ia
536 1266 689 1321 Moab
712 1277 876 1331 super
903 1256 1191 1315 Jordanem
1214 1258 1402 1305 contra
1423 1242 1661 1308 Jericho,
1681 1240 1771 1294 ubi

182 1359 661 1420 Dcuteronomium
713 1353 1033 1408 meditantes
1089 1349 1400 1399 manserunt
1447 1349 1616 1405 usque
1646 1335 1772 1387 dum

185 1466 307 1526 post
341 1461 566 1507 mortem
617 1447 807 1517 Moysi,
856 1442 1018 1497 Josue
1047 1439 1203 1492 duce.
1233 1435 1404 1503 prima
1448 1428 1536 1485 die
1580 1423 1774 1481 decimi

186 1545 390 1601 mensis
437 1542 577 1597 sicca
651 1538 795 1592 ﬂuvii
847 1529 1097 1589 .Iordanis
1152 1523 1413 1597 profunda
1464 1518 1773 1574 transirent.

187 1638 351 1693 Fiunt
382 1646 509 1702 ergo
552 1644 741 1686 omnes
770 1623 1075 1680 mansiones
1124 1617 1278 1689 primi
1301 1614 1426 1669 anni
1471 1608 1777 1673 duodecim,

187 1727 413 1783 secundi
446 1700 628 1793 viginti
661 1729 717 1776 et
741 1732 865 1781 una,
900 1714 1068 1769 ultimi
1098 1722 1151 1766 et
1181 1712 1294 1779 ipsa
1321 1705 1573 1761 vicesima
1606 1700 1774 1771 prima

188 1836 313 1889 qua:
346 1824 433 1872 est
459 1814 632 1868 Cades
658 1820 713 1865 et
756 1810 876 1863 alia:
916 1819 1134 1866 novem,
1191 1801 1243 1855 id
1290 1807 1373 1853 est
1400 1794 1556 1851 simul
1588 1807 1774 1846 omnes

190 1908 545 1981 quadraginta
576 1914 630 1960 et
651 1904 805 1957 duae:
830 1900 918 1954 ubi
947 1895 1254 1964 diligentius
1280 1889 1588 1946 intuendum
1613 1898 1777 1955 quare

194 2003 472 2072 legislator
503 2006 649 2054 tanta
704 1992 926 2049 solertia
975 1990 1133 2043 trium
1165 1997 1431 2040 annorum
1472 1977 1778 2044 conscripto

193 2094 445 2160 catalogo
475 2090 713 2158 reliquas
742 2083 991 2141 maluerit
1025 2084 1304 2151 prmterire
1334 2074 1571 2137 silentio,
1619 2070 1689 2124 ita
1720 2078 1780 2123 ut

198 2198 350 2240 tanto
407 2193 701 2250 temporum
746 2177 832 2233 vel
891 2174 1065 2242 potius
1103 2169 1426 2225 smculorum
1472 2163 1646 2233 spatio
1700 2160 1783 2215 di-

198 2280 395 2333 stincta
424 2273 764 2329 mansionum
794 2269 909 2322 loca
942 2265 1043 2321 sub
1071 2270 1323 2318 contextu
1354 2257 1621 2313 continua:
1654 2267 1780 2307 nar-

201 2369 430 2424 rationis
442 2364 592 2435 Quasi
612 2377 733 2418 mox
759 2358 1083 2415 subinvicem
1100 2350 1443 2408 succedentia
1463 2350 1779 2401 connectat:

203 2460 509 2533 Egressique
543 2458 606 2509 de
639 2452 878 2506 Ilebrona
903 2456 1072 2501 castra
1100 2442 1271 2497 metati
1300 2448 1415 2493 sunt
1444 2438 1499 2491 in
1533 2436 1783 2504 Asionga-

201 2527 308 2606 be}.
345 2547 475 2603 Inde
520 2544 735 2615 profecti
777 2547 1024 2596 venerunt
1067 2536 1122 2589 in
1150 2540 1402 2588 desertum
1436 2528 1552 2592 Sin,
1577 2527 1685 2579 haec
1710 2533 1783 2578 est

201 2642 385 2698 Gades.
444 2638 646 2711 Egressi
710 2634 772 2688 de
832 2631 1034 2695 Cades,
1090 2634 1258 2680 castra
1316 2620 1489 2676 metati
1542 2625 1659 2671 sunt
1730 2616 1785 2668 in

202 2744 372 2790 monte
403 2708 547 2797 Hor;
584 2745 704 2784 eutn
749 2724 1027 2794 superiora
1056 2717 1340 2775 sollicitius
1377 2712 1626 2782 inquisita
1679 2708 1788 2763 do-

203 2834 360 2882 ceant
402 2837 496 2878 eos
524 2818 761 2875 secundo
789 2828 887 2870 suo
930 2806 1276 2883 profectionis
1306 2818 1447 2858 anno
1497 2801 1564 2855 de
1597 2798 1789 2853 Asian-

204 2922 367 2991 gaber
394 2917 604 2972 venisse
625 2922 678 2968 et
705 2920 825 2981 post
850 2910 1036 2977 longos
1064 2902 1279 2972 triginta
1304 2909 1358 2953 et
1379 2905 1504 2951 octo
1520 2904 1788 2946 annorum

206 2984 505 3072 anfractus,
539 3004 793 3062 detelicta
830 2999 1043 3055 tandem
1075 2996 1264 3049 eadem
1292 2989 1467 3045 Cades
1494 2987 1707 3042 venisse
1738 2984 1790 3037 itt

1868 501 2053 567 gratiae
2077 497 2362 565 spiritualis
2392 512 2454 551 ac
2483 497 2561 552 sic
2585 497 2946 552 intermissum
2973 502 3316 547 occurrentes
3355 506 3447 542 va-

1868 592 2076 646 leamus
2105 594 2320 645 ﬁrmare
2363 599 2538 645 castra
2569 603 2920 657 supernorum
2954 587 3302 654 prolectuum,
3334 598 3452 649 quae

1870 699 1973 736 non
2002 682 2175 736 solum
2205 681 2390 735 divino
2425 680 2688 748 respectui
2714 678 2990 748 grata,sed
3022 687 3074 731 et
3100 674 3450 741 Spiritualium

1871 784 2080 843 patrum
2098 776 2205 829 sint
2220 775 2437 844 scriptis
2452 788 2512 826 ac
2538 772 2695 827 laude
2711 771 3037 838 dignissima.
3058 769 3179 822 llrc
3200 768 3266 821 de
3284 767 3451 835 prima

1873 875 1961 919 tua
1993 866 2310 934 quaestione,
2339 862 2679 927 charissitne,
2710 861 2834 929 quia
2884 858 3036 926 plana
3069 856 3372 911 videntibus
3400 864 3455 909 et

1872 955 2129 1012 historico
2156 964 2283 1010 sunt
2312 961 2580 1008 transacta
2608 966 2790 1013 cursu,
2832 963 2951 1003 mox
2984 948 3135 1001 lectis
3163 958 3265 1000 tuae
3290 946 3454 999 beati-

1874 1050 2073 1106 tudinis
2127 1048 2370 1115 epistolis
2397 1045 2697 1102 rescribere
2729 1040 3039 1110 sategimus.
3072 1040 3145 1093 De
3173 1037 3454 1106 Prophetas

1873 1154 2049 1197 autem
2077 1140 2380 1197 testimonio
2405 1138 2545 1207 quod
2566 1138 2763 1206 pariter
2783 1132 3157 1203 exponendum
3177 1129 3389 1191 misisti,
3409 1128 3455 1182 si

1875 1236 2001 1305 quid
2034 1236 2143 1290 Deo
2171 1233 2495 1289 concedente
2516 1229 2770 1284 memoria
2792 1227 3009 1295 dignum
3031 1222 3231 1278 sentire
3256 1220 3457 1289 poteri-

1877 1344 2019 1397 mus,
2052 1336 2104 1381 et
2128 1327 2297 1395 ipsum
2329 1324 2420 1377 tibi
2448 1321 2763 1390 quantocius
2794 1336 2897 1372 non
2928 1316 3102 1371 celare
3132 1314 3455 1367 curabimus.

1878 1422 2131 1475 Orantem
2185 1432 2280 1485 pro
2338 1413 2572 1469 Ecclesia
2626 1427 2719 1465 sua
2787 1420 3023 1465 sanetum
3082 1404 3489 1460 beatitudinem

1885 1518 2115 1566 vestram
2175 1516 2359 1560 saneta
2417 1514 2471 1559 et
2521 1501 2789 1557 individua
2849 1499 3083 1553 Trinitas
3140 1495 3462 1551 incolumem

1880 1602 2166 1658 custodiat.

2436 1684 2763 1740 EPISTOLX
2795 1680 2906 1735 XV.

1884 1811 1959 1866 De
1984 1825 2041 1862 eo
2062 1806 2198 1877 quod
2216 1805 2287 1856 ait
2308 1801 2477 1877 Isaias
2501 1817 2518 1853 :
2546 1817 2565 1851 ι
2591 1796 2666 1877 ‘Et
2697 1796 3005 1877 claudentur
3034 1791 3101 1844 ibi
3124 1791 3177 1844 in
3198 1803 3400 1842 carcere
3421 1797 3465 1841 et

2229 1884 2339 1943 post
2359 1873 2467 1925 dies
2495 1869 2682 1921 multos
2699 1866 3056 1919 uisitabantur.
3096 1881 3114 1913 ι

1954 1969 2177 2025 Domino
2220 1964 2529 2021 beatissimo
2565 1970 2620 2015 et
2651 1959 2835 2013 intima
2861 1971 3071 2023 semper
3093 1955 3352 2008 charitate
3381 1965 3467 2004 ve-

1882 2060 2140 2125 nerando,
2158 2066 2344 2111 sancto
2371 2051 2592 2108 antistiti
2618 2050 2795 2111 Accm,
2818 2046 2982 2112 Beda,
3003 2042 3329 2098 humillimus
3348 2054 3465 2093 ser-

1883 2168 2067 2209 vorum
2093 2148 2309 2212 Christi,
2334 2145 2581 2199 salutem.

1956 2244 2215 2314 Quoniam
2240 2238 2478 2311 quidem,
2496 2237 2680 2302 primm
2704 2241 2808 2286 tua:
2837 2226 3180 2300 prepositioui
3213 2223 3461 2279 festinato

1884 2335 2235 2407 respondens,
2282 2328 2598 2393 secundam,
2646 2339 2765 2393 quae
2807 2320 2937 2376 mihi
2969 2318 3248 2373 videbatur
3275 2314 3467 2368 obscu-

1884 2431 2015 2495 rior,
2047 2425 2398 2496 opportunius
2427 2421 2584 2478 rebar
2613 2435 2678 2474 ex
2711 2427 2952 2482 tempore
2986 2408 3466 2470 considerandam;

1885 2535 2027 2575 nunc
2055 2532 2182 2588 ergo
2208 2517 2274 2571 de
2301 2516 2385 2569 illa
2410 2513 2559 2583 juxta
2604 2510 2707 2564 mei
2761 2505 3011 2574 ingenioli
3058 2516 3299 2566 sensum,
3327 2497 3468 2567 quod

1886 2609 2168 2668 Catholicae
2216 2616 2271 2662 et
2299 2606 2504 2674 absque
2532 2600 2787 2670 scrupulo
2830 2597 2952 2651 ﬁdei
2998 2593 3101 2649 dici
3152 2602 3206 2646 et
3251 2588 3471 2657 intelligi

1892 2705 2063 2775 possit
2083 2716 2373 2769 exponam.
2407 2698 2616 2765 Quaeris
2638 2696 2779 2749 enim
2806 2691 2967 2761 (quod
3003 2702 3219 2757 prorsus
3246 2685 3469 2756 qua~situ

1890 2798 2131 2866 dignum,
2174 2792 2356 2848 nescio
2404 2799 2581 2843 autem
2613 2803 2679 2840 an
2709 2802 2736 2838 a
2766 2785 2900 2838 meis
2928 2781 3188 2835 similibus
3219 2789 3299 2833 est
3328 2790 3473 2843 qna:-

1892 2865 2136 2956 rendum)
2164 2882 2430 2954 quomodo
2460 2876 2856 2948 intelligendum
2905 2874 2977 2927 sit
3004 2870 3143 2940 quod
3174 2869 3242 2923 de
3270 2866 3359 2920 die
3378 2865 3470 2933 ju-

1894 2980 2017 3036 dicii
2044 2955 2287 3034 scribens
2319 2972 2483 3027 Isaias
2508 2969 2640 3025 dicit
2670 2969 2812 3023 inter
2830 2974 3051 3019 caetera:
3098 2958 3163 3013 Et
3191 2959 3284 3011 erit
3315 2957 3369 3009 in
3394 2955 3477 3008 die

206 3046 505 3072 ...ηοω-ω,
539 3046 793 3062 ww"-.-
832 3046 1042 3055 --.._-__-
1082 3046 1259 3049 _"_,,,

206 3113 445 3159 montem
496 3098 637 3159 Hor,
688 3103 1022 3160 nequaquam
1075 3086 1177 3140 hoc
1205 3082 1428 3144 frustra,
1470 3076 1566 3131 sed
1614 3071 1787 3142 magni
1812 3102 1865 3167 ο
1900 3073 2011 3135 illa,
2041 3070 2262 3125 visitabt‘t
2295 3065 2549 3119 Dominus
2597 3075 2749 3131 super
2791 3056 3028 3110 militiam
3058 3052 3171 3106 caeli
3199 3051 3253 3104 in
3278 3046 3480 3103 excelso

208 3192 449 3267 mysterii
497 3188 663 3261 gratia
698 3185 875 3241 taliter
918 3192 1093 3236 actum
1125 3175 1597 3240 conscriptumque
1631 3166 1792 3221 debet

208 3286 457 3356 intelligi,
515 3281 607 3337 ubi
660 3280 810 3334 salvo
860 3272 1139 3331 subtiliore
1189 3275 1467 3322 tractatum
1518 3258 1793 3315 moraliter

212 3390 341 3451 puto
389 3374 749 3432 sentiendum.
806 3367 1064 3437 Quodque
1116 3360 1450 3417 mansionum
1506 3358 1792 3409 contextus

210 3440 517 3527 earumdem
565 3465 655 3535 qui
687 3463 756 3517 de
798 3458 1058 3515 servitute
1114 3452 1357 3522 (Egyptia
1411 3448 1666 3502 liberatos
1725 3440 1791 3495 ad

213 3574 409 3617 terram
435 3553 869 3627 repromissionis
901 3545 1172 3620 provehit,
1202 3545 1342 3598 sicut
1371 3541 1558 3595 beatus
1601 3536 1792 3590 liiero-

212 3667 407 3723 nytnus
432 3624 656 3704 ili—libro
683 3658 848 3712 super
889 3641 953 3695 iis
979 3639 1178 3693 dictato
1197 3630 1527 3688 enucleatius
1550 3624 1794 3695 exponit,

213 3747 470 3812 altipetax
521 3749 603 3795 est
627 3736 983 3808 spiritualium
1014 3727 1259 3786 ascensio
1287 3727 1566 3786 virtutum,
1603 3717 1797 3788 quibus

218 3808 454 3889 Ecclesia
499 3829 723 3896 Christi,
750 3826 942 3897 quibus
973 3834 1194 3892 quaeque
1216 3817 1391 3871 anima
1418 3811 1590 3868 ﬁdelis
1613 3824 1709 3878 spe
1738 3808 1799 3862 li-

219 3926 438 3982 bertatis
463 3922 530 3977 ad
553 3934 748 3990 supera
790 3918 857 3972 de
898 3916 998 3970 hac
1050 3910 1292 3967 convalle
1328 3907 1682 3975 lacrymarutu
1733 3899 1799 3953 ad

220 4016 542 4087 dispositum
570 4013 670 4067 sibi
700 4013 900 4073 locum,
949 4007 1051 4061 hoc
1078 4013 1182 4067 est,
1206 4001 1273 4055 ad
1314 3999 1598 4077 videndum
1633 3996 1799 4049 Deum

221 4110 443 4165 deorum
489 4110 541 4162 in
588 4104 741 4170 Sion,
790 4102 981 4157 festina
1030 4096 1226 4166 satagit
1270 4091 1585 4155 ascendere,
1633 4090 1802 4141 donec

224 4202 373 4257 salvo
425 4198 597 4254 nostri
646 4194 777 4252 boni
826 4193 1003 4263 operis
1030 4192 1240 4246 incessu
1266 4186 1572 4256 proﬁcimus
1598 4184 1665 4239 de
1695 4181 1804 4236 vir-

225 4304 331 4349 tute
358 4294 411 4347 in
444 4291 689 4346 virtutem
722 4286 871 4355 quasi
895 4294 1068 4339 castra
1097 4284 1341 4353 quautam
1369 4278 1802 4345 mansionesque,

230 4387 335 4442 Deo
358 4388 515 4451 duce,
546 4381 872 4438 rectissimas
899 4379 992 4432 Dei
1015 4382 1303 4443 conspectu
1333 4369 1672 4441 dignissimas
1711 4383 1805 4437 per

1894 3173 1942 3217 et
1969 3176 2124 3228 super
2151 3173 2296 3229 reges
2324 3167 2473 3210 terrae
2519 3152 2605 3220 qui
2630 3158 2746 3204 sunt
2767 3163 2924 3215 super
2952 3153 3160 3203 terram.
3193 3150 3241 3195 et
3270 3153 3482 3205 congre-

1892 3254 2151 3325 gabuntur
2196 3252 2249 3301 in
2292 3243 2735 3316 congregationem
2784 3241 2936 3292 unius
2964 3235 3113 3303 {arcis
3140 3233 3193 3286 in
3236 3232 3407 3284 lacum
3436 3235 3481 3281 et

1893 3345 2196 3400 claudentur
2215 3341 2285 3393 ibi
2310 3340 2362 3391 in
2392 3352 2615 3401 carcere,
2645 3342 2693 3387 et
2719 3338 2829 3401 post
2857 3327 3043 3381 multos
3068 3326 3175 3379 dies
3199 3320 3483 3376 uisitaban-

1895 3446 1999 3502 tur,
2026 3443 2073 3488 et
2102 3431 2352 3485 erubescet
2391 3430 2536 3491 luna,
2569 3433 2613 3478 et
2654 3420 2996 3489 confundetur
3044 3416 3120 3470 sol
3149 3430 3267 3467 cum
3293 3425 3482 3480 regna-

1894 3528 2017 3581 verit
2041 3524 2293 3579 Dominus
2323 3519 2636 3574 exercituum
2666 3515 2720 3568 in
2764 3520 2933 3566 monte
2964 3509 3095 3565 Sion
3122 3518 3165 3561 et
3187 3506 3240 3559 in
3263 3503 3483 3557 Jerusa-

1898 3622 1995 3673 lem
2026 3627 2074 3671 et
2102 3617 2155 3669 in
2200 3620 2472 3683 conspectu
2495 3623 2673 3662 senum
2717 3620 2928 3660 suorum
2957 3601 3112 3672 fuerit
3141 3597 3484 3670 gloriﬁcatus.

1899 3708 1980 3764 Ad
2031 3709 2130 3762 hoc
2158 3715 2338 3760 autem
2368 3698 2712 3771 quaerendum
2745 3694 3075 3750 admonitum
3104 3699 3157 3744 te
3195 3688 3392 3743 asseris
3420 3699 3488 3740 cx

1902 3802 2131 3858 lectione
2161 3798 2302 3855 tertii
2332 3795 2499 3850 nostri
2528 3793 2583 3847 in
2612 3789 2915 3847 Samuelem
2944 3781 3239 3849 libelli,ubi
3266 3779 3487 3834 inﬁxum

1903 3894 1955 3947 in
1986 3892 2158 3958 capite
2183 3888 2350 3943 Goliae
2380 3884 2608 3953 lapidem
2639 3896 2801 3949 super
2830 3890 3024 3932 aeterna
3049 3886 3223 3945 neque
3257 3884 3488 3940 unquam

1905 3986 2116 4053 penitus
2139 3979 2455 4037 excutienda
2484 3976 2683 4031 diaboli
2707 3982 2762 4028 et
2787 3971 3096 4041 angelorum
3113 3966 3492 4031 sociorumque

1904 4078 2021 4148 ejus
2048 4089 2203 4144 poena
2251 4073 2686 4139 interpretantes,
2722 4065 2940 4133 hujusce
2980 4058 3260 4115 sententia:
3290 4070 3491 4110 meme.

1905 4170 2039 4225 riam
2072 4166 2313 4231 iecimus,
2342 4179 2449 4219 non
2481 4173 2656 4215 tamen
2691 4159 2806 4212 haec
2832 4153 3104 4226 quomodo
3145 4146 3492 4218 intelligenda

1909 4263 1997 4326 sit,
2022 4261 2115 4316 sed
2144 4258 2413 4330 quomodo
2446 4253 2791 4323 intelligenda
2812 4264 2917 4303 non
2950 4249 3021 4301 sit
3044 4240 3492 4306 edisserentes,itl

1910 4364 2012 4419 est,
2043 4351 2162 4422 quia
2212 4362 2545 4418 nequaquam
2580 4351 2699 4411 post
2739 4341 2935 4396 multos
2964 4339 3076 4393 dies
3105 4336 3210 4390 sint
3237 4332 3497 4388 liberandi

232 4428 334 4442 νυν
359 4428 515 4451 ηυγ,
547 4428 869 4438 ,πη--..πη
902 4428 991 4432 η-
1152 4428 1163 4443 .
1391 4428 1419 4441 ν
1712 4428 1724 4437 .

230 4478 494 4533 desertum
526 4473 710 4530 mundi
756 4471 988 4526 sitiemis
1016 4481 1255 4538 agamus.
1311 4466 1375 4517 Αι
1420 4461 1630 4531 quoties
1660 4458 1801 4513 vitiis
1832 4479 1887 4540 Β
1912 4446 2101 4516 quibus
2143 4444 2195 4498 in
2251 4442 2438 4495 ultimo
2466 4436 2712 4494 examine
2754 4434 2989 4487 dicatur:
3038 4428 3292 4482 Discedite
3326 4442 3356 4478 a
3400 4439 3500 4488 me,

2073 4538 2079 4540 _
2161 4538 2169 4540 _
2232 4536 2241 4540 _
2315 4536 2325 4540 -
2785 4524 2825 4540 ιν
2947 4538 2958 4540 ,
3002 4538 3012 4540 μ
3034 4522 3133 4540 ,·Α-
3165 4517 3265 4540 ,ξιξ
3293 4525 3472 4540 -,ι..ί-..

234 4569 559 4638 quibuslibet
586 4562 1007 4633 subripientihus
1034 4576 1062 4614 a
1092 4565 1266 4627 empto
1295 4555 1531 4611 veritatis
1554 4552 1689 4609 calle
1710 4553 1805 4607 de-

233 4662 476 4724 viamus,
538 4670 642 4712 non
691 4655 869 4710 statim
928 4653 994 4707 ad
1041 4651 1258 4705 altiOtes
1309 4649 1561 4701 virtutum
1613 4644 1807 4715 gradus

236 4752 523 4807 ascendere
546 4762 847 4819 possumus,
889 4745 983 4801 sed
1029 4744 1239 4798 interim
1268 4741 1332 4793 ah
1359 4739 1557 4794 inﬁmis
1596 4737 1808 4791 miserae

238 4844 427 4898 mentis
480 4841 773 4896 defectibus
805 4878 821 4903 ,
879 4835 1131 4905 paulatim
1178 4834 1453 4901 superiora
1516 4830 1808 4884 debeamus

241 4935 542 5002 ptnnitendo
570 4940 830 5000 repetere,
864 4930 1034 4984 donec
1061 4927 1235 4997 dignis
1263 4924 1591 4994 pteuitentiae
1616 4921 1807 4975 fructi-

240 5028 335 5083 bus
361 5030 492 5085 actis
520 5027 891 5096 perveniamus
916 5023 1137 5079 reduces
1166 5021 1231 5074 ad
1262 5019 1409 5073 illum
1442 5018 1508 5073 de
1556 5033 1657 5087 quo
1680 5016 1814 5085 lapsi

240 5137 418 5176 sumus
446 5121 660 5174 modum
678 5118 886 5172 culmen
908 5113 1047 5184 quod
1076 5112 1141 5166 ad
1170 5121 1378 5180 tempus
1406 5110 1503 5164 iter
1523 5124 1679 5179 agere
1710 5109 1817 5162 vir-

244 5223 430 5277 tntum,
456 5210 601 5265 exuti
637 5207 803 5263 veteri
850 5206 1065 5258 homine
1101 5218 1221 5259 cum
1250 5202 1454 5256 actibus
1485 5200 1602 5269 ejus
1640 5209 1691 5252 et
1731 5199 1815 5252 in-

242 5303 351 5357 duti
396 5317 536 5356 novo
566 5300 651 5367 qui
681 5297 972 5353 secundum
995 5296 1164 5349 Deum
1195 5303 1405 5349 creatus
1434 5304 1515 5348 est
1536 5295 1586 5347 in
1608 5290 1814 5361 iustitia

243 5404 294 5447 et
324 5394 629 5449 sanctitate:
660 5390 798 5461 quod
834 5403 977 5443 mors
1000 5397 1053 5442 et
1074 5386 1338 5441 funeratio
1362 5395 1567 5454 patrum
1594 5399 1819 5453 peccan-

247 5487 374 5538 tium
427 5486 477 5539 in
536 5483 750 5538 deserto
808 5480 1110 5545 ibidemque
1142 5477 1336 5531 adulta:
1378 5484 1516 5529 natze
1559 5474 1821 5545 signiﬁcat

246 5575 530 5643 juventutis
551 5575 820 5637 alacritas,
850 5586 991 5642 quae,
1024 5569 1183 5624 ﬂuvio
1215 5569 1399 5624 mortis
1417 5565 1819 5634 devicm,digna

250 5670 315 5721 sit
345 5686 560 5739 regnum
594 5683 840 5737 superna:
891 5664 1257 5735 promissionis
1312 5665 1530 5717 intrare.
1567 5663 1637 5716 lta
1679 5662 1820 5716 enim

254 5761 307 5815 lit
332 5764 381 5819 in
406 5771 653 5819 renovata
683 5770 877 5817 nostra:
899 5760 1049 5816 home
1074 5757 1495 5814 conversationis
1545 5766 1817 5812 ut'culute.

1913 4538 2192 4604 maledicti,
2225 4536 2279 4589 in
2309 4536 2475 4603 ignem
2505 4524 2967 4590 teternttm.Neque
2992 4522 3139 4577 enim
3163 4517 3265 4573 sibi
3289 4525 3499 4571 contra-

1914 4632 2026 4686 rius
2053 4644 2177 4685 esse
2218 4635 2392 4696 potest
2420 4624 2559 4677 idem
2591 4622 2705 4688 ipse
2751 4616 3028 4685 propheta,
3061 4611 3148 4680 qui
3179 4608 3301 4662 alibi
3344 4606 3497 4660 dicit:

1914 4720 1980 4776 Et
2006 4695 2243 4781 videbunt
2286 4716 2536 4770 cadavera
2561 4712 2787 4766 uirorum
2813 4707 2901 4776 qui
2944 4699 3261 4773 pravaricati
3304 4703 3421 4750 sunt
3449 4695 3502 4748 in

1916 4828 2025 4878 me;
2053 4811 2238 4865 vermis
2278 4821 2454 4861 eorum
2490 4819 2590 4855 non
2633 4798 2899 4859 morietur,
2930 4804 2978 4848 et
3028 4793 3159 4862 ignis
3197 4803 3370 4843 eorum
3403 4801 3506 4838 non

1915 4876 2286 4972 exstinguetur.
2320 4889 2430 4952 'Sin
2490 4901 2704 4955 autem,
2758 4888 2987 4956 qualiter
3044 4877 3392 4945 intelligenda
3436 4876 3505 4931 sit
3572 4892 3573 4895 ‘

1916 4968 2196 5067 quaarilur,
2222 4990 2393 5061 palam
2421 4998 2522 5041 tuae
2550 4980 2838 5045 sanctitati,
2856 4978 3075 5034 domine
3106 4975 3158 5029 in
3190 4971 3405 5027 Christo
3424 4968 3508 5023 di-

1920 5084 2229 5146 lectissime,
2264 5079 2520 5151 proﬁteor
2570 5087 2904 5145 nequaquam
2934 5082 3122 5123 ausum
3151 5064 3332 5120 dicere
3363 5058 3507 5130 quod

1919 5173 2273 5230 intellexerim
2319 5169 2445 5240 quid
2476 5169 2527 5223 in
2574 5166 2673 5222 bac
2700 5162 2962 5220 sententia
2994 5157 3294 5214 senseritet
3322 5151 3507 5208 sentiri

1924 5265 2152 5319 voluerit
2174 5263 2434 5332 prepheta
2470 5259 2653 5313 Isaias.
2698 5255 2804 5311 Sed
2836 5264 3032 5318 tamen,
3058 5250 3181 5318 quid
3208 5248 3321 5317 ipse
3352 5258 3506 5313 pure,

1923 5371 1979 5415 ut
2002 5374 2143 5424 reor,
2173 5368 2226 5413 et
2246 5355 2509 5413 eatholice
2538 5352 2763 5408 sentiam
2799 5349 2890 5402 tibi
2921 5343 3247 5415 praecipienti
3273 5338 3509 5410 pandere

1922 5469 2027 5507 non
2056 5452 2279 5518 abnego.
2310 5448 2486 5503 Primo
2516 5442 2825 5514 diligentius
2859 5437 3148 5505 inSpiciens
3170 5434 3293 5504 quid
3319 5430 3385 5486 de
3408 5428 3508 5482 hac

1925 5551 2111 5605 beatus
2154 5547 2508 5614 Hieronymus
2537 5541 2589 5595 in
2622 5554 2719 5593 suo
2748 5538 2839 5593 illo
2889 5530 3250 5604 pu'chcrrimo
3278 5531 3330 5585 in
3357 5541 3507 5583 eum-

1923 5642 2042 5697 dem
2070 5639 2381 5709 prophetam
2410 5650 2572 5705 opere
2600 5630 2947 5701 loquebatur:
2987 5646 3005 5679 ‹
3044 5625 3193 5694 Quod
3218 5631 3394 5678 autem
3425 5635 3510 5675 sc-

1926 5737 2101 5802 quitur
2158 5730 2405 5801 (inquit):
2462 5728 2521 5783 Et
2574 5734 2691 5792 post
2741 5722 2936 5777 multos
2984 5720 3098 5777 dics
3131 5716 3508 5783 visitabuutut’,
