4220 6498
714 327 814 382 ’ἱῦὸ

1413 325 1615 381 υιὲῡᾹῖ.
1660 320 2113 380 YENERABILIS
2150 318 2303 373 OPP.
2348 317 2523 372 PARS
2563 315 2647 371 111.
2691 347 2760 359 -
2800 319 3281 378 ΡΑΒίΕΝΕΤΙΟΑ.

3914 328 4023 383 Ίξιιι

715 440 922 493 videtur
974 438 1298 508 applaudere
1351 439 1539 492 amicis
1583 439 1716 493 meis
1748 479 1763 504 ,
1838 436 1925 502 qui
1973 432 2188 489 diabolo
2244 440 2295 483 et
2324 431 2374 490 Α
2403 429 2517 494 riae,
2553 429 2604 483 in
2629 430 2745 498 ipso
2761 431 2949 498 judicii
2972 442 3215 503 tempore
3262 434 3371 487 sint
3412 449 3507 503 per
3538 441 4021 495 resurrectionem

720 530 1049 583 daemonibus
1075 529 1198 583 dant
1232 531 1620 598 paenitentiam,
1653 530 1795 599 quod
1826 530 1987 582 multa
2013 534 2130 595 post
2161 538 2291 579 tem-

719 636 845 687 pora
867 636 895 672 a
930 620 1155 674 Domino
1186 623 1497 687 visitentnr;
1528 624 1620 675 sed
1655 622 1991 676 considerent
2036 621 2155 688 quia
2188 633 2293 670 non

718 709 910 763 dixerit
956 719 1140 779 aperte
1176 710 1450 780 Scriptura
1504 712 1702 775 divina,
1750 711 2101 765 visitabuotur
2129 722 2157 759 a
2189 708 2294 761 Do-

722 802 885 863 mino,
916 802 1024 868 vel,
1053 802 1417 856 Visitabuntur
1439 804 1505 855 ab
1530 803 1754 870 angelis,
1777 801 1868 856 sed
1894 797 2299 861 absolute,Vi5t-

723 896 993 948 labuntur.
1046 895 1123 949 Ex
1173 911 1276 965 qua
1328 896 1670 965 ambiguitate
1721 895 1867 949 verbi
1914 903 1968 947 et
2008 890 2298 946 remedium

718 995 894 1054 potest
950 986 1177 1056 intelligi
1233 998 1289 1042 et
1334 988 1605 1055 correptio
1647 987 1809 1057 quod,
1865 996 2143 1055 postquam
2170 982 2299 1052 justi

721 1075 939 1144 praemia
983 1085 1319 1145 receperunt,
1366 1077 1441 1130 illi
1475 1077 1526 1131 in
1569 1078 1739 1145 poenis
1784 1078 2049 1145 perpetuis
2079 1076 2299 1127 visiten-

721 1175 830 1219 tur.
864 1165 930 1218 Et
959 1176 1135 1221 tamen
1169 1168 1443 1221 sciendum
1474 1169 1612 1238 quod
1651 1169 1906 1236 judicium
1953 1167 2044 1222 Dei
2073 1167 2299 1219 humana

722 1270 827 1309 non
857 1256 1022 1324 possit
1048 1258 1188 1312 scire
1221 1259 1500 1328 fragilitas,
1527 1276 1623 1314 nec
1644 1260 1709 1313 de
1737 1274 2012 1325 pmnarum
2036 1257 2301 1327 magnittt~

720 1345 845 1400 dine
887 1356 1048 1414 atque
1097 1363 1343 1403 mensura
1382 1347 1519 1403 ferre
1554 1352 1897 1413 sententiam,
1941 1366 2061 1417 qua:
2096 1349 2300 1403 Domini

720 1436 941 1491 arbitrio
970 1436 1223 1493 derelicta
1254 1448 1351 1492 est.
1396 1459 1414 1491 ι
1448 1440 1649 1507 Quibus
1694 1441 1929 1508 proiecto
1956 1441 2133 1495 verbis
2166 1440 2305 1495 doc-

722 1526 960 1581 tissimus
1005 1529 1087 1582 vir
1111 1539 1166 1584 et
1204 1545 1442 1584 errorem
1466 1531 1735 1600 redarguit
1761 1547 1943 1584 eorum
1989 1532 2077 1601 qui
2108 1530 2306 1585 diabo-

725 1615 831 1669 lum
861 1631 983 1670 cum
1041 1619 1244 1687 angelis
1286 1628 1339 1675 et
1388 1620 1692 1675 hominibus
1750 1621 1990 1688 reprobis
2030 1629 2306 1675 autumant

726 1715 848 1773 post
890 1707 1041 1777 longa
1076 1710 1203 1763 licet
1256 1719 1493 1778 tempora
1542 1712 1795 1781 completi
1844 1713 2105 1767 examinis
2133 1713 2301 1767 ultimi

726 1799 999 1868 suppliciis
1019 1804 1340 1864 eruendum.
1372 1813 1427 1858 et
1457 1819 1518 1858 ex
1545 1778 1815 1874 propheta:
1836 1804 1991 1860 dictis
2022 1804 2121 1859 hoc
2144 1803 2303 1859 intel-
2336 1778 2379 1837 Β

730 1891 815 1957 ligi
843 1906 998 1961 posse
1043 1895 1392 1961 demonstrat,
1422 1897 1561 1965 quod
1594 1907 1867 1967 postquam
1894 1898 2049 1967 justis
2089 1899 2138 1951 in
2165 1896 2307 1967 judi-

726 1985 810 2037 cio
836 1985 1054 2053 praemia
1099 1991 1421 2056 sempiterna
1455 1992 1739 2056 donentur,
1773 1990 2009 2045 damnati
2052 2000 2306 2060 perpetua

728 2089 882 2143 poena
915 2078 1128 2144 reprobi
1152 2079 1418 2149 incognito
1446 2083 1597 2136 nobis
1618 2081 1806 2137 ordine
1830 2082 2143 2149 visitentur;
2167 2083 2307 2154 quod

728 2174 905 2220 autem
938 2169 1235 2223 remedium
1265 2171 1647 2238 aliquantulum
1681 2173 1884 2228 nacturi
1914 2182 2059 2238 sunt,
2098 2189 2201 2227 non
2226 2181 2307 2226 ta-

734 2272 854 2311 men
878 2273 906 2311 a
933 2260 1212 2315 tormentis
1229 2263 1475 2315 omnibus
1499 2264 1760 2329 solvendi,
1785 2273 1875 2317 aut
1897 2245 2041 2318 certe
2066 2264 2310 2333 graviore

729 2348 902 2403 adhuc
926 2354 1263 2417 correptione
1313 2352 1597 2421 plet-tendi,
1630 2357 1769 2425 quod
1802 2367 1977 2411 tamen
2017 2358 2309 2421 qualecun-

728 2455 834 2506 que
861 2452 915 2496 et
944 2446 1463 2516 quantulumcunque
1484 2456 1538 2502 et
1558 2449 1985 2518 quandocunque
2025 2460 2307 2503 venturum

730 2536 819 2597 sit,
843 2534 1009 2588 solius
1025 2548 1239 2591 aiternre
1266 2539 1459 2607 judiris
1490 2541 1727 2595 scientize
1763 2542 2307 2610 pateat.'Verum,qui

729 2640 989 2693 nusquam
1036 2630 1159 2683 alibi
1191 2630 1586 2700 Scripturarum
1639 2634 1861 2701 legimus
1891 2634 2085 2702 aliquid
2130 2634 2311 2703 hujus-

731 2716 875 2771 modi
895 2731 1113 2773 sensum
1152 2721 1301 2774 adest
1340 2722 1406 2776 de
1436 2723 1689 2791 augendis
1718 2726 1831 2780 sive
1859 2725 2162 2781 minuendis
2192 2737 2312 2795 post

728 2807 873 2860 diem
894 2808 1077 2876 judicii
1111 2812 1459 2880 reprohorum
1494 2815 1793 2871 tormentis.
1814 2817 2047 2883 Namque
2066 2817 2133 2871 de
2157 2820 2309 2872 amba

738 2896 980 2951 llabacuc
1026 2914 1147 2952 cum
1201 2901 1456 2969 lroplteta
1513 2904 1749 2970 quidam,
1782 2908 1931 2974 quasi
1974 2907 2023 2959 iu
2056 2907 2309 2962 auxilium

736 2987 1103 3055 hujuscemodi
1133 3007 1340 3057 sensus,
1374 3004 1682 3049 assumunt:
1733 2997 1797 3049 In
1838 2998 1915 3050 ira
1957 2998 2312 3052 misericordia:

738 3093 933 3132 memor
956 3082 1086 3147 eris,
1115 3082 1215 3136 hoc
1237 3084 1566 3153 ambiguum,
1599 3086 1739 3140 aliud
1771 3102 1896 3142 vero
1918 3098 1999 3143 est
2027 3089 2167 3143 clara
2195 3089 2311 3144 luce

738 3173 1105 3240 perspicuum:
1140 3179 1278 3244 quod
1310 3175 1554 3231 videlicet
1618 3178 1781 3233 iratus
1807 3195 1964 3235 causa
1998 3182 2309 3247 prmvarica-

736 3261 897 3316 ti0nis
928 3262 1231 3318 hominibus
1267 3266 1472 3320 Deusin
1492 3268 1626 3323 hanc
1642 3271 1936 3325 convallem
1953 3272 2306 3339 lacrymarum

733 3369 828 3407 cos
854 3353 922 3409 de
954 3356 1182 3423 paradisi
1212 3358 1419 3426 gaudiis
1448 3360 1731 3429 expulerit,
1766 3378 1869 3418 non
1905 3372 2079 3420 tamen
2127 3365 2208 3419 his
2237 3364 2312 3419 si-

733 3456 824 3500 cut
847 3446 1050 3516 angelis
1071 3449 1137 3503 de
1162 3450 1301 3505 caelo
1326 3452 1637 3509 cadentibus
1666 3470 1815 3525 spem
1839 3458 2190 3527 resipiscendi
2218 3458 2313 3515 ab-

736 3536 963 3603 stulerit,
986 3539 1079 3591 sed
1120 3539 1340 3608 insuper
1361 3542 1679 3597 auditorium
1712 3544 2060 3613 frequentiam
2094 3562 2314 3617 recupe-

738 3629 917 3683 randae
939 3630 1127 3684 salutis
1157 3632 1482 3689 adhibuerit.
1507 3634 1736 3689 Memora
1750 3646 1830 3691 tus
1870 3639 2089 3707 Spiritus
2116 3642 2316 3695 vadens

736 3725 792 3770 et
819 3732 922 3769 non
947 3717 1160 3772 rediens
1186 3722 1326 3786 quod
1350 3723 1573 3791 singulis
1594 3725 1746 3778 nobis
1771 3730 2238 3799 peccantibus,qui
2262 3729 2313 3783 in

740 3808 916 3875 seipso
957 3821 1170 3879 srmper
1220 3814 1535 3882 tranquillus
1589 3824 1670 3870 est
1717 3818 1953 3873 videatur
2006 3820 2161 3874 irasci
2190 3822 2315 3876 dum

742 3900 912 3969 punit,
941 3909 1174 3956 attamen
1204 3902 1364 3972 digne
1388 3905 1764 3971 paenitentibus
1794 3924 1911 3962 mox
1937 3910 2174 3966 misereri
2200 3928 2317 3966 me—

742 3992 991 4059 minerit;
1039 3995 1181 4064 quod
1239 3997 1471 4068 denique
1514 3999 1685 4054 eidem
1720 4003 1975 4071 propheta
2013 4006 2145 4058 dixit
2173 4006 2315 4060 enim

744 4089 843 4141 hoc
868 4087 919 4141 in
943 4090 1184 4143 oratione
1214 4105 1310 4159 pro
1336 4091 1703 4158 ignorantibus
1727 4096 2057 4161 ignorantem
2077 4097 2314 4165 peccanti

740 4176 806 4229 ad
831 4193 977 4230 oram
1006 4178 1240 4233 irascens
1268 4181 1446 4234 statim
1461 4184 1531 4235 sit
1554 4184 1804 4239 misertus
1819 4188 2010 4251 oranti,
2029 4189 2111 4241 cui
2143 4188 2317 4244 simile

744 4278 824 4321 est
838 4268 962 4321 illud
979 4268 1274 4323 Psalmistaa
1292 4289 1303 4322 :
1324 4271 1572 4342 Nunquid
1586 4274 1900 4329 obliviscetur
1915 4279 2139 4331 misereri
2161 4278 2314 4344 Deus,

745 4368 832 4408 aut
859 4360 1129 4411 continebit
1147 4361 1200 4413 in
1222 4362 1296 4412 ira
1311 4364 1817 4418 suamisericordiam
1830 4383 1973 4421 suam
1990 4371 2014 4422 ?
2033 4370 2141 4423 lloc
2168 4385 2316 4423 nam-

2398 519 2463 573 ad
2492 520 2759 575 modicum
2792 523 3052 577 evocandi
3094 524 3162 578 de
3193 525 3335 589 lacu,
3378 539 3501 577 mox
3532 536 3763 594 peracto
3796 529 4024 598 judicio

2402 626 2522 665 cum
2557 624 2772 682 recepto
2796 630 3020 683 corpore
3048 617 3295 671 eumdem
3324 618 3634 674 recludendi
3694 621 3751 674 in
3807 625 4021 680 laetum.

2400 702 2563 771 Cujus
2614 704 2931 759 visitationis
2984 716 3107 774 post
3146 707 3345 761 multos
3394 708 3509 764 dies
3537 709 3764 778 future,
3812 713 3874 767 id
3912 726 4020 779 est.

2401 796 2809 849 resurrectionis
2854 807 2910 850 et
2957 797 3141 865 judicii
3180 800 3516 855 advenientis
3569 811 3863 869 tempore,
3930 819 4019 859 se—

2405 896 2630 955 quentes
2659 902 2871 956 quoque
2918 889 3163 943 versiculi
3218 892 3604 960 complebunt;
3645 894 3853 962 quibus
3882 896 4020 949 dici-

2404 986 2521 1031 tur:
2553 976 2619 1030 Et
2640 977 2893 1032 erubescet
2936 980 3057 1032 luna
3096 990 3144 1032 et
3183 982 3530 1051 confundetur
3554 983 3639 1035 sol
3661 1000 3790 1037 cum
3820 1002 4017 1054 regu-

2401 1069 2525 1122 verit
2573 1068 2824 1121 Dominus
2875 1072 3185 1124 exercituum
3214 1073 3265 1125 in
3319 1083 3489 1126 monte
3516 1072 3671 1139 Sion,
3719 1084 3833 1130 etc.
3891 1078 4014 1133 Hac

2404 1160 2600 1215 etenim
2629 1158 2683 1212 in
2713 1160 2800 1214 die
2826 1160 3011 1228 judicii
3037 1163 3233 1227 futura,
3265 1166 3479 1233 quando
3508 1174 3563 1220 et
3592 1167 3830 1236 gloriam
3857 1176 4009 1239 regni

2404 1250 2484 1303 sui
2546 1249 2809 1305 universis
2855 1261 2909 1306 et
2965 1252 3346 1307 beatitudinem
3385 1269 3497 1310 sua:
3533 1258 3766 1312 visionis
3808 1264 4010 1317 sanctis

2405 1350 2718 1397 ostensurus
2738 1356 2817 1397 est
2859 1343 3125 1399 Christus.
3172 1345 3430 1415 Loquitur
3456 1357 3510 1401 et
3538 1350 3832 1418 prophetia
3860 1367 4009 1422 sepe

2406 1443 2457 1487 et
2487 1434 2723 1502 apertius
2751 1437 3053 1505 evangelica
3098 1438 3398 1507 Scriptura,
3454 1440 3672 1495 dicente
3733 1442 4003 1498 Domino:

2408 1526 2513 1579 Sed
2535 1527 2586 1578 in
2622 1526 2725 1579 illis
2761 1527 2954 1595 diebus,
2986 1540 3097 1598 post
3126 1531 3498 1586 tribulationem
3528 1535 3676 1588 illaut
3722 1538 3814 1590 sol
3836 1551 4009 1593 mute-

2406 1615 2696 1669 nebrabitur
2716 1628 2759 1670 et
2779 1619 2901 1671 luna
2931 1636 3031 1672 non
3060 1621 3200 1675 dabit
3225 1625 3548 1690 splendorem
3565 1642 3747 1692 suum,
3765 1638 3818 1681 et
3846 1632 4007 1683 stella

2408 1704 2519 1758 coeli
2538 1716 2681 1759 erunt
2708 1708 3014 1771 decidentes,
3049 1721 3096 1764 et
3129 1713 3334 1767 virtutes
3362 1731 3475 1782 qua:
3500 1728 3615 1768 sunt
3642 1719 3695 1770 in
3720 1720 3871 1773 caelis
3894 1738 4006 1774 uso-

2408 1798 2671 1863 vebuntur,
2696 1808 2745 1853 et
2770 1810 2890 1853 tunc
2920 1802 3152 1859 videbunt
3179 1803 3225 1854 Ε
3230 1806 3373 1857 ilium
3406 1808 3625 1863 homin‘s
3651 1811 3938 1866 venientem
3957 1816 4006 1866 in

2410 1890 2623 1943 nubibus
2652 1908 2764 1944 cum
2807 1893 2989 1945 rirtute
3031 1896 3192 1949 multa
3221 1907 3268 1949 et
3296 1898 3483 1962 gloria.
3513 1899 3701 1970 Neque
3728 1902 3838 1959 hoc
3866 1907 4006 1973 quod

2408 1980 2631 2035 dicitur:
2682 1980 2749 2034 Et
2791 1985 2885 2036 erit
2937 1984 2987 2037 in
3019 1986 3101 2038 die
3124 1987 3235 2053 illa,
3265 1989 3487 2043 visitabit
3530 1991 3810 2055 Dominus,
3865 2007 4005 2064 putet

2409 2074 2687 2139 quisquam
2719 2074 2839 2127 huic
2871 2078 3152 2131 assertioni
3181 2080 3525 2145 contrarium,
3560 2085 3714 2149 quasi
3749 2101 3864 2140 non
3891 2103 4006 2156 pos-

2411 2164 2484 2214 sit
2514 2162 2616 2217 dici
2648 2164 2698 2217 in
2728 2164 2813 2218 die
2842 2165 2925 2219 illa
2958 2165 3192 2220 futurum
3220 2169 3361 2236 quod
3393 2172 3574 2225 multis
3594 2174 4004 2243 antejudieinm

2411 2252 2596 2307 diebus
2626 2264 2836 2309 couSIet
2861 2256 3204 2324 implendum.
3220 2257 3607 2329 Suletnamque
3630 2261 3923 2332 Scriptura
3940 2267 4005 2321 de

2411 2346 2497 2400 die
2519 2344 2698 2414 judicii
2722 2348 2940 2417 loquens
2958 2364 3061 2402 non
3084 2350 3254 2403 solum
3274 2351 3411 2405 diem
3437 2353 3601 2421 illam,
3621 2356 3719 2410 sed
3738 2366 3795 2410 et
3820 2359 4004 2413 horam

2414 2438 2557 2492 illam
2620 2440 2976 2508 nuncupando
3034 2444 3413 2508 praecurrentia
3443 2444 3684 2509 proxime
3714 2449 4007 2515 antejudi-

2411 2532 2550 2583 cium
2577 2538 2814 2599 tempora
2837 2531 3069 2601 signare.
3101 2531 3341 2600 Denique
3357 2544 3411 2589 et
3430 2532 3661 2589 Joannes
3695 2539 4003 2604 apostolus,

2415 2629 2518 2673 tavn
2551 2620 2711 2689 longo
2742 2630 2867 2675 ante
2909 2621 3048 2675 diem
3091 2623 3275 2691 judicii
3310 2633 3549 2694 tempore
3574 2628 3852 2698 scribens,
3904 2632 4003 2687 ait:

2414 2709 2618 2773 Filioli,
2637 2713 2913 2765 novissima
2942 2712 3067 2766 hora
3095 2728 3191 2777 est,
3225 2725 3295 2781 et,
3326 2716 3455 2769 sicut
3481 2719 3721 2785 audistis,
3753 2723 3881 2789 quia
3906 2724 4004 2776 An-

2413 2800 2671 2855 tichristus
2691 2804 2842 2855 venit.
2876 2801 3028 2855 Nunc
3045 2814 3211 2857 autem
3230 2806 3528 2860 Antichristi
3548 2810 3696 2862 multi
3715 2812 3849 2875 [acti
3862 2821 4001 2876 sunt,

2416 2894 2551 2946 unde
2577 2894 2762 2947 scimus
2784 2894 2903 2963 quia
2930 2895 3204 2948 novissima
3234 2896 3360 2949 liora
3385 2907 3478 2951 est.
3503 2899 3569 2951 Et
3597 2900 3713 2967 ipse
3740 2900 4002 2956 Dominus

2416 2985 2468 3037 in
2503 2982 2785 3055 Evangelio
2823 3001 2941 3039 cum
2981 2984 3207 3041 diceret:
3241 2988 3352 3052 Qua
3396 2990 3479 3043 die
3501 3001 3669 3043 autem
3696 2993 3825 3047 exiit
3849 2994 3949 3046 Lot
3973 3013 4002 3047 ει

2419 3076 2657 3128 Sodomis
2686 3115 2698 3135 .
2754 3076 2881 3143 pluit
2922 3076 3087 3145 ignem
3131 3087 3178 3131 et
3217 3078 3433 3147 sulphur
3463 3082 3526 3134 de
3563 3084 3689 3135 caelo
3732 3095 3782 3138 et
3828 3100 4001 3138 omnes

2418 3166 2666 3234 perdidit,
2691 3166 2968 3219 secundum
3000 3166 3105 3221 haec
3127 3169 3221 3222 erit
3246 3186 3344 3238 qua
3370 3170 3453 3224 die
3482 3171 3651 3225 Filius
3678 3172 3907 3228 hominis
3926 3191 4001 3227 re-

2414 3257 2686 3320 velabitur,
2717 3256 2971 3310 continuo
2993 3256 3283 3326 subjunxit,
3316 3269 3369 3314 et
3395 3260 3496 3315 ait:
3530 3260 3596 3315 In
3625 3262 3716 3315 illa
3760 3267 3893 3317 hora
3915 3270 3998 3335 qui

2414 3348 2571 3415 fuerit
2615 3350 2667 3401 in
2723 3358 2849 3401 tecto
2880 3358 2926 3402 et
2961 3365 3080 3402 vasa
3127 3353 3237 3421 ejus
3277 3351 3329 3403 in
3368 3350 3519 3406 domo
3552 3392 3569 3418 ,
3614 3370 3677 3408 ne
3725 3356 3997 3410 descendat

2415 3441 2591 3495 tollere
2635 3458 2712 3505 ea,
2754 3453 2799 3495 et
2844 3444 2933 3512 qui
2984 3444 3037 3495 in
3075 3461 3196 3511 agro
3225 3445 3459 3498 similiter
3486 3462 3587 3500 non
3626 3448 3805 3501 redeat
3843 3459 3996 3504 retro.

2423 3531 2713 3586 Videbatur
2741 3533 2884 3588 enim
2914 3543 2992 3599 ut,
3033 3534 3121 3589 die
3151 3537 3491 3591 revelationis
3521 3539 3819 3607 prmmissa,
3863 3556 3995 3610 pro-

2420 3622 2559 3676 tinus
2590 3622 2774 3677 horam
2817 3624 2959 3678 illam
2991 3625 3332 3695 subjungeret
3358 3669 3372 3691 ,
3426 3644 3530 3683 non
3560 3629 3718 3683 aliam
3746 3631 3995 3688 debuisse

2418 3715 2605 3768 horam
2656 3714 2877 3781 intelligi
2908 3733 3063 3787 quam
3095 3734 3211 3771 eam
3258 3735 3362 3789 qua
3402 3722 3515 3787 ipsa
3566 3724 3825 3779 revelatio
3873 3740 3994 3781 con—

2420 3807 2666 3876 tingeret.
2726 3812 3005 3876 Attamen,
3057 3810 3183 3864 hora
3244 3814 3542 3879 nominata,
3585 3816 3844 3873 Dominus
3892 3837 3993 3876 non

2419 3916 2478 3952 ca
2535 3916 2652 3966 qua:
2707 3900 2757 3954 in
2811 3902 2897 3955 die
2953 3904 3171 3957 revelati
3224 3903 3411 3972 judicii
3460 3907 3670 3971 futura,
3730 3911 3828 3965 sed
3876 3926 3993 3980 quae

2419 4001 2541 4045 ante
2570 3990 2709 4045 diem
2744 3991 3007 4046 revelandi
3035 3992 3221 4062 judicii
3247 4006 3425 4051 essent
3466 3996 3705 4053 facienda
3734 4000 3988 4068 signavit.

2419 4080 2597 4149 Neque
2641 4084 2782 4136 enim
2828 4082 3039 4151 pluendi
3084 4083 3309 4149 Domino
3358 4087 3541 4156 ignem"
3570 4097 3625 4144 et
3668 4092 3892 4159 sulphur
3922 4096 3989 4149 de

2418 4177 2553 4231 cwlo
2584 4178 2865 4247 quisquam
2893 4182 2943 4235 in
2973 4181 3217 4236 Sodomis
3252 4183 3317 4237 ad
3346 4185 3715 4252 paenitentiam
3742 4189 3991 4243 commis-

2418 4283 2599 4322 sorum
2631 4286 2931 4339 recurrere,
2960 4274 3098 4327 sicut
3145 4290 3241 4329 nec
3266 4276 3330 4329 ad
3358 4280 3848 4346 augmentationem
3890 4298 3989 4335 eo-

2419 4359 2658 4413 rumdem
2692 4375 3011 4429 procurrere
3047 4364 3275 4432 spatium
3307 4368 3563 4433 temporis
3589 4366 3791 4433 habuit,
3823 4384 3987 4439 neque

748 4463 849 4514 que
873 4458 926 4502 et
960 4447 1258 4516 hujusmodi
1286 4452 1423 4505 dicta
1448 4455 1652 4518 omnia,
1677 4458 1880 4511 sicutet
1907 4458 2064 4512 illud;
2088 4459 2313 4515 γῑοῑιαῡο
2348 4487 2397 4549 D
2430 4453 2561 4509 Filio
2601 4456 2828 4511 hominis
2872 4461 3105 4513 revelato
3136 4461 3328 4530 aliquis
3373 4462 3673 4518 facultatem
3715 4465 3852 4519 sicut
3896 4481 3986 4521 nec

742 4540 795 4593 in
820 4540 958 4610 virga
977 4540 1264 4607 iniquitates
1274 4557 1467 4605 eorum,
1482 4552 1527 4595 et
1543 4545 1732 4597 addant
1744 4548 1923 4617 plagas
1943 4562 2128 4603 vestras
2150 4560 2320 4618 septu-

741 4632 902 4699 plum,
923 4641 977 4684 et
1000 4640 1193 4687 ca-tera
1212 4631 1569 4696 talia,certum
1600 4645 1679 4691 est
1697 4639 1835 4708 quod
1865 4640 2019 4709 hujus
2039 4644 2241 4709 saeculi,
2268 4644 2318 4698 in

743 4735 850 4788 quo
863 4720 1281 4776 misericordiam
1302 4732 1354 4777 et
1373 4723 1628 4792 judicium
1648 4731 1812 4781 sancti
1840 4729 2062 4787 Domino
2082 4742 2317 4800 cantant,

753 4812 911 4866 statui
962 4814 1309 4868 conveniant.
1342 4815 1601 4870 Incertum
1644 4830 1820 4873 autem
1871 4821 1914 4875 si
1969 4830 2023 4875 et
2052 4821 2233 4889 futuri,
2270 4827 2319 4881 in

747 4917 850 4969 quo
878 4903 1088 4971 litquod
1120 4903 1169 4956 in
1203 4906 1307 4959 alio
1323 4907 1525 4972 psalmo
1547 4908 1653 4963 Deo
1668 4909 1890 4967 dicitur:
1918 4913 2051 4978 Quia
2066 4922 2119 4968 tu
2142 4917 2321 4971 reddes

744 4994 962 5061 singulis
998 4997 1275 5048 secundum
1301 5014 1456 5065 opera
1485 5016 1682 5066 eorum,
1709 5005 1852 5071 quia,
1888 5006 2122 5075 inquam,
2151 5007 2321 5062 mani-

746 5082 882 5138 feste
911 5085 1185 5153 Scriptura
1215 5088 1410 5156 aliquid
1446 5101 1561 5158 post
1592 5094 1888 5149 universale
1912 5097 2168 5163 judicium
2200 5101 2321 5155 talis

751 5174 944 5230 futura:
974 5178 1278 5234 mutationis
1302 5196 1405 5235 non
1452 5182 1608 5248 dicit,
1638 5195 1721 5239 est
1750 5185 1846 5258 |F.
1877 5189 2019 5260 sunt]
2051 5192 2140 5261 qui
2172 5193 2318 5248 illum

750 5266 1024 5335 prophetae
1048 5270 1390 5337 versiculum,
1407 5286 1511 5341 quo
1524 5275 1732 5330 clausos
1757 5278 2096 5337 incarcerem
2119 5284 2217 5344 laci
2241 5300 2321 5340 re-

747 5376 840 5430 ges
871 5370 1027 5415 terra“:
1057 5374 1173 5427 post
1207 5365 1402 5420 multos
1424 5366 1539 5421 dies
1558 5369 1861 5427 visitaturos
1881 5374 1974 5446 [Ρ.
2002 5377 2318 5450 visitandos]

749 5451 1011 5517 perbibet,
1028 5469 1135 5509 non
1149 5464 1266 5524 post
1280 5457 1487 5525 longum
1503 5468 1709 5529 tempus
1722 5468 2077 5521 consummati
2092 5470 2319 5524 novissi-

751 5544 814 5598 mi
831 5545 1112 5611 examinis,
1131 5547 1222 5602 sed
1242 5549 1291 5602 in
1307 5547 1422 5617 ipso
1444 5554 1687 5608 examine
1700 5559 2309 5628 putentadimplendum.

752 5632 895 5697 Liuia,
933 5634 1199 5701 videlicet,
1242 5636 1482 5694 homines
1511 5642 1772 5711 majorum
1804 5648 2068 5703 scelerum
2098 5652 2195 5717 rei,
2227 5668 2317 5719 per

756 5722 947 5774 inultos
973 5735 1094 5805 ante
1118 5726 1373 5786 indit-ium
1402 5732 1513 5785 dies
1536 5740 1837 5805 congregati
1883 5740 1932 5794 itt
1968 5740 2135 5795 lacum
2161 5743 2317 5799 mise-

829 5830 855 5857 ⁴¹
890 5800 1048 5881 ιοςύδ
1074 5834 1277 5885 omnino
1309 5845 1568 5899 corruptus

2424 4549 2748 4603 voluntatem
2790 4548 2987 4604 habere
3026 4551 3241 4620 poterit,
3284 4553 3369 4608 vel
3420 4555 3690 4622 repetendi
3733 4557 3984 4613 desideria

2424 4653 2542 4705 qua:
2589 4655 2712 4693 cum
2764 4640 2959 4694 mundo
3010 4644 3257 4708 superius
3302 4646 3636 4701 ascendendo
3688 4647 3981 4717 reliquerat,

2423 4729 2505 4783 Vel
2536 4730 2865 4799 relinquendi
2898 4731 3101 4787 fructus
3134 4734 3389 4790 virtutum
3421 4737 3773 4803 spiritualium
3803 4740 3982 4807 quibus

2422 4830 2641 4873 eatenus
2663 4819 2975 4875 exercendis
3008 4822 3342 4878 inservierat.
3387 4825 3497 4880 Hoc
3521 4836 3605 4880 est
3638 4828 3777 4880 enim
3809 4828 3978 4882 relicta

2422 4912 2474 4965 in
2501 4911 2660 4965 domo
2705 4926 2825 4965 vasa
2873 4912 3249 4969 descendendo
3295 4916 3482 4971 tollere
3512 4925 3566 4972 et
3594 4928 3901 4987 operantum
3930 4922 3975 4975 in

2421 5019 2548 5073 agro
2576 5013 2719 5058 retro
2750 5014 3128 5073 praeposterum
3169 5007 3245 5061 ire
3291 5022 3409 5062 cum
3458 5024 3642 5064 omnes
3690 5010 3979 5080 inopinatus

2416 5094 2610 5163 judicis
2662 5094 2920 5148 adventus
2968 5109 3345 5163 praeoccupans
3410 5098 3598 5154 timere
3656 5101 3977 5159 solummodo

2420 5202 2482 5242 ac
2512 5188 2577 5241 de
2603 5201 2821 5253 operum
2864 5202 3081 5242 suorum
3126 5190 3472 5245 retributione
3502 5192 3738 5261 cogitare
3762 5207 3971 5263 compn-

2421 5283 2560 5339 lerit.
2610 5283 2699 5339 Sic
2728 5297 2856 5352 ergo
2886 5284 3174 5352 Apostolus
3220 5286 3273 5340 in
3318 5286 3446 5356 ipsis
3474 5288 3646 5342 adhuc
3690 5289 3975 5358 primordiis

2419 5376 2550 5429 Novi
2582 5375 2909 5431 Testamenti
2935 5377 3277 5432 novissimam
3310 5379 3491 5433 horam
3516 5380 3626 5449 jam
3669 5383 3878 5438 venisse
3903 5393 3974 5438 te-

2419 5474 2609 5520 statur.
2661 5467 2798 5520 Etsi
2833 5467 3090 5522 Dominus
3126 5469 3192 5524 de
3229 5470 3314 5524 die
3340 5470 3522 5540 judicii
3560 5487 3621 5527 ac
3662 5476 3972 5531 revelatione

2420 5558 2674 5613 adventus
2698 5560 2780 5613 sui
2814 5558 3017 5614 faciens
3044 5576 3346 5617 sermonem
3381 5574 3598 5631 repente
3637 5566 3828 5633 intulit,
3858 5570 3971 5636 quid

2423 5648 2472 5701 in
2510 5649 2596 5702 illa
2628 5650 2755 5704 hora
2790 5651 3105 5718 cavendum,
3146 5653 3271 5722 quid
3310 5654 3379 5708 sit
3419 5655 3662 5711 tidelibus
3703 5660 3969 5727 agendum,

2420 5760 2534 5809 quae
2564 5753 2738 5801 tamen
2767 5743 3048 5800 admonitis
3077 5746 3352 5803 manifesta
3381 5750 3582 5805 ratione
3612 5752 3859 5818 probatur
3879 5768 3971 5808 non
