4220 6488
205 323 338 377 705
1452 321 1642 377 SECT.
1680 322 1766 375 IV.
1811 351 1816 359 -

1920 319 2294 378 EPISTOUE.
3415 333 3515 386 70’;

203 437 286 488 ad
321 437 500 503 ipsum
527 433 714 501 judicii
742 431 1070 487 advenientis
1097 433 1382 486 articulum
1411 433 1701 501 pertinere,
1735 430 1826 484 sed
1861 434 1904 488 A
1936 441 2218 499 negarent,
2253 433 2475 501 ideoque
2515 435 2678 504 elapsi
2711 437 2952 492 manibus
2991 448 3268 502 tortorum,
3310 458 3514 508 rursus,

205 527 412 593 potius
443 526 508 578 ad
537 525 703 578 vicina
741 524 1066 578 imminentis
1099 523 1284 591 judicii
1331 535 1590 593 tempora,
1621 525 1688 578 de
1717 524 1836 593 qui-
1931 519 2152 588 juvante
2184 522 2413 577 fraterna
2449 528 2838 593 compassione,
2864 528 3097 583 redirent
3122 531 3184 583 ad
3214 531 3506 598 Christum,

206 618 327 672 bus
367 617 691 686 promissum
732 615 949 671 fuerat:
993 616 1199 669 Venient
1244 618 1349 669 dies
1391 617 1601 684 quando
1631 617 1830 671 deside-
1936 622 1991 665 et
2016 629 2169 680 quem
2199 615 2341 681 prius
2386 616 2568 669 timide
2599 627 2940 686 negaverant,
2974 622 3023 674 in
3052 623 3167 690 ejus
3189 624 3365 678 denuo
3407 625 3513 678 for-

207 710 411 762 rabilis
442 708 613 762 videre
646 725 802 760 unum
836 710 972 760 diem
997 707 1123 761 Filii
1146 711 1361 762 hominis
1389 721 1431 763 et
1454 728 1552 763 non
1578 711 1816 777 videbitis,

1936 706 2058 761 titer
2097 705 2437 762 confessione
2481 720 2817 779 perstarent,
2868 714 3184 785 culpamque
3229 719 3510 785 apostasia:

203 808 266 849 cl
289 801 465 852 dicent
487 800 666 855 vobis:
695 799 823 852 Ecce
842 799 946 865 hic,
970 809 1020 852 et
1045 801 1198 868 paulo
1221 812 1369 869 post:
1399 799 1461 854 Et
1485 803 1613 854 sicut
1637 803 1829 871 factum
1934 797 2317 864 perfectissime
2337 837 2353 863 ,
2403 801 2484 854 vel
2533 801 2688 870 longo
2729 805 3051 871 pmnitentite
3096 808 3509 874 medicamento,

208 902 295 943 est
330 891 388 943 in
421 891 593 943 diebus
621 890 753 954 Noe,
786 892 856 942 ita
885 892 978 944 erit
1001 902 1046 944 et
1081 893 1130 944 in
1155 893 1234 945 die
1261 893 1389 947 Filii
1425 895 1676 959 hominis;
1712 898 1816 948 cde-

1933 891 2012 943 vel
2043 891 2202 944 etiam
2247 902 2542 947 restaurata
2568 904 2861 962 martyrum
2896 900 3208 964 certamine,
3248 900 3508 956 delerent.

212 985 348 1036 bant
391 993 436 1036 et
475 983 725 1046 bibebant,
757 999 940 1036 uxores
966 984 1216 1037 ducebant
1254 996 1301 1038 et
1332 985 1589 1039 dabantur
1627 986 1694 1038 ad
1731 1004 1828 1039 nu-

212 1078 402 1143 ptias;
446 1090 570 1129 ecce
599 1083 798 1144 quanto
827 1076 992 1144 magis
1025 1077 1302 1144 propheta,
1336 1077 1444 1145 qui,
1488 1087 1566 1131 tot
1600 1078 1826 1131 saeculo-

213 1184 348 1222 rum
401 1168 758 1221 voluminibus
830 1171 950 1220 novi
1017 1170 1322 1223 testamenti
1384 1180 1623 1237 tempora
1678 1184 1828 1236 pra:-

212 1273 483 1323 currens,
533 1257 829 1326 prophetiae
881 1257 1094 1311 oculum
1150 1258 1306 1325 longe
1353 1257 1418 1310 ad
1472 1257 1824 1327 speculandos

215 1350 458 1406 extremi
508 1353 765 1420 temporis
805 1363 1024 1406 eventus
1075 1353 1332 1415 extendit,
1370 1355 1538 1420 putuit
1581 1353 1648 1406 de
1696 1366 1823 1405 con-

214 1445 585 1497 summatione
633 1445 812 1498 smculi
859 1443 1079 1512 loquens
1121 1459 1181 1498 ea
1228 1445 1428 1512 pariter
1477 1444 1818 1508 inlerserere,

217 1551 345 1604 quae
391 1551 496 1590 non
538 1536 648 1605 jam
683 1538 934 1605 instante,
983 1537 1074 1590 sed
1125 1537 1440 1591 imminente
1488 1537 1661 1590 adhuc
1709 1538 1819 1604 ipsa

217 1628 689 1682 consummatione
731 1629 907 1681 futura
959 1629 1234 1683 cernebat.
1292 1628 1442 1683 Unde
1486 1630 1616 1683 libet
1661 1630 1822 1696 paulo

216 1721 504 1788 superiora
547 1721 650 1774 loci
683 1720 839 1790 hujus
867 1720 1186 1788 prophetici,
1214 1721 1280 1775 de
1325 1737 1429 1790 quo
1461 1721 1684 1790 quaestio
1711 1731 1810 1786 est,

1930 982 1998 1032 At
2045 981 2255 1048 quidem
2299 984 2351 1037 in
2394 987 2650 1054 martyrio
2691 986 2863 1055 lapsi,
2927 1003 2994 1042 ne
3036 991 3398 1059 resipiscendo
3443 996 3508 1047 ad

1930 1073 2298 1141 pmnitentiam
2325 1092 2481 1144 quam
2509 1090 2894 1147 proposuerant
2918 1084 3229 1152 veniamque
3252 1087 3505 1140 redeundi

1931 1175 2138 1232 tempus
2186 1167 2484 1232 haberent,
2544 1174 2723 1223 statim
2780 1171 3240 1228 interficiebantur
3290 1178 3508 1231 ardente

1925 1257 2232 1309 adversario
2258 1259 2460 1312 animas
2484 1260 2748 1328 jugulare,
2771 1279 2873 1315 non
2898 1279 3144 1333 corpora,
3172 1267 3363 1334 quibus
3383 1281 3508 1337 apte

1926 1349 2170 1417 congruit
2205 1351 2344 1418 quod
2391 1352 2475 1405 hic
2519 1355 2775 1421 propheta
2822 1367 3211 1425 consequenter
3239 1361 3505 1430 adjungit:

1928 1439 1992 1492 Et
2021 1443 2106 1507 qui
2141 1458 2192 1494 se
2224 1444 2523 1512 explicuerit
2557 1447 2618 1498 de
2652 1447 2821 1514 fovea,
2858 1449 3100 1502 tenebitur
3133 1452 3330 1520 laqueo.
3371 1453 3505 1508 Cum

1925 1529 2065 1583 enim
2103 1530 2405 1598 hujusmodi
2435 1535 2731 1590 animarum
2762 1553 2947 1591 necem
2978 1555 3007 1592 a
3040 1542 3226 1608 priscis
3254 1540 3505 1598 Ecclesia:

1925 1624 2374 1690 persecutoribus,
2420 1627 2672 1681 membris
2709 1628 2956 1684 videlicet
2985 1631 3202 1696 diaboli,
3248 1633 3506 1690 Christia-

1924 1713 2005 1765 nis
2047 1712 2244 1766 illatam
2290 1716 2615 1782 noverimus,
2660 1720 2777 1785 quis
2818 1720 3020 1775 dubitet
3053 1723 3296 1778 eamdem
3335 1727 3506 1779 multo

219 1813 536 1883 diligentius
584 1812 869 1883 inspicere,
923 1823 976 1867 et
1018 1815 1282 1884 quomodo
1325 1815 1514 1882 partim
1560 1814 1625 1868 ad
1667 1814 1806 1867 diem
1849 1785 1893 1844 Β
1922 1809 2146 1875 amplius
2181 1808 2532 1877 infere.-.dam,
2563 1812 2650 1865 ubi
2690 1814 2803 1879 ipse
2834 1815 3093 1870 malorum
3135 1817 3372 1871 omnium
3399 1819 3504 1873 dux

214 1904 404 1973 judicii
433 1945 449 1968 ,
481 1907 673 1972 partim
718 1905 781 1958 ad
824 1905 992 1958 vicina
1038 1905 1239 1972 judicio
1287 1915 1523 1974 tempora
1573 1905 1810 1974 pertine-

215 1996 381 2058 bant,
426 1995 713 2064 expéicare.
759 1995 1201 2061 Prwvaricantes,
1239 1997 1447 2065 inquit,
1488 1997 1812 2066 prtevaricati

215 2096 339 2140 sunt
364 2096 409 2140 et
433 2088 849 2155 prwvaricatione
874 2096 1306 2158 transgressorum
1329 2089 1648 2157 prazvaricati
1669 2097 1807 2142 sunt.

218 2178 349 2231 Haec
385 2188 506 2232 ante
534 2178 678 2231 diem
703 2178 885 2246 judicii
919 2178 1028 2233 fieri
1058 2180 1176 2248 quis
1209 2193 1312 2232 non
1345 2179 1541 2242 videat,
1574 2177 1809 2248 quando,

217 2269 361 2324 sicut
397 2270 648 2323 Dominus
695 2271 978 2339 prredixit,
1030 2271 1530 2326 scandalizahuntnr
1563 2270 1709 2325 nmlti
1758 2277 1813 2324 et

225 2361 457 2416 invicem
490 2361 698 2415 tradent
733 2371 786 2415 et
809 2362 930 2416 odio
964 2361 1237 2417 habebunt
1281 2364 1536 2428 invicem;
1570 2374 1623 2419 et
1652 2367 1807 2420 multi

220 2452 699 2521 pseudoprophctte
727 2463 964 2523 surgent,
1003 2463 1057 2507 et
1084 2454 1339 2508 seduceut
1364 2456 1580 2521 multos,
1609 2470 1661 2511 et
1689 2471 1807 2511 cum

219 2544 514 2598 abundabit
560 2544 805 2612 iniquitas
851 2544 1162 2612 refrigescet
1205 2545 1437 2598 charitas
1484 2546 1810 2600 multorum?

225 2636 426 2689 Deinde
455 2636 724 2704 snhjungit
756 2653 770 2690 :
801 2634 1047 2688 Formido
1080 2644 1123 2688 et
1156 2640 1302 2706 fovea
1330 2646 1375 2688 et
1408 2636 1619 2703 laqueus
1659 2655 1701 2690 δέ
1722 2655 1813 2708 per

223 2738 273 2782 te
300 2729 387 2798 qui
425 2729 678 2781 habitator
711 2746 760 2781 es
797 2739 980 2794 terrm;
1023 2743 1068 2782 et
1111 2731 1225 2795 erit,
1267 2732 1353 2800 qui
1396 2731 1583 2801 fugerit
1624 2749 1654 2784 a
1696 2749 1812 2787 voce

223 2824 554 2893 formidinis,
609 2826 754 2878 cadet
786 2824 837 2876 in
869 2831 1065 2891 foveam
1093 2867 1105 2888 ,
1155 2834 1200 2878 et
1250 2826 1336 2893 qui
1383 2842 1435 2878 se
1481 2827 1808 2893 explicat-erit

222 2915 288 2968 de
335 2916 477 2983 fovea
533 2916 780 2968 tenebitur
835 2915 1055 2984 laqueo;
1105 2924 1158 2969 et
1200 2915 1351 2980 huic,
1411 2917 1804 2985 appropiante,

224 3021 330 3060 non
365 3015 540 3061 autem
584 3006 757 3060 adhuc
795 3016 1115 3076 apparente,
1167 3008 1401 3077 judicio,
1452 3011 1805 3078 temporibus,

225 3100 490 3165 videlicet,
530 3100 864 3164 Antichristi,
893 3110 1115 3155 ventura
1156 3115 1272 3153 esse
1324 3101 1654 3168 perspicuum
1700 3109 1801 3155 est.
1837 3137 1882 3198 Ο

227 3189 358 3255 Quis
386 3189 545 3252 enim,
579 3191 822 3244 veniente
851 3191 917 3244 de
945 3191 1094 3246 cmlis
1120 3189 1367 3253 Domino,
1400 3201 1453 3244 et
1481 3192 1808 3246 resuscitatis

228 3281 283 3333 in
324 3281 425 3334 ictu
454 3281 592 3335 oeuli
624 3282 892 3346 omnibus,
923 3297 1146 3336 vacuum
1187 3283 1252 3335 de
1283 3284 1399 3335 loco
1424 3282 1488 3335 ad
1524 3283 1694 3337 locum
1724 3284 1804 3337 fu-

225 3386 372 3440 gere,
397 3371 477 3426 vel
505 3385 600 3438 per
627 3372 836 3426 diversa
868 3373 1126 3428 evadendi
1165 3373 1382 3427 consilia
1424 3384 1656 3428 mentem
1685 3391 1806 3430 ver-

226 3475 367 3527 sare,
406 3461 546 3530 quod
575 3461 731 3529 hujus
765 3463 888 3516 vitae
923 3462 1083 3516 statui
1125 3464 1296 3516 solum
1337 3465 1614 3533 congruit?
1652 3465 1810 3519 Tem-

226 3554 442 3622 poribus
464 3554 645 3623 igitur,
671 3563 727 3607 ut
746 3555 876 3619 dixi,
903 3555 1204 3609 novissimae
1231 3555 1612 3621 persecutionis
1634 3557 1809 3625 aptius

232 3645 345 3699 hmc
372 3645 532 3700 verba
562 3650 885 3700 conveniunt
915 3665 927 3699 :
953 3645 1208 3708 formido.
1238 3657 1368 3709 etc.,
1399 3661 1649 3714 namque,
1686 3646 1808 3715 quia

233 3739 580 3792 habitatorem
630 3746 785 3792 terra:
835 3737 1308 3809 prmoccupandum
1355 3737 1510 3801 dicit,
1562 3736 1675 3806 ipse
1729 3746 1810 3790 est

233 3830 384 3882 turbo
413 3827 646 3896 praefatae
685 3829 1090 3897 persecutionis,
1138 3829 1205 3882 de
1242 3844 1344 3897 qua
1385 3828 1450 3881 ad
1473 3830 1685 3882 beatum
1710 3827 1808 3882 Job

233 3918 504 3983 Dominus,
538 3918 844 3972 Antichristi
874 3929 1020 3987 gesta
1043 3919 1335 3987 explicans,
1358 3919 1432 3972 ait
1461 3933 1474 3971 :
1507 3917 1607 3971 Per
1625 3935 1807 3988 gyrum

227 4011 457 4063 dentium
493 4013 602 4077 eius
627 4011 851 4077 formido
873 4026 891 4074 ;
914 4019 966 4064 et
992 4009 1056 4062 ad
1083 4009 1370 4077 discipulos
1412 4009 1463 4062 in
1490 4009 1806 4079 Evangelia:

227 4099 343 4152 Erit
383 4101 515 4153 enim
557 4111 675 4152 tunc
716 4100 974 4152 tribulatio
1015 4116 1218 4170 magna,
1256 4100 1424 4169 qualis
1464 4116 1566 4152 non
1603 4102 1705 4170 fuit
1745 4101 1807 4153 ab

225 4192 370 4245 initio
407 4191 592 4243 mundi
623 4206 778 4260 usque
815 4191 987 4256 modo,
1021 4207 1181 4260 neque
1209 4193 1313 4259 ﬁet,
1343 4192 1423 4246 vel
1452 4193 1593 4258 quali
1625 4192 1808 4247 formi-

229 4281 355 4334 dine
401 4281 648 4348 cupiebat
689 4280 900 4334 liberari
931 4282 1206 4349 propheta,
1237 4282 1324 4350 qui
1356 4283 1520 4336 dicit:
1546 4283 1587 4334 Α
1629 4284 1808 4337 timore

227 4371 414 4425 inimici
457 4371 594 4438 eripe
627 4373 855 4424 animam
895 4387 1078 4424 meam.
1123 4371 1424 4425 Notandum
1474 4373 1618 4426 enim
1663 4374 1805 4442 quod

1919 1909 1971 1953 et
2001 1901 2149 1970 origo
2178 1901 2402 1956 Satanas
2446 1918 2598 1957 suum
2640 1906 2707 1958 de
2750 1907 2944 1978 abysso
2984 1911 3050 1963 ad
3082 1915 3501 1981 persequendam

1918 1989 2213 2043 Ecelesiam
2260 2003 2416 2060 caput
2465 1995 2753 2048 extulerit?
2801 1998 2892 2050 llis
2931 2009 3106 2053 autem
3152 2004 3405 2070 pr0pheta
3434 2004 3502 2059 de

1916 2083 2160 2150 proximo
2190 2093 2316 2138 ante
2347 2085 2486 2138 diem
2516 2085 2698 2154 judicii
2731 2096 2970 2157 tempore.
3003 2093 3288 2158 praedictis,
3318 2095 3502 2165 adjicit

1915 2188 2305 2246 consequenter
2336 2193 2396 2230 ea
2426 2194 2543 2248 quae
2569 2180 2830 2246 hilariam,
2867 2181 2920 2235 ni
2952 2179 3125 2247 fallor,
3159 2196 3383 2251 possunt
3409 2203 3500 2241 re-

1915 2267 2157 2321 ctissime
2188 2268 2434 2337 intelligi,
2467 2271 2605 2339 quod
2637 2281 2920 2327 cataracta:
2950 2274 3017 2329 de
3045 2279 3274 2332 cuclsrs
3301 2291 3500 2349 aperta;

1916 2364 2059 2419 sunt,
2086 2367 2138 2408 et
2167 2360 2540 2414 concutientur
2564 2361 2900 2416 fundamenta
2936 2373 3110 2432 terrae,
3137 2370 3496 2425 confractione

1917 2445 2283 2514 confringetur
2333 2456 2472 2502 terra
2503 2488 2520 2515 ,
2593 2453 2916 2508 contritione
2969 2465 3275 2512 conteretur
3328 2467 3499 2524 terra,

1917 2539 2279 2592 commotione
2321 2543 2740 2597 commovebitur
2787 2554 2950 2609 terra,
2999 2548 3289 2616 agitatione
3329 2552 3496 2620 agita-

1917 2627 2057 2681 bitur
2080 2638 2240 2690 lerra,
2267 2629 2405 2682 sicut
2429 2630 2622 2683 ebrius.
2655 2631 2832 2686 Potest
2855 2636 2995 2687 enim
3024 2647 3076 2689 et
3098 2637 3162 2690 de
3192 2638 3309 2706 ipso
3344 2648 3498 2694 terra:

1915 2717 2180 2772 elemento
2224 2720 2421 2773 dictum
2474 2723 2676 2790 accipi,
2731 2725 2870 2791 quod
2919 2733 3159 2794 tempore
3209 2732 3499 2786 novissimo

1915 2812 2126 2880 penitus
2165 2828 2192 2864 s
2229 2814 2454 2881 pristino
2483 2824 2621 2868 statu
2651 2819 3091 2872 commovemlum
3125 2822 3211 2873 sit.
3267 2822 3498 2877 Possunt

1913 2904 2071 2957 etiam
2114 2912 2269 2959 teme
2313 2906 2528 2960 nomine
2573 2907 2816 2962 homines
2862 2911 2951 2975 qui
3003 2911 3055 2965 in
3090 2921 3227 2966 terra
3259 2914 3498 2970 habitant

1913 2994 2220 3063 designari,
2270 3004 2324 3049 et
2371 2996 2610 3064 ejusdem
2657 3000 2936 3053 rationalis
2986 3010 3142 3056 terrte
3191 3005 3498 3073 concussio,

1914 3088 2230 3154 contractio,
2265 3091 2551 3155 contritio,
2583 3092 2905 3156 commotio,
2935 3095 3152 3162 agitatio
3195 3096 3332 3151 sicut
3360 3098 3497 3153 ebrii

1914 3180 1999 3232 illa
2031 3180 2272 3248 intelligi,
2307 3180 2372 3234 de
2399 3196 2502 3247 qua
2535 3181 2788 3235 Dominus
2831 3183 2880 3235 in
2918 3184 3229 3253 Evangelia,
3259 3202 3382 3242 cum
3413 3187 3497 3241 di-

1912 3272 2075 3325 xisset
2105 3289 2116 3322 :
2144 3270 2310 3324 Erunt
2336 3274 2479 3342 signa
2506 3274 2554 3325 in
2578 3274 2683 3326 sole
2711 3281 2758 3327 et
2789 3275 2910 3327 luna
2939 3286 2985 3328 et
3014 3279 3196 3338 stellis,
3228 3279 3498 3345 subjunxit

1911 3361 2095 3415 dicens
2128 3362 2234 3414 :Et
2273 3365 2325 3416 in
2369 3365 2518 3416 terris
2546 3380 2782 3432 pressura
2812 3367 3077 3434 gentium;
3108 3369 3190 3422 vel
3223 3379 3369 3424 certe
3407 3370 3497 3423 illa

1911 3452 1977 3506 de
1999 3467 2097 3520 qua
2126 3467 2243 3506 mox
2274 3452 2495 3517 addidit,
2528 3469 2633 3521 prae
2660 3456 2976 3524 confusione,
3007 3456 3267 3526 inquiens,
3298 3461 3492 3513 sonitus

1910 3544 2067 3596 maris
2102 3554 2148 3597 et
2181 3547 2432 3612 [luctuum
2473 3547 2809 3600 arescentibus
2853 3548 3138 3600 hominibus
3179 3565 3286 3616 pra:
3312 3550 3496 3603 timore

1910 3643 1955 3688 et
1978 3635 2369 3702 exspectatione,
2393 3650 2508 3703 qua:
2534 3638 2891 3705 superveniunt
2918 3641 3146 3691 universo
3173 3640 3301 3692 orbi.
3341 3641 3493 3707 Quod

1911 3736 2086 3778 autem
2117 3724 2266 3777 addit
2288 3725 2546 3792 prapheta
2584 3745 2594 3777 :
2624 3727 2688 3779 Et
2730 3729 2993 3798 auferetur
3022 3731 3165 3797 quasi
3195 3731 3497 3784 tabernacu-

1909 3814 2014 3866 lum
2045 3815 2192 3866 unius
2223 3815 2384 3867 noctis
2414 3825 2458 3867 et
2494 3817 2717 3884 gravabit
2747 3833 2860 3870 eam
2900 3819 3141 3888 iniquitas
3171 3837 3262 3873 sua
3303 3833 3349 3874 et
3379 3839 3496 3874 cor-

1907 3916 2020 3959 ruet
2058 3915 2105 3959 et
2143 3923 2242 3960 non
2282 3909 2490 3977 adjiciet
2533 3919 2583 3962 ut
2627 3923 2880 3981 resurgat,
2922 3913 3221 3981 specialiter
3261 3918 3325 3968 ad
3352 3916 3493 3970 diem

1904 3998 2085 4066 judicii
2112 4001 2347 4068 respicit,
2378 4002 2590 4069 quando
2617 4004 2837 4069 prwterit
2859 4005 3028 4072 ﬁgura
3052 4004 3205 4075 hujus
3229 4008 3405 4059 mundi
3436 4019 3490 4062 et

1907 4104 1969 4144 ea
1991 4105 2108 4159 quae
2136 4105 2276 4143 nunc
2301 4093 2351 4144 in
2383 4092 2468 4145 illo
2494 4101 2575 4146 est
2605 4093 2877 4147 hominum
2907 4096 3240 4150 conversatio
3277 4099 3486 4152 transit.

1908 4183 2019 4248 Qua
2061 4185 2127 4235 de
2165 4181 2252 4236 die
2293 4183 2584 4237 novissimo
2633 4186 2926 4240 intermista
2968 4191 3262 4254 sententia,
3305 4207 3490 4245 rursus

1908 4272 1974 4326 ad
2002 4288 2062 4326 ea
2091 4287 2210 4342 qtue
2238 4272 2377 4328 diem
2411 4274 2754 4329 novissimum
2789 4277 3044 4331 terribilia
3077 4281 3400 4348 praecedunt,
3438 4284 3490 4337 id

1908 4373 2008 4430 est,
2039 4364 2106 4418 ad
2140 4366 2410 4419 interitum
2455 4367 2765 4421 Antichristi
2818 4369 3237 4436 praedicendum,
3284 4387 3492 4426 sermo-

235 4479 340 4517 non
368 4462 441 4514 ait
468 4474 496 4512 a
520 4461 694 4530 gladio
725 4460 944 4526 inimici,
971 4461 1065 4515 sed
1097 4477 1126 4513 a
1155 4462 1352 4527 timore,
1381 4461 1584 4530 inquit,
1615 4463 1806 4516 inimici
1839 4486 1886 4544 ι)
1915 4473 2034 4511 nem
2064 4459 2347 4524 convertit,
2399 4456 2464 4512 Et
2498 4461 2612 4522 erit,
2647 4459 2910 4528 inquiens,
2948 4466 2998 4514 in
3029 4463 3114 4516 die
3139 4463 3231 4516 illa
3271 4465 3490 4519 visitabil

226 4556 364 4621 eripe
391 4555 614 4608 animam
637 4567 822 4614 meam,
847 4554 965 4622 quia
996 4569 1098 4607 non
1127 4553 1226 4607 hoc
1243 4561 1357 4606 erat
1380 4551 1473 4624 μ’.
1491 4551 1632 4623 orat]
1656 4555 1807 4609 fortis

229 4660 442 4720 martyr,
469 4661 524 4704 ut
543 4665 646 4704 non
670 4664 790 4704 eum
808 4648 1152 4716 corporaliter
1175 4647 1381 4701 occidat
1411 4647 1684 4712 inimicus;
1712 4650 1805 4702 sed

230 4745 329 4796 hoc
358 4742 601 4798 nimirum
623 4783 638 4808 ,
684 4752 741 4796 ut
765 4756 868 4796 non
912 4742 1091 4796 timeat
1115 4755 1238 4796 eum
1262 4741 1350 4809 qui
1379 4740 1570 4795 occidit
1590 4756 1804 4809 corpus,

231 4835 457 4888 animam
498 4847 674 4889 autem
718 4849 821 4887 non
863 4840 1038 4901 potest
1078 4831 1344 4897 occidere,
1384 4845 1451 4885 ne
1495 4831 1626 4885 forte
1669 4832 1809 4886 hunc

236 4923 466 4977 timendo
491 4922 724 4976 offendat
748 4938 869 4978 eum
893 4920 978 4991 qui
1004 4930 1180 4991 potest
1207 4930 1261 4975 et
1282 4922 1510 4975 animam
1535 4930 1587 4976 et
1614 4936 1808 4990 corpus

234 5015 450 5086 perdere
505 5016 558 5069 in
609 5014 942 5084 gehennam,
993 5013 1134 5082 quod
1183 5012 1234 5065 in
1282 5013 1572 5067 certamine
1623 5013 1808 5080 positis

233 5108 402 5163 medio
445 5113 655 5160 constat
705 5106 966 5168 evenisse,
1017 5101 1128 5172 qui,
1173 5102 1396 5156 adversa
1443 5117 1547 5156 non
1592 5101 1806 5156 ferendo

235 5216 524 5269 poenarum,
557 5201 720 5254 vitam
750 5198 1012 5268 negabant
1035 5206 1314 5251 aaternam.
1344 5196 1420 5250 De
1449 5197 1694 5264 qualibus
1721 5197 1806 5250 hic

233 5293 419 5348 dicitur
447 5311 458 5343 :
495 5291 556 5345 Et
577 5292 692 5355 erit,
715 5292 800 5359 qui
826 5289 1013 5359 fugerit
1049 5305 1081 5341 a
1103 5303 1221 5342 voce
1251 5288 1563 5358 formidinis,
1592 5287 1736 5342 cadet
1755 5289 1806 5340 in

236 5391 442 5456 foveam.
477 5383 708 5453 Fugiens
748 5382 946 5450 quippe
985 5395 1013 5433 a
1045 5394 1176 5434 voce
1217 5379 1540 5443 formidinis,
1579 5379 1720 5432 cadit
1754 5379 1804 5432 in

239 5479 468 5541 foveam,
511 5477 630 5545 qui,
680 5476 748 5529 ob
793 5475 962 5527 minas
999 5473 1080 5526 vel
1124 5479 1386 5525 tormenta
1432 5473 1804 5540 persecutoris,

241 5569 352 5622 tidei
397 5570 752 5622 constantiam
795 5566 1070 5628 deserens,
1117 5562 1386 5616 Christum
1435 5562 1656 5630 perdere
1700 5578 1803 5616 non

241 5663 397 5716 timet.
447 5658 682 5713 Fuerunt
729 5667 909 5712 autem
958 5654 1196 5710 nonnulli
1248 5656 1358 5723 qui,
1387 5655 1638 5708 violentia
1686 5664 1806 5708 tor-

242 5763 528 5810 mentorum
560 5751 752 5823 coacti,
785 5748 1052 5806 Christum
1085 5763 1215 5804 voce
1247 5747 1414 5817 magis
1444 5762 1602 5818 quam
1627 5757 1804 5804 mente

1917 4549 2167 4603 Dominus
2199 4567 2352 4619 super
2380 4552 2613 4605 militiam
2641 4553 2752 4605 cteli
2780 4554 2830 4605 in
2857 4556 3050 4608 excelso
3086 4564 3130 4608 et
3166 4572 3316 4624 super
3349 4573 3492 4626 reges

1909 4652 2059 4695 terra
2087 4643 2174 4711 qui
2201 4651 2315 4695 sunt
2357 4659 2509 4712 super
2539 4653 2742 4709 terram,
2787 4656 2830 4697 et
2856 4649 3297 4715 congregabantur
3335 4652 3490 4700 unius

1909 4737 2059 4804 fascis
2080 4737 2131 4789 in
2155 4739 2321 4789 locum
2344 4748 2391 4790 et
2415 4739 2741 4790 includentur
2764 4739 2831 4791 ibi
2853 4741 2904 4792 in
2925 4756 3198 4794 carcerem.
3249 4741 3486 4797 Visitabit

1909 4825 2048 4880 Deus
2080 4841 2307 4895 namque
2349 4840 2508 4893 super
2539 4826 2779 4879 militiam
2822 4829 2945 4882 coeli
2993 4831 3044 4881 in
3075 4833 3306 4894 excelso,
3337 4845 3484 4899 eum,

1907 4915 2188 4971 interfecto
2219 4914 2570 4980 Antichristo,
2601 4918 2892 4984 potentiam
2939 4918 3218 4984 spirituum
3252 4921 3484 4974 immun-

1907 5007 2094 5060 dorum
2125 5019 2314 5073 magna
2362 5019 2426 5059 ex
2460 5013 2607 5071 parte
2635 5006 2971 5072 contriverit,
3001 5023 3120 5077 qua:
3150 5009 3332 5062 militia
3364 5011 3484 5064 θωιί

1906 5105 2051 5152 recte
2093 5104 2332 5159 vocatur,
2381 5096 2461 5150 vel
2500 5097 2622 5164 quia
2671 5095 2739 5148 ab
2783 5097 2933 5151 initio
2963 5098 3029 5150 de
3074 5099 3379 5153 caelestibus
3415 5100 3483 5154 ad

1909 5193 2011 5246 ima
2040 5205 2317 5256 corruens,
2346 5191 2427 5244 vel
2456 5191 2578 5259 quia
2614 5199 2940 5244 commorata
2967 5191 3020 5244 in
3047 5206 3191 5257 acre,
3221 5191 3310 5259 qni
3341 5207 3486 5259 saepe

1907 5283 1958 5337 in
1987 5282 2273 5349 Scripturis
2303 5281 2497 5336 cmlum
2548 5291 2898 5347 nuncupatur,
2933 5281 3174 5349 pertinax
3224 5295 3343 5334 cum
3387 5282 3486 5335 hn-

1875 5391 2062 5433 ,mano
2084 5390 2278 5444 genere
2304 5374 2532 5429 bellandi
2564 5373 2794 5426 studium
2817 5374 2969 5441 gerit.
3011 5372 3158 5427 Unde
3183 5373 3310 5426 dicit
3337 5376 3482 5440 Apo-

1905 5468 2075 5521 stolus
2103 5480 2204 5519 non
2221 5479 2338 5519 esse
2363 5465 2512 5518 nobis
2541 5463 2965 5517 colluctationem
2992 5464 3230 5516 adversus
3255 5479 3478 5526 carnem,

1903 5563 1994 5615 sed
2016 5560 2257 5612 adversus
2283 5557 2598 5623 principatus
2625 5565 2671 5607 et
2695 5565 2987 5623 potestates,
3020 5555 3263 5607 adversus
3307 5557 3482 5607 mundi

1904 5663 2119 5706 rectores
2145 5648 2460 5704 tenebrarum
2486 5656 2686 5708 harum,
2715 5657 2893 5698 contra
2920 5645 3214 5714 spiritualia
3244 5648 3480 5711 nequitia!

1905 5746 1957 5800 in
1997 5741 2295 5798 cwlestibus.
2348 5740 2414 5796 Et
2463 5753 2556 5809 per
2603 5735 2915 5807 prophetam
2950 5736 3205 5791 Dominus
3242 5733 3481 5786 futuram
