4220 6506
772 320 873 372 7οἹ

1457 309 1653 363 ΒΕΠᾸΞ
1697 304 2149 363 VENERABILIS
2187 300 2335 353 Ul‘l‘.
2382 296 2555 350 PARS
2599 297 2683 351 Ill.
2726 326 2797 338 --
2838 295 3318 353 l‘ARxENETlCA.

3974 296 4077 351 7'38

778 447 963 487 eorum
992 429 1343 499 perditionem
1373 426 1679 479 describens
1708 443 1718 476 :
1744 423 2035 477 Inebriatus
2060 431 2148 481 est,
2175 420 2363 487 inquit,
2395 415 2441 473 Α
2476 413 2822 479 Αιιιὶειιτίδιο,
2870 413 3097 468 ministri
3127 414 3505 484 deceptionum
3538 414 3657 485 ejus
3699 414 3752 467 in
3783 427 4073 469 carcerem

770 524 825 576 in
858 522 1002 585 caelo,
1050 520 1251 590 gladius
1294 532 1451 569 meus.
1502 515 1554 567 In
1590 515 1677 569 die
1714 529 1844 583 ergo
1885 513 1973 567 illa
1998 553 2013 575 ,
2060 511 2111 564 id
2150 519 2268 572 est,
2300 509 2352 563 in

774 623 1013 680 tempore
1050 624 1155 677 quo
1200 605 1427 660 farmido
1466 614 1522 660 et
1569 604 1720 659 fovea
1758 614 1812 658 et
1860 604 2078 672 laqueus
2124 602 2354 654 maxime

773 704 909 759 illius
940 709 994 754 et
1032 700 1233 752 ultima:
1276 697 1638 751 tribulationis
1678 696 2025 751 habitatorem
2066 702 2222 747 terra:
2267 706 2355 745 ca-

772 801 956 859 pturus
995 798 1106 851 est,
1154 785 1368 856 quando
1411 793 1571 855 gente
1610 796 1795 839 contra
1837 793 2048 855 gentem
2094 792 2148 836 et
2189 797 2357 849 regno

768 890 1126 952 consurgente
1168 880 1430 934 adversus
1478 894 1724 948 regnum,
1754 878 2127 932 concutientur
2159 876 2350 928 funda-

770 982 948 1027 menta
992 982 1169 1035 terra‘,
1203 982 1259 1025 et
1288 969 1401 1039 ipsa
1436 972 1545 1024 suis
1587 985 1645 1024 se
1678 971 1903 1024 invicem
1948 969 2139 1023 incolis
2182 968 2355 1034 impu-

766 1064 1051 1133 gnantibus
1099 1063 1487 1131 conlringetur,
1533 1071 1865 1127 conteretur,
1908 1059 2353 1123 commovebitur,

767 1158 1052 1229 agitabitur
1079 1157 1218 1211 sicut
1240 1158 1447 1219 ebrius,
1470 1156 1928 1225 appropinquante
1954 1163 2007 1207 et
2028 1152 2356 1221 jamjamqne

768 1250 1083 1305 imminente
1115 1249 1384 1302 ablatione
1414 1258 1464 1300 et
1496 1248 1647 1300 ruina
1694 1246 1879 1313 ipsius,
1916 1245 2143 1298 visitavit
2176 1243 2355 1297 Durni-

768 1356 868 1396 nus
888 1356 1051 1409 super
1075 1341 1312 1394 militiam
1339 1338 1465 1393 cmli
1498 1340 1547 1391 in
1577 1337 1792 1391 excelso
1820 1336 2081 1390 mittendo
2109 1335 2352 1405 angelum

769 1434 837 1487 de
879 1433 1052 1499 Ctelis,
1085 1432 1173 1500 qui
1222 1430 1489 1485 hominem
1538 1429 1681 1483 illum
1716 1429 1936 1497 peccati,
1972 1428 2137 1481 lilium
2177 1425 2356 1495 perdi-

768 1526 947 1591 tionis,
989 1526 1076 1593 qui
1123 1524 1362 1578 elevatur
1405 1532 1458 1576 et
1496 1521 1768 1575 extollitur
1808 1535 1965 1588 supra
2010 1534 2172 1573 omne
2215 1520 2353 1587 quod

769 1619 962 1673 dicitur
992 1618 1130 1671 Deus
1170 1616 1429 1685 autquod
1474 1615 1695 1673 colitur,
1731 1614 1798 1667 ita
1843 1621 1899 1666 ut
1942 1614 1993 1665 in
2028 1611 2226 1679 templo
2260 1611 2353 1665 Dei

770 1714 989 1775 sedeat,
1018 1712 1195 1764 divina
1227 1711 1425 1762 virtute
1464 1708 1755 1775 perimatur
1782 1723 1795 1757 :
1826 1704 1966 1773 quod
2008 1704 2189 1759 beatus
2222 1719 2353 1770 papa

2454 504 2836 573 gebennalium
2887 520 3189 574 poenarum,
3236 515 3289 559 et
3320 514 3441 573 post
3473 505 3677 559 multos
3709 506 3831 560 dies
3872 505 4072 558 visita-

2458 597 2655 651 buntur
2686 614 2700 649 :
2735 608 2995 666 tempore,
3026 599 3295 662 videlicet,
3326 600 3746 654 resurrectionis
3787 601 4068 661 omnium,

2456 691 2669 760 quando
2695 691 2761 745 ad
2801 693 2902 744 hoc
2931 702 3138 761 tempus
3169 692 3365 747 animae
3395 706 3584 745 eorum
3620 691 3903 744 modicum
3936 705 4067 744 evo—

2456 787 2719 840 cabuntur
2760 788 2827 840 ab
2857 788 3039 841 inieris
3072 797 3151 850 ut,
3190 794 3407 854 recepto
3454 799 3708 853 corpore,
3738 785 3925 837 statim
3964 799 4067 839 ex-

2458 879 2600 945 plezo
2634 878 2860 946 judicio,
2892 894 3012 931 cum
3051 877 3263 933 caeteris
3301 877 3669 946 peccatoribus
3701 875 3931 932 easdem
3979 893 4065 930 re.

2460 967 2710 1024 labantur
2752 968 2805 1023 in
2851 986 3056 1040 poenas.
3101 970 3285 1039 Neque
3332 971 3454 1025 huic
3500 980 3700 1024 nostra:
3742 969 4064 1030 assertioni,

2457 1077 2562 1129 qua
2594 1062 2978 1117 Antichrislum
3008 1071 3133 1117 ante
3161 1063 3359 1116 multos
3389 1062 3507 1117 dies
3538 1061 3884 1117 advenientis
3908 1062 4061 1129 judi-

2458 1155 2523 1207 cii
2574 1154 2895 1208 universalis
2942 1154 3169 1208 dicimus
3213 1154 3601 1219 occidendum,
3645 1162 3799 1221 putet
3856 1153 4063 1221 aliquis

2458 1244 2725 1298 obsistere
2754 1243 2897 1314 quod
2925 1243 2993 1297 de
3025 1244 3142 1312 ipso
3173 1244 3400 1311 loquens
3428 1243 3716 1311 Apostolus
3747 1244 3824 1294 ait
3853 1260 3867 1294 :
3896 1242 4061 1307 Quem

2463 1332 2707 1407 Dominus
2728 1332 2760 1385 Ι
2767 1350 2879 1387 esus
2902 1334 3171 1401 interficiet
3208 1336 3390 1401 spirilu
3412 1335 3515 1385 oris
3546 1334 3648 1401 sui,
3676 1332 3908 1386 destruet
3936 1332 4057 1384 illa-

2457 1426 2707 1478 stratioue
2731 1425 2978 1478 adventus
3002 1425 3110 1489 sui;
3140 1424 3403 1494 signiﬁcat
3432 1438 3661 1492 namque
3691 1423 3795 1476 hoc
3823 1421 4058 1475 dicendo

2459 1515 2790 1583 Apo~tolus,
2838 1514 2978 1584 quod
3028 1525 3169 1567 tanta
3218 1523 3433 1583 tamque
3504 1511 3731 1567 terribili
3779 1513 3939 1580 plaga
3986 1513 4057 1564 sit

2459 1605 2790 1659 conterenda
2840 1618 2904 1659 ac
2959 1605 3190 1659 ﬁnienda
3244 1614 3480 1673 potestas
3534 1604 3677 1657 illius
3717 1603 3950 1667 diaboli,
4000 1613 4060 1656 ut

2461 1698 2593 1751 nulli
2641 1697 2864 1751 dubium
2895 1699 2964 1752 sit
3000 1698 3125 1767 quin
3160 1697 3415 1751 dominici
3459 1698 3720 1750 adventus
3763 1696 4054 1764 praesentia

772 1802 1060 1871 Gregorius
1108 1816 1204 1870 per
1245 1800 1555 1855 Michaelcm
1603 1796 1987 1864 archangelum
2040 1795 2353 1862 patrandum
2393 1766 2434 1825 Β
2462 1791 2527 1844 ad
2561 1791 2887 1859 perdendam
2920 1766 3229 1857 superbiam
3268 1788 3520 1852 adfuerit,
3547 1788 3701 1857 juxta
3732 1787 3883 1855 quod
3916 1800 3968 1840 ei
4001 1788 4055 1840 in

778 1895 916 1958 fore,
941 1908 1006 1948 ex
1031 1892 1344 1962 Apocalypsi
1375 1892 1541 1944 sancti
1568 1889 1789 1944 Joannis
1818 1889 2083 1957 intelligit,
2110 1888 2195 1941 ubi
2226 1889 2356 1940 scri-

771 1996 916 2051 ptum
946 1994 1030 2039 est
1061 2004 1073 2036 :
1103 1984 1165 2038 Et
1192 1985 1385 2051 factum
1427 1992 1499 2035 cst
1531 1982 1763 2051 p'telium
1803 1982 1855 2033 in
1895 1980 2020 2033 ctelo
2048 1978 2269 2033 Michael
2311 1988 2355 2030 et

768 2078 940 2144 angeli
967 2078 1079 2145 ejus
1113 2074 1482 2144 pra'liabantur
1519 2089 1633 2125 cum
1674 2072 1925 2134 dracone,
1971 2079 2017 2123 et
2061 2070 2217 2123 draco
2258 2086 2353 2139 pu-

770 2167 955 2237 gnabat
984 2176 1028 2220 et
1055 2167 1225 2236 angeli
1254 2167 1386 2235 ejus,
1420 2174 1465 2218 et
1496 2181 1595 2218 non
1621 2163 1908 2225 valuerunt,
1932 2177 2089 2229 neque
2110 2162 2249 2214 locus
2277 2161 2357 2213 in—

770 2268 949 2313 uentus
994 2266 1067 2311 est
1106 2274 1280 2312 eorum
1315 2259 1535 2325 amplius
1578 2257 1631 2309 in
1670 2256 1816 2308 cmla.
1877 2254 2185 2307 V'isitabitur
2229 2267 2357 2322 ergo

771 2366 932 2418 super
976 2350 1219 2404 militiam
1271 2348 1425 2414 culi,
1475 2361 1596 2401 cum
1644 2346 1935 2415 perimetur
1971 2345 2352 2408 Antichristus,

770 2445 891 2515 quia
932 2454 986 2499 et
1028 2445 1116 2499 illo
1158 2445 1513 2511 interempto,
1560 2440 1729 2493 virtus
1771 2438 2052 2507 spirituum
2100 2438 2356 2505 maligno-

772 2554 912 2606 rum,
944 2541 1034 2604 qui
1065 2552 1187 2592 eum
1220 2537 1271 2590 in
1303 2535 1650 2589 ostendendis
1676 2531 1844 2601 signis
1880 2530 2231 2585 mendacibus
2265 2529 2357 2598 ju-

771 2637 977 2692 verant,
1003 2627 1268 2681 inﬁrmata
1295 2625 1614 2690 cassabitur,
1642 2633 1694 2677 et
1726 2624 1839 2693 ipse
1869 2636 1974 2676 non
2004 2622 2123 2676 sine
2153 2621 2358 2675 ratione

774 2727 949 2787 potest
988 2720 1125 2773 inter
1164 2718 1405 2772 militiam
1446 2718 1570 2772 coeli
1610 2716 1855 2785 deputari
1896 2730 1993 2783 pro
2028 2729 2115 2779 eo,
2154 2715 2276 2783 quia
2301 2728 2360 2767 se

775 2822 883 2861 non
922 2807 1092 2861 solum
1124 2822 1288 2873 super
1312 2808 1531 2875 angelos
1559 2820 1768 2873 omnes,
1801 2821 1987 2860 verum
2017 2805 2177 2859 etiam
2199 2820 2361 2873 super

774 2918 987 2956 omnem
1011 2903 1204 2956 divmai
1234 2902 1532 2971 majestatis
1560 2900 1928 2955 celsitudinem
1960 2900 2191 2954 exaltare
2220 2914 2358 2967 prat-

773 2991 959 3046 sumit.
1012 2992 1325 3045 Visitabitur
1362 2999 1416 3046 et
1457 3006 1619 3057 super
1659 3004 1810 3058 reges
1853 2999 2032 3056 terrae,
2075 2989 2162 3059 qui
2211 2997 2356 3056 sunt,

2467 1884 2701 1949 llerotle,
2751 1884 2840 1953 qui
2889 1883 3145 1937 Jacohnm
3198 1881 3397 1937 occidit
3438 1891 3494 1936 et
3536 1880 3745 1935 Petrum
3799 1880 3952 1931 misit
4002 1880 4054 1929 in

2458 1991 2751 2040 carcerein,
2781 1977 3051 2045 Scriptura
3082 1986 3289 2043 gestum
3322 1979 3740 2036 commemorat;
3777 1980 3837 2024 et
3860 1970 3917 2023 in
3951 1984 4057 2022 cte-

2459 2073 2588 2128 teris
2610 2070 3038 2125 Christianorum
3076 2067 3511 2139 persecutoribus
3544 2065 3939 2122 ecclesiastica:
3970 2065 4059 2117 lli-

2458 2164 2638 2217 Storia:
2668 2179 2819 2232 teque
2850 2164 3042 2216 factum
3068 2162 3324 2233 produnt,
3350 2164 3429 2213 vel
3460 2170 3607 2214 certe
3639 2160 4054 2213 interfecturum

2459 2256 2588 2310 dicit
2617 2272 2738 2310 eum
2771 2258 2961 2325 Spiritu
2990 2256 3102 2311 oris
3130 2254 3341 2309 Domini
3381 2264 3435 2307 et
3462 2252 3825 2307 illustrations
3846 2251 4052 2304 adven—

2461 2360 2545 2405 tus
2578 2350 2696 2419 ejus
2737 2351 3171 2417 destructurum,
3220 2348 3346 2418 quia
3394 2346 3641 2401 nimirum
3688 2347 3951 2399 veniente
3989 2359 4054 2397 eo

2459 2443 2522 2495 ad
2557 2442 2818 2510 judicium
2866 2441 3141 2495 novissima
3188 2440 3397 2493 inimica
3443 2438 3724 2491 destruetur
3768 2451 3947 2494 mors,
4000 2444 4053 2489 et

2458 2535 2633 2588 omnis
2660 2534 2723 2587 ad
2764 2534 3027 2603 integrum
3059 2547 3181 2586 cum
3221 2546 3287 2586 eo
3321 2532 3410 2600 qui
3441 2532 3599 2584 habet
3632 2530 3826 2583 murtis
3873 2528 4049 2597 impe-

2460 2627 2620 2694 rium,
2647 2626 2696 2680 id
2724 2636 2830 2689 est,
2855 2625 3055 2680 diaboli
3081 2624 3391 2687 satellitum,
3419 2624 3535 2691 ejus
3562 2622 3794 2689 potentia
3829 2623 4048 2687 perib‘t.

2460 2719 2697 2786 Namque
2722 2717 2864 2785 quod
2897 2731 2999 2770 non
3038 2715 3513 2769 statim-exstincto
3555 2714 3645 2767 illo
3673 2714 3895 2766 homine
3931 2726 4048 2779 pec-

2460 2814 2562 2867 cati
2598 2812 2704 2865 lilio
2752 2809 3068 2879 perditionis
3109 2808 3411 2863 universale
3454 2808 3523 2860 sit
3563 2807 3924 2858 adventurum
3962 2805 4047 2871 jn-

2459 2904 2678 2966 dicium,
2708 2901 2892 2956 Danirl
2928 2900 3193 2969 Propheta
3223 2907 3466 2961 testatur,
3500 2896 3589 2967 qui
3630 2896 3680 2949 in
3714 2894 3906 2948 ultima
3937 2909 4045 2947 sua:

2462 2996 2758 3065 prophetia:
2790 2996 2997 3048 visione
3040 2992 3187 3062 regni
3233 2992 3375 3046 illius
3420 3000 3535 3044 acta
3564 2988 3880 3043 describens
3926 3002 4046 3040 cum

777 3081 1070 3145 ministros,
1118 3082 1395 3147 videlicet,
1444 3081 1754 3137 Antichristi
1807 3091 1860 3135 et
1908 3080 2166 3134 factorum
2215 3080 2357 3133 lrau-
2387 3117 2435 3181 ϐ
2464 3086 2710 3140 eumdem
2767 3084 2917 3153 regni
2972 3092 3214 3151 tempora
3264 3082 3410 3136 mille
3456 3080 3701 3136 ducentis
3755 3078 4049 3147 nonaginta

776 3172 1007 3241 dumque
1037 3172 1152 3241 ejus
1184 3173 1416 3229 fautores
1445 3181 1500 3228 et
1529 3182 1926 3242 cooperatores,
1955 3173 2043 3242 qui
2074 3171 2272 3225 inlimis
2298 3186 2360 3225 ac

779 3262 1009 3317 terrenis
1050 3265 1316 3318 mentibus
1360 3265 1525 3335 impio
1568 3265 1911 3319 dominantur
1950 3262 2197 3331 imperio,
2230 3276 2363 3331 quos

776 3353 995 3406 dubium
1031 3368 1137 3407 non
1160 3366 1243 3408 est
1268 3354 1498 3409 ﬁniendo
1521 3355 1709 3410 eodem
1739 3354 1917 3408 furore
1938 3368 2046 3407 sua:
2063 3352 2363 3407 tribulatio-

777 3448 859 3495 tus
885 3456 1002 3496 esse
1033 3444 1316 3511 perituros.
1346 3444 1499 3498 Juxta
1524 3444 1663 3513 quod
1692 3444 1744 3498 in
1766 3444 2037 3507 omnibus,
2060 3443 2147 3512 qui
2175 3449 2360 3497 contra

777 3534 1067 3589 Ecclesiam
1114 3545 1447 3601 exarserunt,
1507 3536 1765 3591 bellorum
1814 3535 2121 3590 auctoribus
2164 3535 2358 3587 factum

786 3626 1024 3679 historia:
1051 3628 1284 3684 tradunt.
1314 3628 1609 3682 Notandum
1634 3629 1775 3683 enim
1799 3628 1939 3697 quod
1967 3640 2069 3681 non
2091 3629 2360 3694 aitaperte

783 3716 958 3785 Super
995 3732 1184 3771 omnes
1228 3734 1379 3787 reges
1410 3728 1586 3784 terrm,
1629 3719 1769 3773 sicut
1798 3733 1895 3774 nec
1936 3719 2107 3786 Super
2147 3732 2357 3770 omnem

783 3807 1027 3861 militiam
1058 3808 1213 3871 caeli;
1256 3809 1346 3863 sed
1392 3809 1658 3874 absolute,
1701 3809 1919 3862 uisitauit
1965 3806 2119 3872 Deus,
2167 3806 2358 3874 inquit,

782 3912 937 3962 super
976 3897 1213 3949 militiam
1256 3897 1367 3950 cazli
1408 3898 1459 3949 in
1498 3899 1716 3959 excelso,
1748 3905 1795 3950 et
1829 3913 1980 3966 super
2006 3913 2148 3966 reges
2189 3907 2356 3963 terrm,

780 3988 871 4058 qui
899 3996 1014 4041 sunt
1055 4004 1207 4058 super
1249 3998 1475 4053 (errant;
1506 3989 1646 4042 unde
1676 3988 1797 4043 licet
1825 3988 1939 4042 haec
1970 4002 2075 4041 non
2104 3988 2171 4040 de
2200 4001 2359 4055 gene-

780 4079 876 4133 rali
906 4079 1164 4143 omnium,
1198 4079 1291 4134 sed
1327 4080 1393 4134 de
1422 4079 1638 4149 speciali
1686 4078 2035 4149 quorumdam
2084 4078 2357 4132 hominum

786 4169 1205 4237 angelorumque
1251 4171 1509 4224 malorum
1574 4169 2059 4239 dejectione'dicla
2108 4170 2355 4238 intelligi;

784 4270 831 4313 et
871 4260 1316 4330 congregabantur
1357 4261 1409 4314 in
1450 4263 1892 4332 congregationem
1938 4262 2089 4315 unius
2128 4261 2281 4330 fascis
2308 4261 2359 4313 in

788 4352 986 4416 lacum,
1016 4361 1059 4404 et
1099 4352 1424 4415 includentur
1458 4354 1530 4407 ibi
1567 4357 1618 4407 in
1657 4371 1939 4421 carcerem,
1980 4355 2047 4409 de
2083 4353 2359 4408 animabus

2467 3178 2677 3240 diebus,
2708 3174 2760 3229 id
2791 3185 2892 3239 est,
2924 3174 3094 3229 tribus
3131 3174 3297 3227 semis
3337 3172 3514 3234 annis,
3548 3170 4043 3238 comprehenderit,

2464 3281 2683 3339 repente
2713 3268 2923 3324 intulit:
2950 3267 3137 3320 Beatus
3180 3267 3265 3336 qui
3311 3274 3568 3335 exspectat
3616 3274 3665 3318 et
3709 3265 3937 3332 pervenit
3977 3264 4045 3314 ad

2462 3360 2571 3415 dies
2604 3360 2743 3412 mille
2764 3368 3005 3412 trecentos
3028 3357 3235 3425 triginta
3256 3356 3496 3425 quinque.
3518 3357 3687 3422 Quem
3712 3354 4040 3407 versiculum

2463 3450 2651 3505 beatus
2699 3449 2978 3519 presbyter
3030 3448 3387 3517 Hieronymus
3433 3445 3514 3499 his
3561 3445 3743 3499 verbis
3783 3445 4041 3512 exponit:

2468 3542 2722 3605 «Beatus,
2768 3541 2961 3608 inquit,
3010 3540 3130 3609 qui,
3184 3537 3467 3592 interfecto
3516 3534 3875 3599 Antichristo,
3924 3536 4043 3589 dies

2462 3651 2623 3705 super
2656 3649 2935 3689 numerum
2982 3632 3285 3703 perlinitutn
3330 3629 3674 3699 quadraginta
3713 3638 3769 3683 et
3806 3629 4045 3696 quinque

2462 3730 2824 3799 prmstolatur,
2857 3728 3053 3796 quibus
3083 3732 3167 3780 est
3201 3724 3455 3778 Dominus
3497 3731 3656 3791 atque
3698 3721 3948 3775 Salvator
3990 3737 4040 3774 ιη

2462 3836 2556 3876 sua
2612 3821 2891 3889 majestate
2935 3829 3208 3873 venturus.
3260 3835 3280 3870 ο
3351 3816 3529 3882 Quare
3571 3823 3743 3869 autem
3794 3822 3917 3882 post
3965 3814 4043 3866 in-

2463 3911 2829 3965 teriectionem
2892 3908 3205 3964 Antichristi
3271 3907 3618 3978 quadraginta
3688 3916 3741 3960 et
3805 3906 4041 3973 quinque

2461 4002 2668 4057 dierum
2701 4001 2970 4056 silentium
3000 4001 3093 4063 sit,
3128 4000 3324 4054 divinze
3365 3998 3602 4054 scientia:
3627 4006 3729 4059 est,
3766 3998 3866 4051 nisi
3910 3998 4040 4049 forte

2463 4095 2703 4150 dicamus
2752 4092 2942 4148 dilatio
2994 4093 3142 4162 regni
3214 4100 3520 4146 sanctorum
3570 4091 3834 4159 patientia
3892 4106 4038 4146 corn-

2470 4184 2710 4253 probatio
2759 4190 2875 4248 cst;
2923 4181 3015 4236 sed
3067 4191 3121 4236 et
3178 4180 3280 4234 hoc
3334 4180 3619 4234 notandum
3676 4180 3725 4232 iu
3779 4192 3846 4233 eo
3898 4178 4036 4247 quod

2467 4272 2723 4341 scriptum
2752 4278 2854 4337 est,
2894 4269 2956 4323 Et
2982 4281 3092 4337 post
3128 4270 3311 4323 multos
3358 4270 3467 4321 dies
3512 4266 3887 4331 visitabuntur,
3917 4269 4037 4335 quia

2465 4362 2577 4431 ipsa
2617 4362 2903 4415 multorum
2948 4360 3153 4414 dierutn
3192 4358 3478 4427 appellatio
3523 4357 3899 4427 congruentius
3940 4356 4036 4411 hu.

784 4442 980 4496 dicitur
1026 4456 1212 4497 eorum
1268 4458 1515 4514 quorum,
1550 4445 1774 4500 Domino
1818 4446 2087 4511 visitante,
2135 4460 2356 4515 corpora

2467 4454 2549 4521 ius
2592 4452 2770 4506 smculi
2815 4451 3142 4519 temporibus
3187 4450 3650 4517 assignetur.qu:e
3678 4447 3879 4501 alterna
3922 4447 4033 4500 die-

784 4534 1052 4589 dabuntur
1093 4535 1144 4589 in
1176 4548 1425 4604 mortem,
1453 4553 1571 4605 quas
1597 4539 1694 4591 etsi
1727 4552 1829 4592 non
1859 4538 2013 4591 simul
2044 4552 2272 4607 egressa:
2296 4538 2364 4593 de

783 4640 1032 4693 corpore,
1062 4635 1268 4681 cuncta:
1308 4637 1483 4683 tamen
1525 4643 1623 4683 suo
1653 4644 1874 4698 quaeque
1911 4629 1961 4683 in
1991 4629 2176 4685 ordine
2212 4646 2357 4685 eum-

785 4717 908 4771 dem
945 4720 1412 4789 congregahuntur
1452 4720 1502 4773 in
1552 4720 1642 4774 last
1662 4735 1773 4785 em,
1820 4720 2058 4789 ejusdem
2091 4737 2363 4791 ptrnarum

789 4810 1098 4877 perennium
1130 4811 1518 4865 concludentur
1551 4810 1648 4885 [in]
1684 4813 2028 4882 ergastulum.
2071 4812 2229 4869 Juxta
2258 4815 2362 4868 uti-

786 4916 890 4969 que
918 4903 1322 4972 dispositionem
1348 4904 1574 4959 districti
1602 4907 1816 4975 judicis,
1845 4915 1903 4961 ut
1927 4907 2015 4977 qui
2043 4908 2157 4976 pari
2189 4916 2367 4964 mente

789 4991 1232 5061 impugnaverunt
1268 4992 1587 5060 Ecclesiam,
1633 4998 1831 5065 pariter
1867 5013 1978 5053 suae
2021 4998 2365 5054 theomachia:

788 5083 1111 5153 supplicium
1161 5084 1326 5138 luant.
1363 5084 1512 5151 Quod
1546 5097 1598 5140 et
1629 5086 1697 5140 de
1722 5087 1932 5142 ceteris
1978 5090 2220 5158 reprobis
2252 5089 2364 5145 ﬁeri

790 5171 1038 5229 doctores
1070 5167 1332 5229 Ecclesia:
1378 5175 1614 5241 tradunt,
1648 5190 1825 5245 pares,
1868 5177 2131 5247 videlicet,
2166 5182 2219 5237 in
2248 5184 2365 5237 cul-

791 5264 895 5331 pis,
928 5265 1126 5332 pariter
1142 5264 1474 5319 damnandos
1505 5265 1555 5318 in
1582 5266 1753 5333 poenis
1780 5275 1831 5320 et
1859 5267 1972 5322 haec
1992 5283 2110 5325 esse
2138 5273 2276 5341 quod
2300 5273 2368 5329 de

792 5352 1012 5409 zizaniis
1032 5356 1105 5409 ait
1117 5354 1375 5410 Dominus
1395 5372 1407 5408 :
1428 5356 1647 5427 Alligate
1659 5374 1718 5411 ca
1734 5357 1977 5426 fasciculo
1996 5360 2065 5412 ad
2077 5364 2369 5417 comburen-

793 5446 937 5511 dum,
962 5460 1148 5501 avaros
1177 5462 1298 5501 cum
1330 5448 1538 5514 avaris,
1572 5449 1880 5503 luxuriosos
1905 5466 2025 5505 cum
2058 5452 2367 5521 luxuriosis,

795 5538 1037 5605 perjuros
1060 5554 1177 5593 cum
1209 5539 1457 5608 perjuris,
1489 5549 1543 5595 et
1571 5551 1796 5595 caeteros
1823 5556 2035 5611 quoque
2063 5551 2371 5607 peccatores

795 5641 911 5681 cum
943 5630 1133 5685 similis
1169 5634 1338 5701 eulpte
1372 5632 1742 5700 complicibus,
1788 5634 1945 5688 simul
1985 5640 2199 5691 internis
2235 5637 2369 5707 igni-

795 5715 892 5772 bus
916 5733 1034 5775 esse
1062 5721 1396 5790 mcrgendos.
1427 5721 1897 5793 Congregabuntur
1924 5740 2052 5794 ergo
2070 5765 2087 5794 ,
2116 5741 2369 5795 pereunte

2468 4560 2584 4599 rum
2630 4558 2694 4597 ac
2732 4543 2963 4596 noctium
3011 4539 3377 4594 vicissitudine
3409 4538 3850 4607 multiplicantur,
3882 4551 4035 4603 quam

2466 4637 2653 4699 futuri,
2692 4634 2777 4688 ubi
2805 4633 3139 4689 cessantibus
3171 4633 3420 4687 horarum
3447 4628 3806 4691 discursibus,
3838 4628 4034 4680 sanctis

2463 4728 2563 4782 erit
2592 4725 2849 4781 Dominus
2873 4725 2924 4779 in
2956 4725 3129 4779 lucem
3159 4724 3537 4792 sempiternam
3559 4761 3575 4786 ,
3598 4729 3652 4775 et
3673 4718 3841 4786 impii,
3872 4718 4037 4786 ligatis

2465 4816 2710 4871 manibus
2731 4830 2791 4869 ac
2816 4815 3062 4884 pedibus,
3080 4814 3370 4869 exteriores
3392 4812 3671 4867 mittentur
3694 4810 3745 4863 in
3766 4808 4031 4862 tenebras.

2466 4909 2691 4977 Ideoque
2713 4917 2863 4962 recte
2893 4907 3232 4962 sentiendum
3261 4906 3385 4976 quia
3414 4903 3503 4975 qui
3533 4917 3676 4958 nunc
3702 4900 4032 4957 inlernalium

2466 5000 2803 5054 tenebrarum
2845 5012 3063 5052 carcere
3108 5006 3379 5061 tenentur,
3412 5002 3533 5065 post
3578 4994 3772 5048 multos
3817 4994 4034 5047 labentis

2472 5091 2631 5160 hujus
2678 5090 2863 5144 saeculi
2895 5090 3013 5143 dies
3045 5088 3345 5152 visitentur,
3375 5088 3426 5141 in
3471 5086 3559 5140 illa
3607 5088 3785 5154 utique
3830 5086 3956 5140 hora
3985 5086 4032 5138 in

2466 5199 2567 5253 qua
2599 5200 2774 5237 omnes
2804 5184 2889 5251 qui
2918 5183 2969 5235 in
2999 5182 3338 5235 monumentis
3366 5192 3484 5235 sunt
3505 5181 3709 5234 audient
3742 5194 3909 5232 vocem
3934 5177 4033 5232 Do-

2466 5276 2591 5330 mini
2616 5284 2661 5329 et
2691 5274 2987 5342 precedent,
3009 5274 3098 5343 qui
3119 5272 3250 5326 bona
3275 5275 3522 5342 fecerunt,
3543 5272 3596 5324 in
3622 5270 4030 5326 resurrectionem

2468 5366 2604 5427 vita,
2632 5364 2721 5431 qui
2746 5377 2861 5415 vero
2889 5361 3026 5414 mala
3071 5370 3279 5432 egerunt
3319 5362 3371 5411 in
3400 5360 3805 5413 resurrectionem
3828 5358 4031 5428 judicii,

2467 5455 2618 5523 cujus
2650 5453 2974 5507 visitationis
3005 5460 3247 5518 tempore
3291 5450 3381 5505 lict
3409 5451 3510 5504 hoc
3541 5466 3754 5519 quoque
3789 5451 3928 5519 quod
3955 5468 4033 5505 se-

2470 5548 2647 5617 quitur
2672 5564 2685 5598 :
2711 5546 2777 5601 Et
2804 5548 3057 5599 erubescet
3082 5544 3207 5597 luna
3236 5554 3281 5596 ct
3303 5546 3643 5614 confundetur
3663 5546 3762 5605 sol,
3789 5544 3839 5597 id
3870 5544 4031 5611 ipsum

2471 5636 2696 5692 Domino
2727 5638 2779 5691 in
2807 5635 3097 5705 Evangelia
3124 5644 3434 5700 attestante,
3475 5635 3563 5703 qui
3590 5636 3663 5688 ait
3688 5652 3699 5687 :
3730 5635 3920 5689 Statim
3948 5653 4034 5689 au-

2470 5743 2566 5787 tcm
2586 5740 2700 5797 post
2721 5731 3098 5785 tribulationem
3123 5729 3322 5783 dierum
3344 5726 3572 5797 illorum,
3596 5728 3674 5782 sol
3696 5729 4039 5783 obscurabitur
