4220 6508
525 349 623 405 ποθ
1730 354 1924 411 SECT.
1970 353 2057 407 IV.

2210 353 2475 408 EPISTOI
2503 354 2588 409 (Ε.

3680 359 3785 413 ’710

506 481 554 521 et
584 472 710 523 luna
736 484 836 521 non
862 468 1002 521 dabit
1033 470 1203 522 lumen
1232 482 1415 529 suum;
1443 478 1496 521 et
1526 470 1680 535 paulo
1700 479 1817 537 post
1842 486 1854 520 :
1887 467 1953 521 Et
1982 479 2099 521 tunc
2131 472 2179 528 A
2206 472 2383 522 cuisse
2410 472 2626 526 dubium
2659 488 2760 525 non
2793 482 2893 527 est.
2917 472 3334 529 lutercedentem
3361 491 3455 543 pro
3480 478 3631 529 nobis
3661 481 3786 528 hea-

511 568 756 629 ptangent
779 575 949 613 omnes
980 560 1138 612 tribus
1170 567 1317 613 terra:
1345 567 1392 612 et
1422 560 1655 613 ridebunt
1689 559 1883 615 Filium
1931 562 2098 614 homi-

505 651 588 702 nis
616 652 893 702 uenientem
922 650 977 702 in
1002 650 1218 703 nubious
1247 651 1362 704 coeli
1389 667 1504 703 cum
1526 652 1707 704 virtute
1736 654 1893 705 multa
1917 662 1964 705 et
1987 669 2096 705 ma-

506 746 709 814 iestate,
743 751 790 795 et
825 742 988 795 mittet
1015 742 1223 810 angelos
1254 759 1372 796 suos
1398 759 1511 795 cuin
1542 743 1664 795 tuba
1692 753 1736 796 ct
1764 760 1881 796 voce
1908 760 2097 814 magna

507 840 555 887 et
583 833 965 900 congregabunt
1007 832 1190 884 electos
1239 835 1349 903 ejus
1389 849 1420 884 a
1467 844 1686 899 quatuor
1731 834 1910 886 ventis.
1946 834 2094 900 Quod

508 933 685 976 autem
717 920 867 991 quasi
898 921 996 976 sub
1036 921 1227 977 eodem
1264 931 1412 978 textu
1448 924 1707 992 propheta
1740 925 2013 993 subjungit
2044 926 2093 977 in

508 1013 750 1067 clausula
802 1012 985 1067 dicens
1015 1031 1030 1066 :
1062 1014 1188 1066 Cum
1233 1014 1463 1085 regnabit
1500 1015 1746 1068 Dominus
1785 1018 2093 1070 exercituum

504 1107 560 1160 in
590 1116 758 1160 monte
787 1104 917 1163 Sion
946 1115 993 1159 et
1026 1107 1079 1160 in
1108 1106 1397 1161 Jerusalem
1440 1117 1487 1162 et
1527 1109 1579 1162 in
1610 1119 1885 1177 conspectu
1915 1126 2095 1163 senum

504 1204 715 1251 sitorum
740 1198 896 1267 fuerit
926 1199 1268 1268 gloriﬁcatus,
1294 1201 1459 1270 magis
1485 1209 1673 1255 exacto
1693 1200 1881 1269 judicii
1904 1199 2096 1254 discri—

506 1271 649 1342 mine
667 1288 1044 1357 complebitur,
1059 1306 1179 1344 cum
1207 1289 1397 1345 ablatis
1416 1290 1617 1359 impiis,
1643 1307 1711 1345 ne
1728 1291 1943 1345 videant
1965 1291 2091 1361 glo-

504 1380 636 1432 riam
664 1379 778 1446 Dei,
816 1380 989 1435 sancti
1020 1395 1208 1436 omnes
1245 1381 1300 1435 in
1323 1396 1571 1451 superna:
1592 1380 1824 1436 civitatis
1854 1382 2089 1436 mansio-

505 1486 626 1525 nem
641 1470 703 1524 ad
719 1473 1180 1541 contemplandum
1203 1484 1460 1543 perpetuo
1484 1475 1723 1543 speciem
1740 1475 1821 1529 sui
1844 1474 2093 1529 Condito-

504 1562 578 1616 ris
606 1562 893 1617 intrabunt.
914 1562 1013 1618 Ubi
1038 1563 1324 1617 notandum
1350 1565 1495 1631 quia,
1523 1563 1660 1617 sicut
1683 1564 1783 1616 huc
1805 1563 1921 1618 loco
1940 1564 2087 1634 quasi

505 1652 702 1719 pariter
730 1651 904 1707 futura
927 1652 1177 1708 dicuntur
1203 1654 1453 1723 qumratis
1477 1651 1566 1725 [Ε.
1600 1670 1720 1724 qua:
1746 1654 1899 1727 ratio]
1925 1659 2087 1709 maui-

503 1742 634 1797 l'esta
658 1745 927 1799 discretim
960 1742 1134 1799 futura
1164 1760 1281 1800 esse
1310 1746 1576 1811 declarat,
1608 1747 1674 1799 ita
1709 1761 1829 1801 esse
1843 1748 2087 1816 superius

2207 561 2487 615 titudinem
2521 573 2751 616 vestram
2784 579 3013 630 superna
3060 564 3231 633 gratia
3271 581 3487 635 semper
3526 568 3782 638 adjuvare

2202 652 2445 723 dignetur
2465 656 2476 707 !

2735 745 3059 801 EPISTULA
3105 747 3243 804 XVI.

2559 833 2634 889 De
2655 848 2839 905 septem
2865 836 3114 903 Epistolis
3144 844 3419 896 canonicis.

2271 926 2520 993 Jacobus,
2552 929 2760 991 Petrus,
2794 930 3060 997 Joannes,
3094 933 3256 989 ludas
3284 947 3485 1003 septem
3520 940 3782 1007 Epistolas

2200 1018 2517 1086 ediderunt,
2552 1038 2684 1092 quas
2713 1025 3075 1079 ecclesiastica
3108 1032 3439 1085 consuetudo
3464 1035 3775 1101 catholicas,

2199 1110 2297 1162 huc
2342 1122 2461 1175 est,
2500 1113 2864 1180 universales,
2908 1120 3270 1183 cognominat.
3323 1121 3377 1174 In
3426 1124 3615 1191 quibus
3660 1127 3779 1179 ideo

2199 1201 2364 1266 prima
2400 1202 2633 1269 Epistula
2664 1202 2849 1258 Jacobi
2886 1207 3119 1273 ponitur,
3145 1210 3263 1277 quia
3290 1211 3778 1285 ipseJerosolymo-

2198 1309 2314 1347 rum
2348 1296 2635 1365 regendam
2669 1300 2906 1364 suscepit
2933 1300 3245 1355 Ecclesiam.
3283 1301 3336 1356 In
3368 1305 3607 1376 catalogo
3640 1311 3780 1363 enim

2196 1386 2563 1451 apostolorum
2598 1387 2801 1453 priores
2827 1390 3001 1445 solent
3023 1394 3285 1448 nominari
3314 1395 3499 1451 Petrus
3526 1409 3577 1452 et
3608 1398 3776 1454 Joan-

2195 1488 2311 1528 nes.
2345 1474 2538 1530 Verum
2572 1478 2690 1533 t‘ons
2721 1488 2775 1533 et
2819 1482 2968 1551 origo
3009 1487 3335 1556 evangelicae
3379 1493 3776 1557 prtedicationis

2196 1564 2455 1633 incipiens
2482 1583 2511 1621 a
2537 1568 2892 1640 Jerosolymis
2925 1589 3018 1641 per
3046 1577 3231 1630 orbem
3260 1578 3448 1634 diliusa
3479 1590 3533 1634 et
3562 1584 3779 1637 univer-

2192 1669 2332 1709 sum.
2365 1656 2528 1725 Cujus
2562 1660 2832 1714 cathedra:
2863 1662 3173 1731 dignitatem
3201 1669 3361 1721 etiam
3412 1666 3604 1725 Paulus
3646 1688 3777 1737 apu-

2192 1748 2361 1800 stulus
2384 1749 2434 1801 in
2456 1764 2521 1803 eo
2545 1751 2868 1824 nominando
2894 1770 3154 1809 venerans
3177 1758 3249 1810 ait
3269 1775 3282 1811 :
3299 1758 3543 1826 Jacobus,
3577 1762 3782 1825 Cap/tas

502 1832 702 1906 pariter
745 1848 799 1892 et
842 1839 994 1906 quasi
1025 1839 1125 1893 sub
1153 1840 1313 1894 unius
1358 1840 1460 1895 diei
1488 1839 1677 1909 judicii
1710 1840 1933 1896 articulo
1963 1857 2091 1896 con-
2124 1824 2172 1885 Β
2198 1847 2245 1890 ει
2273 1837 2522 1904 Joanne“
2570 1844 2658 1908 (Ιυῖ
2710 1844 3011 1898 videbamur
3072 1848 3324 1903 εοίιληιηω
3372 1824 3635 1917 Ere/etim,
3697 1857 3781 1910 vel

503 1935 767 1993 terantur,
801 1944 921 1996 quas
964 1930 1158 1997 partim
1210 1931 1525 1985 imminente
1578 1932 1693 2001 ipso
1735 1932 1821 1987 die
1864 1932 2087 2003 judicii,

502 2020 694 2088 partim
720 2021 829 2090 jam
859 2031 1154 2091 apparcnte
1177 2031 1387 2078 constat
1417 2025 1704 2094 implenda.
1739 2025 1908 2092 Quem
1941 2027 2085 2079 enim

502 2114 788 2184 legentium
824 2118 951 2172 latet
978 2118 1103 2188 quin
1135 2119 1301 2175 rubor
1326 2121 1464 2176 luna:
1492 2130 1547 2176 et
1575 2121 1819 2176 conlusio
1843 2123 1974 2177 solis
2002 2123 2086 2178 vel

498 2217 624 2263 ante
653 2209 794 2264 diem
827 2211 907 2266 vel
940 2213 990 2266 in
1020 2214 1137 2282 ipso
1159 2214 1246 2268 die
1274 2214 1345 2268 sit
1375 2214 1545 2268 futura
1572 2214 1755 2284 judicii
1774 2257 1787 2279 ,
1815 2215 2085 2285 gloriﬁca-

501 2299 575 2355 tio
601 2308 778 2357 autem
813 2304 1017 2359 Domini
1068 2321 1176 2360 non
1222 2322 1284 2363 ea
1316 2321 1419 2377 qua
1451 2310 1658 2362 cunctis
1707 2310 1759 2363 in
1800 2307 2001 2378 judicio
2031 2318 2085 2364 et

496 2392 652 2462 justis
674 2405 728 2449 et
750 2397 956 2464 injustis
979 2399 1293 2467 apparebit,
1322 2399 1416 2453 sed
1447 2415 1549 2468 qua
1584 2401 1634 2453 in
1664 2408 1957 2470 conpectu
1988 2415 2075 2455 se-

501 2499 625 2538 num
655 2501 875 2541 suorum
905 2489 1311 2554 tantummodo,
1337 2488 1388 2542 id
1418 2501 1531 2555 est,
1565 2490 1887 2557 electorum,
1932 2505 2084 2545 reve-

500 2576 717 2642 labitur,
742 2585 869 2632 tunc
893 2580 964 2633 sit
988 2579 1164 2648 potius
1186 2579 1294 2633 illis
1315 2580 1669 2644 ostendenda,
1693 2581 1908 2650 quando
1932 2580 2081 2635 ibunt

499 2668 645 2738 impii
694 2668 747 2723 in
794 2669 1111 2739 supplicium
1143 2679 1425 2734 aeternum,
1456 2671 1553 2738 ipsi
1585 2680 1763 2724 autem
1818 2672 1871 2725 in
1920 2672 2079 2724 vitam

502 2768 778 2825 aeternam,
814 2776 921 2831 quo
950 2771 1214 2832 tempore,
1247 2763 1291 2817 si
1318 2770 1496 2817 tamen
1528 2764 1578 2817 in
1611 2772 1851 2833 tempore
1881 2764 1985 2817 dici
2020 2764 2083 2819 Ii-‘

508 2850 599 2904 bet
620 2851 759 2921 quod
787 2861 1047 2907 teternum
1075 2862 1178 2918 est,
1204 2868 1309 2907 non
1338 2856 1502 2909 rubor
1523 2855 1682 2919 lunze,
1710 2870 1815 2908 non
1838 2854 2083 2910 confusio

502 2942 631 2997 solis
652 2943 809 3011 jubar
834 2944 1107 3008 obscurat,
1140 2945 1256 3008 sed,
1286 2944 1424 3000 sicut
1454 2945 1583 3001 alibi
1611 2946 1743 3000 dicit
1774 2946 1913 3001 idem
1952 2962 2081 3016 pro-

501 3032 658 3101 pheta
686 3050 697 3084 :
725 3031 838 3086 Erit
866 3034 956 3087 lux
975 3035 1103 3088 sicut
1125 3036 1216 3089 lus:
1235 3036 1377 3099 solis,
1402 3045 1449 3089 et
1472 3037 1564 3090 tua:
1585 3037 1709 3090 solis
1738 3038 1834 3090 erit
1863 3045 2084 3105 septem-

500 3123 699 3191 pliciter
727 3125 855 3177 sicut
885 3126 977 3179 lux
1004 3135 1197 3195 septem
1228 3127 1446 3192 dierum,
1479 3127 1532 3180 in
1556 3128 1638 3180 die
1665 3144 1765 3195 qua
1792 3118 2089 3198 alligaverit-

498 3212 750 3267 Dominus
772 3214 953 3268 vulnus
982 3216 1161 3286 pepuli
1186 3216 1265 3270 sui
1300 3225 1347 3269 et
1377 3232 1731 3284 percussuram
1759 3218 1927 3286 plagw
1967 3220 2081 3289 ejus

496 3305 769 3359 sanaverit.
805 3306 895 3360 His
937 3305 1004 3361 de
1033 3305 1334 3375 quastiOne
1378 3305 1827 3376 periculosissima
1848 3347 1863 3373 ,
1896 3321 2081 3362 sancte

497 3396 744 3460 antistes,
779 3411 873 3464 pro
903 3396 1121 3453 modulo
1152 3406 1337 3453 nostro
1366 3396 1648 3467 expositis,
1674 3408 1860 3467 repeto
1888 3398 1938 3451 in
1974 3399 2081 3453 line

494 3487 702 3556 quodin
719 3489 992 3557 principiis
1005 3489 1139 3556 dixi,
1157 3490 1276 3559 quia
1300 3505 1403 3544 non
1426 3488 1896 3561 summeiF.sum]
1920 3504 2078 3545 ausus

497 3578 683 3634 dicere
714 3579 1042 3635 intellexisse
1066 3582 1191 3650 quid
1225 3582 1482 3650 propheta
1515 3581 1567 3634 in
1589 3595 1651 3635 ea
1679 3580 1877 3635 sentire
1895 3581 2080 3635 volue-

498 3672 586 3726 rit.
619 3672 789 3741 Spero
814 3683 1024 3741 autem,
1049 3688 1279 3743 superna
1306 3674 1541 3729 donante
1566 3674 1737 3743 gratia
1764 3715 1779 3740 ,
1829 3673 1949 3742 quia
1982 3688 2076 3728 nec

498 3764 671 3819 textui
722 3765 1048 3834 prophetica:
1098 3767 1346 3822 lectionis
1395 3781 1493 3821 nec
1544 3767 1738 3820 rationi
1793 3765 2077 3820 catholica:

500 3857 622 3912 lidei
647 3858 754 3912 sint
785 3858 1213 3913 inconvenientia
1238 3873 1357 3928 qua:
1378 3859 1445 3914 de
1466 3873 1525 3913 ea
1552 3858 1831 3926 disputans
1861 3858 2076 3925 scripsi.

501 3946 609 4002 Sed
634 3962 732 4003 nec
758 3964 846 4004 me
873 3949 1259 4004 infructuosum
1287 3964 1406 4005 meo
1437 3950 1617 4004 lectori
1649 3948 1883 4003 futurum
1916 3949 2077 4004 credo

496 4037 549 4091 in
582 4039 664 4093 his
688 4055 806 4108 quas
834 4041 1045 4111 scripsi,
1072 4057 1231 4112 quem
1257 4042 1358 4097 etsi
1382 4042 1434 4097 in
1458 4043 1820 4097 sanctuarium
1848 4042 2079 4112 prupbe~

500 4131 590 4187 tici
620 4147 811 4188 sensus
844 4134 1184 4191 introducere
1205 4136 1439 4201 nescivi,
1472 4134 1540 4190 ab
1562 4144 1742 4189 aratro
1766 4142 1944 4190 tamen
1970 4134 2078 4189 ba:-

495 4227 677 4281 reticae
705 4226 1040 4295 deceptionis
1070 4227 1278 4298 longius
1304 4229 1524 4293 abduxi,
1559 4226 1963 4297 praemonendo,
1990 4227 2072 4281 vi-

492 4320 710 4387 delicet,
744 4335 813 4376 ne
841 4321 1002 4375 verba
1034 4320 1313 4390 propheta:
1344 4321 1484 4376 male
1516 4320 1909 4389 interpretans,
1948 4333 2074 4389 pec-

493 4419 701 4466 catores
722 4425 963 4481 quosque
988 4413 1301 4469 criminibus
1318 4412 1429 4467 suis
1450 4412 1642 4468 interni
1667 4427 1885 4468 carcere
1907 4413 2073 4469 semel

495 4501 780 4557 damnatos
827 4501 1013 4558 credat
1049 4502 1339 4573 aliquando
1367 4501 1677 4556 visitatiune
1713 4501 1889 4556 divina
1921 4518 2074 4557 revo-

493 4592 692 4646 candos
720 4592 787 4648 ad
817 4594 1064 4658 veniam,
1111 4595 1240 4664 quin
1288 4595 1464 4662 potius
1506 4594 1703 4648 suimet
1749 4608 2074 4662 suorumque

493 4696 675 4736 curam
704 4683 924 4739 sedulus
953 4693 1073 4754 agat
1093 4726 1109 4748 .
1133 4694 1395 4755 quatenus
1421 4685 1696 4755 expurgati
1727 4698 1756 4738 a
1784 4685 1928 4739 vitiis
1948 4728 1963 4753 ,
1988 4699 2075 4739 or-

496 4774 603 4828 nati
635 4774 787 4830 bonis
815 4779 1096 4846 operibus,
1121 4778 1265 4834 diem
1294 4787 1610 4849 exspectent
1640 4778 1903 4842 ultimam,
1933 4780 2073 4850 quod

495 4874 550 4921 et
571 4880 713 4922 nunc
741 4867 1055 4938 pmphetam
1087 4878 1140 4925 et
1166 4883 1354 4927 omnes
1379 4870 1629 4926 Ecclesiae
1662 4872 1943 4941 magistros
1974 4871 2073 4925 do—

2193 1937 2339 1982 certe
2368 1931 2488 1998 quia
2518 1932 2634 1999 ipse
2661 1933 2942 1987 duodecim
2975 1936 3216 1991 tribubus
3241 1939 3475 2009 lsraclis,
3509 1959 3627 2011 quze
3673 1945 3776 2014 pri-

2191 2033 2291 2071 mzc
2313 2020 2681 2087 crediderunt,
2706 2038 2855 2077 suam
2885 2024 3175 2093 Epistulam
3202 2030 3366 2094 misit,
3391 2034 3583 2087 merito
3607 2036 3773 2100 prima

2191 2112 2315 2179 poni
2348 2112 2566 2178 debuit;
2603 2116 2797 2169 merito
2827 2116 2967 2170 Petri
2993 2120 3261 2187 secunda,
3294 2137 3416 2190 quia
3448 2123 3560 2191 ipse
3587 2126 3774 2180 electis

2187 2200 2431 2267 advenis,
2463 2202 2554 2271 qui
2583 2202 2769 2258 Graece
2793 2205 3042 2259 dicuntur
3082 2209 3357 2279 proselytw
3377 2249 3393 2276 ,
3423 2211 3523 2266 hoc
3548 2222 3650 2279 est,
3698 2216 3777 2268 eis

2187 2294 2405 2361 scripsit
2428 2295 2515 2363 qui
2544 2295 2610 2349 de
2632 2296 2927 2366 gentilitate
2951 2301 3013 2352 ad
3037 2299 3389 2369 judaismum,
3416 2304 3772 2373 dejudaismo

2188 2383 2253 2437 ad
2287 2385 2565 2440 electionis
2596 2389 2922 2456 evangelica:
2963 2394 3189 2459 gratiam
3221 2396 3464 2449 conversi
3489 2406 3632 2450 sunt.
3661 2397 3773 2452 Me-

2186 2477 2294 2529 rito
2314 2474 2540 2531 Joannis
2567 2478 2820 2547 Epistula:
2844 2484 3000 2535 tertio
3024 2485 3141 2537 loco
3163 2492 3287 2538 sunt
3316 2488 3521 2556 positae,
3538 2488 3663 2557 quia
3688 2489 3770 2543 his

2186 2567 2403 2637 scripsit
2452 2568 2565 2637 ipse
2607 2570 2693 2639 qui
2726 2571 2793 2624 de
2833 2572 3081 2639 gentibus
3111 2575 3488 2643 crediderunt,
3522 2593 3643 2632 cum
3676 2596 3775 2634 nec

2187 2667 2372 2712 natura
2420 2674 2519 2714 nec
2568 2658 2903 2728 professione
2948 2666 3300 2721 exstitissent.
3335 2667 3576 2739 Denique
3619 2672 3773 2726 multi

2187 2751 2512 2816 scriptorum
2557 2753 3087 2820 ecclesiasticorum,
3121 2758 3173 2811 in
3205 2760 3397 2828 quibus
3432 2771 3516 2816 est
3560 2773 3775 2818 sanctus

2189 2842 2533 2908 Athanasius,
2582 2843 2955 2900 Alexandrinae
2985 2848 3180 2915 praesul
3221 2850 3508 2919 Ecclesiae,
3542 2856 3766 2923 primam

2187 2933 2306 2999 ejus
2341 2933 2637 3001 Epistulam
2668 2937 2923 3005 scriptam
2953 2938 3018 2991 ad
3050 2939 3278 2995 Parthos
3319 2957 3440 2997 esse
3485 2953 3770 3001 testantur.

2188 3012 2549 3079 Merito'Juda:
2584 3026 2751 3093 posita
2781 3038 2865 3083 est
2895 3030 3077 3082 ultima
3104 3070 3119 3097 ,
3154 3032 3276 3101 quia
3309 3033 3549 3103 quamvis
3574 3049 3625 3091 et
3659 3039 3774 3107 ipse

2190 3127 2410 3183 magnus
2460 3127 2576 3180 est,
2627 3117 2798 3172 tribus
2850 3128 3025 3175 tamen
3061 3124 3489 3189 prmcedentibus
3518 3130 3774 3196 apostolis

2107 3180 2154 3239 (ἶ
2193 3205 2367 3259 minor
2385 3217 2496 3272 est;
2523 3208 2603 3261 vel
2629 3208 2750 3277 quia
2775 3209 2947 3275 prima
2970 3210 3151 3265 Jacobi
3176 3215 3375 3282 scripta
3408 3224 3491 3269 est
3511 3180 3771 3285 Epistula,

2188 3296 2378 3350 deinde
2411 3297 2576 3363 Petri,
2611 3309 2728 3368 post
2763 3314 2855 3354 eas
2886 3300 3129 3366 Joannis,
3163 3302 3283 3358 ideo
3314 3321 3453 3361 nunc
3487 3322 3653 3378 USqtle
3681 3325 3771 3364 or-

2187 3385 2363 3439 dinem
2390 3402 2495 3455 quo
2520 3389 2733 3456 scriptae
2768 3398 2894 3444 sunt
2940 3391 3196 3447 retinent.
3223 3393 3444 3449 Constat
3475 3399 3619 3452 enim
3648 3401 3770 3469 quia

2185 3473 2375 3527 beatus
2417 3473 2649 3531 Jacohus
2704 3478 2976 3533 tricesimo
3032 3492 3149 3549 post
3208 3485 3511 3552 passionem
3565 3487 3775 3544 Domini

2184 3577 2327 3618 anno
2369 3580 2522 3619 suum
2573 3570 2963 3623 Consummavit
2995 3573 3346 3644 martyrium;
3400 3574 3586 3631 Petrus
3614 3579 3775 3635 trice-

2184 3658 2322 3712 simo
2345 3666 2535 3714 octavo
2555 3702 2569 3725 ,
2616 3661 2715 3715 hoc
2748 3671 2851 3730 est,
2880 3665 3070 3720 ultimo
3113 3681 3255 3721 anno
3284 3667 3513 3723 Neronis
3535 3713 3548 3736 ,
3585 3687 3775 3739 passus

2184 3759 2289 3812 est,
2322 3758 2375 3804 et
2405 3750 2518 3819 ipse
2552 3752 2600 3805 in
2631 3754 2863 3808 secunda
2891 3772 2986 3811 sua
3031 3757 3249 3827 scripsit
3293 3760 3530 3829 Epistola
3558 3781 3569 3815 :
3596 3762 3774 3819 Certus

2181 3856 2294 3894 sum
2323 3841 2444 3910 quis
2467 3844 2613 3898 velox
2629 3846 2695 3900 sit
2718 3846 3003 3917 depositum
3028 3849 3346 3904 tabernaculi
3368 3854 3464 3907 mei
3492 3858 3770 3909 secundum

2180 3939 2317 4009 quod
2344 3950 2389 3994 et
2418 3939 2664 3995 Dominus
2686 3956 2855 3997 noster
2879 3943 3033 3999 Jesus
3056 3944 3291 4001 Christus
3317 3950 3622 4019 signi/ienuit
3648 3952 3775 4006 milii

2182 4043 2273 4096 per
2321 4030 2704 4085 reuelationem.
2752 4031 2904 4087 Unde
2950 4044 3091 4101 patet
3129 4036 3250 4105 quia
3283 4036 3598 4093 imminente
3649 4055 3770 4109 pas-

2187 4124 2345 4178 sione
2378 4126 2514 4178 hanc
2542 4125 2755 4193 scripsit
2780 4126 3097 4193 Epistulam,
3128 4142 3247 4182 cum
3279 4129 3446 4183 tnultu
3468 4142 3590 4185 ante
3618 4130 3774 4186 Jaco-

2180 4213 2278 4268 bus
2310 4215 2558 4283 migravit
2587 4215 2653 4269 ad
2677 4214 2975 4270 Christum.
3011 4217 3195 4287 Neque
3243 4235 3370 4272 vero
3414 4220 3773 4275 conveniebat

2180 4305 2295 4373 ejus
2323 4306 2587 4373 Epistolis
2611 4307 2678 4361 ab
2706 4307 2933 4363 invicem
2959 4309 3218 4377 separari,
3242 4325 3374 4379 (tuas
3408 4311 3595 4365 iisdem
3630 4313 3767 4366 scri-

2180 4398 2284 4469 psit
2300 4398 2576 4454 Ecclesiis.
2596 4399 2763 4454 Porro
2784 4399 3020 4455 Joannes
3046 4401 3212 4456 multo
3236 4412 3354 4472 post
3378 4411 3618 4472 tempore
3642 4418 3768 4456 suas

2183 4491 2446 4559 Epistolas
2491 4492 2649 4545 simul
2699 4501 2754 4547 et
2805 4493 3151 4564 Erangeliutn
3206 4495 3457 4565 scripsit,
3507 4496 3595 4565 qui
3644 4507 3765 4567 post

2100 4567 2152 4626 Ῐ)
2181 4584 2502 4639 occisionem
2556 4585 2875 4641 dominicam
2929 4602 3175 4643 reversus
3223 4590 3291 4644 de
3346 4589 3535 4643 exsilio
3583 4590 3760 4644 turba-

2184 4684 2289 4728 tam
2315 4690 2374 4731 se
2402 4677 2624 4733 absente
2648 4694 2741 4746 per
2760 4679 3038 4736 hzcreticos
3060 4682 3261 4749 reperit
3283 4680 3602 4745 Ecclesiam,
3628 4694 3760 4749 quos

2185 4768 2239 4823 in
2267 4771 2377 4824 suis
2409 4769 2660 4839 Epistolis
2710 4772 3013 4841 percutiens
3052 4788 3194 4842 saepe
3233 4772 3573 4842 cognominat
3614 4771 3763 4826 Anti-

2184 4866 2434 4921 Christus.
