4220 6512
1199 564 1727 678 ΒΕΒΕ
1802 547 3067 681 VENEBABILIS

1838 764 2221 828 ANGLO-SA
2232 763 2477 825 XONIS

842 923 1750 1150 OPEBA
1905 916 3475 1132 HISTOBICA

2068 1230 2225 1286 δινεῖ

1143 1388 1540 1518 OMNIUM
1627 1383 1864 1511 EJUS
1926 1375 2335 1504 OPERUM
2386 1371 2655 1499 PARS
2723 1368 3173 1507 QUARTA.

2017 1563 2352 1580 ἐ

1178 1654 1556 1733 SECTIO
1630 1649 2034 1724 PRIMA.
2062 1669 2172 1693 --
2201 1635 3165 1711 HAGIOGRAPHICA.

2006 1781 2299 1794 ...-

1319 1867 1582 1950 VITA
1635 1799 2377 1947 SANGTORUM
2451 1845 3015 1935 ABBATUM

1025 2066 1657 2199 MONASTERH
1708 2060 1815 2186 IN
1897 2055 2548 2187 WIRAMUTHA
2596 2054 2727 2179 ΕΤ
2803 2049 3193 2177 GIRVUM
3277 2045 3317 2094 ⁸

764 2299 1213 2369 BENEDICTI,
1258 2293 1708 2367 CEOLFRIDI,
1754 2284 2260 2361 EASTEBUINI,
2302 2282 2649 2346 SIGFRIDI
2700 2278 2965 2353 ATQUE
3016 2273 3573 2342 HUAETBERCTI.

1012 2468 1106 2527 Ah
1139 2463 1423 2543 ejusdem
1462 2456 1839 2521 monasterii
1875 2453 2251 2532 presbytero
2283 2458 2345 2515 et
2371 2448 2690 2512 monacho
2723 2448 2899 2510 Bam
2927 2446 3306 2526 composita.

1649 2645 1739 2707 [Ex
1765 2643 1942 2704 Smith,
1968 2640 2181 2691 Historia
2202 2638 2531 2688 ecclesiastica
2552 2635 2721 2699 Angl.]

1164 2825 1873 2906 OBSERVATION
1884 2823 2000 2902 ES
2062 2821 2477 2902 PR/EVIIE
2534 2820 3059 2898 MABILLON
3072 2820 3173 2897 II.

608 2996 663 3050 ι.
706 2987 1037 3046 Venerabilis
1070 2985 1231 3050 Beda,
1260 2984 1313 3037 in
1344 2983 1590 3053 Epitome
1628 2980 1766 3035 ltist.
1796 2983 1982 3051 Angl.,
2016 2978 2109 3036 ubi
2136 2982 2192 3043 Α
2215 2993 2277 3035 ac
2305 2978 2503 3035 deinde
2529 2974 2829 3045 Ceolfrido,
2871 2985 3231 3048 cunctumque
3259 2989 3325 3031 ex
3368 2988 3435 3032 eo
3476 2983 3690 3044 tempus
3719 2977 3809 3031 vi-

534 3085 770 3141 indicem
803 3093 1021 3134 suorum
1066 3090 1286 3144 Operum
1326 3076 1481 3137 texit,
1514 3074 1836 3128 mentionem
1869 3072 1995 3129 facit
2024 3073 2120 3129 bi-

537 3178 716 3231 storia:
739 3172 989 3226 abbatum
1024 3164 1333 3221 monasterii
1374 3181 1455 3219 sul
1491 3166 1573 3219 his
1604 3164 1781 3219 verbis
1811 3182 1824 3218 :
1863 3183 1883 3217 ι
1938 3165 2120 3219 Histo-

537 3267 670 3320 riam
720 3263 970 3317 abbatum
1025 3257 1340 3313 monasterii
1395 3257 1573 3327 hujus,
1632 3256 1684 3309 iu
1726 3270 1832 3325 quo
1868 3270 2120 3325 superum

538 3354 715 3425 pietati
742 3350 1014 3408 deservire
1043 3348 1270 3419 gaudeo,
1304 3345 1574 3401 Benedicti
1603 3387 1617 3410 ,
1662 3344 1916 3400 Ceolfridi
1962 3345 2122 3416 (adde

538 3444 781 3517 Sigfridi)
811 3454 865 3498 et
894 3442 1123 3496 llacberti
1146 3438 1200 3493 in
1226 3439 1419 3493 libellis
1443 3437 1650 3491 duobus
1679 3437 1888 3507 scripsi.
1921 3455 1939 3488 ι
1973 3437 2122 3491 Hanc

541 3538 823 3593 historiam
880 3536 930 3589 in
980 3534 1087 3587 duo
1137 3530 1432 3601 fragmenta
1487 3529 1747 3584 divulsam
1793 3544 1935 3583 anno
1987 3526 2123 3581 16ὶὸ

539 3628 781 3685 ediderat
830 3622 1112 3681 Eduardus
1164 3622 1391 3677 Maihew
1442 3621 1737 3676 monachus
1780 3619 2125 3675 Westmona-

543 3718 832 3776 steriensis
878 3718 931 3771 in
988 3713 1361 3784 Martyrologio
1411 3712 1756 3767 Benedictino
1802 3711 2122 3780 Anglicano,

541 3810 731 3880 partim
760 3806 976 3875 quidem
1010 3806 1061 3857 in
1096 3802 1272 3855 tabula
1303 3800 1339 3852 Ξ
1386 3801 1779 3868 addendorum,
1822 3800 2015 3870 partim
2058 3800 2125 3854 ad

541 3898 612 3953 25
640 3895 1011 3965 Septembris:
1040 3908 1198 3963 quam
1228 3892 1531 3946 Editionem
1565 3906 1686 3946 cum
1726 3892 1996 3962 ignoraret
2038 3890 2127 3946 .la-

543 3992 713 4044 cobos
734 3986 1008 4053 Warmus,
1039 3999 1205 4055 eques
1233 3993 1473 4049 auratos,
1506 3982 1663 4038 aliam
1696 3998 1838 4038 anno
1866 3982 2002 4037 1664
2034 3998 2129 4052 ag-

542 4094 754 4147 gressus
783 4088 865 4132 est
898 4075 1327 4131 Dubliniensibus
1359 4075 1520 4146 typis,
1557 4075 1908 4146 eamdemque
1940 4075 2125 4131 Ludo-

543 4174 687 4226 vicus
726 4170 945 4225 Billaine
978 4168 1267 4238 bibliopola
1320 4167 1539 4224 Parisiis
1598 4168 1817 4225 biennio
1869 4176 1990 4238 post
2037 4184 2126 4225 re-

541 4266 770 4320 censuit.
800 4264 944 4317 lllam
972 4261 1140 4329 ipsam
1164 4260 1441 4315 historiam
1474 4262 1852 4330 pradictorum
1876 4263 2126 4316 abbatum

2218 3059 2298 3131 tte.
2325 3076 2378 3130 in
2424 3074 2664 3143 ejusdem
2696 3074 3010 3129 monasterii
3063 3072 3393 3127 habitatione
3425 3070 3652 3142 peregit,
3686 3088 3707 3123 ι
3744 3081 3807 3124 ιιι

2219 3167 2337 3237 ipse
2365 3167 2430 3220 de
2470 3168 2648 3234 seipso
2677 3164 2797 3219 loco
2822 3165 2987 3219 citato
3018 3172 3266 3218 testatur.

2291 3257 2346 3314 5.
2388 3258 2764 3313 Monasterium
2815 3257 2987 3313 sancti
3037 3258 3180 3313 Petri
3227 3258 3292 3313 ad
3348 3256 3511 3313 Wiraa
3561 3257 3803 3313 ﬂuminis

2220 3352 2355 3405 ostia
2386 3350 2549 3419 (unde
2576 3349 3012 3405 Wiremutliense
3040 3348 3270 3417 dictum)
3317 3349 3503 3420 quinto
3532 3348 3647 3403 fere
3678 3349 3804 3401 mil—

2224 3441 2337 3495 liari
2378 3441 2610 3495 distabat
2639 3455 2666 3494 a
2698 3440 2949 3495 cmnobio
2980 3438 3153 3493 sancti
3186 3438 3336 3493 Pauli
3385 3438 3490 3492 sito
3516 3440 3582 3491 ad
3612 3436 3808 3493 Tinam

2224 3535 2465 3600 ﬂuvium,
2507 3536 2560 3589 in
2603 3534 2874 3590 territorio
2924 3534 3196 3601 Girvensi,
3248 3534 3406 3603 vulgo
3456 3533 3683 3597 Jarrow,
3738 3548 3809 3587 ex

2224 3641 2330 3696 quo
2358 3626 2619 3681 Girvense
2644 3626 2814 3679 sancti
2861 3624 3007 3679 Pauli
3050 3626 3433 3681 monasterium
3474 3624 3671 3679 dictum
3702 3632 3809 3677 est.

2228 3716 2523 3787 Utrumque
2546 3714 2784 3770 condidit
2829 3716 3104 3784 Biscopus,
3148 3732 3210 3771 ac
3250 3717 3426 3771 eidem
3472 3716 3649 3770 abbati
3710 3714 3808 3768 iis-

2226 3808 2455 3877 demque
2487 3804 2745 3860 institutis
2801 3805 3029 3863 subesse
3078 3806 3267 3861 voluit.
3330 3805 3485 3874 Quod
3540 3804 3593 3859 in
3647 3818 3810 3859 causa

2230 3898 2353 3963 fuit,
2386 3905 2443 3951 ut
2471 3910 2852 3965 nonnunquam
2885 3896 3023 3966 apud
3058 3896 3253 3952 Bedam
3276 3897 3515 3965 aliosque
3538 3907 3807 3960 auctores,

2229 3988 2378 4057 quasi
2406 3988 2567 4042 unius
2614 3988 2923 4042 monasterii
2984 3988 3246 4043 vocabulo
3298 3997 3630 4043 censeretur.
3683 3986 3809 4042 Gir-

2231 4094 2392 4134 sense
2419 4080 2637 4134 incoluit
2661 4080 2825 4145 Beda,
2856 4094 2887 4133 a
2919 4080 3079 4135 Danis
3104 4090 3289 4151 postea
3319 4080 3484 4135 semel
3513 4090 3671 4150 atque
3696 4080 3805 4134 ite-

2232 4186 2348 4225 rum
2397 4170 2756 4227 destructum.

2304 4260 2357 4314 4.
2399 4261 2577 4317 Sancti
2611 4261 2883 4317 Benedicti
2916 4262 3126 4333 Biscopl
3173 4277 3366 4319 nomen
3395 4269 3459 4318 ac
3508 4278 3804 4333 cognomen

543 4367 691 4428 gesta
722 4358 1086 4411 continentem
1121 4354 1207 4407 hic
1254 4366 1701 4422 repraesentamus
1749 4354 1999 4409 continua
2029 4369 2127 4410 se-
2160 4335 2205 4395 Β
2234 4353 2363 4407 varii
2392 4353 2539 4408 varie
2574 4352 2827 4408 efferunt.
2864 4354 3197 4411 Venerabilis
3229 4354 3371 4410 Beda
3405 4356 3687 4425 Biscopum
3714 4370 3809 4410 co-

547 4448 648 4509 rie,
683 4456 794 4499 tum
820 4444 942 4514 quia
971 4442 1205 4497 auctoris
1229 4444 1491 4511 integrum
1520 4459 1652 4513 opus
1679 4444 1936 4499 exhibere
1960 4443 2131 4499 satius

548 4535 722 4589 visum
751 4546 853 4598 est,
885 4543 994 4587 tum
1039 4532 1161 4601 quia
1192 4533 1501 4603 permistam
1530 4535 1597 4588 de
1624 4535 1937 4589 eorumdem
1969 4535 2132 4590 abba-

549 4644 658 4686 tum
689 4632 842 4686 factis
865 4630 1223 4685 narrationem
1257 4628 1495 4684 dividere
1530 4645 1633 4684 non
1665 4627 1832 4684 licuit.
1866 4630 1945 4685 An
1971 4630 2133 4684 etiam

550 4723 689 4777 Beda
716 4736 1019 4777 sermonem
1058 4721 1123 4775 de
1150 4731 1338 4775 sancto
1370 4721 1592 4792 Biscopo
1617 4721 2005 4792 composuerit,
2040 4736 2136 4792 po-

549 4826 663 4871 stea
697 4815 1098 4886 inquirendum.

619 4907 676 4960 9..
718 4907 923 4974 Quanta
954 4906 1023 4960 sit
1056 4904 1210 4960 Beda:
1252 4905 1573 4971 auctoritas,
1606 4919 1769 4961 nemo
1811 4904 2006 4960 nescit.
2040 4903 2137 4958 Hic

552 5007 730 5052 tamen
760 5012 827 5051 eo
861 4997 1122 5066 potiorem
1155 5006 1387 5051 meretur
1438 4996 1620 5063 (idem,
1668 4996 1811 5066 quod
1859 4995 1926 5051 de
1973 4996 2137 5050 rebus

551 5092 652 5146 sibi
682 5092 823 5145 notis
863 5104 926 5145 ac
975 5089 1272 5159 perspectis
1302 5089 1512 5143 scribit.
1544 5088 1754 5158 Quippe
1786 5107 1807 5142 ι
1864 5088 2006 5144 Beda
2041 5088 2136 5144 Dei

553 5181 782 5235 famulus
810 5189 864 5235 et
905 5179 1183 5250 presbyter
1222 5179 1532 5234 monasterii
1578 5179 1856 5235 beatorum
1909 5188 2131 5250 aposto-

554 5275 725 5328 lorum
755 5272 896 5329 Petri
927 5272 1069 5342 quod
1097 5279 1180 5327 est
1206 5272 1345 5341 apud
1369 5271 1722 5325 Wirimudam
1746 5279 1800 5326 et
1831 5272 2127 5342 lngirvutm

554 5365 686 5431 fuit;
721 5382 740 5416 ι
778 5364 867 5434 qui
918 5372 1072 5418 natus
1119 5364 1170 5417 in
1214 5361 1484 5418 territorio
1516 5361 1754 5434 ejusdem
1801 5366 2136 5431 monasterii,

558 5469 676 5509 cum
708 5466 847 5511 esset
878 5470 1137 5511 annorum
1169 5465 1396 5523 septem,
1424 5468 1553 5509 cura
1581 5454 1999 5523 propinquorum
2038 5454 2138 5509 da-

559 5552 640 5597 tus
669 5546 1089 5601 esteducandus
1112 5543 1563 5602 reverendissimo
1604 5546 1783 5600 abbati
1820 5544 2139 5610 Benedicto,

2234 4452 2521 4510 gnomento
2551 4444 2899 4500 Benedictum
2929 4447 3180 4515 appellat,
3215 4457 3323 4501 tum
3355 4448 3407 4501 in
3444 4446 3682 4516 subjecta
3724 4445 3810 4499 hi~

2236 4535 2423 4601 Storia,
2455 4544 2566 4589 tum
2598 4536 2649 4590 in
2683 4536 2819 4591 llist.
2850 4538 3009 4608 Angl.
3040 4539 3135 4593 lib.
3165 4554 3240 4606 tv,
3271 4554 3391 4608 cap.
3434 4537 3524 4605 18,
3554 4548 3607 4593 et
3632 4538 3725 4592 lib.
3757 4552 3811 4603 ν,

2240 4639 2354 4693 cap.
2389 4625 2477 4680 20.
2512 4628 2580 4679 At
2631 4625 2937 4684 Florentius
2967 4626 3365 4699 Wigornicnsis
3393 4644 3457 4684 ac
3486 4629 3813 4685 recentiores

2240 4716 2436 4784 passim
2471 4715 2814 4771 Benedictum
2864 4717 3169 4789 Biscopium
3218 4728 3434 4774 vocant.
3479 4718 3813 4788 Cognomen-

2238 4814 2349 4861 tum
2382 4823 2637 4877 usurpare
2666 4809 2877 4865 videtur
2923 4811 3065 4866 Beda
3113 4826 3210 4882 pro
3241 4813 3456 4867 nomine
3505 4812 3679 4866 altero
3718 4826 3813 4866 seu

2240 4911 2369 4953 voce
2397 4900 2697 4968 cognomini
2744 4911 2799 4956 et
2845 4904 3173 4972 promiscua,
3220 4919 3328 4973 quo
3371 4918 3531 4959 sensu
3565 4919 3805 4957 nonnun-

2239 5006 2396 5061 quam
2441 4994 2583 5064 apud
2629 5005 2877 5051 auctores
2924 4998 3113 5053 mediae
3144 5000 3315 5055 atatis
3362 5008 3668 5070 usurpatum
3714 4998 3812 5051 ad-

2242 5082 2517 5137 vertimus.
2552 5082 2847 5139 Binoioinis
2887 5101 3016 5156 ergo
3051 5096 3167 5142 erat
3196 5088 3473 5157 Biscopus,
3506 5102 3605 5142 nos
3634 5097 3808 5142 tamen

2241 5190 2338 5245 pro
2369 5191 2519 5233 more
2550 5179 2749 5233 usitato
2782 5178 3130 5235 Benedictum
3164 5182 3446 5253 Biscopum
3480 5182 3675 5253 ubique
3720 5197 3816 5238 ex-

2239 5268 2549 5338 primemus.

2312 5362 2367 5416 5.
2426 5361 2749 5417 Benedictus
2792 5364 3033 5432 quaedam
3079 5367 3363 5436 scripsisse
3407 5366 3625 5432 dicitur,
3676 5366 3811 5435 apud

2247 5449 2476 5505 Pitseum
2511 5451 2952 5507 Exhortationum
2991 5455 3058 5509 ad
3100 5455 3388 5510 Monachos
3435 5456 3625 5512 librum
3656 5472 3691 5511 ι.
3744 5457 3814 5512 De

2245 5555 2342 5594 suo
2368 5540 2650 5611 Privilegio
2678 5543 2768 5599 lib.
2794 5557 2836 5609 t,
2872 5544 2945 5599 De
2970 5545 3332 5602 celebratione
3362 5546 3621 5603 festorum
3656 5547 3814 5601 totius

583 5724 594 5734 .
632 5664 656 5691 ³·
687 5655 760 5710 De
791 5656 949 5726 hujus
972 5668 1394 5734 cazterorumque
1420 5661 1690 5734 nominum
1721 5658 2107 5734 orthographia
2124 5672 2228 5711 non
2251 5660 2592 5734 consentiunt
2620 5664 2810 5720 eruditi
2834 5680 2849 5731 ;
2870 5674 2923 5721 et
2952 5663 3073 5733 hoc,
3098 5662 3150 5719 ni
3170 5663 3340 5734 fallor,
3363 5663 3813 5733 anglo-saxonica:

561 5724 755 5794 lingua:
783 5724 1217 5797 pronuntiationi,
1249 5724 1365 5797 quae
1397 5732 1625 5786 maxime
1656 5733 1857 5787 incerta
1882 5724 1990 5789 Est.
2026 5729 2382 5788 tribuendum.
2410 5730 2569 5787 Enn.
2599 5738 2606 5750 '
