4220 6454
285 329 395 387 713

881 332 1071 389 SEC'I‘.
1114 333 1153 387 l.
1196 328 1777 387 IIACIOGRAPIIN‘A.
1813 358 1883 375 -
1921 332 2081 389 VlTA
2121 335 2430 405 QL‘INQUE
2470 338 2569 396 SS.
2615 338 2962 396 ABBATUM.

3450 344 3550 400 τιι

280 445 406 499 anni
439 443 535 499 lib.
575 460 629 511 I,
670 454 725 501 et
751 445 852 499 alia
903 448 971 501 de
992 447 1192 516 quibus
1240 447 1366 500 nihil
1411 446 1861 514 pronuntiandum
1896 454 1938 505 Δ
1971 448 2300 502 scnrioribus
2334 452 2531 505 sanctis
2580 453 2850 506 lucifInttm
2879 453 3035 522 jubat'
3066 452 3290 509 invexit.
3328 474 3347 508 ι
3383 456 3549 511 Porro

277 534 530 589 oecurrit.
583 534 718 590 Sunt
746 538 834 606 qui
878 539 925 590 ei
959 539 1193 590 tribuant
1225 536 1415 589 lihrmn
1449 538 1514 591 de
1553 535 1854 590 Concordia

279 627 604 694 regularum,
657 644 814 694 quetn
868 636 1079 681 constat
1121 643 1244 682 esse
1299 629 1521 682 alterius
1580 630 1856 683 Benedicti

281 717 499 769 Anniana:
523 717 753 771 abbatis.
789 718 1073 772 Menardus
1108 730 1309 783 noster,
1346 720 1396 772 in
1444 719 1760 788 praefatione
1790 720 1859 773 de

273 804 604 863 Auctoribus
649 810 951 877 regularum
1004 826 1123 878 qua:
1173 811 1222 864 in
1260 811 1553 865 Concordia
1603 812 1856 877 citantur,

276 898 579 964 suspicatur
625 902 860 968 regulam
918 902 1151 971 Magistri
1205 918 1234 955 a
1294 903 1579 957 Benedicto
1635 903 1859 970 Biscopo

274 988 531 1055 scriptam
565 990 748 1045 fuisse.
779 991 970 1045 Verum
1005 994 1181 1061 potius
1206 995 1407 1049 auctori
1436 995 1588 1050 Gallo
1620 996 1860 1051 trihueu-

274 1081 343 1136 da
373 1080 613 1147 videtur;
642 1098 744 1152 qua
771 1085 838 1138 de
868 1100 925 1139 re
952 1086 1107 1140 alias.

347 1172 402 1229 6.
443 1172 627 1229 Sancti
670 1177 938 1232 Benedicti
985 1179 1192 1248 Biscopi
1227 1180 1427 1239 mentio
1474 1181 1615 1237 nulla
1650 1183 1858 1250 rept-ri-

275 1269 360 1316 tur
389 1262 438 1316 in
468 1264 697 1332 antiquis
730 1266 885 1322 Beda:
934 1268 1269 1336 aliorumque
1318 1270 1710 1339 Martyrologiis
1747 1289 1759 1323 :
1794 1287 1859 1325 ex

275 1366 382 1421 quo
411 1353 642 1409 suboriri
685 1356 900 1409 dubium
936 1356 1104 1425 possit
1134 1372 1200 1413 an
1240 1359 1456 1413 humilia
1486 1360 1553 1412 de
1584 1359 1683 1413 hoc
1729 1376 1859 1413 sau-

273 1454 363 1498 cto
390 1446 600 1515 vulgata
631 1450 844 1502 nomine
871 1448 1023 1502 Bedre
1051 1449 1279 1518 genuina
1302 1449 1393 1511 sit,
1414 1466 1477 1503 an
1509 1451 1665 1505 alteri
1695 1452 1858 1505 ascri-

277 1533 474 1587 benda.
524 1535 790 1602 Quidquid
844 1536 935 1600 sit,
983 1537 1101 1613 sine
1149 1538 1310 1591 dubio
1355 1540 1647 1607 composita
1700 1551 1783 1594 est
1830 1557 1860 1595 a

273 1627 503 1692 quodam
536 1630 819 1693 monacho,
853 1630 942 1698 qui
993 1630 1160 1697 ipsius
1205 1631 1415 1699 Biscopi
1450 1632 1741 1701 discipulos
1773 1635 1854 1685 vi-

273 1720 447 1785 derat,
482 1722 557 1775 uti
585 1737 648 1776 ex
679 1733 932 1778 contextu
974 1734 1228 1793 apparet;
1272 1741 1335 1780 ac
1370 1728 1604 1797 proinde
1648 1745 1854 1783 certum

1970 543 2353 597 monasterium
2392 544 2763 598 Thoroeicnse
2796 546 2934 599 haud
2994 548 3176 615 procul
3231 548 3299 602 ab
3355 547 3551 603 Eliensi

1964 636 2097 688 urbe
2139 635 2431 689 comitatus
2462 637 2912 706 Cantabtigiensis
2940 639 3194 694 distabat.

2034 727 2089 778 7.
2136 725 2213 779 De
2237 728 2417 795 regula
2452 743 2546 795 per
2569 727 2851 795 Biscopum
2885 731 2935 784 in
2962 732 3299 787 monasteriis
3328 733 3440 788 suis
3463 734 3548 788 ine

1969 816 2153 870 stituta
2189 817 2240 870 itt
2275 820 2591 887 pratfatione
2621 822 2803 874 saeculi
2837 839 2850 875 ι
2883 823 3103 888 Bened.,
3139 824 3165 894 ᾗ
3210 824 3264 888 8,
3292 826 3549 881 disserui-

1963 922 2101 959 mus.
2148 908 2354 978 Quippe
2383 912 2620 978 regulam
2655 910 2831 981 Magni
2880 915 3146 981 quondam
3187 917 3394 971 abbatis
3442 920 3545 973 Be-

1964 1002 2156 1055 nedicti
2189 1002 2479 1073 Biscopum
2518 1013 2573 1058 et
2602 1006 2926 1061 Ceolfridum
2958 1009 3232 1077 discipulis
3259 1012 3368 1066 suis
3399 1027 3548 1066 com-

1962 1095 2267 1165 mendasse,
2302 1110 2489 1153 auctor
2533 1109 2615 1153 est
2645 1100 2783 1155 Beda
2819 1100 2869 1154 in
2919 1103 3139 1156 historia
3185 1107 3450 1174 sequenti.
3486 1107 3549 1160 Et

1965 1185 2016 1238 in
2074 1190 2405 1241 monasterio
2485 1189 2903 1246 Wiretnuthensi
2965 1204 3080 1248 erat
3132 1197 3357 1250 ecclesia
3411 1197 3547 1251 ln-ati

1961 1275 2135 1331 Patris
2162 1278 2454 1345 Benedicti,
2484 1280 2620 1333 infra
2656 1282 2747 1335 lib.
2802 1299 2859 1345 Il,
2898 1300 3043 1338 num.
3103 1285 3186 1337 I9.
3220 1285 3356 1351 Quin
3383 1288 3544 1342 etiam

1963 1370 2187 1424 Albinus
2218 1370 2440 1425 Flaccus
2496 1373 2755 1429 Alcuinus
2798 1379 3067 1446 egregium
3124 1378 3249 1432 huic
3289 1380 3361 1433 rei
3397 1381 3550 1434 teSti-

1963 1462 2201 1514 monium
2233 1462 2385 1516 nobis
2428 1465 2754 1533 suppeditat,
2787 1466 2839 1519 in
2872 1469 3031 1535 epist.
3066 1469 3154 1533 1.9,
3183 1468 3250 1523 ad
3279 1468 3549 1525 Wtrensis

1962 1563 2017 1607 et
2042 1554 2318 1608 Girvensis
2353 1554 2604 1609 Ecclesia:
2655 1556 2848 1613 fratres
2877 1559 2959 1612 his
3000 1561 3178 1615 verbis
3209 1579 3221 1613 ε
3259 1580 3276 1611 ι
3318 1562 3545 1631 Regula-

1964 1645 2039 1697 ris
2071 1644 2190 1698 vita:
2221 1643 2646 1699 observationem
2672 1664 2830 1717 quam
2874 1660 3174 1704 Statuerunt
3215 1652 3388 1718 vobis,
3420 1670 3551 1707 san-

1963 1732 2186 1786 etissimi
2218 1732 2423 1799 Patres,
2478 1734 2797 1791 Benedictus
2844 1739 3070 1805 scilicet,
3122 1750 3175 1795 et
3223 1740 3548 1807 Ceolt'ritlus,

275 1821 361 1864 est
391 1810 583 1867 festum
628 1816 745 1884 ejus
794 1814 935 1870 diem
976 1816 1465 1886 antiquitusfuisse
1493 1819 1851 1890 celebratum.
1888 1824 1929 1882 Β
1958 1822 2372 1892 diligentissime
2434 1828 2719 1882 custodite.
2777 1847 2797 1880 ι
2864 1830 3032 1897 Quam
3085 1848 3213 1887 vero
3274 1836 3555 1903 regulam?

280 1919 300 1951 ι
344 1902 511 1971 Hujus
537 1918 670 1974 ergo
699 1919 917 1974 corpus,
949 1924 969 1957 ι
1007 1907 1177 1976 inquit
1207 1905 1509 1963 Willeltnus
1541 1907 1863 1964 Malmeshu-

275 1995 371 2048 ria:
399 1996 714 2061 monachus,
746 1996 796 2049 itt
827 1996 920 2053 lib.
952 2012 1003 2052 tv
1028 1998 1095 2053 de
1143 1997 1339 2053 Pontif.
1371 1999 1527 2069 Angl.
1555 2040 1570 2064 ,
1609 2018 1627 2050 ‹
1669 2015 1864 2067 magno

273 2094 582 2154 coemptum
624 2086 792 2155 pretio
822 2087 1173 2143 AdeIWoldus
1202 2087 1617 2158 (Wintoniensis
1652 2092 1863 2159 episco-

274 2193 375 2246 pus
409 2187 648 2235 tnortuus
676 2194 819 2235 anno
864 2179 992 2252 984)
1037 2182 1360 2237 Thorneiam
1398 2183 1631 2248 advexit,
1665 2196 1717 2240 et
1766 2186 1865 2238 ob-

1970 1916 2190 1986 exponit
2239 1916 2377 1972 idem
2428 1929 2619 1974 auctor
2669 1922 2825 1990 paul»
2858 1924 3031 1978 infra:
3067 1947 3084 1977 ι
3128 1926 3330 1998 Regula
3384 1931 3555 1984 sancti

1972 2006 2244 2064 Benedicti
2297 2008 2349 2063 in
2405 2021 2674 2065 conventu
2731 2013 2951 2069 fratrum
3011 2018 3221 2086 propria
3256 2032 3555 2086 exponatur

1979 2096 2177 2167 lingua,
2209 2110 2262 2151 ut
2298 2100 2521 2169 intelligi
2556 2102 2722 2170 possit
2751 2104 2818 2155 ab
2858 2106 3126 2159 omnibus.
3168 2124 3187 2158 ι
3234 2107 3358 2162 llaec
3388 2110 3551 2165 lecto-

1973 2188 2121 2242 ribus
2152 2192 2319 2258 aequis
2346 2194 2595 2248 sul‘ticere
2624 2194 2911 2250 credimus.

282 2301 3267 2335 .__________________________________________________________

3275 2327 3540 2343 Ἠ

352 2412 828 2520 INCIPIT
903 2412 1223 2521 VITA
1300 2416 1893 2540 QUINQUE
1974 2418 2771 2528 SANCTORUM
2828 2423 3484 2536 ABBATUM.

1536 2622 1838 2756 LIBER
1897 2683 2314 2763 PRIMUS.

348 2832 644 2904 Religiosus
684 2831 879 2889 Christi
922 2832 1148 2888 famulus
1211 2831 1467 2902 Bisceptts
1515 2844 1871 2904 cognomento

274 2935 297 2962 ⁸
338 2925 677 2991 Bonedictus,
706 2925 977 2994 aspirattte
1004 2940 1236 2995 superna
1261 2924 1452 2995 gratia,
1485 2928 1866 2983 monasterium

275 3020 583 3075 construxit
612 3019 663 3073 in
698 3023 953 3074 honorem
985 3019 1277 3075 beatissimi
1322 3022 1681 3087 apostolorum
1722 3024 1869 3092 prin-

273 3114 409 3179 cipis
441 3112 607 3182 Petrl,
650 3112 800 3181 juxta
839 3113 1035 3167 ostium
1075 3112 1305 3167 ﬂuminis
1338 3113 1473 3167 Wiri
1531 3115 1595 3166 ad
1644 3116 1866 3184 Aquilo-

275 3222 421 3268 nem,
460 3211 475 3241 ι
504 3207 724 3277 juvantc
754 3222 812 3261 se
841 3221 902 3259 ac
942 3216 1136 3260 terram
1170 3207 1434 3260 tribuente
1459 3208 1751 3263 venerabili
1801 3224 1867 3263 ac

274 3299 519 3369 piissimo
580 3299 754 3369 gentis
817 3299 957 3353 illius
1020 3314 1144 3369 rege
1234 3298 1528 3369 Ecgfrido;
1617 3300 1865 3369 idemque

274 3396 661 3447 monasterium
710 3393 865 3446 annis
912 3392 1186 3456 sedecim,
1230 3393 1371 3447 inter
1422 3392 1734 3447 innumeros
1782 3394 1864 3447 vel

1975 2846 2079 2905 ret,
2122 2853 2343 2910 regnum
2396 2838 2449 2895 in
2496 2855 2723 2910 superna
2754 2840 2970 2895 civitate
3015 2853 3310 2898 mereretur
3360 2843 3557 2901 habere

1974 2940 2327 3000 perpetuum;
2384 2932 2599 3002 reliquit
2647 2931 2886 2996 domum,
2930 2942 3187 3002 cognatos
3231 2943 3285 2988 et
3333 2939 3557 3003 patriam

1970 3031 2189 3092 pr0pter
2217 3022 2489 3078 Christum
2530 3032 2585 3081 et
2615 3034 2836 3093 prOpter
2876 3024 3245 3095 Evangelium,
3289 3036 3344 3080 ut
3373 3037 3561 3083 centu-

1974 3114 2118 3182 plum
2141 3114 2427 3183 acciperet,
2452 3123 2507 3168 et
2537 3114 2699 3167 vitam
2732 3125 2984 3168 aeternam
3004 3115 3299 3184 possideret
3324 3136 3337 3181 ;
3360 3121 3565 3187 respuit

1973 3203 2172 3273 nuptiis
2213 3204 2422 3257 servire
2464 3203 2792 3268 carnalibus,
2852 3212 2907 3255 ttt
2935 3205 3084 3272 sequi
3116 3207 3317 3259 valeret
3348 3208 3558 3273 Agnunt

1972 3294 2292 3363 virginitatis
2338 3293 2504 3362 gloria
2547 3293 2833 3346 candidum
2890 3293 2942 3346 in
2994 3295 3172 3363 regnis
3218 3296 3560 3359 cmlestibus;

1973 3385 2158 3439 abnuit
2202 3385 2400 3438 liberos
2451 3398 2614 3437 carne
2646 3398 2929 3452 procreare
2961 3386 3234 3451 mortales,
3288 3388 3562 3454 praedesti-

274 3484 528 3538 ttinerum
570 3483 649 3537 vel
694 3483 1061 3537 infirmitatum
1104 3482 1333 3546 labores,
1368 3481 1554 3536 eadem
1586 3498 1689 3551 qua
1734 3497 1863 3536 con-
1892 3467 1942 3532 (Ζ
1974 3486 2132 3530 natus
2168 3492 2197 3529 a
2238 3473 2450 3529 Christo
2479 3474 2543 3528 ad
2587 3475 2892 3529 educandos
2919 3475 2968 3529 ei
3000 3476 3264 3544 spirituali
3309 3478 3557 3534 doctrina

276 3576 467 3629 Struxit
508 3575 764 3645 religione
797 3574 1015 3629 sedulus
1072 3575 1233 3628 rexit.
1285 3573 1408 3639 Qui,
1444 3582 1500 3627 ut
1540 3574 1677 3627 beati
1722 3589 1871 3642 papae

276 3674 299 3702 ο
325 3665 567 3736 Gregorii
601 3667 799 3732 verbis,
828 3667 1018 3737 quibus
1045 3665 1376 3736 cognominis
1406 3663 1523 3732 ejus
1552 3663 1757 3717 abbatis
1788 3664 1869 3716 vi-

277 3769 384 3812 tam
414 3761 693 3828 gloriticat,
725 3768 842 3812 utar
872 3778 884 3812 :
921 3758 1039 3812 Fuit
1068 3759 1146 3812 vir
1175 3757 1295 3811 vita:
1322 3757 1667 3826 venerabilis,
1699 3757 1869 3826 gratia

282 3851 603 3906 Benedictus
632 3859 683 3906 et
709 3852 949 3916 nomine,
978 3851 1044 3905 ab
1074 3851 1189 3919 ipso
1217 3848 1457 3918 pueritiae
1485 3863 1596 3905 sua:
1628 3857 1868 3917 tempore

279 3958 370 3999 cor
395 3959 583 4014 gerens
603 3942 791 4009 senile,
817 3951 1028 3997 aztatem
1053 3946 1251 4013 quippe
1275 3943 1513 3996 moribus
1531 3943 1550 3972 ²
1584 3940 1871 4007 transiens,

284 4035 419 4091 nulli
461 4034 694 4089 animum
728 4033 982 4104 voluptati
1029 4034 1197 4089 dedit.
1245 4033 1415 4088 Nobili
1450 4032 1662 4102 quidem
1708 4030 1874 4099 stirpe

281 4125 458 4195 gentis
488 4125 776 4193 Anglorum
819 4124 1148 4193 progenitus,
1181 4123 1273 4177 sed
1307 4138 1411 4176 non
1453 4121 1642 4174 minori
1676 4120 1869 4174 nobili-

281 4226 389 4270 tate
428 4215 621 4269 tnentis
648 4214 711 4267 ad
762 4214 1114 4284 promeretttla
1148 4229 1358 4281 semper
1386 4213 1696 4282 angelorum
1729 4226 1873 4264 con-

282 4310 447 4363 sortia
479 4323 794 4376 suspensus.
828 4306 1065 4375 Denique
1087 4321 1209 4359 cum
1236 4315 1379 4359 esset
1406 4306 1647 4358 minister
1675 4303 1697 4335 ³
1727 4303 1872 4357 Osvii

282 4400 440 4468 Regis
470 4412 524 4455 et
547 4401 938 4468 possessionem
964 4408 1122 4454 terra:
1142 4414 1238 4452 suo
1266 4399 1447 4466 gradui
1477 4410 1870 4466 cotnpetentetn

284 4491 372 4544 tllo
416 4492 650 4544 donante
684 4491 1001 4558 perciperet,
1036 4504 1205 4542 annos
1237 4498 1390 4541 natus
1421 4490 1636 4542 circiter
1683 4488 1873 4558 viginti

284 4592 335 4636 et
374 4582 612 4649 quinque
658 4580 915 4634 fastidivit
955 4580 1347 4648 possessionem
1380 4580 1655 4645 caducam,
1696 4589 1753 4631 ut
1784 4594 1871 4634 ac-

284 4674 494 4742 quirere
544 4682 725 4741 posswt
780 4683 1072 4739 aeternam;
1130 4673 1377 4741 despexit
1446 4673 1685 4726 militiam
1749 4689 1869 4727 cum

285 4766 611 4836 corruptibili
636 4764 886 4821 donativo
911 4773 1239 4829 terrestrem,
1273 4776 1328 4818 ιιι
1358 4779 1486 4820 vero
1520 4764 1648 4835 Regi
1680 4764 1873 4821 milita-

363 4975 380 5005 '
412 4973 631 5027 Juvante
649 4991 731 5033 ac.

362 5046 383 5076 ²
414 5044 751 5099 Transiliens.

359 5116 381 5147 ³
418 5117 629 5170 Uswitti.

1975 3570 2111 3623 ﬁlios
2137 3568 2341 3624 caelesti
2371 3566 2424 3622 in
2458 3568 2559 3621 vita
2593 3583 2878 3637 perennes.

2044 3659 2270 3714 Dimissa
2324 3675 2455 3730 ergo
2506 3661 2676 3729 patria
2734 3659 2955 3714 Romam
3006 3672 3027 3699 ε
3060 3660 3228 3730 adiit,
3287 3663 3562 3717 beatorum

1970 3752 2338 3817 apostolorum
2380 3765 2608 3819 quorum
2651 3750 2923 3805 desiderio
2950 3766 3164 3821 semper
3210 3752 3404 3807 ardere
3429 3768 3562 3808 con-

1970 3850 2239 3907 sueverat,
2272 3840 2294 3871 δ
2323 3840 2485 3897 etiam
2530 3841 2644 3896 loca
2684 3857 2969 3910 corporum
3000 3845 3357 3913 corporaliter
3383 3844 3561 3903 visere

1973 3944 2130 4002 atque
2160 3934 2386 3987 adorare
2432 3934 2661 3987 curavit.
2718 3932 2796 3986 Ad
2836 3934 3061 4002 patriam
3114 3950 3237 3988 mox
3284 3950 3555 4003 reversus,

1973 4023 1994 4053 ⁸
2019 4024 2309 4078 studiosius
2335 4039 2396 4077 ea
2436 4039 2553 4093 quae
2577 4023 2705 4079 vidit
2728 4023 3107 4077 ecclesiasdca:
3140 4024 3263 4077 vita:
3296 4024 3557 4091 instituta,

1972 4114 2213 4183 diligere,
2262 4115 2526 4176 venerari,
2578 4124 2633 4167 et
2664 4113 2856 4182 quibus
2898 4111 3065 4179 potuit
3110 4114 3404 4182 prmdicare
3456 4129 3560 4170 n0tt

1973 4208 2148 4261 desiit.
2204 4206 2321 4273 Quo
2362 4204 2388 4243 ά
2442 4214 2683 4274 tempore
2727 4204 3057 4270 Alchfritlus,
3107 4206 3396 4275 supradicti
3425 4208 3566 4277 regis

1972 4300 2115 4354 Osvii
2168 4300 2329 4364 filius,
2376 4309 2430 4353 et
2472 4299 2584 4365 ipse
2614 4312 2831 4366 propter
2876 4298 3146 4353 adoranda
3195 4301 3561 4368 apostolorum

1974 4390 2157 4445 limina
2183 4390 2407 4443 Romam
2441 4390 2623 4442 venire
2653 4388 2966 4455 disponens,
2999 4389 3251 4443 comitem
3274 4403 3395 4445 eunt
3424 4389 3568 4459 ejus-

1973 4481 2095 4534 dem
2127 4479 2335 4534 itineris
2364 4480 2586 4548 accepit.
2619 4478 2785 4545 Quem
2814 4494 2934 4533 cum
2968 4487 3120 4546 pater
3148 4493 3276 4534 suus
3296 4480 3364 4534 ab
3393 4482 3568 4536 inten-

1977 4575 2122 4627 tione
2153 4577 2433 4625 memorati
2466 4571 2672 4625 itineris
2702 4579 2997 4635 revocaret,
3031 4577 3191 4640 atque
3222 4574 3273 4624 in
3303 4572 3474 4639 patria
3502 4586 3566 4626 ac

1976 4681 2142 4737 regno
2178 4680 2279 4720 suo
2307 4666 2504 4720 laceret
2530 4666 2789 4730 residere,
2821 4663 3169 4717 nihilominus
3198 4663 3310 4731 ipse
3331 4672 3389 4717 ut
3412 4664 3567 4719 bona:

1978 4757 2170 4812 indolis
2215 4755 2548 4820 adolescens,
2598 4762 2831 4822 emptum
2862 4751 3141 4808 confestim
3189 4751 3409 4820 explens
3437 4753 3563 4817 iter,

1235 4879 1327 4936 VU
1340 4879 1719 4935 LGA'FORUM
1764 4876 2155 4933 \‘ARIANTES
2194 4872 2487 4929 LECTION
2498 4869 2601 4923 ES.

2046 4966 2068 4997 δ
2114 4965 2176 5018 El
2208 4967 2340 5018 lora.

2046 5038 2067 5069 ⁸
2107 5038 2407 5093 Studiosus.

1625 5202 1708 5255 VA
1721 5199 1979 5257 lilORUM
2018 5197 2250 5253 ΝΟΤᾸΞ.

358 5310 380 5337 ι
422 5298 747 5354 Benedictus.
775 5296 1090 5352 Nominatur
1117 5296 1279 5349 etiam
1311 5291 1582 5362 Badttcing
1609 5307 1640 5345 a
1682 5290 1867 5362 Fride-

280 5371 421 5441 godo
448 5380 666 5424 auctore
697 5368 829 5422 Vita:
857 5366 1264 5441 sanetijilfridi
1296 5363 1526 5434 (Mabill.
1556 5360 1673 5417 Ἀεὶ.
1706 5360 1871 5415 Bene-

287 5437 434 5503 dict,
455 5456 576 5496 sec.
611 5455 690 5504 ιιι,
715 5452 850 5506 part.
878 5454 918 5503 ι,
950 5456 1003 5506 p.
1038 5437 1416 5504 173).,Sltru.

357 5511 384 5551 δ
419 5510 673 5583 Gregorii.
692 5504 883 5583 _Greg.,
914 5504 1004 5583 lib.
1030 5524 1063 5562 ιι
1098 5504 1706 5583 Dta|.,_cap._l._S_utru.

364 5595 387 5622 ο
425 5576 592 5637 Adiit.
629 5576 905 5634 \‘ilfriduttt
934 5580 1143 5634 itineris
1171 5580 1375 5630 socium
1410 5576 1614 5636 habuit,
1640 5581 1873 5629 testante

291 5653 427 5707 Beda
461 5669 513 5717 v,
548 5654 634 5708 li).
670 5651 722 5705 Id
749 5651 957 5704 itineris
980 5648 1213 5716 suscepit
1236 5646 1512 5700 Wilfridos
1540 5656 1633 5699 aut
1661 5646 1873 5717 vivente

291 5714 527 5779 Honorio
557 5721 965 5794 archiepisc0po
988 5714 1382 5794 cantuariensi,
1416 5726 1508 5768 aut
1535 5724 1683 5769 certe
1712 5714 1875 5794 paulo

293 5806 414 5864 post
448 5794 567 5864 ejus
594 5787 821 5856 obitum,
849 5805 916 5844 ex
957 5790 1147 5845 eodem
1191 5789 1309 5844 loco
1338 5795 1390 5841 et
1431 5797 1670 5853 auctore,
1703 5787 1789 5855 qui
1824 5787 1876 5837 in

534 5888 807 5948 Ρηιιοι..
855 5878 1078 5940 XCIV.

1975 5292 2067 5346 lib.
2093 5306 2173 5351 ιιι,
2200 5303 2317 5356 rap.
2342 5289 2433 5351 20,
2460 5285 2676 5341 Honorii
2706 5292 2930 5356 mortem
2963 5298 3103 5356 anno
3128 5281 3195 5337 ab
3215 5279 3326 5356 Io_c.
3355 5280 3567 5356 Domin.

1976 5351 2369 5417 sexcentesimo
2398 5355 2837 5425 quinquagesimo
2862 5355 3019 5425 tertio
3046 5352 3233 5420 illigat.
3265 5351 3565 5425 Secundam

1980 5421 2465 5502 peregrinationem
2495 5421 2783 5502 aggressus
2808 5435 2888 5479 est
2932 5424 3188 5502 Biscopus
3216 5421 3565 5502 tempore]:-

1980 5492 2160 5557 ὶαιὶαῆί
2205 5515 2375 5569 papae,
2420 5492 2940 5569 cujus'pontiticatus
2992 5492 3201 5569 initium
3233 5506 3390 5569 _anno
3439 5493 3567 5554 658,

1978 5564 2215 5628 statuere
2262 5564 2499 5626 necesse
2530 5565 2916 5648 estz'Waraeus
2963 5564 3296 5648 male-legit,
3343 5573 3566 5633 tempore

1980 5646 2131 5715 cujus
2155 5658 2311 5710 supra
2340 5640 2406 5693 Β.
2435 5654 2586 5692 mem.
2625 5636 2876 5690 νὶωιὶαηὶ
2902 5650 3065 5703 papae.
3096 5635 3318 5688 Mae'tLL.

2055 5716 2083 5755 ιι
2123 5714 2384 5784 Tempore.
2400 5710 2699 5769 Secundum
2715 5707 2815 5762 iter
2831 5706 2956 5762 fecit
2970 5722 3061 5759 an.
3085 5704 3211 5762 665.
3236 5706 3397 5761 FLoa.
3425 5705 3565 5760 Wtc.

3050 5862 3131 5929 23
