  <div class='ocr_page' id='page_1' title='image "/cluster/home/n/w/nwhite01/storage/ocr_20150623/94/umn.31951002477387e/363.png"; bbox 0 0 4220 6454; ppageno 0'>
   <div class='ocr_carea' id='block_1_1' title="bbox 721 379 825 434">
    <p class='ocr_par' dir='ltr' id='par_1_1' title="bbox 721 379 825 434">
     <span class='ocr_line' id='line_1_1' title="bbox 721 379 825 434; baseline -0.019 0"><span class='ocrx_word' id='word_1_1' title='bbox 721 379 825 434; x_wconf 80' lang='lat'><strong>715</strong></span> 
     </span>
    </p>
   </div>
   <div class='ocr_carea' id='block_1_2' title="bbox 1463 353 3226 436">
    <p class='ocr_par' dir='ltr' id='par_1_2' title="bbox 1463 353 3226 436">
     <span class='ocr_line' id='line_1_2' title="bbox 1463 353 3226 436; baseline -0.014 -5"><span class='ocrx_word' id='word_1_2' title='bbox 1463 371 1668 436; x_wconf 65' lang='lat' dir='ltr'><strong>BEDrE</strong></span> <span class='ocrx_word' id='word_1_3' title='bbox 1711 370 2162 434; x_wconf 69' lang='lat' dir='ltr'><strong>VENERABILIS</strong></span> <span class='ocrx_word' id='word_1_4' title='bbox 2201 363 2351 424; x_wconf 82' lang='lat' dir='ltr'><strong>OPP.</strong></span> <span class='ocrx_word' id='word_1_5' title='bbox 2395 362 2569 417; x_wconf 77' lang='lat' dir='ltr'><strong>PARS</strong></span> <span class='ocrx_word' id='word_1_6' title='bbox 2611 359 2697 414; x_wconf 81' lang='lat' dir='ltr'><strong>IV.</strong></span> <span class='ocrx_word' id='word_1_7' title='bbox 2741 387 2806 397; x_wconf 91' lang='lat'><strong>—-</strong></span> <span class='ocrx_word' id='word_1_8' title='bbox 2848 353 3226 412; x_wconf 76' lang='lat' dir='ltr'><strong>HISTORICA.</strong></span> 
     </span>
    </p>
   </div>
   <div class='ocr_carea' id='block_1_3' title="bbox 3911 341 4010 400">
    <p class='ocr_par' dir='ltr' id='par_1_3' title="bbox 3911 341 4010 400">
     <span class='ocr_line' id='line_1_3' title="bbox 3911 341 4010 400; baseline 0.02 -2"><span class='ocrx_word' id='word_1_9' title='bbox 3911 341 4010 400; x_wconf 55' lang='lat'><strong>736</strong></span> 
     </span>
    </p>
   </div>
   <div class='ocr_carea' id='block_1_4' title="bbox 721 465 4021 561">
    <p class='ocr_par' dir='ltr' id='par_1_4' title="bbox 721 465 4021 561">
     <span class='ocr_line' id='line_1_4' title="bbox 721 465 4021 561; baseline -0.009 -9"><span class='ocrx_word' id='word_1_10' title='bbox 721 513 925 553; x_wconf 71' lang='lat' dir='ltr'><strong>summa</strong></span> <span class='ocrx_word' id='word_1_11' title='bbox 961 494 1057 547; x_wconf 86' lang='lat' dir='ltr'><strong>sub</strong></span> <span class='ocrx_word' id='word_1_12' title='bbox 1083 490 1409 545; x_wconf 74' lang='lat' dir='ltr'><strong>festinatione</strong></span> <span class='ocrx_word' id='word_1_13' title='bbox 1437 487 1664 552; x_wconf 77' lang='lat' dir='ltr'><strong>Romam</strong></span> <span class='ocrx_word' id='word_1_14' title='bbox 1695 493 1873 561; x_wconf 77' lang='lat' dir='ltr'><strong>rediit,</strong></span> <span class='ocrx_word' id='word_1_15' title='bbox 1901 495 1916 524; x_wconf 83' lang='grc'>¹</span> <span class='ocrx_word' id='word_1_16' title='bbox 1949 502 2185 558; x_wconf 85' lang='lat' dir='ltr'><strong>tempore</strong></span> <span class='ocrx_word' id='word_1_17' title='bbox 2211 501 2301 538; x_wconf 86' lang='lat' dir='ltr'><strong>cu-</strong></span> <span class='ocrx_word' id='word_1_18' title='bbox 2331 487 2378 543; x_wconf 80' lang='grc' dir='ltr'><strong>Α</strong></span> <span class='ocrx_word' id='word_1_19' title='bbox 2408 477 2490 530; x_wconf 88' lang='lat' dir='ltr'><strong>cui</strong></span> <span class='ocrx_word' id='word_1_20' title='bbox 2524 476 2601 530; x_wconf 87' lang='lat' dir='ltr'><strong>vel</strong></span> <span class='ocrx_word' id='word_1_21' title='bbox 2635 475 2723 528; x_wconf 91' lang='lat' dir='ltr'><strong>illo</strong></span> <span class='ocrx_word' id='word_1_22' title='bbox 2761 473 3001 543; x_wconf 90' lang='lat' dir='ltr'><strong>pergenti</strong></span> <span class='ocrx_word' id='word_1_23' title='bbox 3045 471 3125 524; x_wconf 90' lang='lat' dir='ltr'><strong>vel</strong></span> <span class='ocrx_word' id='word_1_24' title='bbox 3174 469 3367 524; x_wconf 81' lang='lat' dir='ltr'><strong>ibidem</strong></span> <span class='ocrx_word' id='word_1_25' title='bbox 3400 465 3650 531; x_wconf 86' lang='lat' dir='ltr'><strong>docenti,</strong></span> <span class='ocrx_word' id='word_1_26' title='bbox 3687 466 3906 535; x_wconf 84' lang='lat' dir='ltr'><strong>pariter</strong></span> <span class='ocrx_word' id='word_1_27' title='bbox 3940 470 4021 522; x_wconf 78' lang='lat' dir='ltr'><strong>in~</strong></span> 
     </span>
    </p>
   </div>
   <div class='ocr_carea' id='block_1_5' title="bbox 720 585 2304 659">
    <p class='ocr_par' dir='ltr' id='par_1_5' title="bbox 720 585 2304 659">
     <span class='ocr_line' id='line_1_5' title="bbox 720 585 2304 659; baseline -0.009 -17"><span class='ocrx_word' id='word_1_28' title='bbox 720 606 806 659; x_wconf 62' lang='lat' dir='ltr'><strong>jus</strong></span> <span class='ocrx_word' id='word_1_29' title='bbox 852 602 1009 653; x_wconf 84' lang='lat' dir='ltr'><strong>supra</strong></span> <span class='ocrx_word' id='word_1_30' title='bbox 1060 585 1226 637; x_wconf 67' lang='lat' dir='ltr'><strong>beata:</strong></span> <span class='ocrx_word' id='word_1_31' title='bbox 1271 586 1544 641; x_wconf 73' lang='lat' dir='ltr'><strong>memoria:</strong></span> <span class='ocrx_word' id='word_1_32' title='bbox 1582 586 1822 640; x_wconf 83' lang='lat' dir='ltr'><strong>Vitaliaui</strong></span> <span class='ocrx_word' id='word_1_33' title='bbox 1867 599 2011 652; x_wconf 70' lang='lat' dir='ltr'><strong>papze</strong></span> <span class='ocrx_word' id='word_1_34' title='bbox 2051 603 2064 649; x_wconf 87' lang='lat'><strong>;</strong></span> <span class='ocrx_word' id='word_1_35' title='bbox 2101 590 2150 633; x_wconf 90' lang='lat' dir='ltr'><strong>et</strong></span> <span class='ocrx_word' id='word_1_36' title='bbox 2203 592 2304 630; x_wconf 90' lang='lat' dir='ltr'><strong>non</strong></span> 
     </span>
    </p>
   </div>
   <div class='ocr_carea' id='block_1_6' title="bbox 727 674 2308 749">
    <p class='ocr_par' dir='ltr' id='par_1_6' title="bbox 727 674 2308 749">
     <span class='ocr_line' id='line_1_6' title="bbox 727 674 2308 749; baseline -0.005 -17"><span class='ocrx_word' id='word_1_37' title='bbox 727 694 891 748; x_wconf 88' lang='lat' dir='ltr'><strong>pauca</strong></span> <span class='ocrx_word' id='word_1_38' title='bbox 952 675 1188 730; x_wconf 65' lang='lat' dir='ltr'><strong>scientia:</strong></span> <span class='ocrx_word' id='word_1_39' title='bbox 1243 675 1496 733; x_wconf 87' lang='lat' dir='ltr'><strong>salutaris</strong></span> <span class='ocrx_word' id='word_1_40' title='bbox 1550 678 1998 749; x_wconf 84' lang='lat' dir='ltr'><strong>quemadnmtlum</strong></span> <span class='ocrx_word' id='word_1_41' title='bbox 2058 684 2111 728; x_wconf 88' lang='lat' dir='ltr'><strong>et</strong></span> <span class='ocrx_word' id='word_1_42' title='bbox 2162 674 2308 741; x_wconf 89' lang='lat' dir='ltr'><strong>prius</strong></span> 
     </span>
    </p>
   </div>
   <div class='ocr_carea' id='block_1_7' title="bbox 729 765 2309 841">
    <p class='ocr_par' dir='ltr' id='par_1_7' title="bbox 729 765 2309 841">
     <span class='ocr_line' id='line_1_7' title="bbox 729 765 2309 841; baseline -0.007 -15"><span class='ocrx_word' id='word_1_43' title='bbox 729 777 912 823; x_wconf 75' lang='lat' dir='ltr'><strong>hausta</strong></span> <span class='ocrx_word' id='word_1_44' title='bbox 937 765 1238 838; x_wconf 63' lang='lat' dir='ltr'><strong>dulcedine,</strong></span> <span class='ocrx_word' id='word_1_45' title='bbox 1264 782 1382 841; x_wconf 84' lang='lat' dir='ltr'><strong>post</strong></span> <span class='ocrx_word' id='word_1_46' title='bbox 1412 786 1624 825; x_wconf 88' lang='lat' dir='ltr'><strong>menses</strong></span> <span class='ocrx_word' id='word_1_47' title='bbox 1649 771 1846 838; x_wconf 89' lang='lat' dir='ltr'><strong>aliquot</strong></span> <span class='ocrx_word' id='word_1_48' title='bbox 1867 767 1985 820; x_wconf 90' lang='lat' dir='ltr'><strong>inde</strong></span> <span class='ocrx_word' id='word_1_49' title='bbox 2007 765 2309 835; x_wconf 68' lang='lat' dir='ltr'><strong>digrediens</strong></span> 
     </span>
    </p>
   </div>
   <div class='ocr_carea' id='block_1_8' title="bbox 725 856 2306 934">
    <p class='ocr_par' dir='ltr' id='par_1_8' title="bbox 725 856 2306 934">
     <span class='ocr_line' id='line_1_8' title="bbox 725 856 2306 934; baseline -0.004 -21"><span class='ocrx_word' id='word_1_50' title='bbox 725 860 788 913; x_wconf 89' lang='lat' dir='ltr'><strong>ad</strong></span> <span class='ocrx_word' id='word_1_51' title='bbox 843 857 1120 934; x_wconf 74' lang='lat' dir='ltr'><strong>insulam&#39;</strong></span> <span class='ocrx_word' id='word_1_52' title='bbox 1163 862 1522 925; x_wconf 90' lang='lat' dir='ltr'><strong>Lirinensem,</strong></span> <span class='ocrx_word' id='word_1_53' title='bbox 1580 859 1774 913; x_wconf 88' lang='lat' dir='ltr'><strong>ibidem</strong></span> <span class='ocrx_word' id='word_1_54' title='bbox 1822 873 1879 910; x_wconf 90' lang='lat' dir='ltr'><strong>se</strong></span> <span class='ocrx_word' id='word_1_55' title='bbox 1926 856 2306 909; x_wconf 83' lang='lat' dir='ltr'><strong>monachorum</strong></span> 
     </span>
    </p>
   </div>
   <div class='ocr_carea' id='block_1_9' title="bbox 722 948 2308 1020">
    <p class='ocr_par' dir='ltr' id='par_1_9' title="bbox 722 948 2308 1020">
     <span class='ocr_line' id='line_1_9' title="bbox 722 948 2308 1020; baseline -0.005 -14"><span class='ocrx_word' id='word_1_56' title='bbox 722 952 882 1006; x_wconf 63' lang='lat' dir='ltr'><strong>coetui</strong></span> <span class='ocrx_word' id='word_1_57' title='bbox 935 955 1174 1020; x_wconf 79' lang='lat' dir='ltr'><strong>tradidit,</strong></span> <span class='ocrx_word' id='word_1_58' title='bbox 1209 964 1478 1008; x_wconf 84' lang='lat' dir='ltr'><strong>tonsuram</strong></span> <span class='ocrx_word' id='word_1_59' title='bbox 1513 951 1738 1019; x_wconf 70' lang='lat' dir='ltr'><strong>acer-pit,</strong></span> <span class='ocrx_word' id='word_1_60' title='bbox 1772 963 1817 1006; x_wconf 73' lang='lat' dir='ltr'><strong>es</strong></span> <span class='ocrx_word' id='word_1_61' title='bbox 1851 948 2182 1016; x_wconf 79' lang='lat' dir='ltr'><strong>disciplinam</strong></span> <span class='ocrx_word' id='word_1_62' title='bbox 2223 960 2308 999; x_wconf 90' lang='lat' dir='ltr'><strong>re-</strong></span> 
     </span>
    </p>
   </div>
   <div class='ocr_carea' id='block_1_10' title="bbox 726 1038 2310 1114">
    <p class='ocr_par' dir='ltr' id='par_1_10' title="bbox 726 1038 2310 1114">
     <span class='ocr_line' id='line_1_10' title="bbox 726 1038 2310 1114; baseline -0.009 -10"><span class='ocrx_word' id='word_1_63' title='bbox 726 1043 966 1114; x_wconf 72' lang='lat' dir='ltr'><strong>gularem</strong></span> <span class='ocrx_word' id='word_1_64' title='bbox 999 1049 1243 1103; x_wconf 89' lang='lat' dir='ltr'><strong>monachi</strong></span> <span class='ocrx_word' id='word_1_65' title='bbox 1279 1057 1400 1099; x_wconf 89' lang='lat' dir='ltr'><strong>voto</strong></span> <span class='ocrx_word' id='word_1_66' title='bbox 1431 1045 1708 1113; x_wconf 79' lang='lat' dir='ltr'><strong>insignitus</strong></span> <span class='ocrx_word' id='word_1_67' title='bbox 1741 1042 1917 1096; x_wconf 85' lang='lat' dir='ltr'><strong>debita</strong></span> <span class='ocrx_word' id='word_1_68' title='bbox 1949 1056 2066 1093; x_wconf 90' lang='lat' dir='ltr'><strong>cmn</strong></span> <span class='ocrx_word' id='word_1_69' title='bbox 2107 1038 2310 1092; x_wconf 77' lang='lat' dir='ltr'><strong>Sollici-</strong></span> 
     </span>
    </p>
   </div>
   <div class='ocr_carea' id='block_1_11' title="bbox 723 1131 2313 1206">
    <p class='ocr_par' dir='ltr' id='par_1_11' title="bbox 723 1131 2313 1206">
     <span class='ocr_line' id='line_1_11' title="bbox 723 1131 2313 1206; baseline -0.009 -8"><span class='ocrx_word' id='word_1_70' title='bbox 723 1142 913 1198; x_wconf 68' lang='lat' dir='ltr'><strong>tudine</strong></span> <span class='ocrx_word' id='word_1_71' title='bbox 939 1141 1202 1200; x_wconf 86' lang='lat' dir='ltr'><strong>servavit;</strong></span> <span class='ocrx_word' id='word_1_72' title='bbox 1239 1139 1325 1192; x_wconf 90' lang='lat' dir='ltr'><strong>ubi</strong></span> <span class='ocrx_word' id='word_1_73' title='bbox 1353 1153 1444 1206; x_wconf 90' lang='lat' dir='ltr'><strong>per</strong></span> <span class='ocrx_word' id='word_1_74' title='bbox 1476 1137 1742 1188; x_wconf 86' lang='lat' dir='ltr'><strong>biennium</strong></span> <span class='ocrx_word' id='word_1_75' title='bbox 1774 1134 1959 1186; x_wconf 86' lang='lat' dir='ltr'><strong>idonea</strong></span> <span class='ocrx_word' id='word_1_76' title='bbox 2005 1131 2313 1184; x_wconf 60' lang='lat' dir='ltr'><strong>monastiz-az</strong></span> 
     </span>
    </p>
   </div>
   <div class='ocr_carea' id='block_1_12' title="bbox 730 1219 2310 1290">
    <p class='ocr_par' dir='ltr' id='par_1_12' title="bbox 730 1219 2310 1290">
     <span class='ocr_line' id='line_1_12' title="bbox 730 1219 2310 1290; baseline -0.01 -3"><span class='ocrx_word' id='word_1_77' title='bbox 730 1231 1157 1287; x_wconf 87' lang='lat' dir='ltr'><strong>conversationis</strong></span> <span class='ocrx_word' id='word_1_78' title='bbox 1185 1231 1424 1283; x_wconf 84' lang='lat' dir='ltr'><strong>doctrina</strong></span> <span class='ocrx_word' id='word_1_79' title='bbox 1456 1229 1749 1290; x_wconf 83' lang='lat' dir='ltr'><strong>institutus,</strong></span> <span class='ocrx_word' id='word_1_80' title='bbox 1782 1239 1966 1278; x_wconf 81' lang='lat' dir='ltr'><strong>rursus</strong></span> <span class='ocrx_word' id='word_1_81' title='bbox 1999 1221 2136 1275; x_wconf 87' lang='lat' dir='ltr'><strong>beati</strong></span> <span class='ocrx_word' id='word_1_82' title='bbox 2170 1219 2310 1274; x_wconf 86' lang='lat' dir='ltr'><strong>Petri</strong></span> 
     </span>
    </p>
   </div>
   <div class='ocr_carea' id='block_1_13' title="bbox 728 1311 2312 1393">
    <p class='ocr_par' dir='ltr' id='par_1_13' title="bbox 728 1311 2312 1393">
     <span class='ocr_line' id='line_1_13' title="bbox 728 1311 2312 1393; baseline -0.008 -16"><span class='ocrx_word' id='word_1_83' title='bbox 728 1324 1091 1393; x_wconf 78' lang='lat' dir='ltr'><strong>apostolorum</strong></span> <span class='ocrx_word' id='word_1_84' title='bbox 1123 1317 1374 1390; x_wconf 90' lang='lat' dir='ltr'><strong>principis</strong></span> <span class='ocrx_word' id='word_1_85' title='bbox 1396 1333 1578 1372; x_wconf 90' lang='lat' dir='ltr'><strong>amore</strong></span> <span class='ocrx_word' id='word_1_86' title='bbox 1607 1317 1871 1379; x_wconf 81' lang='lat' dir='ltr'><strong>devictus,</strong></span> <span class='ocrx_word' id='word_1_87' title='bbox 1905 1321 2166 1367; x_wconf 86' lang='lat' dir='ltr'><strong>sacratam</strong></span> <span class='ocrx_word' id='word_1_88' title='bbox 2196 1311 2312 1380; x_wconf 88' lang='lat' dir='ltr'><strong>ejus</strong></span> 
     </span>
    </p>
   </div>
   <div class='ocr_carea' id='block_1_14' title="bbox 730 1408 1860 1482">
    <p class='ocr_par' dir='ltr' id='par_1_14' title="bbox 730 1408 1860 1482">
     <span class='ocr_line' id='line_1_14' title="bbox 730 1408 1860 1482; baseline -0.009 -14"><span class='ocrx_word' id='word_1_89' title='bbox 730 1424 956 1482; x_wconf 81' lang='lat' dir='ltr'><strong>corpore</strong></span> <span class='ocrx_word' id='word_1_90' title='bbox 985 1413 1252 1466; x_wconf 83' lang='lat' dir='ltr'><strong>civitatem</strong></span> <span class='ocrx_word' id='word_1_91' title='bbox 1281 1412 1300 1440; x_wconf 83' lang='grc'>¹</span> <span class='ocrx_word' id='word_1_92' title='bbox 1328 1408 1352 1445; x_wconf 73' lang='lat' dir='ltr'><strong>b</strong></span> <span class='ocrx_word' id='word_1_93' title='bbox 1382 1410 1638 1476; x_wconf 82' lang='lat' dir='ltr'><strong>repedare</strong></span> <span class='ocrx_word' id='word_1_94' title='bbox 1661 1408 1860 1482; x_wconf 72' lang='lat' dir='ltr'><strong>statuit.</strong></span> 
     </span>
    </p>
   </div>
   <div class='ocr_carea' id='block_1_15' title="bbox 802 1494 2314 1571">
    <p class='ocr_par' dir='ltr' id='par_1_15' title="bbox 802 1494 2314 1571">
     <span class='ocr_line' id='line_1_15' title="bbox 802 1494 2314 1571; baseline -0.007 -13"><span class='ocrx_word' id='word_1_95' title='bbox 802 1504 911 1558; x_wconf 88' lang='lat' dir='ltr'><strong>Nec</strong></span> <span class='ocrx_word' id='word_1_96' title='bbox 943 1512 1062 1571; x_wconf 86' lang='lat' dir='ltr'><strong>post</strong></span> <span class='ocrx_word' id='word_1_97' title='bbox 1094 1508 1302 1571; x_wconf 86' lang='lat' dir='ltr'><strong>longum</strong></span> <span class='ocrx_word' id='word_1_98' title='bbox 1335 1500 1651 1554; x_wconf 88' lang='lat' dir='ltr'><strong>adveniente</strong></span> <span class='ocrx_word' id='word_1_99' title='bbox 1683 1513 1820 1551; x_wconf 89' lang='lat' dir='ltr'><strong>nave</strong></span> <span class='ocrx_word' id='word_1_100' title='bbox 1849 1496 2185 1557; x_wconf 78' lang='lat' dir='ltr'><strong>mercatoria,</strong></span> <span class='ocrx_word' id='word_1_101' title='bbox 2218 1494 2314 1548; x_wconf 89' lang='lat' dir='ltr'><strong>de-</strong></span> 
     </span>
    </p>
   </div>
   <div class='ocr_carea' id='block_1_16' title="bbox 732 1585 2312 1655">
    <p class='ocr_par' dir='ltr' id='par_1_16' title="bbox 732 1585 2312 1655">
     <span class='ocr_line' id='line_1_16' title="bbox 732 1585 2312 1655; baseline -0.006 -7"><span class='ocrx_word' id='word_1_102' title='bbox 732 1595 932 1648; x_wconf 90' lang='lat' dir='ltr'><strong>siderio</strong></span> <span class='ocrx_word' id='word_1_103' title='bbox 979 1593 1259 1648; x_wconf 86' lang='lat' dir='ltr'><strong>satisfecit.</strong></span> <span class='ocrx_word' id='word_1_104' title='bbox 1316 1592 1390 1644; x_wconf 80' lang='lat' dir='ltr'><strong>Eo</strong></span> <span class='ocrx_word' id='word_1_105' title='bbox 1434 1599 1609 1643; x_wconf 88' lang='lat' dir='ltr'><strong>autem</strong></span> <span class='ocrx_word' id='word_1_106' title='bbox 1645 1597 1885 1655; x_wconf 88' lang='lat' dir='ltr'><strong>tempore</strong></span> <span class='ocrx_word' id='word_1_107' title='bbox 1938 1587 2152 1639; x_wconf 83' lang='lat' dir='ltr'><strong>miserat</strong></span> <span class='ocrx_word' id='word_1_108' title='bbox 2211 1585 2312 1638; x_wconf 86' lang='lat' dir='ltr'><strong>Ec-</strong></span> 
     </span>
    </p>
   </div>
   <div class='ocr_carea' id='block_1_17' title="bbox 734 1672 2317 1754">
    <p class='ocr_par' dir='ltr' id='par_1_17' title="bbox 734 1672 2317 1754">
     <span class='ocr_line' id='line_1_17' title="bbox 734 1672 2317 1754; baseline -0.008 -16"><span class='ocrx_word' id='word_1_109' title='bbox 734 1687 984 1754; x_wconf 87' lang='lat' dir='ltr'><strong>gberctus</strong></span> <span class='ocrx_word' id='word_1_110' title='bbox 1012 1681 1418 1736; x_wconf 86' lang='lat' dir='ltr'><strong>Cantuariorum</strong></span> <span class='ocrx_word' id='word_1_111' title='bbox 1451 1694 1541 1732; x_wconf 81' lang='lat' dir='ltr'><strong>rex</strong></span> <span class='ocrx_word' id='word_1_112' title='bbox 1575 1678 1641 1731; x_wconf 90' lang='lat' dir='ltr'><strong>de</strong></span> <span class='ocrx_word' id='word_1_113' title='bbox 1685 1677 1952 1729; x_wconf 81' lang='lat' dir='ltr'><strong>Britannia</strong></span> <span class='ocrx_word' id='word_1_114' title='bbox 1985 1677 2209 1728; x_wconf 90' lang='lat' dir='ltr'><strong>electum</strong></span> <span class='ocrx_word' id='word_1_115' title='bbox 2253 1672 2317 1727; x_wconf 87' lang='lat' dir='ltr'><strong>ad</strong></span> 
     </span>
    </p>
   </div>
   <div class='ocr_carea' id='block_1_18' title="bbox 736 1766 2316 1846">
    <p class='ocr_par' dir='ltr' id='par_1_18' title="bbox 736 1766 2316 1846">
     <span class='ocr_line' id='line_1_18' title="bbox 736 1766 2316 1846; baseline -0.009 -15"><span class='ocrx_word' id='word_1_116' title='bbox 736 1778 1078 1846; x_wconf 76' lang='lat' dir='ltr'><strong>episcopatus</strong></span> <span class='ocrx_word' id='word_1_117' title='bbox 1126 1772 1359 1826; x_wconf 86' lang='lat' dir='ltr'><strong>officium</strong></span> <span class='ocrx_word' id='word_1_118' title='bbox 1394 1774 1561 1824; x_wconf 90' lang='lat' dir='ltr'><strong>virutn</strong></span> <span class='ocrx_word' id='word_1_119' title='bbox 1609 1769 1822 1822; x_wconf 88' lang='lat' dir='ltr'><strong>nomine</strong></span> <span class='ocrx_word' id='word_1_120' title='bbox 1855 1766 2195 1834; x_wconf 76' lang='lat' dir='ltr'><strong>Vigliardutn,</strong></span> <span class='ocrx_word' id='word_1_121' title='bbox 2229 1766 2316 1833; x_wconf 92' lang='lat' dir='ltr'><strong>qui</strong></span> 
     </span>
    </p>
   </div>
   <div class='ocr_carea' id='block_1_19' title="bbox 735 1857 2395 1930">
    <p class='ocr_par' dir='ltr' id='par_1_19' title="bbox 735 1857 2395 1930">
     <span class='ocr_line' id='line_1_19' title="bbox 735 1857 2395 1930; baseline -0.009 -8"><span class='ocrx_word' id='word_1_122' title='bbox 735 1884 764 1922; x_wconf 88' lang='lat' dir='ltr'><strong>a</strong></span> <span class='ocrx_word' id='word_1_123' title='bbox 797 1866 1050 1922; x_wconf 79' lang='lat' dir='ltr'><strong>Romanis</strong></span> <span class='ocrx_word' id='word_1_124' title='bbox 1084 1864 1223 1919; x_wconf 85' lang='lat' dir='ltr'><strong>beati</strong></span> <span class='ocrx_word' id='word_1_125' title='bbox 1254 1862 1496 1930; x_wconf 81' lang='lat' dir='ltr'><strong>Gregorii</strong></span> <span class='ocrx_word' id='word_1_126' title='bbox 1546 1875 1694 1930; x_wconf 73' lang='lat' dir='ltr'><strong>papa:</strong></span> <span class='ocrx_word' id='word_1_127' title='bbox 1719 1858 1994 1927; x_wconf 80' lang='lat' dir='ltr'><strong>discipulis</strong></span> <span class='ocrx_word' id='word_1_128' title='bbox 2039 1859 2089 1911; x_wconf 91' lang='lat' dir='ltr'><strong>in</strong></span> <span class='ocrx_word' id='word_1_129' title='bbox 2133 1857 2316 1910; x_wconf 83' lang='lat' dir='ltr'><strong>Cantia</strong></span> <span class='ocrx_word' id='word_1_130' title='bbox 2355 1867 2395 1922; x_wconf 67' lang='grc' dir='ltr'><strong>ιι</strong></span> 
     </span>
    </p>
   </div>
   <div class='ocr_carea' id='block_1_20' title="bbox 734 1946 2324 2010">
    <p class='ocr_par' dir='ltr' id='par_1_20' title="bbox 734 1946 2324 2010">
     <span class='ocr_line' id='line_1_20' title="bbox 734 1946 2324 2010; baseline -0.006 -2"><span class='ocrx_word' id='word_1_131' title='bbox 734 1956 910 2010; x_wconf 80' lang='lat' dir='ltr'><strong>fuerat</strong></span> <span class='ocrx_word' id='word_1_132' title='bbox 962 1953 1106 2008; x_wconf 90' lang='lat' dir='ltr'><strong>omni</strong></span> <span class='ocrx_word' id='word_1_133' title='bbox 1169 1952 1529 2006; x_wconf 82' lang='lat' dir='ltr'><strong>ecclesiastica</strong></span> <span class='ocrx_word' id='word_1_134' title='bbox 1603 1947 1932 2003; x_wconf 84' lang='lat' dir='ltr'><strong>institutione</strong></span> <span class='ocrx_word' id='word_1_135' title='bbox 1993 1946 2324 2000; x_wconf 52' lang='lat' dir='ltr'><strong>sufficienter</strong></span> 
     </span>
    </p>
   </div>
   <div class='ocr_carea' id='block_1_21' title="bbox 737 2037 2317 2113">
    <p class='ocr_par' dir='ltr' id='par_1_21' title="bbox 737 2037 2317 2113">
     <span class='ocr_line' id='line_1_21' title="bbox 737 2037 2317 2113; baseline -0.008 -12"><span class='ocrx_word' id='word_1_136' title='bbox 737 2049 990 2110; x_wconf 84' lang='lat' dir='ltr'><strong>edoctus;</strong></span> <span class='ocrx_word' id='word_1_137' title='bbox 1014 2045 1234 2113; x_wconf 90' lang='lat' dir='ltr'><strong>cupiens</strong></span> <span class='ocrx_word' id='word_1_138' title='bbox 1254 2058 1376 2098; x_wconf 90' lang='lat' dir='ltr'><strong>eum</strong></span> <span class='ocrx_word' id='word_1_139' title='bbox 1399 2041 1496 2096; x_wconf 83' lang='lat' dir='ltr'><strong>sibi</strong></span> <span class='ocrx_word' id='word_1_140' title='bbox 1520 2038 1703 2095; x_wconf 75' lang='lat' dir='ltr'><strong>Romae</strong></span> <span class='ocrx_word' id='word_1_141' title='bbox 1726 2038 1959 2092; x_wconf 88' lang='lat' dir='ltr'><strong>ordinari</strong></span> <span class='ocrx_word' id='word_1_142' title='bbox 1983 2037 2317 2104; x_wconf 76' lang='lat' dir='ltr'><strong>episcopum,</strong></span> 
     </span>
    </p>
   </div>
   <div class='ocr_carea' id='block_1_22' title="bbox 736 2128 2318 2209">
    <p class='ocr_par' dir='ltr' id='par_1_22' title="bbox 736 2128 2318 2209">
     <span class='ocr_line' id='line_1_22' title="bbox 736 2128 2318 2209; baseline -0.011 -16"><span class='ocrx_word' id='word_1_143' title='bbox 736 2152 993 2209; x_wconf 79' lang='lat' dir='ltr'><strong>quatenus</strong></span> <span class='ocrx_word' id='word_1_144' title='bbox 1034 2152 1144 2191; x_wconf 73' lang='lat' dir='ltr'><strong>sua:</strong></span> <span class='ocrx_word' id='word_1_145' title='bbox 1191 2133 1363 2206; x_wconf 83' lang='lat' dir='ltr'><strong>gentis</strong></span> <span class='ocrx_word' id='word_1_146' title='bbox 1415 2141 1470 2187; x_wconf 91' lang='lat' dir='ltr'><strong>et</strong></span> <span class='ocrx_word' id='word_1_147' title='bbox 1528 2132 1720 2200; x_wconf 74' lang='lat' dir='ltr'><strong>lingua:</strong></span> <span class='ocrx_word' id='word_1_148' title='bbox 1756 2129 1957 2184; x_wconf 87' lang='lat' dir='ltr'><strong>habens</strong></span> <span class='ocrx_word' id='word_1_149' title='bbox 2008 2128 2318 2191; x_wconf 81' lang='lat' dir='ltr'><strong>antistitem,</strong></span> 
     </span>
    </p>
   </div>
   <div class='ocr_carea' id='block_1_23' title="bbox 739 2219 2325 2300">
    <p class='ocr_par' dir='ltr' id='par_1_23' title="bbox 739 2219 2325 2300">
     <span class='ocr_line' id='line_1_23' title="bbox 739 2219 2325 2300; baseline -0.009 -14"><span class='ocrx_word' id='word_1_150' title='bbox 739 2243 886 2287; x_wconf 83' lang='lat' dir='ltr'><strong>tanto</strong></span> <span class='ocrx_word' id='word_1_151' title='bbox 917 2229 1202 2300; x_wconf 78' lang='lat' dir='ltr'><strong>perfectius</strong></span> <span class='ocrx_word' id='word_1_152' title='bbox 1232 2243 1353 2282; x_wconf 89' lang='lat' dir='ltr'><strong>cum</strong></span> <span class='ocrx_word' id='word_1_153' title='bbox 1385 2225 1638 2295; x_wconf 83' lang='lat' dir='ltr'><strong>subjectis</strong></span> <span class='ocrx_word' id='word_1_154' title='bbox 1665 2224 1763 2278; x_wconf 80' lang='lat' dir='ltr'><strong>sibi</strong></span> <span class='ocrx_word' id='word_1_155' title='bbox 1797 2223 2006 2292; x_wconf 88' lang='lat' dir='ltr'><strong>populis</strong></span> <span class='ocrx_word' id='word_1_156' title='bbox 2033 2221 2113 2274; x_wconf 87' lang='lat' dir='ltr'><strong>vel</strong></span> <span class='ocrx_word' id='word_1_157' title='bbox 2147 2219 2325 2273; x_wconf 84' lang='lat' dir='ltr'><strong>verbis</strong></span> 
     </span>
    </p>
   </div>
   <div class='ocr_carea' id='block_1_24' title="bbox 739 2314 2328 2389">
    <p class='ocr_par' dir='ltr' id='par_1_24' title="bbox 739 2314 2328 2389">
     <span class='ocr_line' id='line_1_24' title="bbox 739 2314 2328 2389; baseline -0.006 -16"><span class='ocrx_word' id='word_1_158' title='bbox 739 2323 1070 2377; x_wconf 76' lang='lat' dir='ltr'><strong>imbueretur</strong></span> <span class='ocrx_word' id='word_1_159' title='bbox 1094 2321 1214 2374; x_wconf 83' lang='lat' dir='ltr'><strong>fidei</strong></span> <span class='ocrx_word' id='word_1_160' title='bbox 1244 2321 1326 2374; x_wconf 90' lang='lat' dir='ltr'><strong>vel</strong></span> <span class='ocrx_word' id='word_1_161' title='bbox 1357 2318 1660 2389; x_wconf 87' lang='lat' dir='ltr'><strong>mysteriis;</strong></span> <span class='ocrx_word' id='word_1_162' title='bbox 1688 2325 1886 2386; x_wconf 89' lang='lat' dir='ltr'><strong>quanto</strong></span> <span class='ocrx_word' id='word_1_163' title='bbox 1908 2315 1928 2345; x_wconf 85' lang='grc'>³</span> <span class='ocrx_word' id='word_1_164' title='bbox 1956 2314 2070 2367; x_wconf 72' lang='lat' dir='ltr'><strong>inec</strong></span> <span class='ocrx_word' id='word_1_165' title='bbox 2099 2328 2202 2366; x_wconf 92' lang='lat' dir='ltr'><strong>non</strong></span> <span class='ocrx_word' id='word_1_166' title='bbox 2235 2327 2328 2379; x_wconf 90' lang='lat' dir='ltr'><strong>per</strong></span> 
     </span>
    </p>
   </div>
   <div class='ocr_carea' id='block_1_25' title="bbox 741 2405 2325 2482">
    <p class='ocr_par' dir='ltr' id='par_1_25' title="bbox 741 2405 2325 2482">
     <span class='ocr_line' id='line_1_25' title="bbox 741 2405 2325 2482; baseline -0.007 -14"><span class='ocrx_word' id='word_1_167' title='bbox 741 2419 1108 2482; x_wconf 88' lang='lat' dir='ltr'><strong>interpretem,</strong></span> <span class='ocrx_word' id='word_1_168' title='bbox 1150 2413 1254 2468; x_wconf 85' lang='lat' dir='ltr'><strong>sed</strong></span> <span class='ocrx_word' id='word_1_169' title='bbox 1313 2427 1407 2482; x_wconf 89' lang='lat' dir='ltr'><strong>per</strong></span> <span class='ocrx_word' id='word_1_170' title='bbox 1449 2410 1470 2442; x_wconf 72' lang='grc'>⁸</span> <span class='ocrx_word' id='word_1_171' title='bbox 1500 2410 1711 2481; x_wconf 77' lang='lat' dir='ltr'><strong>cognati</strong></span> <span class='ocrx_word' id='word_1_172' title='bbox 1761 2417 1816 2464; x_wconf 91' lang='lat' dir='ltr'><strong>ct</strong></span> <span class='ocrx_word' id='word_1_173' title='bbox 1863 2407 2180 2462; x_wconf 90' lang='lat' dir='ltr'><strong>contribulis</strong></span> <span class='ocrx_word' id='word_1_174' title='bbox 2231 2405 2325 2458; x_wconf 83' lang='lat' dir='ltr'><strong>viri</strong></span> 
     </span>
    </p>
   </div>
   <div class='ocr_carea' id='block_1_26' title="bbox 739 2497 2328 2573">
    <p class='ocr_par' dir='ltr' id='par_1_26' title="bbox 739 2497 2328 2573">
     <span class='ocr_line' id='line_1_26' title="bbox 739 2497 2328 2573; baseline -0.006 -15"><span class='ocrx_word' id='word_1_175' title='bbox 739 2507 974 2573; x_wconf 82' lang='lat' dir='ltr'><strong>linguam</strong></span> <span class='ocrx_word' id='word_1_176' title='bbox 1021 2504 1177 2558; x_wconf 87' lang='lat' dir='ltr'><strong>simul</strong></span> <span class='ocrx_word' id='word_1_177' title='bbox 1223 2517 1546 2572; x_wconf 90' lang='lat' dir='ltr'><strong>manumque</strong></span> <span class='ocrx_word' id='word_1_178' title='bbox 1585 2500 1897 2568; x_wconf 88' lang='lat' dir='ltr'><strong>susciperet.</strong></span> <span class='ocrx_word' id='word_1_179' title='bbox 1943 2499 2043 2566; x_wconf 88' lang='lat' dir='ltr'><strong>Qui</strong></span> <span class='ocrx_word' id='word_1_180' title='bbox 2078 2497 2328 2552; x_wconf 64' lang='lat' dir='ltr'><strong>videlitet</strong></span> 
     </span>
    </p>
   </div>
   <div class='ocr_carea' id='block_1_27' title="bbox 742 2589 2326 2666">
    <p class='ocr_par' dir='ltr' id='par_1_27' title="bbox 742 2589 2326 2666">
     <span class='ocr_line' id='line_1_27' title="bbox 742 2589 2326 2666; baseline -0.006 -17"><span class='ocrx_word' id='word_1_181' title='bbox 742 2595 1041 2666; x_wconf 68' lang='lat' dir='ltr'><strong>Vigliardus</strong></span> <span class='ocrx_word' id='word_1_182' title='bbox 1091 2595 1313 2647; x_wconf 82' lang='lat' dir='ltr'><strong>Romam</strong></span> <span class='ocrx_word' id='word_1_183' title='bbox 1344 2593 1587 2658; x_wconf 88' lang='lat' dir='ltr'><strong>veniens,</strong></span> <span class='ocrx_word' id='word_1_184' title='bbox 1629 2608 1747 2646; x_wconf 92' lang='lat' dir='ltr'><strong>cum</strong></span> <span class='ocrx_word' id='word_1_185' title='bbox 1795 2594 2000 2645; x_wconf 87' lang='lat' dir='ltr'><strong>cunctis</strong></span> <span class='ocrx_word' id='word_1_186' title='bbox 2028 2589 2116 2659; x_wconf 85' lang='lat' dir='ltr'><strong>qui</strong></span> <span class='ocrx_word' id='word_1_187' title='bbox 2145 2604 2326 2644; x_wconf 79' lang='lat' dir='ltr'><strong>secum</strong></span> 
     </span>
    </p>
   </div>
   <div class='ocr_carea' id='block_1_28' title="bbox 743 2682 2329 2752">
    <p class='ocr_par' dir='ltr' id='par_1_28' title="bbox 743 2682 2329 2752">
     <span class='ocr_line' id='line_1_28' title="bbox 743 2682 2329 2752; baseline -0.002 -14"><span class='ocrx_word' id='word_1_188' title='bbox 743 2699 939 2740; x_wconf 86' lang='lat' dir='ltr'><strong>venere</strong></span> <span class='ocrx_word' id='word_1_189' title='bbox 992 2685 1316 2750; x_wconf 89' lang='lat' dir='ltr'><strong>comitibus,</strong></span> <span class='ocrx_word' id='word_1_190' title='bbox 1373 2693 1660 2752; x_wconf 87' lang='lat' dir='ltr'><strong>antequam</strong></span> <span class='ocrx_word' id='word_1_191' title='bbox 1715 2683 1938 2752; x_wconf 89' lang='lat' dir='ltr'><strong>gradum</strong></span> <span class='ocrx_word' id='word_1_192' title='bbox 1991 2682 2329 2751; x_wconf 66' lang='lat' dir='ltr'><strong>pontificatus</strong></span> 
     </span>
    </p>
   </div>
   <div class='ocr_carea' id='block_1_29' title="bbox 746 2774 2328 2847">
    <p class='ocr_par' dir='ltr' id='par_1_29' title="bbox 746 2774 2328 2847">
     <span class='ocr_line' id='line_1_29' title="bbox 746 2774 2328 2847; baseline -0.003 -17"><span class='ocrx_word' id='word_1_193' title='bbox 746 2781 1066 2847; x_wconf 85' lang='lat' dir='ltr'><strong>perciperet,</strong></span> <span class='ocrx_word' id='word_1_194' title='bbox 1100 2777 1286 2831; x_wconf 85' lang='lat' dir='ltr'><strong>morbo</strong></span> <span class='ocrx_word' id='word_1_195' title='bbox 1328 2775 1609 2846; x_wconf 85' lang='lat' dir='ltr'><strong>ingruente</strong></span> <span class='ocrx_word' id='word_1_196' title='bbox 1662 2774 1945 2830; x_wconf 77' lang='lat' dir='ltr'><strong>defunctus</strong></span> <span class='ocrx_word' id='word_1_197' title='bbox 1971 2785 2072 2828; x_wconf 90' lang='lat' dir='ltr'><strong>est.</strong></span> <span class='ocrx_word' id='word_1_198' title='bbox 2102 2778 2168 2828; x_wconf 86' lang='lat' dir='ltr'><strong>At</strong></span> <span class='ocrx_word' id='word_1_199' title='bbox 2205 2791 2328 2828; x_wconf 87' lang='lat' dir='ltr'><strong>vero</strong></span> 
     </span>
    </p>
   </div>
   <div class='ocr_carea' id='block_1_30' title="bbox 741 2865 2330 2939">
    <p class='ocr_par' dir='ltr' id='par_1_30' title="bbox 741 2865 2330 2939">
     <span class='ocr_line' id='line_1_30' title="bbox 741 2865 2330 2939; baseline -0.001 -19"><span class='ocrx_word' id='word_1_200' title='bbox 741 2884 881 2939; x_wconf 86' lang='lat' dir='ltr'><strong>papa</strong></span> <span class='ocrx_word' id='word_1_201' title='bbox 929 2867 1274 2937; x_wconf 86' lang='lat' dir='ltr'><strong>apostolicus,</strong></span> <span class='ocrx_word' id='word_1_202' title='bbox 1331 2880 1396 2921; x_wconf 88' lang='lat' dir='ltr'><strong>ne</strong></span> <span class='ocrx_word' id='word_1_203' title='bbox 1448 2866 1717 2934; x_wconf 86' lang='lat' dir='ltr'><strong>legatariis</strong></span> <span class='ocrx_word' id='word_1_204' title='bbox 1765 2865 2086 2920; x_wconf 90' lang='lat' dir='ltr'><strong>obeuntibus</strong></span> <span class='ocrx_word' id='word_1_205' title='bbox 2140 2866 2330 2934; x_wconf 68' lang='lat' dir='ltr'><strong>legatio</strong></span> 
     </span>
    </p>
   </div>
   <div class='ocr_carea' id='block_1_31' title="bbox 746 2957 2330 3029">
    <p class='ocr_par' dir='ltr' id='par_1_31' title="bbox 746 2957 2330 3029">
     <span class='ocr_line' id='line_1_31' title="bbox 746 2957 2330 3029; baseline -0.001 -15"><span class='ocrx_word' id='word_1_206' title='bbox 746 2961 993 3029; x_wconf 89' lang='lat' dir='ltr'><strong>religiosa</strong></span> <span class='ocrx_word' id='word_1_207' title='bbox 1039 2958 1274 3014; x_wconf 83' lang='lat' dir='ltr'><strong>fidelium</strong></span> <span class='ocrx_word' id='word_1_208' title='bbox 1320 2957 1494 3013; x_wconf 88' lang='lat' dir='ltr'><strong>fructu</strong></span> <span class='ocrx_word' id='word_1_209' title='bbox 1538 2965 1878 3027; x_wconf 85' lang='lat' dir='ltr'><strong>competente</strong></span> <span class='ocrx_word' id='word_1_210' title='bbox 1908 2967 2145 3022; x_wconf 87' lang='lat' dir='ltr'><strong>careret,</strong></span> <span class='ocrx_word' id='word_1_211' title='bbox 2199 2958 2330 3012; x_wconf 91' lang='lat' dir='ltr'><strong>inito</strong></span> 
     </span>
    </p>
   </div>
   <div class='ocr_carea' id='block_1_32' title="bbox 743 3050 2326 3122">
    <p class='ocr_par' dir='ltr' id='par_1_32' title="bbox 743 3050 2326 3122">
     <span class='ocr_line' id='line_1_32' title="bbox 743 3050 2326 3122; baseline -0.002 -16"><span class='ocrx_word' id='word_1_212' title='bbox 743 3050 992 3120; x_wconf 84' lang='lat' dir='ltr'><strong>consilio,</strong></span> <span class='ocrx_word' id='word_1_213' title='bbox 1021 3052 1180 3122; x_wconf 86' lang='lat' dir='ltr'><strong>elegit</strong></span> <span class='ocrx_word' id='word_1_214' title='bbox 1207 3053 1274 3107; x_wconf 89' lang='lat' dir='ltr'><strong>de</strong></span> <span class='ocrx_word' id='word_1_215' title='bbox 1312 3051 1427 3107; x_wconf 91' lang='lat' dir='ltr'><strong>suis</strong></span> <span class='ocrx_word' id='word_1_216' title='bbox 1448 3067 1604 3122; x_wconf 89' lang='lat' dir='ltr'><strong>quem</strong></span> <span class='ocrx_word' id='word_1_217' title='bbox 1636 3051 1937 3106; x_wconf 88' lang='lat' dir='ltr'><strong>Britannias</strong></span> <span class='ocrx_word' id='word_1_218' title='bbox 1966 3051 2326 3120; x_wconf 55' lang='lat' dir='ltr'><strong>arcliiepisco-</strong></span> 
     </span>
    </p>
   </div>
   <div class='ocr_carea' id='block_1_33' title="bbox 745 3143 2322 3212">
    <p class='ocr_par' dir='ltr' id='par_1_33' title="bbox 745 3143 2322 3212">
     <span class='ocr_line' id='line_1_33' title="bbox 745 3143 2322 3212; baseline 0 -17"><span class='ocrx_word' id='word_1_219' title='bbox 745 3159 869 3212; x_wconf 90' lang='lat' dir='ltr'><strong>pum</strong></span> <span class='ocrx_word' id='word_1_220' title='bbox 912 3144 1168 3209; x_wconf 87' lang='lat' dir='ltr'><strong>mitteret,</strong></span> <span class='ocrx_word' id='word_1_221' title='bbox 1201 3143 1538 3198; x_wconf 88' lang='lat' dir='ltr'><strong>Theodorum</strong></span> <span class='ocrx_word' id='word_1_222' title='bbox 1587 3143 1858 3210; x_wconf 89' lang='lat' dir='ltr'><strong>videlicet,</strong></span> <span class='ocrx_word' id='word_1_223' title='bbox 1893 3143 2135 3197; x_wconf 68' lang='lat' dir='ltr'><strong>saeculari</strong></span> <span class='ocrx_word' id='word_1_224' title='bbox 2166 3143 2322 3196; x_wconf 88' lang='lat' dir='ltr'><strong>simul</strong></span> 
     </span>
    </p>
   </div>
   <div class='ocr_carea' id='block_1_34' title="bbox 2411 561 4016 637">
    <p class='ocr_par' dir='ltr' id='par_1_34' title="bbox 2411 561 4016 637">
     <span class='ocr_line' id='line_1_34' title="bbox 2411 561 4016 637; baseline -0.006 -15"><span class='ocrx_word' id='word_1_225' title='bbox 2411 580 2614 637; x_wconf 91' lang='lat' dir='ltr'><strong>terpres</strong></span> <span class='ocrx_word' id='word_1_226' title='bbox 2646 567 2878 621; x_wconf 70' lang='lat' dir='ltr'><strong>existere</strong></span> <span class='ocrx_word' id='word_1_227' title='bbox 2909 575 3087 633; x_wconf 89' lang='lat' dir='ltr'><strong>posset</strong></span> <span class='ocrx_word' id='word_1_228' title='bbox 3129 572 3182 617; x_wconf 91' lang='lat' dir='ltr'><strong>et</strong></span> <span class='ocrx_word' id='word_1_229' title='bbox 3211 564 3421 617; x_wconf 88' lang='lat' dir='ltr'><strong>ductor.</strong></span> <span class='ocrx_word' id='word_1_230' title='bbox 3453 562 3606 616; x_wconf 80' lang='lat' dir='ltr'><strong>Fecit</strong></span> <span class='ocrx_word' id='word_1_231' title='bbox 3637 569 3698 614; x_wconf 91' lang='lat' dir='ltr'><strong>ut</strong></span> <span class='ocrx_word' id='word_1_232' title='bbox 3728 561 3973 629; x_wconf 86' lang='lat' dir='ltr'><strong>jusserat</strong></span> <span class='ocrx_word' id='word_1_233' title='bbox 4002 579 4016 612; x_wconf 91' lang='lat'>:</span> 
     </span>
    </p>
   </div>
   <div class='ocr_carea' id='block_1_35' title="bbox 2414 653 4015 724">
    <p class='ocr_par' dir='ltr' id='par_1_35' title="bbox 2414 653 4015 724">
     <span class='ocr_line' id='line_1_35' title="bbox 2414 653 4015 724; baseline -0.001 -16"><span class='ocrx_word' id='word_1_234' title='bbox 2414 668 2434 693; x_wconf 74' lang='grc' dir='ltr'><strong>ε</strong></span> <span class='ocrx_word' id='word_1_235' title='bbox 2467 667 2728 710; x_wconf 91' lang='lat' dir='ltr'><strong>venerunt</strong></span> <span class='ocrx_word' id='word_1_236' title='bbox 2755 656 3020 724; x_wconf 77' lang='lat' dir='ltr'><strong>Cantiam,</strong></span> <span class='ocrx_word' id='word_1_237' title='bbox 3045 655 3346 723; x_wconf 85' lang='lat' dir='ltr'><strong>gratissime</strong></span> <span class='ocrx_word' id='word_1_238' title='bbox 3365 663 3493 708; x_wconf 86' lang='lat' dir='ltr'><strong>sunt</strong></span> <span class='ocrx_word' id='word_1_239' title='bbox 3519 654 3799 721; x_wconf 87' lang='lat' dir='ltr'><strong>suscepti;</strong></span> <span class='ocrx_word' id='word_1_240' title='bbox 3836 653 4015 707; x_wconf 83' lang='lat' dir='ltr'><strong>Theo-</strong></span> 
     </span>
    </p>
   </div>
   <div class='ocr_carea' id='block_1_36' title="bbox 2410 743 4015 814">
    <p class='ocr_par' dir='ltr' id='par_1_36' title="bbox 2410 743 4015 814">
     <span class='ocr_line' id='line_1_36' title="bbox 2410 743 4015 814; baseline -0.004 -14"><span class='ocrx_word' id='word_1_241' title='bbox 2410 748 2572 800; x_wconf 88' lang='lat' dir='ltr'><strong>dorus</strong></span> <span class='ocrx_word' id='word_1_242' title='bbox 2629 746 2810 800; x_wconf 85' lang='lat' dir='ltr'><strong>sedem</strong></span> <span class='ocrx_word' id='word_1_243' title='bbox 2875 746 3214 814; x_wconf 62' lang='lat' dir='ltr'><strong>episcopatus</strong></span> <span class='ocrx_word' id='word_1_244' title='bbox 3268 743 3616 807; x_wconf 88' lang='lat' dir='ltr'><strong>conscendit;</strong></span> <span class='ocrx_word' id='word_1_245' title='bbox 3680 743 4015 796; x_wconf 82' lang='lat' dir='ltr'><strong>Benedictus</strong></span> 
     </span>
    </p>
   </div>
   <div class='ocr_carea' id='block_1_37' title="bbox 2413 833 4014 905">
    <p class='ocr_par' dir='ltr' id='par_1_37' title="bbox 2413 833 4014 905">
     <span class='ocr_line' id='line_1_37' title="bbox 2413 833 4014 905; baseline -0.002 -15"><span class='ocrx_word' id='word_1_246' title='bbox 2413 839 2646 905; x_wconf 87' lang='lat' dir='ltr'><strong>suscepit</strong></span> <span class='ocrx_word' id='word_1_247' title='bbox 2706 836 3088 890; x_wconf 88' lang='lat' dir='ltr'><strong>monasterium</strong></span> <span class='ocrx_word' id='word_1_248' title='bbox 3139 835 3276 888; x_wconf 90' lang='lat' dir='ltr'><strong>beati</strong></span> <span class='ocrx_word' id='word_1_249' title='bbox 3323 833 3464 888; x_wconf 84' lang='lat' dir='ltr'><strong>Petri</strong></span> <span class='ocrx_word' id='word_1_250' title='bbox 3514 835 3748 902; x_wconf 91' lang='lat' dir='ltr'><strong>apostoli</strong></span> <span class='ocrx_word' id='word_1_251' title='bbox 3800 834 3869 886; x_wconf 81' lang='lat' dir='ltr'><strong>ad</strong></span> <span class='ocrx_word' id='word_1_252' title='bbox 3927 848 4014 887; x_wconf 84' lang='lat' dir='ltr'><strong>re-</strong></span> 
     </span>
    </p>
   </div>
   <div class='ocr_carea' id='block_1_38' title="bbox 2411 923 4017 998">
    <p class='ocr_par' dir='ltr' id='par_1_38' title="bbox 2411 923 4017 998">
     <span class='ocr_line' id='line_1_38' title="bbox 2411 923 4017 998; baseline -0.001 -16"><span class='ocrx_word' id='word_1_253' title='bbox 2411 930 2674 998; x_wconf 75' lang='lat' dir='ltr'><strong>gendum;</strong></span> <span class='ocrx_word' id='word_1_254' title='bbox 2705 931 2858 996; x_wconf 84' lang='lat' dir='ltr'><strong>cujus</strong></span> <span class='ocrx_word' id='word_1_255' title='bbox 2907 938 3088 997; x_wconf 85' lang='lat' dir='ltr'><strong>postea</strong></span> <span class='ocrx_word' id='word_1_256' title='bbox 3120 927 3373 998; x_wconf 64' lang='lat' dir='ltr'><strong>praefatus</strong></span> <span class='ocrx_word' id='word_1_257' title='bbox 3399 925 3668 981; x_wconf 82' lang='lat' dir='ltr'><strong>Adrianus</strong></span> <span class='ocrx_word' id='word_1_258' title='bbox 3698 923 3888 981; x_wconf 88' lang='lat' dir='ltr'><strong>factus</strong></span> <span class='ocrx_word' id='word_1_259' title='bbox 3935 934 4017 980; x_wconf 81' lang='lat' dir='ltr'><strong>est</strong></span> 
     </span>
    </p>
   </div>
   <div class='ocr_carea' id='block_1_39' title="bbox 2414 1021 2597 1073">
    <p class='ocr_par' dir='ltr' id='par_1_39' title="bbox 2414 1021 2597 1073">
     <span class='ocr_line' id='line_1_39' title="bbox 2414 1021 2597 1073; baseline -0.011 -1"><span class='ocrx_word' id='word_1_260' title='bbox 2414 1021 2597 1073; x_wconf 85' lang='lat' dir='ltr'><strong>abbas.</strong></span> 
     </span>
    </p>
   </div>
   <div class='ocr_carea' id='block_1_40' title="bbox 2487 1101 4018 1176">
    <p class='ocr_par' dir='ltr' id='par_1_40' title="bbox 2487 1101 4018 1176">
     <span class='ocr_line' id='line_1_40' title="bbox 2487 1101 4018 1176; baseline 0 -15"><span class='ocrx_word' id='word_1_261' title='bbox 2487 1106 2635 1176; x_wconf 88' lang='lat' dir='ltr'><strong>Quod</strong></span> <span class='ocrx_word' id='word_1_262' title='bbox 2668 1106 2752 1161; x_wconf 91' lang='lat' dir='ltr'><strong>ubi</strong></span> <span class='ocrx_word' id='word_1_263' title='bbox 2784 1106 2992 1160; x_wconf 87' lang='lat' dir='ltr'><strong>duobus</strong></span> <span class='ocrx_word' id='word_1_264' title='bbox 3031 1107 3184 1160; x_wconf 88' lang='lat' dir='ltr'><strong>annis</strong></span> <span class='ocrx_word' id='word_1_265' title='bbox 3225 1107 3605 1161; x_wconf 82' lang='lat' dir='ltr'><strong>monasterium</strong></span> <span class='ocrx_word' id='word_1_266' title='bbox 3643 1106 3821 1172; x_wconf 80' lang='lat' dir='ltr'><strong>rexit,</strong></span> <span class='ocrx_word' id='word_1_267' title='bbox 3851 1101 3882 1142; x_wconf 74' lang='grc' dir='ltr'><strong>ιι</strong></span> <span class='ocrx_word' id='word_1_268' title='bbox 3908 1117 4018 1161; x_wconf 79' lang='lat' dir='ltr'><strong>ter-</strong></span> 
     </span>
    </p>
   </div>
   <div class='ocr_carea' id='block_1_41' title="bbox 2418 1195 4012 1265">
    <p class='ocr_par' dir='ltr' id='par_1_41' title="bbox 2418 1195 4012 1265">
     <span class='ocr_line' id='line_1_41' title="bbox 2418 1195 4012 1265; baseline -0.001 -14"><span class='ocrx_word' id='word_1_269' title='bbox 2418 1197 2547 1251; x_wconf 91' lang='lat' dir='ltr'><strong>tium</strong></span> <span class='ocrx_word' id='word_1_270' title='bbox 2576 1198 2642 1250; x_wconf 92' lang='lat' dir='ltr'><strong>de</strong></span> <span class='ocrx_word' id='word_1_271' title='bbox 2673 1196 2942 1250; x_wconf 87' lang='lat' dir='ltr'><strong>Britannia</strong></span> <span class='ocrx_word' id='word_1_272' title='bbox 2986 1195 3206 1250; x_wconf 80' lang='lat' dir='ltr'><strong>Romam</strong></span> <span class='ocrx_word' id='word_1_273' title='bbox 3251 1197 3354 1251; x_wconf 93' lang='lat' dir='ltr'><strong>iter</strong></span> <span class='ocrx_word' id='word_1_274' title='bbox 3378 1197 3640 1262; x_wconf 83' lang='lat' dir='ltr'><strong>arripiens</strong></span> <span class='ocrx_word' id='word_1_275' title='bbox 3685 1197 3849 1250; x_wconf 80' lang='lat' dir='ltr'><strong>solita</strong></span> <span class='ocrx_word' id='word_1_276' title='bbox 3887 1212 4012 1265; x_wconf 86' lang='lat' dir='ltr'><strong>pro-</strong></span> 
     </span>
    </p>
   </div>
   <div class='ocr_carea' id='block_1_42' title="bbox 2417 1287 4014 1358">
    <p class='ocr_par' dir='ltr' id='par_1_42' title="bbox 2417 1287 4014 1358">
     <span class='ocr_line' id='line_1_42' title="bbox 2417 1287 4014 1358; baseline -0.001 -16"><span class='ocrx_word' id='word_1_277' title='bbox 2417 1289 2672 1358; x_wconf 84' lang='lat' dir='ltr'><strong>speritate</strong></span> <span class='ocrx_word' id='word_1_278' title='bbox 2717 1287 3025 1356; x_wconf 66' lang='lat' dir='ltr'><strong>complevit,</strong></span> <span class='ocrx_word' id='word_1_279' title='bbox 3062 1289 3332 1355; x_wconf 89' lang='lat' dir='ltr'><strong>librosque</strong></span> <span class='ocrx_word' id='word_1_280' title='bbox 3361 1288 3536 1341; x_wconf 89' lang='lat' dir='ltr'><strong>omnis</strong></span> <span class='ocrx_word' id='word_1_281' title='bbox 3583 1287 3783 1341; x_wconf 76' lang='lat' dir='ltr'><strong>divina:</strong></span> <span class='ocrx_word' id='word_1_282' title='bbox 3833 1287 4014 1341; x_wconf 89' lang='lat' dir='ltr'><strong>erudi-</strong></span> 
     </span>
    </p>
   </div>
   <div class='ocr_carea' id='block_1_43' title="bbox 2421 1377 4013 1447">
    <p class='ocr_par' dir='ltr' id='par_1_43' title="bbox 2421 1377 4013 1447">
     <span class='ocr_line' id='line_1_43' title="bbox 2421 1377 4013 1447; baseline -0.002 -14"><span class='ocrx_word' id='word_1_283' title='bbox 2421 1377 2579 1433; x_wconf 87' lang='lat' dir='ltr'><strong>tionis</strong></span> <span class='ocrx_word' id='word_1_284' title='bbox 2628 1392 2732 1431; x_wconf 90' lang='lat' dir='ltr'><strong>non</strong></span> <span class='ocrx_word' id='word_1_285' title='bbox 2787 1392 2984 1446; x_wconf 90' lang='lat' dir='ltr'><strong>paucos</strong></span> <span class='ocrx_word' id='word_1_286' title='bbox 3039 1377 3124 1432; x_wconf 89' lang='lat' dir='ltr'><strong>vel</strong></span> <span class='ocrx_word' id='word_1_287' title='bbox 3174 1377 3366 1447; x_wconf 90' lang='lat' dir='ltr'><strong>placito</strong></span> <span class='ocrx_word' id='word_1_288' title='bbox 3412 1377 3582 1446; x_wconf 89' lang='lat' dir='ltr'><strong>pretio</strong></span> <span class='ocrx_word' id='word_1_289' title='bbox 3636 1389 3883 1446; x_wconf 88' lang='lat' dir='ltr'><strong>emptos,</strong></span> <span class='ocrx_word' id='word_1_290' title='bbox 3933 1380 4013 1432; x_wconf 82' lang='lat' dir='ltr'><strong>vel</strong></span> 
     </span>
    </p>
   </div>
   <div class='ocr_carea' id='block_1_44' title="bbox 2419 1469 4015 1539">
    <p class='ocr_par' dir='ltr' id='par_1_44' title="bbox 2419 1469 4015 1539">
     <span class='ocr_line' id='line_1_44' title="bbox 2419 1469 4015 1539; baseline 0 -15"><span class='ocrx_word' id='word_1_291' title='bbox 2419 1472 2710 1524; x_wconf 88' lang='lat' dir='ltr'><strong>amicorum</strong></span> <span class='ocrx_word' id='word_1_292' title='bbox 2742 1471 2886 1525; x_wconf 90' lang='lat' dir='ltr'><strong>dono</strong></span> <span class='ocrx_word' id='word_1_293' title='bbox 2936 1470 3153 1539; x_wconf 88' lang='lat' dir='ltr'><strong>largitos</strong></span> <span class='ocrx_word' id='word_1_294' title='bbox 3195 1471 3392 1524; x_wconf 90' lang='lat' dir='ltr'><strong>retulit.</strong></span> <span class='ocrx_word' id='word_1_295' title='bbox 3419 1469 3648 1525; x_wconf 80' lang='lat' dir='ltr'><strong>Rediens</strong></span> <span class='ocrx_word' id='word_1_296' title='bbox 3679 1480 3896 1533; x_wconf 87' lang='lat' dir='ltr'><strong>autem,</strong></span> <span class='ocrx_word' id='word_1_297' title='bbox 3927 1471 4015 1524; x_wconf 84' lang='lat' dir='ltr'><strong>ubi</strong></span> 
     </span>
    </p>
   </div>
   <div class='ocr_carea' id='block_1_45' title="bbox 2422 1560 4015 1632">
    <p class='ocr_par' dir='ltr' id='par_1_45' title="bbox 2422 1560 4015 1632">
     <span class='ocr_line' id='line_1_45' title="bbox 2422 1560 4015 1632; baseline 0 -18"><span class='ocrx_word' id='word_1_298' title='bbox 2422 1561 2679 1615; x_wconf 81' lang='lat' dir='ltr'><strong>Viennam</strong></span> <span class='ocrx_word' id='word_1_299' title='bbox 2713 1565 2974 1629; x_wconf 79' lang='lat' dir='ltr'><strong>pervenit,</strong></span> <span class='ocrx_word' id='word_1_300' title='bbox 3011 1561 3283 1628; x_wconf 85' lang='lat' dir='ltr'><strong>emptitios</strong></span> <span class='ocrx_word' id='word_1_301' title='bbox 3313 1560 3334 1591; x_wconf 81' lang='lat'><strong>‘</strong></span> <span class='ocrx_word' id='word_1_302' title='bbox 3363 1562 3435 1616; x_wconf 88' lang='lat' dir='ltr'><strong>ibi</strong></span> <span class='ocrx_word' id='word_1_303' title='bbox 3479 1577 3611 1632; x_wconf 88' lang='lat' dir='ltr'><strong>quos</strong></span> <span class='ocrx_word' id='word_1_304' title='bbox 3639 1561 3780 1629; x_wconf 89' lang='lat' dir='ltr'><strong>apud</strong></span> <span class='ocrx_word' id='word_1_305' title='bbox 3810 1563 4015 1616; x_wconf 79' lang='lat' dir='ltr'><strong>amicos</strong></span> 
     </span>
    </p>
   </div>
   <div class='ocr_carea' id='block_1_46' title="bbox 2421 1651 4007 1721">
    <p class='ocr_par' dir='ltr' id='par_1_46' title="bbox 2421 1651 4007 1721">
     <span class='ocr_line' id='line_1_46' title="bbox 2421 1651 4007 1721; baseline -0.001 -16"><span class='ocrx_word' id='word_1_306' title='bbox 2421 1651 2912 1713; x_wconf 86' lang='lat' dir='ltr'><strong>commendaverat,</strong></span> <span class='ocrx_word' id='word_1_307' title='bbox 2947 1653 3167 1721; x_wconf 76' lang='lat' dir='ltr'><strong>recepit.</strong></span> <span class='ocrx_word' id='word_1_308' title='bbox 3200 1655 3269 1705; x_wconf 84' lang='lat' dir='ltr'><strong>At</strong></span> <span class='ocrx_word' id='word_1_309' title='bbox 3299 1661 3322 1688; x_wconf 77' lang='grc' dir='ltr'><strong>ο</strong></span> <span class='ocrx_word' id='word_1_310' title='bbox 3356 1653 3623 1721; x_wconf 90' lang='lat' dir='ltr'><strong>ingressus</strong></span> <span class='ocrx_word' id='word_1_311' title='bbox 3654 1651 4007 1712; x_wconf 87' lang='lat' dir='ltr'><strong>Britanniam,</strong></span> 
     </span>
    </p>
   </div>
   <div class='ocr_carea' id='block_1_47' title="bbox 2424 1740 4007 1809">
    <p class='ocr_par' dir='ltr' id='par_1_47' title="bbox 2424 1740 4007 1809">
     <span class='ocr_line' id='line_1_47' title="bbox 2424 1740 4007 1809; baseline -0.001 -15"><span class='ocrx_word' id='word_1_312' title='bbox 2424 1740 2486 1794; x_wconf 89' lang='lat' dir='ltr'><strong>ad</strong></span> <span class='ocrx_word' id='word_1_313' title='bbox 2518 1756 2697 1809; x_wconf 84' lang='lat' dir='ltr'><strong>regem</strong></span> <span class='ocrx_word' id='word_1_314' title='bbox 2727 1741 3149 1796; x_wconf 88' lang='lat' dir='ltr'><strong>Occidentalium</strong></span> <span class='ocrx_word' id='word_1_315' title='bbox 3175 1741 3441 1796; x_wconf 73' lang='lat' dir='ltr'><strong>Saxonum</strong></span> <span class='ocrx_word' id='word_1_316' title='bbox 3469 1742 3683 1796; x_wconf 90' lang='lat' dir='ltr'><strong>nomine</strong></span> <span class='ocrx_word' id='word_1_317' title='bbox 3711 1742 4007 1795; x_wconf 79' lang='lat' dir='ltr'><strong>Coinvalch</strong></span> 
     </span>
    </p>
   </div>
   <div class='ocr_carea' id='block_1_48' title="bbox 2424 1831 4010 1900">
    <p class='ocr_par' dir='ltr' id='par_1_48' title="bbox 2424 1831 4010 1900">
     <span class='ocr_line' id='line_1_48' title="bbox 2424 1831 4010 1900; baseline -0.001 -16"><span class='ocrx_word' id='word_1_318' title='bbox 2424 1832 2805 1885; x_wconf 87' lang='lat' dir='ltr'><strong>conferendum</strong></span> <span class='ocrx_word' id='word_1_319' title='bbox 2837 1831 3064 1899; x_wconf 88' lang='lat' dir='ltr'><strong>putavit,</strong></span> <span class='ocrx_word' id='word_1_320' title='bbox 3107 1831 3258 1900; x_wconf 84' lang='lat' dir='ltr'><strong>cujus</strong></span> <span class='ocrx_word' id='word_1_321' title='bbox 3287 1844 3341 1885; x_wconf 92' lang='lat' dir='ltr'><strong>et</strong></span> <span class='ocrx_word' id='word_1_322' title='bbox 3377 1842 3500 1886; x_wconf 87' lang='lat' dir='ltr'><strong>ante</strong></span> <span class='ocrx_word' id='word_1_323' title='bbox 3529 1847 3632 1886; x_wconf 89' lang='lat' dir='ltr'><strong>non</strong></span> <span class='ocrx_word' id='word_1_324' title='bbox 3663 1833 3837 1887; x_wconf 88' lang='lat' dir='ltr'><strong>semel</strong></span> <span class='ocrx_word' id='word_1_325' title='bbox 3881 1833 4010 1885; x_wconf 84' lang='lat' dir='ltr'><strong>auii-</strong></span> 
     </span>
    </p>
   </div>
   <div class='ocr_carea' id='block_1_49' title="bbox 2428 1923 4010 1994">
    <p class='ocr_par' dir='ltr' id='par_1_49' title="bbox 2428 1923 4010 1994">
     <span class='ocr_line' id='line_1_49' title="bbox 2428 1923 4010 1994; baseline -0.001 -16"><span class='ocrx_word' id='word_1_326' title='bbox 2428 1923 2568 1978; x_wconf 91' lang='lat' dir='ltr'><strong>citiis</strong></span> <span class='ocrx_word' id='word_1_327' title='bbox 2592 1940 2736 1990; x_wconf 89' lang='lat' dir='ltr'><strong>usus,</strong></span> <span class='ocrx_word' id='word_1_328' title='bbox 2769 1935 2824 1979; x_wconf 89' lang='lat' dir='ltr'><strong>et</strong></span> <span class='ocrx_word' id='word_1_329' title='bbox 2851 1925 3121 1979; x_wconf 77' lang='lat' dir='ltr'><strong>beneﬁciis</strong></span> <span class='ocrx_word' id='word_1_330' title='bbox 3147 1936 3260 1978; x_wconf 89' lang='lat' dir='ltr'><strong>erat</strong></span> <span class='ocrx_word' id='word_1_331' title='bbox 3281 1924 3515 1994; x_wconf 87' lang='lat' dir='ltr'><strong>adjutus.</strong></span> <span class='ocrx_word' id='word_1_332' title='bbox 3541 1924 3646 1979; x_wconf 89' lang='lat' dir='ltr'><strong>Sed</strong></span> <span class='ocrx_word' id='word_1_333' title='bbox 3675 1926 3795 1994; x_wconf 88' lang='lat' dir='ltr'><strong>ipso</strong></span> <span class='ocrx_word' id='word_1_334' title='bbox 3821 1925 4010 1979; x_wconf 75' lang='lat' dir='ltr'><strong>eodem</strong></span> 
     </span>
    </p>
   </div>
   <div class='ocr_carea' id='block_1_50' title="bbox 2428 2016 4009 2085">
    <p class='ocr_par' dir='ltr' id='par_1_50' title="bbox 2428 2016 4009 2085">
     <span class='ocr_line' id='line_1_50' title="bbox 2428 2016 4009 2085; baseline 0 -17"><span class='ocrx_word' id='word_1_335' title='bbox 2428 2023 2671 2084; x_wconf 90' lang='lat' dir='ltr'><strong>tempore</strong></span> <span class='ocrx_word' id='word_1_336' title='bbox 2714 2018 2994 2070; x_wconf 88' lang='lat' dir='ltr'><strong>immatura</strong></span> <span class='ocrx_word' id='word_1_337' title='bbox 3027 2031 3198 2071; x_wconf 81' lang='lat' dir='ltr'><strong>morte</strong></span> <span class='ocrx_word' id='word_1_338' title='bbox 3241 2026 3523 2085; x_wconf 67' lang='lat' dir='ltr'><strong>praerepto,</strong></span> <span class='ocrx_word' id='word_1_339' title='bbox 3553 2016 3768 2070; x_wconf 88' lang='lat' dir='ltr'><strong>tandem</strong></span> <span class='ocrx_word' id='word_1_340' title='bbox 3805 2016 3876 2069; x_wconf 89' lang='lat' dir='ltr'><strong>ad</strong></span> <span class='ocrx_word' id='word_1_341' title='bbox 3919 2033 4009 2084; x_wconf 78' lang='lat' dir='ltr'><strong>pa-</strong></span> 
     </span>
    </p>
   </div>
   <div class='ocr_carea' id='block_1_51' title="bbox 2431 2108 4012 2178">
    <p class='ocr_par' dir='ltr' id='par_1_51' title="bbox 2431 2108 4012 2178">
     <span class='ocr_line' id='line_1_51' title="bbox 2431 2108 4012 2178; baseline -0.001 -17"><span class='ocrx_word' id='word_1_342' title='bbox 2431 2111 2605 2174; x_wconf 87' lang='lat' dir='ltr'><strong>triam,</strong></span> <span class='ocrx_word' id='word_1_343' title='bbox 2657 2119 2868 2178; x_wconf 86' lang='lat' dir='ltr'><strong>gentem</strong></span> <span class='ocrx_word' id='word_1_344' title='bbox 2921 2108 3200 2177; x_wconf 86' lang='lat' dir='ltr'><strong>solumque</strong></span> <span class='ocrx_word' id='word_1_345' title='bbox 3251 2111 3433 2176; x_wconf 90' lang='lat' dir='ltr'><strong>inquo</strong></span> <span class='ocrx_word' id='word_1_346' title='bbox 3485 2122 3636 2162; x_wconf 88' lang='lat' dir='ltr'><strong>natus</strong></span> <span class='ocrx_word' id='word_1_347' title='bbox 3686 2119 3773 2163; x_wconf 75' lang='lat' dir='ltr'><strong>est</strong></span> <span class='ocrx_word' id='word_1_348' title='bbox 3822 2113 4012 2177; x_wconf 81' lang='lat' dir='ltr'><strong>pedem</strong></span> 
     </span>
    </p>
   </div>
   <div class='ocr_carea' id='block_1_52' title="bbox 2426 2199 4014 2270">
    <p class='ocr_par' dir='ltr' id='par_1_52' title="bbox 2426 2199 4014 2270">
     <span class='ocr_line' id='line_1_52' title="bbox 2426 2199 4014 2270; baseline 0 -20"><span class='ocrx_word' id='word_1_349' title='bbox 2426 2208 2778 2265; x_wconf 88' lang='lat' dir='ltr'><strong>convertens,</strong></span> <span class='ocrx_word' id='word_1_350' title='bbox 2863 2200 3159 2268; x_wconf 66' lang='lat' dir='ltr'><strong>Izcglridutn</strong></span> <span class='ocrx_word' id='word_1_351' title='bbox 3227 2199 3707 2254; x_wconf 76' lang='lat' dir='ltr'><strong>Transhtnnbrana:</strong></span> <span class='ocrx_word' id='word_1_352' title='bbox 3781 2203 4014 2270; x_wconf 75' lang='lat' dir='ltr'><strong>regionis</strong></span> 
     </span>
    </p>
   </div>
   <div class='ocr_carea' id='block_1_53' title="bbox 2428 2289 4014 2360">
    <p class='ocr_par' dir='ltr' id='par_1_53' title="bbox 2428 2289 4014 2360">
     <span class='ocr_line' id='line_1_53' title="bbox 2428 2289 4014 2360; baseline 0.003 -20"><span class='ocrx_word' id='word_1_353' title='bbox 2428 2303 2607 2355; x_wconf 75' lang='lat' dir='ltr'><strong>regem</strong></span> <span class='ocrx_word' id='word_1_354' title='bbox 2634 2289 2799 2354; x_wconf 86' lang='lat' dir='ltr'><strong>adiit;</strong></span> <span class='ocrx_word' id='word_1_355' title='bbox 2830 2300 3018 2344; x_wconf 87' lang='lat' dir='ltr'><strong>cuncta</strong></span> <span class='ocrx_word' id='word_1_356' title='bbox 3047 2306 3164 2357; x_wconf 76' lang='lat' dir='ltr'><strong>qua:</strong></span> <span class='ocrx_word' id='word_1_357' title='bbox 3184 2291 3380 2358; x_wconf 86' lang='lat' dir='ltr'><strong>egisset</strong></span> <span class='ocrx_word' id='word_1_358' title='bbox 3407 2305 3471 2345; x_wconf 82' lang='lat' dir='ltr'><strong>ex</strong></span> <span class='ocrx_word' id='word_1_359' title='bbox 3497 2305 3600 2360; x_wconf 88' lang='lat' dir='ltr'><strong>quo</strong></span> <span class='ocrx_word' id='word_1_360' title='bbox 3628 2291 3858 2358; x_wconf 86' lang='lat' dir='ltr'><strong>patriam</strong></span> <span class='ocrx_word' id='word_1_361' title='bbox 3888 2291 4014 2345; x_wconf 86' lang='lat' dir='ltr'><strong>ado—</strong></span> 
     </span>
    </p>
   </div>
   <div class='ocr_carea' id='block_1_54' title="bbox 2429 2382 4015 2454">
    <p class='ocr_par' dir='ltr' id='par_1_54' title="bbox 2429 2382 4015 2454">
     <span class='ocr_line' id='line_1_54' title="bbox 2429 2382 4015 2454; baseline -0.001 -19"><span class='ocrx_word' id='word_1_362' title='bbox 2429 2382 2634 2437; x_wconf 81' lang='lat' dir='ltr'><strong>lescens</strong></span> <span class='ocrx_word' id='word_1_363' title='bbox 2665 2382 2902 2437; x_wconf 89' lang='lat' dir='ltr'><strong>deseruit</strong></span> <span class='ocrx_word' id='word_1_364' title='bbox 2947 2385 3252 2452; x_wconf 75' lang='lat' dir='ltr'><strong>replicavit;</strong></span> <span class='ocrx_word' id='word_1_365' title='bbox 3300 2399 3406 2453; x_wconf 93' lang='lat' dir='ltr'><strong>quo</strong></span> <span class='ocrx_word' id='word_1_366' title='bbox 3432 2385 3702 2454; x_wconf 79' lang='lat' dir='ltr'><strong>religionis</strong></span> <span class='ocrx_word' id='word_1_367' title='bbox 3745 2384 4015 2437; x_wconf 83' lang='lat' dir='ltr'><strong>desiderio</strong></span> 
     </span>
    </p>
   </div>
   <div class='ocr_carea' id='block_1_55' title="bbox 2427 2475 4015 2543">
    <p class='ocr_par' dir='ltr' id='par_1_55' title="bbox 2427 2475 4015 2543">
     <span class='ocr_line' id='line_1_55' title="bbox 2427 2475 4015 2543; baseline 0 -18"><span class='ocrx_word' id='word_1_368' title='bbox 2427 2475 2661 2539; x_wconf 88' lang='lat' dir='ltr'><strong>arderet,</strong></span> <span class='ocrx_word' id='word_1_369' title='bbox 2691 2490 2794 2527; x_wconf 91' lang='lat' dir='ltr'><strong>non</strong></span> <span class='ocrx_word' id='word_1_370' title='bbox 2824 2476 3046 2540; x_wconf 86' lang='lat' dir='ltr'><strong>celavit;</strong></span> <span class='ocrx_word' id='word_1_371' title='bbox 3075 2476 3200 2543; x_wconf 89' lang='lat' dir='ltr'><strong>quid</strong></span> <span class='ocrx_word' id='word_1_372' title='bbox 3247 2476 3643 2542; x_wconf 61' lang='lat' dir='ltr'><strong>ecclesiasticw,</strong></span> <span class='ocrx_word' id='word_1_373' title='bbox 3671 2475 3800 2543; x_wconf 90' lang='lat' dir='ltr'><strong>quid</strong></span> <span class='ocrx_word' id='word_1_374' title='bbox 3828 2491 4015 2528; x_wconf 74' lang='lat' dir='ltr'><strong>mona-</strong></span> 
     </span>
    </p>
   </div>
   <div class='ocr_carea' id='block_1_56' title="bbox 2428 2563 4012 2635">
    <p class='ocr_par' dir='ltr' id='par_1_56' title="bbox 2428 2563 4012 2635">
     <span class='ocr_line' id='line_1_56' title="bbox 2428 2563 4012 2635; baseline -0.001 -17"><span class='ocrx_word' id='word_1_375' title='bbox 2428 2563 2594 2618; x_wconf 73' lang='lat' dir='ltr'><strong>chica:</strong></span> <span class='ocrx_word' id='word_1_376' title='bbox 2617 2565 2962 2620; x_wconf 89' lang='lat' dir='ltr'><strong>institutionis</strong></span> <span class='ocrx_word' id='word_1_377' title='bbox 2987 2566 3167 2619; x_wconf 72' lang='lat' dir='ltr'><strong>Romae</strong></span> <span class='ocrx_word' id='word_1_378' title='bbox 3189 2566 3267 2620; x_wconf 87' lang='lat' dir='ltr'><strong>vel</strong></span> <span class='ocrx_word' id='word_1_379' title='bbox 3290 2567 3698 2635; x_wconf 84' lang='lat' dir='ltr'><strong>circumquaque</strong></span> <span class='ocrx_word' id='word_1_380' title='bbox 3715 2565 4012 2630; x_wconf 86' lang='lat' dir='ltr'><strong>didicisset,</strong></span> 
     </span>
    </p>
   </div>
   <div class='ocr_carea' id='block_1_57' title="bbox 2429 2658 4013 2729">
    <p class='ocr_par' dir='ltr' id='par_1_57' title="bbox 2429 2658 4013 2729">
     <span class='ocr_line' id='line_1_57' title="bbox 2429 2658 4013 2729; baseline 0.003 -22"><span class='ocrx_word' id='word_1_381' title='bbox 2429 2668 2560 2726; x_wconf 90' lang='lat' dir='ltr'><strong>quot</strong></span> <span class='ocrx_word' id='word_1_382' title='bbox 2583 2658 2759 2712; x_wconf 80' lang='lat' dir='ltr'><strong>divina</strong></span> <span class='ocrx_word' id='word_1_383' title='bbox 2792 2661 3080 2721; x_wconf 86' lang='lat' dir='ltr'><strong>volumina,</strong></span> <span class='ocrx_word' id='word_1_384' title='bbox 3104 2670 3326 2729; x_wconf 88' lang='lat' dir='ltr'><strong>quantas</strong></span> <span class='ocrx_word' id='word_1_385' title='bbox 3353 2660 3621 2714; x_wconf 84' lang='lat' dir='ltr'><strong>beatorum</strong></span> <span class='ocrx_word' id='word_1_386' title='bbox 3645 2661 4013 2728; x_wconf 83' lang='lat' dir='ltr'><strong>apostolorum</strong></span> 
     </span>
    </p>
   </div>
   <div class='ocr_carea' id='block_1_58' title="bbox 2429 2749 4012 2820">
    <p class='ocr_par' dir='ltr' id='par_1_58' title="bbox 2429 2749 4012 2820">
     <span class='ocr_line' id='line_1_58' title="bbox 2429 2749 4012 2820; baseline 0.002 -18"><span class='ocrx_word' id='word_1_387' title='bbox 2429 2749 2540 2803; x_wconf 78' lang='lat' dir='ltr'><strong>sive</strong></span> <span class='ocrx_word' id='word_1_388' title='bbox 2562 2759 2856 2820; x_wconf 63' lang='lat' dir='ltr'><strong>martyrum</strong></span> <span class='ocrx_word' id='word_1_389' title='bbox 2881 2751 3073 2804; x_wconf 78' lang='lat' dir='ltr'><strong>Chriin</strong></span> <span class='ocrx_word' id='word_1_390' title='bbox 3106 2752 3355 2818; x_wconf 89' lang='lat' dir='ltr'><strong>reliquias</strong></span> <span class='ocrx_word' id='word_1_391' title='bbox 3379 2751 3398 2781; x_wconf 79' lang='grc'><strong>⁷</strong></span> <span class='ocrx_word' id='word_1_392' title='bbox 3425 2752 3706 2816; x_wconf 86' lang='lat' dir='ltr'><strong>attulisset,</strong></span> <span class='ocrx_word' id='word_1_393' title='bbox 3733 2752 4012 2820; x_wconf 67' lang='lat' dir='ltr'><strong>patefecit;</strong></span> 
     </span>
    </p>
   </div>
   <div class='ocr_carea' id='block_1_59' title="bbox 2431 2842 4012 2914">
    <p class='ocr_par' dir='ltr' id='par_1_59' title="bbox 2431 2842 4012 2914">
     <span class='ocr_line' id='line_1_59' title="bbox 2431 2842 4012 2914; baseline -0.001 -19"><span class='ocrx_word' id='word_1_394' title='bbox 2431 2850 2740 2912; x_wconf 66' lang='lat' dir='ltr'><strong>tantamque</strong></span> <span class='ocrx_word' id='word_1_395' title='bbox 2757 2842 2897 2912; x_wconf 92' lang='lat' dir='ltr'><strong>apud</strong></span> <span class='ocrx_word' id='word_1_396' title='bbox 2920 2858 3096 2913; x_wconf 86' lang='lat' dir='ltr'><strong>regem</strong></span> <span class='ocrx_word' id='word_1_397' title='bbox 3120 2843 3345 2914; x_wconf 75' lang='lat' dir='ltr'><strong>gratiam</strong></span> <span class='ocrx_word' id='word_1_398' title='bbox 3377 2843 3746 2897; x_wconf 87' lang='lat' dir='ltr'><strong>familiaritatis</strong></span> <span class='ocrx_word' id='word_1_399' title='bbox 3769 2845 4012 2905; x_wconf 87' lang='lat' dir='ltr'><strong>invenit,</strong></span> 
     </span>
    </p>
   </div>
   <div class='ocr_carea' id='block_1_60' title="bbox 2431 2939 4015 3010">
    <p class='ocr_par' dir='ltr' id='par_1_60' title="bbox 2431 2939 4015 3010">
     <span class='ocr_line' id='line_1_60' title="bbox 2431 2939 4015 3010; baseline -0.002 -17"><span class='ocrx_word' id='word_1_400' title='bbox 2431 2949 2486 2994; x_wconf 91' lang='lat' dir='ltr'><strong>ut</strong></span> <span class='ocrx_word' id='word_1_401' title='bbox 2515 2942 2797 2995; x_wconf 83' lang='lat' dir='ltr'><strong>confestim</strong></span> <span class='ocrx_word' id='word_1_402' title='bbox 2823 2939 2869 2996; x_wconf 88' lang='lat' dir='ltr'><strong>ei</strong></span> <span class='ocrx_word' id='word_1_403' title='bbox 2895 2949 3090 2995; x_wconf 89' lang='lat' dir='ltr'><strong>terram</strong></span> <span class='ocrx_word' id='word_1_404' title='bbox 3119 2941 3447 3010; x_wconf 81' lang='lat' dir='ltr'><strong>septuaginta</strong></span> <span class='ocrx_word' id='word_1_405' title='bbox 3476 2941 3795 2994; x_wconf 88' lang='lat' dir='ltr'><strong>familiarum</strong></span> <span class='ocrx_word' id='word_1_406' title='bbox 3828 2940 3896 2992; x_wconf 89' lang='lat' dir='ltr'><strong>de</strong></span> <span class='ocrx_word' id='word_1_407' title='bbox 3919 2953 4015 2991; x_wconf 87' lang='lat' dir='ltr'><strong>suo</strong></span> 
     </span>
    </p>
   </div>
   <div class='ocr_carea' id='block_1_61' title="bbox 2432 3029 4015 3100">
    <p class='ocr_par' dir='ltr' id='par_1_61' title="bbox 2432 3029 4015 3100">
     <span class='ocr_line' id='line_1_61' title="bbox 2432 3029 4015 3100; baseline -0.002 -15"><span class='ocrx_word' id='word_1_408' title='bbox 2432 3033 2672 3100; x_wconf 76' lang='lat' dir='ltr'><strong>largitus,</strong></span> <span class='ocrx_word' id='word_1_409' title='bbox 2725 3033 3102 3085; x_wconf 86' lang='lat' dir='ltr'><strong>monasterium</strong></span> <span class='ocrx_word' id='word_1_410' title='bbox 3145 3033 3268 3084; x_wconf 89' lang='lat' dir='ltr'><strong>inibi</strong></span> <span class='ocrx_word' id='word_1_411' title='bbox 3305 3034 3475 3099; x_wconf 88' lang='lat' dir='ltr'><strong>primo</strong></span> <span class='ocrx_word' id='word_1_412' title='bbox 3516 3030 3712 3099; x_wconf 89' lang='lat' dir='ltr'><strong>pastori</strong></span> <span class='ocrx_word' id='word_1_413' title='bbox 3757 3029 4015 3084; x_wconf 70' lang='lat' dir='ltr'><strong>Ecclesia:</strong></span> 
     </span>
    </p>
   </div>
   <div class='ocr_carea' id='block_1_62' title="bbox 2432 3121 4013 3193">
    <p class='ocr_par' dir='ltr' id='par_1_62' title="bbox 2432 3121 4013 3193">
     <span class='ocr_line' id='line_1_62' title="bbox 2432 3121 4013 3193; baseline 0.003 -19"><span class='ocrx_word' id='word_1_414' title='bbox 2432 3121 2606 3178; x_wconf 89' lang='lat' dir='ltr'><strong>facere</strong></span> <span class='ocrx_word' id='word_1_415' title='bbox 2629 3124 2959 3193; x_wconf 67' lang='lat' dir='ltr'><strong>praeciperet.</strong></span> <span class='ocrx_word' id='word_1_416' title='bbox 2989 3124 3139 3190; x_wconf 82' lang='lat' dir='ltr'><strong>Quod</strong></span> <span class='ocrx_word' id='word_1_417' title='bbox 3163 3125 3356 3178; x_wconf 73' lang='lat' dir='ltr'><strong>factum</strong></span> <span class='ocrx_word' id='word_1_418' title='bbox 3380 3133 3480 3190; x_wconf 80' lang='lat' dir='ltr'><strong>cst,</strong></span> <span class='ocrx_word' id='word_1_419' title='bbox 3511 3126 3643 3179; x_wconf 88' lang='lat' dir='ltr'><strong>sicut</strong></span> <span class='ocrx_word' id='word_1_420' title='bbox 3670 3124 3799 3178; x_wconf 84' lang='lat' dir='ltr'><strong>etin</strong></span> <span class='ocrx_word' id='word_1_421' title='bbox 3832 3139 4013 3192; x_wconf 75' lang='lat' dir='ltr'><strong>prote-</strong></span> 
     </span>
    </p>
   </div>
   <div class='ocr_carea' id='block_1_63' title="bbox 743 3220 4015 3308">
    <p class='ocr_par' dir='ltr' id='par_1_63' title="bbox 743 3220 4015 3308">
     <span class='ocr_line' id='line_1_63' title="bbox 743 3220 4015 3308; baseline -0.006 -16"><span class='ocrx_word' id='word_1_422' title='bbox 743 3247 796 3292; x_wconf 87' lang='lat' dir='ltr'><strong>et</strong></span> <span class='ocrx_word' id='word_1_423' title='bbox 820 3237 1178 3308; x_wconf 72' lang='lat' dir='ltr'><strong>ecclesiastica</strong></span> <span class='ocrx_word' id='word_1_424' title='bbox 1213 3237 1548 3306; x_wconf 72' lang='grc' dir='ltr'>ριιὶιοεσιριιίιι</span> <span class='ocrx_word' id='word_1_425' title='bbox 1597 3237 1879 3306; x_wconf 73' lang='lat' dir='ltr'><strong>przeditum</strong></span> <span class='ocrx_word' id='word_1_426' title='bbox 1921 3237 2113 3301; x_wconf 89' lang='lat' dir='ltr'><strong>virum,</strong></span> <span class='ocrx_word' id='word_1_427' title='bbox 2144 3249 2196 3289; x_wconf 87' lang='lat' dir='ltr'><strong>et</strong></span> <span class='ocrx_word' id='word_1_428' title='bbox 2227 3238 2327 3290; x_wconf 88' lang='lat' dir='ltr'><strong>hoc</strong></span> <span class='ocrx_word' id='word_1_429' title='bbox 2357 3220 2402 3282; x_wconf 87' lang='lat' dir='ltr'><strong><em>C</em></strong></span> <span class='ocrx_word' id='word_1_430' title='bbox 2434 3224 2543 3277; x_wconf 89' lang='lat' dir='ltr'><strong>mio</strong></span> <span class='ocrx_word' id='word_1_431' title='bbox 2571 3223 2808 3290; x_wconf 91' lang='lat' dir='ltr'><strong>memini,</strong></span> <span class='ocrx_word' id='word_1_432' title='bbox 2859 3225 2924 3276; x_wconf 90' lang='lat' dir='ltr'><strong>ad</strong></span> <span class='ocrx_word' id='word_1_433' title='bbox 2955 3225 3149 3278; x_wconf 88' lang='lat' dir='ltr'><strong>ostium</strong></span> <span class='ocrx_word' id='word_1_434' title='bbox 3181 3225 3411 3277; x_wconf 82' lang='lat' dir='ltr'><strong>fluminis</strong></span> <span class='ocrx_word' id='word_1_435' title='bbox 3443 3224 3550 3278; x_wconf 85' lang='lat' dir='ltr'><strong>Viri</strong></span> <span class='ocrx_word' id='word_1_436' title='bbox 3581 3226 3646 3279; x_wconf 89' lang='lat' dir='ltr'><strong>ad</strong></span> <span class='ocrx_word' id='word_1_437' title='bbox 3675 3227 4015 3294; x_wconf 75' lang='lat' dir='ltr'><strong>Aquilonem,</strong></span> 
     </span>
    </p>
   </div>
   <div class='ocr_carea' id='block_1_64' title="bbox 744 3329 2331 3400">
    <p class='ocr_par' dir='ltr' id='par_1_64' title="bbox 744 3329 2331 3400">
     <span class='ocr_line' id='line_1_64' title="bbox 744 3329 2331 3400; baseline -0.002 -14"><span class='ocrx_word' id='word_1_438' title='bbox 744 3332 798 3386; x_wconf 86' lang='lat' dir='ltr'><strong>iu</strong></span> <span class='ocrx_word' id='word_1_439' title='bbox 845 3338 1068 3400; x_wconf 88' lang='lat' dir='ltr'><strong>utraque</strong></span> <span class='ocrx_word' id='word_1_440' title='bbox 1099 3330 1297 3400; x_wconf 87' lang='lat' dir='ltr'><strong>lingua,</strong></span> <span class='ocrx_word' id='word_1_441' title='bbox 1334 3329 1514 3385; x_wconf 74' lang='lat' dir='ltr'><strong>Crteca</strong></span> <span class='ocrx_word' id='word_1_442' title='bbox 1566 3332 1792 3400; x_wconf 91' lang='lat' dir='ltr'><strong>scilicet,</strong></span> <span class='ocrx_word' id='word_1_443' title='bbox 1843 3341 1899 3386; x_wconf 91' lang='lat' dir='ltr'><strong>et</strong></span> <span class='ocrx_word' id='word_1_444' title='bbox 1949 3332 2157 3393; x_wconf 85' lang='lat' dir='ltr'><strong>Latina,</strong></span> <span class='ocrx_word' id='word_1_445' title='bbox 2207 3333 2331 3384; x_wconf 91' lang='lat' dir='ltr'><strong>dato</strong></span> 
     </span>
    </p>
   </div>
   <div class='ocr_carea' id='block_1_65' title="bbox 743 3422 2331 3492">
    <p class='ocr_par' dir='ltr' id='par_1_65' title="bbox 743 3422 2331 3492">
     <span class='ocr_line' id='line_1_65' title="bbox 743 3422 2331 3492; baseline 0.001 -17"><span class='ocrx_word' id='word_1_446' title='bbox 743 3422 792 3475; x_wconf 91' lang='lat' dir='ltr'><strong>ei</strong></span> <span class='ocrx_word' id='word_1_447' title='bbox 829 3422 1033 3492; x_wconf 91' lang='lat' dir='ltr'><strong>collega</strong></span> <span class='ocrx_word' id='word_1_448' title='bbox 1073 3433 1126 3478; x_wconf 91' lang='lat' dir='ltr'><strong>et</strong></span> <span class='ocrx_word' id='word_1_449' title='bbox 1157 3424 1500 3477; x_wconf 89' lang='lat' dir='ltr'><strong>consiliature</strong></span> <span class='ocrx_word' id='word_1_450' title='bbox 1532 3424 1643 3478; x_wconf 93' lang='lat' dir='ltr'><strong>viro</strong></span> <span class='ocrx_word' id='word_1_451' title='bbox 1685 3438 1838 3492; x_wconf 70' lang='lat' dir='ltr'><strong>teque</strong></span> <span class='ocrx_word' id='word_1_452' title='bbox 1866 3424 2239 3478; x_wconf 83' lang='lat' dir='ltr'><strong>strenuissimo</strong></span> <span class='ocrx_word' id='word_1_453' title='bbox 2269 3438 2331 3476; x_wconf 89' lang='lat' dir='ltr'><strong>ac</strong></span> 
     </span>
    </p>
   </div>
   <div class='ocr_carea' id='block_1_66' title="bbox 743 3511 2330 3582">
    <p class='ocr_par' dir='ltr' id='par_1_66' title="bbox 743 3511 2330 3582">
     <span class='ocr_line' id='line_1_66' title="bbox 743 3511 2330 3582; baseline 0.002 -20"><span class='ocrx_word' id='word_1_454' title='bbox 743 3511 1158 3579; x_wconf 87' lang='lat' dir='ltr'><strong>prudentissimo</strong></span> <span class='ocrx_word' id='word_1_455' title='bbox 1187 3512 1422 3567; x_wconf 79' lang='lat' dir='ltr'><strong>Adriano</strong></span> <span class='ocrx_word' id='word_1_456' title='bbox 1465 3515 1692 3578; x_wconf 89' lang='lat' dir='ltr'><strong>abbate;</strong></span> <span class='ocrx_word' id='word_1_457' title='bbox 1724 3521 1778 3568; x_wconf 89' lang='lat' dir='ltr'><strong>et</strong></span> <span class='ocrx_word' id='word_1_458' title='bbox 1817 3514 1938 3582; x_wconf 87' lang='lat' dir='ltr'><strong>quia</strong></span> <span class='ocrx_word' id='word_1_459' title='bbox 1967 3513 2330 3568; x_wconf 88' lang='lat' dir='ltr'><strong>venerabilem</strong></span> 
     </span>
    </p>
   </div>
   <div class='ocr_carea' id='block_1_67' title="bbox 746 3601 2333 3672">
    <p class='ocr_par' dir='ltr' id='par_1_67' title="bbox 746 3601 2333 3672">
     <span class='ocr_line' id='line_1_67' title="bbox 746 3601 2333 3672; baseline 0.003 -18"><span class='ocrx_word' id='word_1_460' title='bbox 746 3602 1096 3656; x_wconf 80' lang='lat' dir='ltr'><strong>Benedictum</strong></span> <span class='ocrx_word' id='word_1_461' title='bbox 1158 3601 1476 3672; x_wconf 86' lang='lat' dir='ltr'><strong>sapientem,</strong></span> <span class='ocrx_word' id='word_1_462' title='bbox 1526 3603 1865 3668; x_wconf 90' lang='lat' dir='ltr'><strong>industrium,</strong></span> <span class='ocrx_word' id='word_1_463' title='bbox 1913 3605 2220 3672; x_wconf 89' lang='lat' dir='ltr'><strong>religiosum</strong></span> <span class='ocrx_word' id='word_1_464' title='bbox 2270 3619 2333 3658; x_wconf 87' lang='lat' dir='ltr'><strong>ac</strong></span> 
     </span>
    </p>
   </div>
   <div class='ocr_carea' id='block_1_68' title="bbox 751 3690 2332 3761">
    <p class='ocr_par' dir='ltr' id='par_1_68' title="bbox 751 3690 2332 3761">
     <span class='ocr_line' id='line_1_68' title="bbox 751 3690 2332 3761; baseline 0.003 -19"><span class='ocrx_word' id='word_1_465' title='bbox 751 3690 982 3744; x_wconf 87' lang='lat' dir='ltr'><strong>nobilem</strong></span> <span class='ocrx_word' id='word_1_466' title='bbox 1032 3692 1201 3744; x_wconf 90' lang='lat' dir='ltr'><strong>virum</strong></span> <span class='ocrx_word' id='word_1_467' title='bbox 1246 3691 1360 3745; x_wconf 81' lang='lat' dir='ltr'><strong>fore</strong></span> <span class='ocrx_word' id='word_1_468' title='bbox 1389 3692 1685 3761; x_wconf 77' lang='lat' dir='ltr'><strong>con5pexit,</strong></span> <span class='ocrx_word' id='word_1_469' title='bbox 1721 3691 1844 3747; x_wconf 86' lang='lat' dir='ltr'><strong>huic</strong></span> <span class='ocrx_word' id='word_1_470' title='bbox 1871 3693 2172 3748; x_wconf 88' lang='lat' dir='ltr'><strong>ordinatum</strong></span> <span class='ocrx_word' id='word_1_471' title='bbox 2213 3709 2332 3749; x_wconf 90' lang='lat' dir='ltr'><strong>cum</strong></span> 
     </span>
    </p>
   </div>
   <div class='ocr_carea' id='block_1_69' title="bbox 749 3781 2337 3855">
    <p class='ocr_par' dir='ltr' id='par_1_69' title="bbox 749 3781 2337 3855">
     <span class='ocr_line' id='line_1_69' title="bbox 749 3781 2337 3855; baseline 0.003 -20"><span class='ocrx_word' id='word_1_472' title='bbox 749 3781 862 3835; x_wconf 89' lang='lat' dir='ltr'><strong>suis</strong></span> <span class='ocrx_word' id='word_1_473' title='bbox 890 3781 1137 3836; x_wconf 88' lang='lat' dir='ltr'><strong>omnibus</strong></span> <span class='ocrx_word' id='word_1_474' title='bbox 1177 3784 1574 3837; x_wconf 85' lang='lat' dir='ltr'><strong>commendavit</strong></span> <span class='ocrx_word' id='word_1_475' title='bbox 1604 3785 1937 3855; x_wconf 85' lang='lat' dir='ltr'><strong>episcopum,</strong></span> <span class='ocrx_word' id='word_1_476' title='bbox 1978 3786 2337 3854; x_wconf 63' lang='lat' dir='ltr'><strong>praecepitque</strong></span> 
     </span>
    </p>
   </div>
   <div class='ocr_carea' id='block_1_70' title="bbox 750 3871 2339 3943">
    <p class='ocr_par' dir='ltr' id='par_1_70' title="bbox 750 3871 2339 3943">
     <span class='ocr_line' id='line_1_70' title="bbox 750 3871 2339 3943; baseline 0.001 -18"><span class='ocrx_word' id='word_1_477' title='bbox 750 3882 810 3925; x_wconf 90' lang='lat' dir='ltr'><strong>ut</strong></span> <span class='ocrx_word' id='word_1_478' title='bbox 831 3872 1014 3926; x_wconf 89' lang='lat' dir='ltr'><strong>relicta</strong></span> <span class='ocrx_word' id='word_1_479' title='bbox 1042 3872 1469 3943; x_wconf 87' lang='lat' dir='ltr'><strong>peregrinatione</strong></span> <span class='ocrx_word' id='word_1_480' title='bbox 1510 3887 1669 3943; x_wconf 82' lang='lat' dir='ltr'><strong>quam</strong></span> <span class='ocrx_word' id='word_1_481' title='bbox 1700 3887 1796 3942; x_wconf 89' lang='lat' dir='ltr'><strong>pro</strong></span> <span class='ocrx_word' id='word_1_482' title='bbox 1831 3871 2046 3928; x_wconf 88' lang='lat' dir='ltr'><strong>Christo</strong></span> <span class='ocrx_word' id='word_1_483' title='bbox 2076 3888 2339 3943; x_wconf 89' lang='lat' dir='ltr'><strong>suscepe-</strong></span> 
     </span>
    </p>
   </div>
   <div class='ocr_carea' id='block_1_71' title="bbox 754 3961 2337 4034">
    <p class='ocr_par' dir='ltr' id='par_1_71' title="bbox 754 3961 2337 4034">
     <span class='ocr_line' id='line_1_71' title="bbox 754 3961 2337 4034; baseline 0.003 -20"><span class='ocrx_word' id='word_1_484' title='bbox 754 3972 855 4028; x_wconf 89' lang='lat' dir='ltr'><strong>rat,</strong></span> <span class='ocrx_word' id='word_1_485' title='bbox 886 3961 1155 4017; x_wconf 89' lang='lat' dir='ltr'><strong>commodi</strong></span> <span class='ocrx_word' id='word_1_486' title='bbox 1187 3962 1390 4018; x_wconf 88' lang='lat' dir='ltr'><strong>altioris</strong></span> <span class='ocrx_word' id='word_1_487' title='bbox 1418 3961 1610 4018; x_wconf 89' lang='lat' dir='ltr'><strong>intuitu</strong></span> <span class='ocrx_word' id='word_1_488' title='bbox 1643 3963 1866 4034; x_wconf 88' lang='lat' dir='ltr'><strong>patriam</strong></span> <span class='ocrx_word' id='word_1_489' title='bbox 1910 3978 2178 4026; x_wconf 87' lang='lat' dir='ltr'><strong>reversus,</strong></span> <span class='ocrx_word' id='word_1_490' title='bbox 2209 3964 2337 4018; x_wconf 90' lang='lat' dir='ltr'><strong>doc-</strong></span> 
     </span>
    </p>
   </div>
   <div class='ocr_carea' id='block_1_72' title="bbox 755 4054 2337 4126">
    <p class='ocr_par' dir='ltr' id='par_1_72' title="bbox 755 4054 2337 4126">
     <span class='ocr_line' id='line_1_72' title="bbox 755 4054 2337 4126; baseline 0.001 -18"><span class='ocrx_word' id='word_1_491' title='bbox 755 4063 924 4111; x_wconf 80' lang='lat' dir='ltr'><strong>torem</strong></span> <span class='ocrx_word' id='word_1_492' title='bbox 945 4055 996 4110; x_wconf 89' lang='lat' dir='ltr'><strong>ei</strong></span> <span class='ocrx_word' id='word_1_493' title='bbox 1021 4054 1262 4110; x_wconf 75' lang='lat' dir='ltr'><strong>veritatis</strong></span> <span class='ocrx_word' id='word_1_494' title='bbox 1280 4069 1438 4125; x_wconf 87' lang='lat' dir='ltr'><strong>quem</strong></span> <span class='ocrx_word' id='word_1_495' title='bbox 1468 4056 1488 4086; x_wconf 83' lang='grc'>⁶</span> <span class='ocrx_word' id='word_1_496' title='bbox 1514 4054 1698 4112; x_wconf 89' lang='lat' dir='ltr'><strong>sedula</strong></span> <span class='ocrx_word' id='word_1_497' title='bbox 1721 4055 2005 4126; x_wconf 72' lang='lat' dir='ltr'><strong>quaesierat</strong></span> <span class='ocrx_word' id='word_1_498' title='bbox 2031 4054 2337 4119; x_wconf 70' lang='lat' dir='ltr'><strong>adduceret,</strong></span> 
     </span>
    </p>
   </div>
   <div class='ocr_carea' id='block_1_73' title="bbox 2439 3315 4021 3384">
    <p class='ocr_par' dir='ltr' id='par_1_73' title="bbox 2439 3315 4021 3384">
     <span class='ocr_line' id='line_1_73' title="bbox 2439 3315 4021 3384; baseline 0.001 -18"><span class='ocrx_word' id='word_1_499' title='bbox 2439 3329 2580 3369; x_wconf 90' lang='lat' dir='ltr'><strong>anno</strong></span> <span class='ocrx_word' id='word_1_500' title='bbox 2609 3315 2678 3368; x_wconf 89' lang='lat' dir='ltr'><strong>ab</strong></span> <span class='ocrx_word' id='word_1_501' title='bbox 2725 3315 3094 3370; x_wconf 91' lang='lat' dir='ltr'><strong>lncarnatione</strong></span> <span class='ocrx_word' id='word_1_502' title='bbox 3128 3316 3333 3369; x_wconf 88' lang='lat' dir='ltr'><strong>Domini</strong></span> <span class='ocrx_word' id='word_1_503' title='bbox 3363 3319 3750 3370; x_wconf 74' lang='lat' dir='ltr'><strong>sexcentesimo</strong></span> <span class='ocrx_word' id='word_1_504' title='bbox 3801 3326 4021 3384; x_wconf 85' lang='lat' dir='ltr'><strong>septua-</strong></span> 
     </span>
    </p>
   </div>
   <div class='ocr_carea' id='block_1_74' title="bbox 2437 3406 4021 3476">
    <p class='ocr_par' dir='ltr' id='par_1_74' title="bbox 2437 3406 4021 3476">
     <span class='ocr_line' id='line_1_74' title="bbox 2437 3406 4021 3476; baseline -0.003 -17"><span class='ocrx_word' id='word_1_505' title='bbox 2437 3407 2642 3474; x_wconf 83' lang='lat' dir='ltr'><strong>gesimo</strong></span> <span class='ocrx_word' id='word_1_506' title='bbox 2659 3418 2871 3473; x_wconf 87' lang='lat' dir='ltr'><strong>quarto,</strong></span> <span class='ocrx_word' id='word_1_507' title='bbox 2892 3406 3183 3461; x_wconf 86' lang='lat' dir='ltr'><strong>indictione</strong></span> <span class='ocrx_word' id='word_1_508' title='bbox 3204 3409 3459 3472; x_wconf 88' lang='lat' dir='ltr'><strong>secunda,</strong></span> <span class='ocrx_word' id='word_1_509' title='bbox 3475 3421 3615 3460; x_wconf 90' lang='lat' dir='ltr'><strong>anno</strong></span> <span class='ocrx_word' id='word_1_510' title='bbox 3634 3415 3810 3460; x_wconf 88' lang='lat' dir='ltr'><strong>autem</strong></span> <span class='ocrx_word' id='word_1_511' title='bbox 3829 3415 4021 3476; x_wconf 83' lang='lat' dir='ltr'><strong>quarto</strong></span> 
     </span>
    </p>
   </div>
   <div class='ocr_carea' id='block_1_75' title="bbox 2437 3505 3089 3575">
    <p class='ocr_par' dir='ltr' id='par_1_75' title="bbox 2437 3505 3089 3575">
     <span class='ocr_line' id='line_1_75' title="bbox 2437 3505 3089 3575; baseline 0 -17"><span class='ocrx_word' id='word_1_512' title='bbox 2437 3505 2644 3574; x_wconf 78' lang='lat' dir='ltr'><strong>iuiperii</strong></span> <span class='ocrx_word' id='word_1_513' title='bbox 2671 3505 2898 3575; x_wconf 67' lang='lat' dir='ltr'><strong>Ecgfridi</strong></span> <span class='ocrx_word' id='word_1_514' title='bbox 2931 3507 3089 3574; x_wconf 86' lang='lat' dir='ltr'><strong>regis.</strong></span> 
     </span>
    </p>
   </div>
   <div class='ocr_carea' id='block_1_76' title="bbox 2509 3593 4019 3666">
    <p class='ocr_par' dir='ltr' id='par_1_76' title="bbox 2509 3593 4019 3666">
     <span class='ocr_line' id='line_1_76' title="bbox 2509 3593 4019 3666; baseline -0.001 -16"><span class='ocrx_word' id='word_1_515' title='bbox 2509 3597 2617 3650; x_wconf 82' lang='lat' dir='ltr'><strong>Nec</strong></span> <span class='ocrx_word' id='word_1_516' title='bbox 2657 3597 2933 3666; x_wconf 85' lang='lat' dir='ltr'><strong>plusquam</strong></span> <span class='ocrx_word' id='word_1_517' title='bbox 2975 3596 3130 3650; x_wconf 92' lang='lat' dir='ltr'><strong>unius</strong></span> <span class='ocrx_word' id='word_1_518' title='bbox 3177 3597 3300 3649; x_wconf 89' lang='lat' dir='ltr'><strong>anni</strong></span> <span class='ocrx_word' id='word_1_519' title='bbox 3353 3597 3528 3665; x_wconf 87' lang='lat' dir='ltr'><strong>spatio</strong></span> <span class='ocrx_word' id='word_1_520' title='bbox 3577 3604 3694 3664; x_wconf 85' lang='lat' dir='ltr'><strong>post</strong></span> <span class='ocrx_word' id='word_1_521' title='bbox 3739 3593 4019 3648; x_wconf 80' lang='lat' dir='ltr'><strong>fundatum</strong></span> 
     </span>
    </p>
   </div>
   <div class='ocr_carea' id='block_1_77' title="bbox 2441 3686 4020 3757">
    <p class='ocr_par' dir='ltr' id='par_1_77' title="bbox 2441 3686 4020 3757">
     <span class='ocr_line' id='line_1_77' title="bbox 2441 3686 4020 3757; baseline -0.001 -15"><span class='ocrx_word' id='word_1_522' title='bbox 2441 3689 2821 3742; x_wconf 89' lang='lat' dir='ltr'><strong>monasterium</strong></span> <span class='ocrx_word' id='word_1_523' title='bbox 2873 3686 3173 3757; x_wconf 89' lang='lat' dir='ltr'><strong>iuterjecto,</strong></span> <span class='ocrx_word' id='word_1_524' title='bbox 3228 3688 3544 3741; x_wconf 85' lang='lat' dir='ltr'><strong>Benedictus</strong></span> <span class='ocrx_word' id='word_1_525' title='bbox 3590 3689 3798 3740; x_wconf 86' lang='lat' dir='ltr'><strong>Oceano</strong></span> <span class='ocrx_word' id='word_1_526' title='bbox 3851 3696 4020 3741; x_wconf 82' lang='lat' dir='ltr'><strong>trans-</strong></span> 
     </span>
    </p>
   </div>
   <div class='ocr_carea' id='block_1_78' title="bbox 2443 3775 4024 3848">
    <p class='ocr_par' dir='ltr' id='par_1_78' title="bbox 2443 3775 4024 3848">
     <span class='ocr_line' id='line_1_78' title="bbox 2443 3775 4024 3848; baseline -0.002 -15"><span class='ocrx_word' id='word_1_527' title='bbox 2443 3781 2604 3834; x_wconf 84' lang='lat' dir='ltr'><strong>misso</strong></span> <span class='ocrx_word' id='word_1_528' title='bbox 2627 3780 2824 3834; x_wconf 89' lang='lat' dir='ltr'><strong>Gallias</strong></span> <span class='ocrx_word' id='word_1_529' title='bbox 2849 3789 3054 3848; x_wconf 89' lang='lat' dir='ltr'><strong>petens,</strong></span> <span class='ocrx_word' id='word_1_530' title='bbox 3077 3781 3443 3834; x_wconf 75' lang='lat' dir='ltr'><strong>czeineutarios</strong></span> <span class='ocrx_word' id='word_1_531' title='bbox 3469 3778 3557 3844; x_wconf 90' lang='lat' dir='ltr'><strong>qui</strong></span> <span class='ocrx_word' id='word_1_532' title='bbox 3585 3776 3845 3847; x_wconf 84' lang='lat' dir='ltr'><strong>lapideam</strong></span> <span class='ocrx_word' id='word_1_533' title='bbox 3879 3775 3896 3814; x_wconf 75' lang='grc' dir='ltr'>ί</span> <span class='ocrx_word' id='word_1_534' title='bbox 3922 3777 4024 3830; x_wconf 74' lang='lat' dir='ltr'><strong>sibi</strong></span> 
     </span>
    </p>
   </div>
   <div class='ocr_carea' id='block_1_79' title="bbox 2443 3868 4028 3936">
    <p class='ocr_par' dir='ltr' id='par_1_79' title="bbox 2443 3868 4028 3936">
     <span class='ocr_line' id='line_1_79' title="bbox 2443 3868 4028 3936; baseline -0.001 -14"><span class='ocrx_word' id='word_1_535' title='bbox 2443 3869 2725 3923; x_wconf 79' lang='lat' dir='ltr'><strong>eet-lesiam</strong></span> <span class='ocrx_word' id='word_1_536' title='bbox 2763 3871 2910 3936; x_wconf 67' lang='lat' dir='ltr'><strong>juxta</strong></span> <span class='ocrx_word' id='word_1_537' title='bbox 2959 3868 3315 3923; x_wconf 78' lang='lat' dir='ltr'><strong>Romanorum</strong></span> <span class='ocrx_word' id='word_1_538' title='bbox 3357 3883 3512 3936; x_wconf 91' lang='lat' dir='ltr'><strong>quem</strong></span> <span class='ocrx_word' id='word_1_539' title='bbox 3561 3881 3771 3934; x_wconf 87' lang='lat' dir='ltr'><strong>semper</strong></span> <span class='ocrx_word' id='word_1_540' title='bbox 3805 3869 4028 3920; x_wconf 83' lang='lat' dir='ltr'><strong>amabat</strong></span> 
     </span>
    </p>
   </div>
   <div class='ocr_carea' id='block_1_80' title="bbox 2447 3959 4025 4028">
    <p class='ocr_par' dir='ltr' id='par_1_80' title="bbox 2447 3959 4025 4028">
     <span class='ocr_line' id='line_1_80' title="bbox 2447 3959 4025 4028; baseline -0.002 -14"><span class='ocrx_word' id='word_1_541' title='bbox 2447 3975 2650 4015; x_wconf 89' lang='lat' dir='ltr'><strong>morem</strong></span> <span class='ocrx_word' id='word_1_542' title='bbox 2681 3960 2937 4024; x_wconf 90' lang='lat' dir='ltr'><strong>facerent,</strong></span> <span class='ocrx_word' id='word_1_543' title='bbox 2973 3961 3274 4028; x_wconf 89' lang='lat' dir='ltr'><strong>postulavit,</strong></span> <span class='ocrx_word' id='word_1_544' title='bbox 3302 3962 3526 4028; x_wconf 88' lang='lat' dir='ltr'><strong>accepit,</strong></span> <span class='ocrx_word' id='word_1_545' title='bbox 3559 3959 3747 4013; x_wconf 91' lang='lat' dir='ltr'><strong>attulit.</strong></span> <span class='ocrx_word' id='word_1_546' title='bbox 3790 3959 3857 4011; x_wconf 78' lang='lat' dir='ltr'><strong>Et</strong></span> <span class='ocrx_word' id='word_1_547' title='bbox 3903 3968 4025 4012; x_wconf 85' lang='lat' dir='ltr'><strong>tau-</strong></span> 
     </span>
    </p>
   </div>
   <div class='ocr_carea' id='block_1_81' title="bbox 2447 4052 4027 4124">
    <p class='ocr_par' dir='ltr' id='par_1_81' title="bbox 2447 4052 4027 4124">
     <span class='ocr_line' id='line_1_81' title="bbox 2447 4052 4027 4124; baseline -0.003 -17"><span class='ocrx_word' id='word_1_548' title='bbox 2447 4061 2556 4108; x_wconf 92' lang='lat' dir='ltr'><strong>tum</strong></span> <span class='ocrx_word' id='word_1_549' title='bbox 2589 4055 2641 4107; x_wconf 91' lang='lat' dir='ltr'><strong>in</strong></span> <span class='ocrx_word' id='word_1_550' title='bbox 2671 4054 2941 4123; x_wconf 87' lang='lat' dir='ltr'><strong>operando</strong></span> <span class='ocrx_word' id='word_1_551' title='bbox 2966 4052 3125 4108; x_wconf 91' lang='lat' dir='ltr'><strong>studii</strong></span> <span class='ocrx_word' id='word_1_552' title='bbox 3147 4068 3256 4124; x_wconf 69' lang='lat' dir='ltr'><strong>pra:</strong></span> <span class='ocrx_word' id='word_1_553' title='bbox 3281 4067 3462 4109; x_wconf 86' lang='lat' dir='ltr'><strong>amore</strong></span> <span class='ocrx_word' id='word_1_554' title='bbox 3488 4052 3629 4108; x_wconf 84' lang='lat' dir='ltr'><strong>beati</strong></span> <span class='ocrx_word' id='word_1_555' title='bbox 3656 4052 3817 4117; x_wconf 86' lang='lat' dir='ltr'><strong>Petri,</strong></span> <span class='ocrx_word' id='word_1_556' title='bbox 3847 4052 3900 4104; x_wconf 91' lang='lat' dir='ltr'><strong>in</strong></span> <span class='ocrx_word' id='word_1_557' title='bbox 3921 4066 4027 4104; x_wconf 87' lang='lat' dir='ltr'><strong>cu-</strong></span> 
     </span>
    </p>
   </div>
   <div class='ocr_carea' id='block_1_82' title="bbox 1723 4164 3066 4226">
    <p class='ocr_par' dir='ltr' id='par_1_82' title="bbox 1723 4164 3066 4226">
     <span class='ocr_line' id='line_1_82' title="bbox 1723 4164 3066 4226; baseline -0.001 -2"><span class='ocrx_word' id='word_1_558' title='bbox 1723 4166 2198 4226; x_wconf 76' lang='lat' dir='ltr'><strong>VULGATORUM</strong></span> <span class='ocrx_word' id='word_1_559' title='bbox 2245 4164 2636 4223; x_wconf 81' lang='lat' dir='ltr'><strong>VARIANTES</strong></span> <span class='ocrx_word' id='word_1_560' title='bbox 2673 4166 3066 4222; x_wconf 76' lang='lat' dir='ltr'><strong>LEC&#39;I‘lONES.</strong></span> 
     </span>
    </p>
   </div>
   <div class='ocr_carea' id='block_1_83' title="bbox 827 4287 1482 4357">
    <p class='ocr_par' dir='ltr' id='par_1_83' title="bbox 827 4287 1482 4357">
     <span class='ocr_line' id='line_1_83' title="bbox 827 4287 1482 4357; baseline -0.003 -14"><span class='ocrx_word' id='word_1_561' title='bbox 827 4301 845 4330; x_wconf 75' lang='grc' dir='ltr'><strong>ι</strong></span> <span class='ocrx_word' id='word_1_562' title='bbox 887 4290 1135 4357; x_wconf 75' lang='lat' dir='ltr'><strong>Tempore</strong></span> <span class='ocrx_word' id='word_1_563' title='bbox 1153 4287 1482 4354; x_wconf 72' lang='lat' dir='ltr'><strong>superbeatw.</strong></span> 
     </span>
    </p>
   </div>
   <div class='ocr_carea' id='block_1_84' title="bbox 829 4360 1147 4428">
    <p class='ocr_par' dir='ltr' id='par_1_84' title="bbox 829 4360 1147 4428">
     <span class='ocr_line' id='line_1_84' title="bbox 829 4360 1147 4428; baseline -0.006 -15"><span class='ocrx_word' id='word_1_564' title='bbox 829 4361 849 4390; x_wconf 83' lang='lat'><strong>’</strong></span> <span class='ocrx_word' id='word_1_565' title='bbox 890 4360 1147 4428; x_wconf 62' lang='grc' dir='ltr'><strong>Περαία-ε.</strong></span> 
     </span>
    </p>
   </div>
   <div class='ocr_carea' id='block_1_85' title="bbox 830 4427 1480 4498">
    <p class='ocr_par' dir='ltr' id='par_1_85' title="bbox 830 4427 1480 4498">
     <span class='ocr_line' id='line_1_85' title="bbox 830 4427 1480 4498; baseline -0.002 -16"><span class='ocrx_word' id='word_1_566' title='bbox 830 4429 851 4458; x_wconf 86' lang='grc'><strong><em>³</em></strong></span> <span class='ocrx_word' id='word_1_567' title='bbox 893 4427 1021 4482; x_wconf 63' lang='lat' dir='ltr'><strong>Hinc</strong></span> <span class='ocrx_word' id='word_1_568' title='bbox 1043 4442 1217 4498; x_wconf 84' lang='lat' dir='ltr'><strong>nempe</strong></span> <span class='ocrx_word' id='word_1_569' title='bbox 1246 4443 1347 4481; x_wconf 87' lang='lat' dir='ltr'><strong>non</strong></span> <span class='ocrx_word' id='word_1_570' title='bbox 1371 4443 1480 4496; x_wconf 85' lang='lat' dir='ltr'><strong>per.</strong></span> 
     </span>
    </p>
   </div>
   <div class='ocr_carea' id='block_1_86' title="bbox 829 4498 1107 4569">
    <p class='ocr_par' dir='ltr' id='par_1_86' title="bbox 829 4498 1107 4569">
     <span class='ocr_line' id='line_1_86' title="bbox 829 4498 1107 4569; baseline -0.004 -16"><span class='ocrx_word' id='word_1_571' title='bbox 829 4500 852 4530; x_wconf 79' lang='lat'><strong>&quot;</strong></span> <span class='ocrx_word' id='word_1_572' title='bbox 885 4498 1107 4569; x_wconf 68' lang='lat' dir='ltr'><strong>‘Cogniti.</strong></span> 
     </span>
    </p>
   </div>
   <div class='ocr_carea' id='block_1_87' title="bbox 2518 4282 2794 4337">
    <p class='ocr_par' dir='ltr' id='par_1_87' title="bbox 2518 4282 2794 4337">
     <span class='ocr_line' id='line_1_87' title="bbox 2518 4282 2794 4337; baseline -0.004 0"><span class='ocrx_word' id='word_1_573' title='bbox 2518 4282 2540 4314; x_wconf 83' lang='grc'><strong><em>⁵</em></strong></span> <span class='ocrx_word' id='word_1_574' title='bbox 2578 4282 2794 4337; x_wconf 82' lang='lat' dir='ltr'><strong>Sedulo.</strong></span> 
     </span>
    </p>
   </div>
   <div class='ocr_carea' id='block_1_88' title="bbox 2521 4353 2846 4422">
    <p class='ocr_par' dir='ltr' id='par_1_88' title="bbox 2521 4353 2846 4422">
     <span class='ocr_line' id='line_1_88' title="bbox 2521 4353 2846 4422; baseline -0.006 -14"><span class='ocrx_word' id='word_1_575' title='bbox 2521 4354 2542 4386; x_wconf 78' lang='grc'>⁸</span> <span class='ocrx_word' id='word_1_576' title='bbox 2580 4353 2692 4408; x_wconf 77' lang='lat' dir='ltr'><strong>Sibi</strong></span> <span class='ocrx_word' id='word_1_577' title='bbox 2720 4369 2846 4422; x_wconf 78' lang='lat' dir='ltr'><strong>quos</strong></span> 
     </span>
    </p>
   </div>
   <div class='ocr_carea' id='block_1_89' title="bbox 2521 4424 2780 4478">
    <p class='ocr_par' dir='ltr' id='par_1_89' title="bbox 2521 4424 2780 4478">
     <span class='ocr_line' id='line_1_89' title="bbox 2521 4424 2780 4478; baseline 0 -1"><span class='ocrx_word' id='word_1_578' title='bbox 2521 4426 2538 4457; x_wconf 82' lang='lat'><strong>’</strong></span> <span class='ocrx_word' id='word_1_579' title='bbox 2578 4424 2780 4478; x_wconf 80' lang='lat' dir='ltr'><strong>Attulit.</strong></span> 
     </span>
    </p>
   </div>
   <div class='ocr_carea' id='block_1_90' title="bbox 2081 4589 2700 4650">
    <p class='ocr_par' dir='ltr' id='par_1_90' title="bbox 2081 4589 2700 4650">
     <span class='ocr_line' id='line_1_90' title="bbox 2081 4589 2700 4650; baseline -0.005 -5"><span class='ocrx_word' id='word_1_580' title='bbox 2081 4591 2436 4650; x_wconf 78' lang='lat' dir='ltr'><strong>VABIOBUM</strong></span> <span class='ocrx_word' id='word_1_581' title='bbox 2475 4589 2700 4647; x_wconf 67' lang='lat' dir='ltr'><strong>NOTAE.</strong></span> 
     </span>
    </p>
   </div>
   <div class='ocr_carea' id='block_1_91' title="bbox 837 4703 2429 4777">
    <p class='ocr_par' dir='ltr' id='par_1_91' title="bbox 837 4703 2429 4777">
     <span class='ocr_line' id='line_1_91' title="bbox 837 4703 2429 4777; baseline -0.001 -13"><span class='ocrx_word' id='word_1_582' title='bbox 837 4720 864 4750; x_wconf 80' lang='grc' dir='ltr'><strong>ι</strong></span> <span class='ocrx_word' id='word_1_583' title='bbox 903 4709 1237 4773; x_wconf 74' lang='lat' dir='ltr'><strong>Lirinensem.</strong></span> <span class='ocrx_word' id='word_1_584' title='bbox 1266 4705 1446 4764; x_wconf 84' lang='lat' dir='ltr'><strong>Insula</strong></span> <span class='ocrx_word' id='word_1_585' title='bbox 1489 4715 1572 4764; x_wconf 89' lang='lat' dir='ltr'><strong>est</strong></span> <span class='ocrx_word' id='word_1_586' title='bbox 1602 4703 1785 4763; x_wconf 87' lang='lat' dir='ltr'><strong>Gallici</strong></span> <span class='ocrx_word' id='word_1_587' title='bbox 1814 4707 1970 4777; x_wconf 89' lang='lat' dir='ltr'><strong>juris,</strong></span> <span class='ocrx_word' id='word_1_588' title='bbox 2003 4708 2143 4762; x_wconf 87' lang='lat' dir='ltr'><strong>dicta</strong></span> <span class='ocrx_word' id='word_1_589' title='bbox 2185 4710 2344 4763; x_wconf 90' lang='lat' dir='ltr'><strong>etiam</strong></span> <span class='ocrx_word' id='word_1_590' title='bbox 2378 4715 2429 4776; x_wconf 80' lang='grc' dir='ltr'><strong>Ι)</strong></span> 
     </span>
    </p>
   </div>
   <div class='ocr_carea' id='block_1_92' title="bbox 765 4778 2347 4845">
    <p class='ocr_par' dir='ltr' id='par_1_92' title="bbox 765 4778 2347 4845">
     <span class='ocr_line' id='line_1_92' title="bbox 765 4778 2347 4845; baseline -0.001 -9"><span class='ocrx_word' id='word_1_591' title='bbox 765 4783 935 4836; x_wconf 80' lang='lat' dir='ltr'><strong>insula</strong></span> <span class='ocrx_word' id='word_1_592' title='bbox 959 4787 1125 4836; x_wconf 90' lang='lat' dir='ltr'><strong>sancti</strong></span> <span class='ocrx_word' id='word_1_593' title='bbox 1162 4781 1436 4845; x_wconf 88' lang='lat' dir='ltr'><strong>tlunorati,</strong></span> <span class='ocrx_word' id='word_1_594' title='bbox 1462 4779 1548 4834; x_wconf 83' lang='lat' dir='ltr'><strong>ubi</strong></span> <span class='ocrx_word' id='word_1_595' title='bbox 1571 4778 1746 4834; x_wconf 90' lang='lat' dir='ltr'><strong>nobile</strong></span> <span class='ocrx_word' id='word_1_596' title='bbox 1769 4788 1883 4834; x_wconf 91' lang='lat' dir='ltr'><strong>erat</strong></span> <span class='ocrx_word' id='word_1_597' title='bbox 1901 4778 2204 4835; x_wconf 73' lang='lat' dir='ltr'><strong>cmnobium</strong></span> <span class='ocrx_word' id='word_1_598' title='bbox 2233 4795 2347 4834; x_wconf 86' lang='lat' dir='ltr'><strong>nio-</strong></span> 
     </span>
    </p>
   </div>
   <div class='ocr_carea' id='block_1_93' title="bbox 768 4849 1388 4907">
    <p class='ocr_par' dir='ltr' id='par_1_93' title="bbox 768 4849 1388 4907">
     <span class='ocr_line' id='line_1_93' title="bbox 768 4849 1388 4907; baseline -0.006 0"><span class='ocrx_word' id='word_1_599' title='bbox 768 4855 1082 4907; x_wconf 86' lang='lat' dir='ltr'><strong>nacliornm.</strong></span> <span class='ocrx_word' id='word_1_600' title='bbox 1113 4849 1388 4907; x_wconf 62' lang='lat' dir='ltr'><strong>Wanius.</strong></span> 
     </span>
    </p>
   </div>
   <div class='ocr_carea' id='block_1_94' title="bbox 837 4919 2348 4991">
    <p class='ocr_par' dir='ltr' id='par_1_94' title="bbox 837 4919 2348 4991">
     <span class='ocr_line' id='line_1_94' title="bbox 837 4919 2348 4991; baseline -0.001 -17"><span class='ocrx_word' id='word_1_601' title='bbox 837 4924 864 4959; x_wconf 72' lang='grc'>⁸)</span> <span class='ocrx_word' id='word_1_602' title='bbox 905 4921 1186 4991; x_wconf 75' lang='lat' dir='ltr'><strong>licpedare.</strong></span> <span class='ocrx_word' id='word_1_603' title='bbox 1236 4922 1607 4991; x_wconf 15' lang='lat' dir='ltr'><strong>Juxtailinem</strong></span> <span class='ocrx_word' id='word_1_604' title='bbox 1639 4938 1726 4975; x_wconf 90' lang='lat' dir='ltr'><strong>an.</strong></span> <span class='ocrx_word' id='word_1_605' title='bbox 1760 4919 1887 4986; x_wconf 80' lang='lat'><strong>667,</strong></span> <span class='ocrx_word' id='word_1_606' title='bbox 1938 4934 2045 4990; x_wconf 89' lang='lat' dir='ltr'><strong>quo</strong></span> <span class='ocrx_word' id='word_1_607' title='bbox 2095 4919 2348 4988; x_wconf 84' lang='lat' dir='ltr'><strong>Vigbard,</strong></span> 
     </span>
    </p>
   </div>
   <div class='ocr_carea' id='block_1_95' title="bbox 764 4990 1600 5060">
    <p class='ocr_par' dir='ltr' id='par_1_95' title="bbox 764 4990 1600 5060">
     <span class='ocr_line' id='line_1_95' title="bbox 764 4990 1600 5060; baseline -0.001 -14"><span class='ocrx_word' id='word_1_608' title='bbox 764 4991 894 5046; x_wconf 90' lang='lat' dir='ltr'><strong>obiit</strong></span> <span class='ocrx_word' id='word_1_609' title='bbox 927 4990 1029 5056; x_wconf 86' lang='lat' dir='ltr'><strong>(nt,</strong></span> <span class='ocrx_word' id='word_1_610' title='bbox 1062 4994 1164 5056; x_wconf 73' lang='lat'><strong>29;</strong></span> <span class='ocrx_word' id='word_1_611' title='bbox 1199 5007 1268 5057; x_wconf 90' lang='lat' dir='ltr'><strong>tv,</strong></span> <span class='ocrx_word' id='word_1_612' title='bbox 1299 4991 1377 5060; x_wconf 92' lang='lat'><strong>1).</strong></span> <span class='ocrx_word' id='word_1_613' title='bbox 1408 4990 1600 5046; x_wconf 76' lang='lat' dir='ltr'><strong>Sana.</strong></span> 
     </span>
    </p>
   </div>
   <div class='ocr_carea' id='block_1_96' title="bbox 839 5059 2350 5130">
    <p class='ocr_par' dir='ltr' id='par_1_96' title="bbox 839 5059 2350 5130">
     <span class='ocr_line' id='line_1_96' title="bbox 839 5059 2350 5130; baseline -0.001 -14"><span class='ocrx_word' id='word_1_614' title='bbox 839 5071 863 5100; x_wconf 77' lang='grc'><strong><em>⁸</em></strong></span> <span class='ocrx_word' id='word_1_615' title='bbox 910 5061 1191 5116; x_wconf 83' lang='lat' dir='ltr'><strong>Venerunt.</strong></span> <span class='ocrx_word' id='word_1_616' title='bbox 1245 5059 1561 5115; x_wconf 84' lang='lat' dir='ltr'><strong>Benedictus</strong></span> <span class='ocrx_word' id='word_1_617' title='bbox 1610 5077 1730 5116; x_wconf 90' lang='lat' dir='ltr'><strong>cum</strong></span> <span class='ocrx_word' id='word_1_618' title='bbox 1781 5059 2063 5115; x_wconf 89' lang='lat' dir='ltr'><strong>Theodoro</strong></span> <span class='ocrx_word' id='word_1_619' title='bbox 2106 5061 2350 5130; x_wconf 62' lang='lat' dir='ltr'><strong>Angliam</strong></span> 
     </span>
    </p>
   </div>
   <div class='ocr_carea' id='block_1_97' title="bbox 766 5130 2351 5218">
    <p class='ocr_par' dir='ltr' id='par_1_97' title="bbox 766 5130 2351 5218">
     <span class='ocr_line' id='line_1_97' title="bbox 766 5130 2351 5218; baseline 0.001 -34"><span class='ocrx_word' id='word_1_620' title='bbox 766 5130 1044 5218; x_wconf 48' lang='lat' dir='ltr'><strong>reditmam</strong></span> <span class='ocrx_word' id='word_1_621' title='bbox 1094 5132 1218 5198; x_wconf 85' lang='lat'><strong>669,</strong></span> <span class='ocrx_word' id='word_1_622' title='bbox 1268 5131 1370 5186; x_wconf 87' lang='lat' dir='ltr'><strong>sub</strong></span> <span class='ocrx_word' id='word_1_623' title='bbox 1408 5131 1496 5186; x_wconf 90' lang='lat' dir='ltr'><strong>die</strong></span> <span class='ocrx_word' id='word_1_624' title='bbox 1547 5142 1698 5186; x_wconf 79' lang='lat' dir='ltr'><strong>sexto</strong></span> <span class='ocrx_word' id='word_1_625' title='bbox 1728 5130 1844 5186; x_wconf 78' lang='lat' dir='ltr'><strong>Kal.</strong></span> <span class='ocrx_word' id='word_1_626' title='bbox 1876 5130 2022 5196; x_wconf 79' lang='lat' dir='ltr'><strong>Jun.,</strong></span> <span class='ocrx_word' id='word_1_627' title='bbox 2081 5131 2351 5186; x_wconf 80' lang='lat' dir='ltr'><strong>Dominica</strong></span> 
     </span>
    </p>
   </div>
   <div class='ocr_carea' id='block_1_98' title="bbox 769 5204 2353 5341">
    <p class='ocr_par' dir='ltr' id='par_1_98' title="bbox 769 5204 2353 5341">
     <span class='ocr_line' id='line_1_98' title="bbox 769 5204 1190 5272; baseline 0.002 -16"><span class='ocrx_word' id='word_1_628' title='bbox 769 5213 865 5272; x_wconf 77' lang='lat' dir='ltr'><strong>(tv,</strong></span> <span class='ocrx_word' id='word_1_629' title='bbox 896 5204 975 5263; x_wconf 75' lang='lat'><strong>5).</strong></span> <span class='ocrx_word' id='word_1_630' title='bbox 1000 5204 1190 5257; x_wconf 77' lang='lat' dir='ltr'><strong>SIITH.</strong></span> 
     </span>
     <span class='ocr_line' id='line_1_99' title="bbox 840 5270 2353 5341; baseline 0 -14"><span class='ocrx_word' id='word_1_631' title='bbox 840 5273 868 5310; x_wconf 70' lang='grc' dir='ltr'><em>ά</em></span> <span class='ocrx_word' id='word_1_632' title='bbox 911 5272 1156 5327; x_wconf 83' lang='lat' dir='ltr'><strong>Tertium.</strong></span> <span class='ocrx_word' id='word_1_633' title='bbox 1189 5270 1368 5326; x_wconf 87' lang='lat' dir='ltr'><strong>Tertia</strong></span> <span class='ocrx_word' id='word_1_634' title='bbox 1397 5272 1610 5341; x_wconf 89' lang='lat' dir='ltr'><strong>quidem</strong></span> <span class='ocrx_word' id='word_1_635' title='bbox 1656 5271 1754 5326; x_wconf 88' lang='lat' dir='ltr'><strong>fuit</strong></span> <span class='ocrx_word' id='word_1_636' title='bbox 1794 5272 2062 5326; x_wconf 88' lang='lat' dir='ltr'><strong>Benedicti</strong></span> <span class='ocrx_word' id='word_1_637' title='bbox 2089 5288 2119 5327; x_wconf 91' lang='lat' dir='ltr'><strong>e</strong></span> <span class='ocrx_word' id='word_1_638' title='bbox 2150 5273 2353 5326; x_wconf 84' lang='lat' dir='ltr'><strong>Britan-</strong></span> 
     </span>
    </p>
   </div>
   <div class='ocr_carea' id='block_1_99' title="bbox 739 5342 2354 5413">
    <p class='ocr_par' dir='ltr' id='par_1_99' title="bbox 739 5342 2354 5413">
     <span class='ocr_line' id='line_1_100' title="bbox 739 5342 2354 5413; baseline 0 -17"><span class='ocrx_word' id='word_1_639' title='bbox 739 5383 742 5386; x_wconf 71' lang='lat'><strong>.</strong></span> <span class='ocrx_word' id='word_1_640' title='bbox 775 5342 860 5396; x_wconf 86' lang='lat' dir='ltr'><strong>nia</strong></span> <span class='ocrx_word' id='word_1_641' title='bbox 892 5344 1247 5413; x_wconf 88' lang='lat' dir='ltr'><strong>peregrinatio</strong></span> <span class='ocrx_word' id='word_1_642' title='bbox 1276 5342 1534 5409; x_wconf 78' lang='lat' dir='ltr'><strong>Romana,</strong></span> <span class='ocrx_word' id='word_1_643' title='bbox 1567 5354 1620 5396; x_wconf 90' lang='lat' dir='ltr'><strong>at</strong></span> <span class='ocrx_word' id='word_1_644' title='bbox 1648 5353 1832 5409; x_wconf 87' lang='lat' dir='ltr'><strong>quarta</strong></span> <span class='ocrx_word' id='word_1_645' title='bbox 1860 5345 1908 5395; x_wconf 94' lang='lat' dir='ltr'><strong>in</strong></span> <span class='ocrx_word' id='word_1_646' title='bbox 1934 5359 2162 5405; x_wconf 71' lang='lat' dir='ltr'><strong>Summa,</strong></span> <span class='ocrx_word' id='word_1_647' title='bbox 2188 5344 2354 5410; x_wconf 84' lang='lat' dir='ltr'><strong>siqui-</strong></span> 
     </span>
    </p>
   </div>
   <div class='ocr_carea' id='block_1_100' title="bbox 774 5413 2352 5468">
    <p class='ocr_par' dir='ltr' id='par_1_100' title="bbox 774 5413 2352 5468">
     <span class='ocr_line' id='line_1_101' title="bbox 774 5413 2352 5468; baseline 0.001 -2"><span class='ocrx_word' id='word_1_648' title='bbox 774 5415 896 5467; x_wconf 89' lang='lat' dir='ltr'><strong>dem</strong></span> <span class='ocrx_word' id='word_1_649' title='bbox 926 5415 978 5467; x_wconf 89' lang='lat' dir='ltr'><strong>in</strong></span> <span class='ocrx_word' id='word_1_650' title='bbox 1009 5415 1240 5468; x_wconf 86' lang='lat' dir='ltr'><strong>secunda</strong></span> <span class='ocrx_word' id='word_1_651' title='bbox 1270 5429 1300 5466; x_wconf 89' lang='lat' dir='ltr'><strong>c</strong></span> <span class='ocrx_word' id='word_1_652' title='bbox 1344 5413 1614 5466; x_wconf 79' lang='lat' dir='ltr'><strong>Britannia</strong></span> <span class='ocrx_word' id='word_1_653' title='bbox 1647 5414 1975 5466; x_wconf 80' lang='lat' dir='ltr'><strong>diseessiooe</strong></span> <span class='ocrx_word' id='word_1_654' title='bbox 2009 5417 2087 5467; x_wconf 80' lang='lat' dir='ltr'><strong>bis</strong></span> <span class='ocrx_word' id='word_1_655' title='bbox 2130 5416 2352 5467; x_wconf 78' lang='lat' dir='ltr'><strong>Romam</strong></span> 
     </span>
    </p>
   </div>
   <div class='ocr_carea' id='block_1_101' title="bbox 775 5484 2355 5553">
    <p class='ocr_par' dir='ltr' id='par_1_101' title="bbox 775 5484 2355 5553">
     <span class='ocr_line' id='line_1_102' title="bbox 775 5484 2355 5553; baseline 0.003 -20"><span class='ocrx_word' id='word_1_656' title='bbox 775 5486 948 5550; x_wconf 83' lang='lat' dir='ltr'><strong>petiit,</strong></span> <span class='ocrx_word' id='word_1_657' title='bbox 973 5496 1256 5553; x_wconf 81' lang='lat' dir='ltr'><strong>antequam</strong></span> <span class='ocrx_word' id='word_1_658' title='bbox 1288 5485 1339 5537; x_wconf 92' lang='lat' dir='ltr'><strong>in</strong></span> <span class='ocrx_word' id='word_1_659' title='bbox 1375 5485 1597 5552; x_wconf 89' lang='lat' dir='ltr'><strong>patriam</strong></span> <span class='ocrx_word' id='word_1_660' title='bbox 1631 5495 1910 5539; x_wconf 82' lang='lat' dir='ltr'><strong>remearet.</strong></span> <span class='ocrx_word' id='word_1_661' title='bbox 1955 5484 2095 5553; x_wconf 86' lang='lat' dir='ltr'><strong>Ergo</strong></span> <span class='ocrx_word' id='word_1_662' title='bbox 2127 5500 2355 5551; x_wconf 73' lang='lat' dir='ltr'><strong>sequun-</strong></span> 
     </span>
    </p>
   </div>
   <div class='ocr_carea' id='block_1_102' title="bbox 779 5555 2353 5624">
    <p class='ocr_par' dir='ltr' id='par_1_102' title="bbox 779 5555 2353 5624">
     <span class='ocr_line' id='line_1_103' title="bbox 779 5555 2353 5624; baseline 0.002 -21"><span class='ocrx_word' id='word_1_663' title='bbox 779 5564 883 5605; x_wconf 87' lang='lat' dir='ltr'><strong>tem</strong></span> <span class='ocrx_word' id='word_1_664' title='bbox 914 5557 1028 5624; x_wconf 87' lang='lat' dir='ltr'><strong>ejus</strong></span> <span class='ocrx_word' id='word_1_665' title='bbox 1063 5555 1437 5622; x_wconf 68' lang='lat' dir='ltr'><strong>profectionem</strong></span> <span class='ocrx_word' id='word_1_666' title='bbox 1469 5563 1710 5623; x_wconf 89' lang='lat' dir='ltr'><strong>quartam</strong></span> <span class='ocrx_word' id='word_1_667' title='bbox 1742 5569 1769 5606; x_wconf 89' lang='lat' dir='ltr'><strong>a</strong></span> <span class='ocrx_word' id='word_1_668' title='bbox 1803 5555 2070 5609; x_wconf 82' lang='lat' dir='ltr'><strong>Britannia</strong></span> <span class='ocrx_word' id='word_1_669' title='bbox 2103 5556 2293 5607; x_wconf 84' lang='lat' dir='ltr'><strong>dictam</strong></span> <span class='ocrx_word' id='word_1_670' title='bbox 2326 5570 2353 5606; x_wconf 91' lang='lat' dir='ltr'><strong>a</strong></span> 
     </span>
    </p>
   </div>
   <div class='ocr_carea' id='block_1_103' title="bbox 777 5624 2357 5700">
    <p class='ocr_par' dir='ltr' id='par_1_103' title="bbox 777 5624 2357 5700">
     <span class='ocr_line' id='line_1_104' title="bbox 777 5624 2357 5700; baseline 0.004 -29"><span class='ocrx_word' id='word_1_671' title='bbox 777 5624 942 5700; x_wconf 68' lang='lat' dir='ltr'><strong>Beda,</strong></span> <span class='ocrx_word' id='word_1_672' title='bbox 984 5629 1219 5700; x_wconf 76' lang='lat' dir='ltr'><strong>quintam</strong></span> <span class='ocrx_word' id='word_1_673' title='bbox 1269 5626 1513 5700; x_wconf 63' lang='lat' dir='ltr'><strong>absolute</strong></span> <span class='ocrx_word' id='word_1_674' title='bbox 1557 5627 1930 5700; x_wconf 51' lang='lat' dir='ltr'><strong>interpretare.</strong></span> <span class='ocrx_word' id='word_1_675' title='bbox 1972 5628 2201 5700; x_wconf 45' lang='lat' dir='ltr'><strong>plantas.</strong></span> <span class='ocrx_word' id='word_1_676' title='bbox 2249 5625 2357 5678; x_wconf 88' lang='lat' dir='ltr'><strong>Hoc</strong></span> 
     </span>
    </p>
   </div>
   <div class='ocr_carea' id='block_1_104' title="bbox 781 5693 2114 5761">
    <p class='ocr_par' dir='ltr' id='par_1_104' title="bbox 781 5693 2114 5761">
     <span class='ocr_line' id='line_1_105' title="bbox 781 5693 2114 5761; baseline 0.003 -18"><span class='ocrx_word' id='word_1_677' title='bbox 781 5693 878 5744; x_wconf 87' lang='lat' dir='ltr'><strong>iter</strong></span> <span class='ocrx_word' id='word_1_678' title='bbox 908 5693 1132 5761; x_wconf 83' lang='lat' dir='ltr'><strong>suscepit</strong></span> <span class='ocrx_word' id='word_1_679' title='bbox 1163 5695 1476 5748; x_wconf 84' lang='lat' dir='ltr'><strong>Benedictus</strong></span> <span class='ocrx_word' id='word_1_680' title='bbox 1505 5710 1589 5747; x_wconf 91' lang='lat' dir='ltr'><strong>an.</strong></span> <span class='ocrx_word' id='word_1_681' title='bbox 1627 5698 1750 5748; x_wconf 79' lang='lat'><strong>0&#39;71.</strong></span> <span class='ocrx_word' id='word_1_682' title='bbox 1780 5697 1941 5750; x_wconf 74' lang='lat' dir='ltr'><strong>FLOR.</strong></span> <span class='ocrx_word' id='word_1_683' title='bbox 1972 5693 2114 5751; x_wconf 81' lang='lat' dir='ltr'><strong>WIG.</strong></span> 
     </span>
    </p>
   </div>
   <div class='ocr_carea' id='block_1_105' title="bbox 861 5763 2354 5834">
    <p class='ocr_par' dir='ltr' id='par_1_105' title="bbox 861 5763 2354 5834">
     <span class='ocr_line' id='line_1_106' title="bbox 861 5763 2354 5834; baseline 0.002 -16"><span class='ocrx_word' id='word_1_684' title='bbox 861 5777 885 5805; x_wconf 77' lang='grc' dir='ltr'>θ</span> <span class='ocrx_word' id='word_1_685' title='bbox 927 5763 1215 5834; x_wconf 71' lang='lat' dir='ltr'><strong>Ingressus.</strong></span> <span class='ocrx_word' id='word_1_686' title='bbox 1266 5765 1366 5816; x_wconf 90' lang='lat' dir='ltr'><strong>An.</strong></span> <span class='ocrx_word' id='word_1_687' title='bbox 1417 5765 1538 5816; x_wconf 73' lang='lat'><strong>67‘2.</strong></span> <span class='ocrx_word' id='word_1_688' title='bbox 1583 5767 1849 5834; x_wconf 13' lang='lat' dir='ltr'><strong>l&#39;lorenim</strong></span> <span class='ocrx_word' id='word_1_689' title='bbox 1880 5782 2020 5824; x_wconf 86' lang='lat' dir='ltr'><strong>anno</strong></span> <span class='ocrx_word' id='word_1_690' title='bbox 2067 5765 2354 5821; x_wconf 85' lang='lat' dir='ltr'><strong>Coinvalelt</strong></span> 
     </span>
    </p>
   </div>
   <div class='ocr_carea' id='block_1_106' title="bbox 777 5833 1759 5894">
    <p class='ocr_par' dir='ltr' id='par_1_106' title="bbox 777 5833 1759 5894">
     <span class='ocr_line' id='line_1_107' title="bbox 777 5833 1759 5894; baseline -0.005 -2"><span class='ocrx_word' id='word_1_691' title='bbox 777 5840 925 5894; x_wconf 89' lang='lat' dir='ltr'><strong>obiit.</strong></span> <span class='ocrx_word' id='word_1_692' title='bbox 960 5833 1160 5892; x_wconf 67' lang='lat' dir='ltr'><strong>Curios.</strong></span> <span class='ocrx_word' id='word_1_693' title='bbox 1191 5835 1320 5891; x_wconf 78' lang='lat' dir='ltr'><strong>Su.</strong></span> <span class='ocrx_word' id='word_1_694' title='bbox 1345 5842 1402 5888; x_wconf 88' lang='lat' dir='ltr'><strong>et</strong></span> <span class='ocrx_word' id='word_1_695' title='bbox 1430 5835 1590 5888; x_wconf 72' lang='lat' dir='ltr'><strong>hort.</strong></span> <span class='ocrx_word' id='word_1_696' title='bbox 1622 5833 1759 5890; x_wconf 75' lang='lat' dir='ltr'><strong>Wtc.</strong></span> 
     </span>
    </p>
   </div>
   <div class='ocr_carea' id='block_1_107' title="bbox 2533 4707 4031 4786">
    <p class='ocr_par' dir='ltr' id='par_1_107' title="bbox 2533 4707 4031 4786">
     <span class='ocr_line' id='line_1_108' title="bbox 2533 4707 4031 4786; baseline 0.005 -23"><span class='ocrx_word' id='word_1_697' title='bbox 2533 4707 2552 4747; x_wconf 71' lang='grc' dir='ltr'><em>τ</em></span> <span class='ocrx_word' id='word_1_698' title='bbox 2588 4709 2883 4786; x_wconf 35' lang='grc' dir='ltr'><strong>ια-ρ-ἱξζςερηι.</strong></span> <span class='ocrx_word' id='word_1_699' title='bbox 2911 4708 3110 4786; x_wconf 67' lang='lat' dir='ltr'><strong>Nempe</strong></span> <span class='ocrx_word' id='word_1_700' title='bbox 3148 4709 3426 4786; x_wconf 80' lang='lat' dir='ltr'><strong>ecclesiam</strong></span> <span class='ocrx_word' id='word_1_701' title='bbox 3465 4727 3587 4767; x_wconf 90' lang='lat' dir='ltr'><strong>cum</strong></span> <span class='ocrx_word' id='word_1_702' title='bbox 3629 4713 3866 4786; x_wconf 83' lang='lat' dir='ltr'><strong>tabulato</strong></span> <span class='ocrx_word' id='word_1_703' title='bbox 3901 4717 4031 4786; x_wconf 66' lang='grc' dir='ltr'>[ιρι-</span> 
     </span>
    </p>
   </div>
   <div class='ocr_carea' id='block_1_108' title="bbox 2452 4778 4027 4850">
    <p class='ocr_par' dir='ltr' id='par_1_108' title="bbox 2452 4778 4027 4850">
     <span class='ocr_line' id='line_1_109' title="bbox 2452 4778 4027 4850; baseline 0.006 -18"><span class='ocrx_word' id='word_1_704' title='bbox 2452 4780 2574 4847; x_wconf 88' lang='lat' dir='ltr'><strong>deo,</strong></span> <span class='ocrx_word' id='word_1_705' title='bbox 2595 4781 2668 4833; x_wconf 83' lang='lat' dir='ltr'><strong>uti</strong></span> <span class='ocrx_word' id='word_1_706' title='bbox 2688 4778 2982 4834; x_wconf 87' lang='lat' dir='ltr'><strong>Willelmus</strong></span> <span class='ocrx_word' id='word_1_707' title='bbox 3006 4779 3494 4837; x_wconf 76' lang='lat' dir='ltr'><strong>Malmesburiensis</strong></span> <span class='ocrx_word' id='word_1_708' title='bbox 3521 4785 3770 4850; x_wconf 82' lang='lat' dir='ltr'><strong>explicat,</strong></span> <span class='ocrx_word' id='word_1_709' title='bbox 3789 4801 3882 4839; x_wconf 86' lang='lat' dir='ltr'><strong>seu</strong></span> <span class='ocrx_word' id='word_1_710' title='bbox 3908 4778 4027 4842; x_wconf 79' lang='lat' dir='ltr'><strong>cum</strong></span> 
     </span>
    </p>
   </div>
   <div class='ocr_carea' id='block_1_109' title="bbox 2453 4851 4027 4924">
    <p class='ocr_par' dir='ltr' id='par_1_109' title="bbox 2453 4851 4027 4924">
     <span class='ocr_line' id='line_1_110' title="bbox 2453 4851 4027 4924; baseline 0.003 -19"><span class='ocrx_word' id='word_1_711' title='bbox 2453 4853 2696 4924; x_wconf 85' lang='lat' dir='ltr'><strong>fornice;</strong></span> <span class='ocrx_word' id='word_1_712' title='bbox 2744 4865 2867 4924; x_wconf 80' lang='lat' dir='ltr'><strong>nam</strong></span> <span class='ocrx_word' id='word_1_713' title='bbox 2909 4851 3067 4924; x_wconf 80' lang='lat' dir='ltr'><strong>longe</strong></span> <span class='ocrx_word' id='word_1_714' title='bbox 3091 4862 3231 4924; x_wconf 75' lang='lat' dir='ltr'><strong>ante</strong></span> <span class='ocrx_word' id='word_1_715' title='bbox 3255 4851 3383 4924; x_wconf 72' lang='lat' dir='ltr'><strong>jam</strong></span> <span class='ocrx_word' id='word_1_716' title='bbox 3424 4853 3673 4908; x_wconf 83' lang='lat' dir='ltr'><strong>Paulinus</strong></span> <span class='ocrx_word' id='word_1_717' title='bbox 3720 4859 4027 4924; x_wconf 80' lang='lat' dir='ltr'><strong>episeOpus,</strong></span> 
     </span>
    </p>
   </div>
   <div class='ocr_carea' id='block_1_110' title="bbox 2455 4921 4033 4992">
    <p class='ocr_par' dir='ltr' id='par_1_110' title="bbox 2455 4921 4033 4992">
     <span class='ocr_line' id='line_1_111' title="bbox 2455 4921 4033 4992; baseline 0.005 -18"><span class='ocrx_word' id='word_1_718' title='bbox 2455 4931 2591 4975; x_wconf 89' lang='lat' dir='ltr'><strong>teste</strong></span> <span class='ocrx_word' id='word_1_719' title='bbox 2623 4922 2736 4990; x_wconf 87' lang='lat' dir='ltr'><strong>ipso</strong></span> <span class='ocrx_word' id='word_1_720' title='bbox 2751 4921 2926 4992; x_wconf 85' lang='lat' dir='ltr'><strong>Beda,</strong></span> <span class='ocrx_word' id='word_1_721' title='bbox 2957 4921 3133 4992; x_wconf 27' lang='lat' dir='ltr'><strong>u,,16,</strong></span> <span class='ocrx_word' id='word_1_722' title='bbox 3168 4923 3220 4975; x_wconf 90' lang='lat' dir='ltr'><strong>in</strong></span> <span class='ocrx_word' id='word_1_723' title='bbox 3251 4922 3593 4978; x_wconf 76' lang='lat' dir='ltr'><strong>Lindocolino</strong></span> <span class='ocrx_word' id='word_1_724' title='bbox 3625 4921 3838 4979; x_wconf 80' lang='lat' dir='ltr'><strong>civitate</strong></span> <span class='ocrx_word' id='word_1_725' title='bbox 3864 4921 4033 4982; x_wconf 72' lang='lat' dir='ltr'><strong>eccle-</strong></span> 
     </span>
    </p>
   </div>
   <div class='ocr_carea' id='block_1_111' title="bbox 2453 4991 4029 5061">
    <p class='ocr_par' dir='ltr' id='par_1_111' title="bbox 2453 4991 4029 5061">
     <span class='ocr_line' id='line_1_112' title="bbox 2453 4991 4029 5061; baseline 0.004 -17"><span class='ocrx_word' id='word_1_726' title='bbox 2453 4993 2588 5044; x_wconf 89' lang='lat' dir='ltr'><strong>siam</strong></span> <span class='ocrx_word' id='word_1_727' title='bbox 2615 4991 2794 5058; x_wconf 91' lang='lat' dir='ltr'><strong>operis</strong></span> <span class='ocrx_word' id='word_1_728' title='bbox 2819 4992 3018 5059; x_wconf 63' lang='lat' dir='ltr'><strong>egregii</strong></span> <span class='ocrx_word' id='word_1_729' title='bbox 3042 4993 3107 5046; x_wconf 89' lang='lat' dir='ltr'><strong>de</strong></span> <span class='ocrx_word' id='word_1_730' title='bbox 3137 4993 3310 5061; x_wconf 88' lang='lat' dir='ltr'><strong>lapide</strong></span> <span class='ocrx_word' id='word_1_731' title='bbox 3337 4992 3482 5048; x_wconf 90' lang='lat' dir='ltr'><strong>fecit.</strong></span> <span class='ocrx_word' id='word_1_732' title='bbox 3513 4995 3661 5059; x_wconf 84' lang='lat' dir='ltr'><strong>Quod</strong></span> <span class='ocrx_word' id='word_1_733' title='bbox 3693 4999 3850 5048; x_wconf 88' lang='lat' dir='ltr'><strong>etiam</strong></span> <span class='ocrx_word' id='word_1_734' title='bbox 3873 5006 4029 5052; x_wconf 82' lang='lat' dir='ltr'><strong>antea</strong></span> 
     </span>
    </p>
   </div>
   <div class='ocr_carea' id='block_1_112' title="bbox 2452 5061 4029 5134">
    <p class='ocr_par' dir='ltr' id='par_1_112' title="bbox 2452 5061 4029 5134">
     <span class='ocr_line' id='line_1_113' title="bbox 2452 5061 4029 5134; baseline 0.004 -20"><span class='ocrx_word' id='word_1_735' title='bbox 2452 5064 2560 5128; x_wconf 87' lang='lat' dir='ltr'><strong>jam</strong></span> <span class='ocrx_word' id='word_1_736' title='bbox 2595 5061 2818 5116; x_wconf 85' lang='lat' dir='ltr'><strong>Eboraci</strong></span> <span class='ocrx_word' id='word_1_737' title='bbox 2851 5063 3187 5134; x_wconf 67' lang='lat' dir='ltr'><strong>praestiterat,</strong></span> <span class='ocrx_word' id='word_1_738' title='bbox 3217 5079 3282 5116; x_wconf 81' lang='lat' dir='ltr'><strong>ex</strong></span> <span class='ocrx_word' id='word_1_739' title='bbox 3326 5078 3375 5116; x_wconf 91' lang='lat' dir='ltr'><strong>c.</strong></span> <span class='ocrx_word' id='word_1_740' title='bbox 3427 5064 3514 5116; x_wconf 71' lang='lat'><strong>12.</strong></span> <span class='ocrx_word' id='word_1_741' title='bbox 3565 5067 3872 5134; x_wconf 79' lang='lat' dir='ltr'><strong>Quanquam</strong></span> <span class='ocrx_word' id='word_1_742' title='bbox 3925 5083 4029 5121; x_wconf 90' lang='lat' dir='ltr'><strong>non</strong></span> 
     </span>
    </p>
   </div>
   <div class='ocr_carea' id='block_1_113' title="bbox 2459 5132 4032 5204">
    <p class='ocr_par' dir='ltr' id='par_1_113' title="bbox 2459 5132 4032 5204">
     <span class='ocr_line' id='line_1_114' title="bbox 2459 5132 4032 5204; baseline 0.003 -19"><span class='ocrx_word' id='word_1_743' title='bbox 2459 5147 2580 5185; x_wconf 89' lang='lat' dir='ltr'><strong>raro</strong></span> <span class='ocrx_word' id='word_1_744' title='bbox 2612 5143 2720 5204; x_wconf 80' lang='lat' dir='ltr'><strong>tum</strong></span> <span class='ocrx_word' id='word_1_745' title='bbox 2752 5133 2945 5204; x_wconf 83' lang='lat' dir='ltr'><strong>templa</strong></span> <span class='ocrx_word' id='word_1_746' title='bbox 2975 5132 3033 5204; x_wconf 86' lang='lat' dir='ltr'><strong>in</strong></span> <span class='ocrx_word' id='word_1_747' title='bbox 3061 5135 3324 5187; x_wconf 75' lang='lat' dir='ltr'><strong>Britannia</strong></span> <span class='ocrx_word' id='word_1_748' title='bbox 3364 5149 3428 5188; x_wconf 83' lang='lat' dir='ltr'><strong>ex</strong></span> <span class='ocrx_word' id='word_1_749' title='bbox 3461 5135 3601 5204; x_wconf 88' lang='lat' dir='ltr'><strong>ligno</strong></span> <span class='ocrx_word' id='word_1_750' title='bbox 3630 5132 3840 5189; x_wconf 82' lang='lat' dir='ltr'><strong>fiebant.</strong></span> <span class='ocrx_word' id='word_1_751' title='bbox 3873 5137 4032 5190; x_wconf 72' lang='lat' dir='ltr'><strong>Fina~</strong></span> 
     </span>
    </p>
   </div>
   <div class='ocr_carea' id='block_1_114' title="bbox 2465 5200 4028 5274">
    <p class='ocr_par' dir='ltr' id='par_1_114' title="bbox 2465 5200 4028 5274">
     <span class='ocr_line' id='line_1_115' title="bbox 2465 5200 4028 5274; baseline 0.005 -20"><span class='ocrx_word' id='word_1_752' title='bbox 2465 5217 2563 5274; x_wconf 89' lang='lat' dir='ltr'><strong>nus</strong></span> <span class='ocrx_word' id='word_1_753' title='bbox 2586 5200 2863 5270; x_wconf 87' lang='lat' dir='ltr'><strong>episcopus</strong></span> <span class='ocrx_word' id='word_1_754' title='bbox 2885 5203 3215 5268; x_wconf 87' lang='lat' dir='ltr'><strong>Merciorum,</strong></span> <span class='ocrx_word' id='word_1_755' title='bbox 3241 5213 3373 5258; x_wconf 90' lang='lat' dir='ltr'><strong>teste</strong></span> <span class='ocrx_word' id='word_1_756' title='bbox 3399 5200 3559 5267; x_wconf 76' lang='lat' dir='ltr'><strong>Beda,</strong></span> <span class='ocrx_word' id='word_1_757' title='bbox 3584 5207 3678 5259; x_wconf 91' lang='lat' dir='ltr'><strong>lib.</strong></span> <span class='ocrx_word' id='word_1_758' title='bbox 3712 5221 3786 5270; x_wconf 89' lang='lat' dir='ltr'><strong>in,</strong></span> <span class='ocrx_word' id='word_1_759' title='bbox 3805 5222 3919 5274; x_wconf 85' lang='lat' dir='ltr'><strong>cap.</strong></span> <span class='ocrx_word' id='word_1_760' title='bbox 3942 5208 4028 5273; x_wconf 66' lang='lat'><strong>‘25,</strong></span> 
     </span>
    </p>
   </div>
   <div class='ocr_carea' id='block_1_115' title="bbox 2469 5273 4034 5344">
    <p class='ocr_par' dir='ltr' id='par_1_115' title="bbox 2469 5273 4034 5344">
     <span class='ocr_line' id='line_1_116' title="bbox 2469 5273 4034 5344; baseline 0.007 -22"><span class='ocrx_word' id='word_1_761' title='bbox 2469 5290 2487 5322; x_wconf 83' lang='grc' dir='ltr'><strong>ι</strong></span> <span class='ocrx_word' id='word_1_762' title='bbox 2530 5273 2822 5326; x_wconf 78' lang='lat' dir='ltr'><strong>Ecclesium</strong></span> <span class='ocrx_word' id='word_1_763' title='bbox 2865 5289 3011 5326; x_wconf 87' lang='lat' dir='ltr'><strong>more</strong></span> <span class='ocrx_word' id='word_1_764' title='bbox 3056 5275 3358 5338; x_wconf 87' lang='lat' dir='ltr'><strong>Scutorum,</strong></span> <span class='ocrx_word' id='word_1_765' title='bbox 3392 5290 3495 5329; x_wconf 91' lang='lat' dir='ltr'><strong>non</strong></span> <span class='ocrx_word' id='word_1_766' title='bbox 3527 5279 3593 5330; x_wconf 91' lang='lat' dir='ltr'><strong>de</strong></span> <span class='ocrx_word' id='word_1_767' title='bbox 3617 5277 3810 5344; x_wconf 87' lang='lat' dir='ltr'><strong>lapide,</strong></span> <span class='ocrx_word' id='word_1_768' title='bbox 3842 5273 3934 5331; x_wconf 84' lang='lat' dir='ltr'><strong>sed</strong></span> <span class='ocrx_word' id='word_1_769' title='bbox 3969 5281 4034 5333; x_wconf 90' lang='lat' dir='ltr'><strong>de</strong></span> 
     </span>
    </p>
   </div>
   <div class='ocr_carea' id='block_1_116' title="bbox 2464 5344 4034 5415">
    <p class='ocr_par' dir='ltr' id='par_1_116' title="bbox 2464 5344 4034 5415">
     <span class='ocr_line' id='line_1_117' title="bbox 2464 5344 4034 5415; baseline 0.005 -20"><span class='ocrx_word' id='word_1_770' title='bbox 2464 5344 2657 5415; x_wconf 87' lang='lat' dir='ltr'><strong>robore</strong></span> <span class='ocrx_word' id='word_1_771' title='bbox 2685 5353 2833 5396; x_wconf 86' lang='lat' dir='ltr'><strong>secto</strong></span> <span class='ocrx_word' id='word_1_772' title='bbox 2863 5353 3024 5396; x_wconf 88' lang='lat' dir='ltr'><strong>totam</strong></span> <span class='ocrx_word' id='word_1_773' title='bbox 3065 5350 3382 5411; x_wconf 60' lang='lat' dir='ltr'><strong>composuit,</strong></span> <span class='ocrx_word' id='word_1_774' title='bbox 3406 5354 3564 5415; x_wconf 90' lang='lat' dir='ltr'><strong>atque</strong></span> <span class='ocrx_word' id='word_1_775' title='bbox 3591 5347 3848 5402; x_wconf 87' lang='lat' dir='ltr'><strong>arundine</strong></span> <span class='ocrx_word' id='word_1_776' title='bbox 3879 5352 4034 5403; x_wconf 79' lang='lat' dir='ltr'><strong>texit.</strong></span> 
     </span>
    </p>
   </div>
   <div class='ocr_carea' id='block_1_117' title="bbox 2466 5414 4036 5486">
    <p class='ocr_par' dir='ltr' id='par_1_117' title="bbox 2466 5414 4036 5486">
     <span class='ocr_line' id='line_1_118' title="bbox 2466 5414 4036 5486; baseline 0.006 -21"><span class='ocrx_word' id='word_1_777' title='bbox 2466 5414 2569 5486; x_wconf 79' lang='lat' dir='ltr'><strong>_Sed</strong></span> <span class='ocrx_word' id='word_1_778' title='bbox 2599 5415 2879 5486; x_wconf 79' lang='lat' dir='ltr'><strong>episcopus</strong></span> <span class='ocrx_word' id='word_1_779' title='bbox 2911 5416 3009 5468; x_wconf 89' lang='lat' dir='ltr'><strong>loci</strong></span> <span class='ocrx_word' id='word_1_780' title='bbox 3041 5417 3328 5482; x_wconf 76' lang='lat' dir='ltr'><strong>Eadbertli,</strong></span> <span class='ocrx_word' id='word_1_781' title='bbox 3354 5414 3526 5468; x_wconf 76' lang='lat' dir='ltr'><strong>abluta</strong></span> <span class='ocrx_word' id='word_1_782' title='bbox 3551 5419 3831 5481; x_wconf 89' lang='lat' dir='ltr'><strong>arundine,</strong></span> <span class='ocrx_word' id='word_1_783' title='bbox 3865 5420 4036 5486; x_wconf 81' lang='lat' dir='ltr'><strong>plum-</strong></span> 
     </span>
    </p>
   </div>
   <div class='ocr_carea' id='block_1_118' title="bbox 2464 5482 4032 5556">
    <p class='ocr_par' dir='ltr' id='par_1_118' title="bbox 2464 5482 4032 5556">
     <span class='ocr_line' id='line_1_119' title="bbox 2464 5482 4032 5556; baseline 0.006 -22"><span class='ocrx_word' id='word_1_784' title='bbox 2464 5482 2576 5536; x_wconf 88' lang='lat' dir='ltr'><strong>beis</strong></span> <span class='ocrx_word' id='word_1_785' title='bbox 2607 5484 2815 5556; x_wconf 84' lang='lat' dir='ltr'><strong>laminis</strong></span> <span class='ocrx_word' id='word_1_786' title='bbox 2845 5500 2960 5556; x_wconf 85' lang='lat' dir='ltr'><strong>eam</strong></span> <span class='ocrx_word' id='word_1_787' title='bbox 2991 5495 3176 5548; x_wconf 88' lang='lat' dir='ltr'><strong>totam,</strong></span> <span class='ocrx_word' id='word_1_788' title='bbox 3213 5486 3312 5538; x_wconf 91' lang='lat' dir='ltr'><strong>hoc</strong></span> <span class='ocrx_word' id='word_1_789' title='bbox 3341 5496 3440 5552; x_wconf 87' lang='lat' dir='ltr'><strong>est,</strong></span> <span class='ocrx_word' id='word_1_790' title='bbox 3475 5496 3668 5541; x_wconf 78' lang='lat' dir='ltr'><strong>tet-tum</strong></span> <span class='ocrx_word' id='word_1_791' title='bbox 3701 5500 3752 5541; x_wconf 88' lang='lat' dir='ltr'><strong>et</strong></span> <span class='ocrx_word' id='word_1_792' title='bbox 3783 5482 4032 5556; x_wconf 78' lang='lat' dir='ltr'><strong>parietes,</strong></span> 
     </span>
    </p>
   </div>
   <div class='ocr_carea' id='block_1_119' title="bbox 2464 5555 4036 5620">
    <p class='ocr_par' dir='ltr' id='par_1_119' title="bbox 2464 5555 4036 5620">
     <span class='ocr_line' id='line_1_120' title="bbox 2464 5555 4036 5620; baseline 0.005 -14"><span class='ocrx_word' id='word_1_793' title='bbox 2464 5555 2740 5620; x_wconf 71' lang='lat' dir='ltr'><strong>cooperire</strong></span> <span class='ocrx_word' id='word_1_794' title='bbox 2780 5555 3004 5607; x_wconf 87' lang='lat' dir='ltr'><strong>curavit.</strong></span> <span class='ocrx_word' id='word_1_795' title='bbox 3045 5576 3062 5606; x_wconf 75' lang='grc' dir='ltr'><strong>ι</strong></span> <span class='ocrx_word' id='word_1_796' title='bbox 3097 5557 3244 5620; x_wconf 88' lang='lat' dir='ltr'><strong>Quod</strong></span> <span class='ocrx_word' id='word_1_797' title='bbox 3277 5557 3433 5608; x_wconf 89' lang='lat' dir='ltr'><strong>etiam</strong></span> <span class='ocrx_word' id='word_1_798' title='bbox 3476 5561 3525 5610; x_wconf 94' lang='lat' dir='ltr'><strong>in</strong></span> <span class='ocrx_word' id='word_1_799' title='bbox 3565 5559 3733 5610; x_wconf 82' lang='lat' dir='ltr'><strong>Gallia</strong></span> <span class='ocrx_word' id='word_1_800' title='bbox 3763 5564 4036 5614; x_wconf 85' lang='lat' dir='ltr'><strong>actitatum</strong></span> 
     </span>
    </p>
   </div>
   <div class='ocr_carea' id='block_1_120' title="bbox 2467 5625 4034 5694">
    <p class='ocr_par' dir='ltr' id='par_1_120' title="bbox 2467 5625 4034 5694">
     <span class='ocr_line' id='line_1_121' title="bbox 2467 5625 4034 5694; baseline 0.004 -18"><span class='ocrx_word' id='word_1_801' title='bbox 2467 5639 2866 5692; x_wconf 88' lang='lat' dir='ltr'><strong>nonnunquam.</strong></span> <span class='ocrx_word' id='word_1_802' title='bbox 2899 5625 3038 5694; x_wconf 89' lang='lat' dir='ltr'><strong>Lege</strong></span> <span class='ocrx_word' id='word_1_803' title='bbox 3067 5626 3377 5694; x_wconf 84' lang='lat' dir='ltr'><strong>Gregorium</strong></span> <span class='ocrx_word' id='word_1_804' title='bbox 3418 5627 3616 5682; x_wconf 89' lang='lat' dir='ltr'><strong>Turon.</strong></span> <span class='ocrx_word' id='word_1_805' title='bbox 3651 5631 3701 5681; x_wconf 89' lang='lat' dir='ltr'><strong>in</strong></span> <span class='ocrx_word' id='word_1_806' title='bbox 3734 5630 3828 5684; x_wconf 86' lang='lat' dir='ltr'><strong>lib.</strong></span> <span class='ocrx_word' id='word_1_807' title='bbox 3854 5631 3922 5683; x_wconf 87' lang='lat' dir='ltr'><strong>de</strong></span> <span class='ocrx_word' id='word_1_808' title='bbox 3951 5632 4034 5685; x_wconf 81' lang='lat' dir='ltr'><strong>Gl.</strong></span> 
     </span>
    </p>
   </div>
   <div class='ocr_carea' id='block_1_121' title="bbox 2461 5694 4040 5771">
    <p class='ocr_par' dir='ltr' id='par_1_121' title="bbox 2461 5694 4040 5771">
     <span class='ocr_line' id='line_1_122' title="bbox 2461 5694 4040 5771; baseline 0.006 -23"><span class='ocrx_word' id='word_1_809' title='bbox 2461 5696 2604 5771; x_wconf 75' lang='lat' dir='ltr'><strong>cont.</strong></span> <span class='ocrx_word' id='word_1_810' title='bbox 2637 5708 2756 5771; x_wconf 76' lang='lat' dir='ltr'><strong>cap.</strong></span> <span class='ocrx_word' id='word_1_811' title='bbox 2791 5694 2881 5760; x_wconf 66' lang='lat'><strong>72,</strong></span> <span class='ocrx_word' id='word_1_812' title='bbox 2921 5709 2974 5751; x_wconf 90' lang='lat' dir='ltr'><strong>et</strong></span> <span class='ocrx_word' id='word_1_813' title='bbox 3010 5699 3097 5752; x_wconf 87' lang='lat' dir='ltr'><strong>lib.</strong></span> <span class='ocrx_word' id='word_1_814' title='bbox 3135 5699 3245 5752; x_wconf 77' lang='lat' dir='ltr'><strong>ide</strong></span> <span class='ocrx_word' id='word_1_815' title='bbox 3288 5697 3374 5753; x_wconf 87' lang='lat' dir='ltr'><strong>Gl.</strong></span> <span class='ocrx_word' id='word_1_816' title='bbox 3412 5709 3569 5754; x_wconf 82' lang='lat' dir='ltr'><strong>mart.</strong></span> <span class='ocrx_word' id='word_1_817' title='bbox 3593 5741 3608 5766; x_wconf 95' lang='lat'><strong>,</strong></span> <span class='ocrx_word' id='word_1_818' title='bbox 3657 5713 3778 5770; x_wconf 87' lang='lat' dir='ltr'><strong>cap.</strong></span> <span class='ocrx_word' id='word_1_819' title='bbox 3821 5702 3946 5771; x_wconf 83' lang='lat'><strong>101,</strong></span> <span class='ocrx_word' id='word_1_820' title='bbox 3986 5712 4040 5758; x_wconf 88' lang='lat' dir='ltr'><strong>et</strong></span> 
     </span>
    </p>
   </div>
   <div class='ocr_carea' id='block_1_122' title="bbox 2459 5765 2858 5820">
    <p class='ocr_par' dir='ltr' id='par_1_122' title="bbox 2459 5765 2858 5820">
     <span class='ocr_line' id='line_1_123' title="bbox 2459 5765 2858 5820; baseline -0.003 -2"><span class='ocrx_word' id='word_1_821' title='bbox 2459 5766 2604 5820; x_wconf 84' lang='lat' dir='ltr'><strong>alibi.</strong></span> <span class='ocrx_word' id='word_1_822' title='bbox 2636 5765 2858 5820; x_wconf 75' lang='lat' dir='ltr'><strong>MABILL.</strong></span> 
     </span>
    </p>
   </div>
  </div>
