4220 6456
372 304 474 357 717

894 305 1086 362 SECT.
1132 308 1171 362 Ι.
1212 335 1279 348 —-
1320 307 1901 366 HAGIOGBAPIIICA.
1948 340 2012 350 ——
2056 310 2211 365 VITA
2251 312 2561 382 QUINQUE
2605 314 2710 369 SS.
2744 314 3099 372 ABBATUM.

3526 322 3630 378 7l8

368 419 454 484 jus
490 418 746 473 honorem
776 418 1023 485 faciebat,
1061 421 1319 484 exhibuit,
1351 432 1407 474 tit
1430 424 1444 451 ι
1480 422 1611 476 intra
1643 423 1799 477 unius
1829 422 1952 475 anni
1986 428 2032 480 Α
2059 432 2262 475 ctarum
2312 438 2443 491 quas
2479 424 2543 477 ad
2576 425 2596 455 °
2633 427 2926 481 ornandum
2975 428 3253 482 ecclesiam
3301 428 3439 485 beati
3495 433 3638 488 Petri

370 512 632 566 circulum
666 528 731 567 ex
764 529 867 581 quo
908 515 1248 567 fundamenta
1279 525 1401 568 sunt
1429 516 1592 581 jacta,
1639 514 1966 566 culminibus

373 604 749 672 superpositis,
802 606 1082 658 missarum
1137 606 1265 659 inibi
1305 606 1559 659 solemnia
1592 604 1858 658 celebrari
1890 603 1968 655 vi-

375 693 551 747 deres.
578 696 598 725 ²
623 692 963 748 l’roximaute
990 705 1165 749 autem
1196 697 1259 750 ad
1291 696 1577 764 perfectum
1611 711 1793 762 opere,
1819 696 1968 748 misit

374 783 662 851 legatarios
694 782 949 849 Galliam,
998 787 1084 849 qui
1122 787 1237 840 vitri
1279 786 1526 849 factores,
1562 786 1793 839 artifices
1824 786 1969 839 vide-

380 872 504 927 licet
534 872 821 928 Britanniis
851 885 1073 929 eatenus
1119 878 1433 947 incognitus,
1480 878 1543 931 ad
1592 879 1966 931 cancellandas

382 964 636 1020 Ecclesia:
685 967 1091 1037 porticuumque
1136 979 1188 1022 et
1235 972 1629 1023 coanacu'orum
1660 972 1774 1037 ejus
1813 971 1963 1023 fene-

382 1066 524 1110 stras
552 1057 901 1111 adducerent.
954 1059 1279 1128 Factumque
1317 1070 1419 1125 est,
1460 1072 1513 1113 et
1544 1073 1835 1119 venerunt;
1871 1076 1967 1114 nec

380 1147 553 1203 solum
586 1162 718 1216 opus
745 1148 1069 1213 postulatum
1110 1151 1530 1215 compleverunt,
1560 1150 1651 1205 sed
1683 1162 1734 1204 ct
1763 1151 1963 1220 Anglo—

384 1256 502 1295 rmu
530 1256 593 1295 ex
624 1256 689 1294 eo
719 1250 930 1307 gentem
966 1241 1266 1309 hujusmodi
1297 1244 1576 1297 artificium
1610 1259 1766 1295 nosse
1794 1258 1856 1293 ac
1880 1243 1967 1295 di-

384 1346 538 1387 scere
570 1332 806 1385 fecerunt
834 1350 846 1384 :
881 1332 1163 1387 artificium
1196 1335 1443 1387 nimirum
1482 1336 1561 1387 vel
1597 1334 1856 1400 lampadis
1886 1346 1968 1385 cc-

391 1422 568 1475 clesia:
608 1423 854 1476 claustris
897 1424 979 1477 vel
1024 1437 1271 1476 vasorum
1319 1424 1623 1478 multilariis
1650 1424 1831 1477 usilms
1862 1438 1966 1475 non

388 1513 693 1582 ignobiliter
722 1524 927 1580 aptum.
960 1515 1062 1568 Sed
1113 1525 1164 1568 et
1210 1525 1401 1567 cuncta
1430 1529 1550 1581 qua:
1590 1514 1653 1566 ad
1702 1516 1885 1569 altaris
1915 1524 1970 1567 et

388 1606 630 1658 ecclesia:
661 1606 1010 1660 ministerium
1040 1608 1436 1674 competebant,
1464 1607 1483 1637 ³
1507 1623 1626 1659 vasa
1660 1618 1862 1669 sancta,
1889 1607 1968 1661 vel

390 1696 729 1757 vestimenta,
762 1698 881 1764 quia
914 1696 1059 1748 domi
1092 1697 1329 1750 invenire
1356 1714 1461 1750 non
1487 1700 1675 1764 potuit,
1705 1700 1771 1752 de
1797 1709 1971 1752 trans-

2069 514 2292 578 apostoli
2317 529 2473 581 quam
2505 524 2873 571 construxerat
2901 518 3085 573 detulit
3111 536 3127 585 ;
3156 519 3462 592 imaginem,
3497 525 3645 580 vide-

2070 601 2216 667 licet,
2249 602 2413 655 beata:
2444 604 2534 657 Dei
2562 608 2837 673 genitricis
2860 625 3179 679 semperque
3202 613 3424 683 virginis
3450 615 3646 681 Mariae,

2068 694 2226 747 simul
2248 694 2599 749 et'duodecim
2630 702 3013 769 apostolorum,
3038 703 3231 772 quibus
3256 706 3482 760 mediam
3506 706 3649 775 ejus-

2068 784 2188 836 dem
2220 785 2461 839 ecclesiae
2493 788 2836 855 testudinem,
2879 792 3044 846 ducto
3083 808 3109 845 a
3152 796 3354 862 pariete
3382 797 3445 851 ad
3480 801 3651 865 parie-

2070 883 2174 927 tem
2207 875 2441 930 tabulato
2474 880 2862 946 pratcingeret;
2904 884 3162 950 imagines
3205 888 3528 955 evangelica:
3568 889 3649 942 lti-

2075 967 2252 1019 storia:
2280 967 2467 1034 quibus
2495 968 2798 1024 Australem
2841 972 3084 1027 ecclesia:
3126 975 3386 1041 parietem
3423 978 3649 1032 decora-

2070 1064 2190 1120 ret;
2234 1058 2489 1125 imagines
2519 1059 2780 1113 visionum
2826 1061 3177 1133 Apocalypsis
3223 1064 3362 1120 beati
3389 1066 3648 1134 Joannis,

2069 1147 2257 1215 quibus
2284 1151 2760 1214 septentrionalem
2784 1168 2941 1221 atque
2972 1155 3226 1222 parietem
3256 1167 3493 1223 ornaret,
3521 1175 3650 1229 qua-

2071 1246 2224 1289 tenus
2268 1238 2527 1293 intrantes
2571 1243 2851 1295 ecclesiam
2900 1260 3087 1298 omnes
3132 1248 3292 1301 etiam
3346 1248 3644 1304 litterarmn

2070 1331 2255 1397 ignari,
2291 1348 2714 1402 quaquaversum
2758 1338 3116 1406 intenderent,
3149 1342 3233 1396 vel
3263 1356 3476 1411 semper
3504 1359 3650 1396 ama-

2071 1421 2228 1475 bilem
2250 1423 2443 1476 Christi
2467 1432 2875 1490 sanctorumque
2899 1427 3035 1495 ejus,
3058 1432 3298 1497 quamvis
3317 1433 3367 1486 in
3398 1434 3647 1503 imagine,

2070 1512 2561 1579 contemplarentur
2580 1527 2852 1583 aspectum
2876 1535 2888 1581 ;
2915 1521 2992 1572 vel
3016 1521 3293 1576 dominica:
3329 1524 3652 1579 iuraruntiu-

2073 1601 2156 1654 nis
2182 1604 2400 1670 gratiam
2420 1605 2749 1671 vigilantiore
2776 1617 2951 1661 mente
2977 1612 3297 1675 recolerent;
3325 1616 3402 1666 vel
3427 1618 3650 1668 extremi

2072 1691 2359 1747 discrimen
2392 1696 2652 1749 examinis
2676 1735 2691 1759 ,
2741 1699 2889 1762 quasi
2932 1712 3112 1752 ettram
3150 1702 3317 1754 oculis
3349 1703 3607 1759 habentes
3630 1744 3649 1771 ,

391 1785 610 1838 marinis
639 1785 946 1853 regionibus
987 1786 1270 1841 advectam
1314 1786 1592 1857 religiosus
1632 1799 1841 1857 emptor
1872 1805 1968 1843 cu-
2006 1773 2045 1829 Β
2073 1783 2366 1839 districtius
2393 1785 2550 1854 seipsi
2582 1786 2889 1841 examinare
2919 1790 3305 1845 meminissent.

394 1875 566 1929 rabat.

470 1965 532 2018 Et
566 1974 620 2018 ut
642 1980 703 2018 ca
732 1980 942 2034 quoque
964 1982 1081 2035 qua:
1111 1983 1209 2022 nec
1236 1970 1286 2022 in
1318 1970 1484 2022 Gallia
1509 1969 1720 2038 quidem
1753 1971 1973 2038 reperiri

395 2056 682 2122 valebant,
736 2057 987 2111 Romanis
1036 2075 1065 2111 e
1110 2061 1302 2114 finibus
1347 2062 1595 2115 licelesiw
1642 2078 1751 2115 suae
1795 2064 1974 2131 provi-

398 2162 489 2201 sor
530 2148 754 2217 impiger
780 2148 801 2178 ‘
834 2161 1143 2203 ornamenta
1177 2154 1257 2205 vel
1292 2154 1615 2207 munimenta
1668 2154 1972 2219 conferret;

398 2248 421 2273 η
444 2250 633 2306 quiarta
658 2238 679 2271 ⁸
707 2241 814 2305 illo,
842 2251 952 2307 pust
984 2245 1332 2310 compositum
1354 2244 1499 2312 juxta
1526 2247 1760 2313 regulam
1794 2261 1977 2299 mona-

395 2332 637 2397 sterium,
696 2333 1021 2399 proletrtittne
1072 2338 1359 2403 eumplcta,
1397 2338 1770 2404 lllUilipiiCittl'e
1815 2355 1972 2408 quam

402 2424 543 2489 prius
571 2425 923 2493 spiritualium
963 2432 1223 2479 mercium
1257 2430 1440 2481 fenore
1467 2431 1766 2483 cumulatus
1798 2432 1971 2485 rediit.

397 2513 572 2567 Primo
602 2516 740 2582 quod
774 2516 1212 2571 innumerabilem
1272 2519 1524 2572 librorum
1567 2522 1739 2575 omnis
1766 2527 1975 2590 generis

395 2606 605 2673 copiam
646 2610 985 2674 apportavit;
1038 2610 1273 2663 secundo
1302 2612 1444 2680 quod
1477 2613 1818 2680 reliquiarum
1853 2615 1973 2666 bea-

398 2709 570 2753 torum
591 2702 949 2767 apostolorum
976 2714 1374 2774 martyrumque
1391 2704 1586 2758 Christi
1612 2706 1972 2760 abundantem

396 2792 619 2859 gratiam
660 2794 841 2847 multis
874 2796 1159 2863 Anglorum
1189 2798 1432 2850 ecclesiis
1461 2798 1787 2866 profuturam
1816 2799 1977 2852 adve-

396 2883 501 2946 xit;
536 2886 692 2937 tertio
722 2886 861 2953 quod
913 2888 1154 2939 ordinem
1202 2890 1448 2942 cantandi
1478 2932 1490 2953 ,
1535 2891 1788 2958 psallendi
1820 2902 1977 2960 atque

394 2974 447 3026 in
484 2976 716 3029 Ecclesia
749 2977 1083 3032 ministrandi
1108 2979 1260 3048 juxta
1303 2998 1501 3035 morem
1538 2983 1791 3036 Romanae
1822 2985 1979 3036 iusti-

398 3063 616 3118 tutionis
646 3082 742 3118 suo
771 3071 1098 3122 monasterio
1136 3073 1494 3138 coutradid;t,
1527 3076 1796 3142 postulato
1825 3076 1973 3129 vide-

2150 1875 2310 1943 lgitur
2337 1876 2656 1931 venerabilis
2698 1878 2968 1932 Benedicti
3008 1881 3242 1949 virtute,
3293 1883 3550 1937 industria
3591 1901 3654 1939 ac

2078 1968 2358 2037 religione,
2389 1982 2481 2021 rex
2525 1968 2802 2038 Ecgfridus
2841 1986 2945 2024 non
2996 1974 3273 2026 minimum
3320 1977 3649 2037 delectatus,

2079 2068 2277 2112 terram
2308 2073 2463 2127 quam
2497 2060 2559 2113 ad
2592 2065 3005 2116 construendum
3040 2067 3421 2119 monasterium
3468 2068 3516 2119 ei
3558 2069 3653 2120 du-

2078 2158 2314 2214 naverat,
2348 2150 2470 2217 quia
2509 2149 2641 2203 bene
2669 2166 2728 2204 se
2764 2166 2826 2204 ac
2856 2152 3126 2207 fructuose
3165 2155 3393 2208 donasse
3421 2170 3649 2225 conspe-

2080 2241 2175 2307 xit,
2202 2253 2221 2279 ε
2243 2241 2589 2310 quadraginta
2605 2242 2778 2295 adltuc
2801 2242 3115 2296 familiarum
3147 2245 3267 2298 data
3293 2246 3647 2313 possessione,

2075 2341 2419 2399 augmentare
2440 2332 2673 2396 curavit;
2701 2334 2785 2385 ubi
2817 2344 2935 2401 post
2960 2350 3154 2387 annum
3182 2337 3355 2389 missis
3381 2336 3653 2389 monachis

2079 2438 2303 2475 numero
2338 2425 2501 2476 lenne
2530 2428 2713 2477 decem
2746 2436 2798 2477 et
2825 2437 3050 2492 septeni,
3077 2436 3131 2479 et
3160 2441 3442 2495 praeposuo
3463 2430 3653 2482 abbate

2078 2531 2137 2567 ac
2180 2520 2490 2586 presbytero
2531 2518 2831 2581 Ceolfrido,
2884 2521 3200 2577 Benedictus
3246 2524 3490 2576 consultu
3544 2524 3652 2576 imo

2078 2606 2235 2657 eti.m
2286 2607 2435 2675 jussu
2486 2606 2689 2675 praefati
2756 2609 2985 2679 Ecgfridi
3051 2613 3210 2682 regis,
3263 2614 3647 2669 monasterium

2076 2699 2100 2732 α
2123 2704 2257 2752 beati
2289 2700 2434 2753 l'auli
2460 2703 2681 2769 apostoli
2712 2706 3028 2767 construxit,
3052 2721 3112 2759 ea
3140 2708 3392 2760 duntaxat
3423 2710 3647 2771 ratione,

2079 2802 2131 2843 nt
2168 2809 2265 2843 ιιιιτι
2301 2795 2576 2862 utriusque
2618 2795 2719 2849 loci
2752 2811 2852 2865 pax
2882 2808 2937 2850 et
2963 2799 3243 2852 concordia
3265 2840 3280 2862 ,
3310 2801 3496 2854 eadem
3526 2816 3647 2867 rer-

2080 2894 2230 2949 petua
2265 2885 2283 2933 f
2316 2884 2591 2937 initiaritas
2617 2896 3026 2940 coaservaretur
3070 2897 3123 2942 et
3160 2890 3359 2956 gratia;
3395 2899 3451 2942 ut
3493 2890 3649 2953 sicut,

2080 2976 2227 3029 verbi
2276 2980 2441 3045 gratia
2470 3020 2484 3043 ,
2534 2994 2728 3048 corpus
2774 2996 2805 3033 a
2852 2981 3025 3049 capite
3066 2997 3160 3050 per
3186 2982 3325 3051 quod
3357 2984 3523 3051 spirat
3553 2999 3655 3036 nnu

2081 3080 2250 3134 potest
2284 3069 2463 3131 avelli,
2503 3080 2663 3137 caput
2691 3072 2930 3139 corporis
2957 3073 3077 3126 sine
3098 3073 3117 3104 "
3148 3090 3252 3141 quo
3280 3089 3384 3126 non
3418 3076 3544 3127 vivit
3569 3092 3658 3128 ne-

394 3153 521 3207 licet
568 3166 725 3223 atque
764 3170 985 3226 accepto
1017 3162 1084 3213 ab
1124 3163 1403 3231 Agathone
1445 3139 1573 3232 papa
1605 3166 1975 3222 archicantore
2003 3139 2048 3198 Ο
2081 3157 2193 3223 quit
2221 3158 2483 3220 oblivisci,
2516 3159 2583 3211 ita
2616 3160 2637 3191 ⁸
2670 3160 2843 3213 nullus
2875 3164 2986 3215 haac
3013 3166 3333 3216 monasteria
3366 3167 3656 3233 primorum

394 3248 634 3301 ceclesia:
685 3250 823 3302 beati
874 3254 1100 3319 ap0stoli
1156 3254 1293 3307 Petri
1348 3267 1401 3308 et
1447 3257 1639 3311 abbate
1669 3261 1974 3312 monasterii

394 3336 534 3389 beati
568 3338 777 3393 Martini
801 3340 827 3379 δ
857 3341 1081 3408 Joanne,
1107 3359 1261 3413 quem
1293 3347 1371 3399 sui
1404 3347 1633 3400 futurum
1669 3350 1975 3416 ntttgislt‘ntn

394 3431 707 3483 monasterii
747 3432 1050 3486 Britannias
1073 3474 1087 3498 ,
1134 3434 1425 3487 Romanum
1460 3438 1641 3506 Anglis
1670 3439 1971 3492 adduceret.

394 3517 494 3581 Qui
524 3518 615 3571 illo
646 3522 987 3587 perveniens,
1020 3541 1123 3577 non
1155 3528 1326 3578 Solum
1350 3526 1463 3580 viva
1492 3543 1620 3581 voce
1651 3545 1768 3598 qua:
1797 3530 1976 3582 Roma:

392 3608 583 3662 didicit
610 3612 971 3667 ecclesiastica
1018 3615 1345 3670 discentibus
1388 3618 1633 3681 tradidit;
1667 3623 1756 3672 sed
1788 3632 1840 3673 et
1872 3638 1973 3673 utin

396 3716 560 3768 pauca
589 3702 749 3756 etiam
784 3704 972 3758 litteris
1020 3708 1269 3760 mandata
1311 3708 1545 3777 reliquit,
1576 3723 1691 3777 qua:
1721 3709 1976 3763 hactenus

396 3791 448 3845 in
482 3790 723 3861 ejusdem
770 3798 1078 3849 monasterii
1120 3798 1441 3851 bibliotheca
1492 3800 1762 3852 memoria:
1809 3804 1975 3867 gratia

395 3893 702 3937 servantur.
745 3885 1023 3951 Quartum,
1056 3889 1371 3944 Benedictus
1412 3906 1516 3944 non
1545 3890 1651 3945 vile
1679 3909 1871 3945 munus
1900 3905 1981 3946 at-

396 3973 534 4039 tulit,
558 3976 835 4043 epistolam
864 3980 1125 4049 privilegii
1150 3996 1177 4033 a
1208 3983 1495 4037 venerabili
1522 3999 1650 4052 papa
1678 3985 1973 4053 Agathone,

391 4081 513 4119 curn
548 4067 782 4136 licentia,
809 4085 1094 4137 consensu,
1122 4075 1411 4141 desiderio,
1439 4090 1488 4131 et
1513 4077 1721 4131 hortatu
1747 4079 1974 4147 Ecgfridi

394 4156 533 4220 regis
561 4168 860 4227 acceptam,
882 4177 981 4229 qua
1014 4164 1391 4219 monasterium
1415 4166 1555 4235 quod
1586 4166 1705 4221 fecit
1744 4170 1810 4221 ab
1832 4168 1973 4221 omni

398 4261 620 4312 prorsus
652 4252 950 4307 extrinseca
984 4254 1275 4322 irrupticne
1305 4266 1470 4312 tututn
1502 4271 1757 4328 perpetuo
1790 4261 1979 4315 redde-

2080 3250 2441 3315 apostolorum
2478 3251 2708 3303 lralcrna
2738 3252 2991 3306 societate
3021 3254 3040 3284 °
3072 3254 3352 3322 conjuncta
3386 3256 3563 3322 aliquo
3593 3260 3659 3309 ab

2083 3339 2305 3393 invicem
2340 3350 2567 3393 tentaret
2597 3342 2896 3396 disturbare
2916 3355 3129 3399 conatu.
3162 3345 3455 3400 Ceolfridus
3482 3358 3656 3400 autem

2083 3430 2188 3489 hic,
2222 3446 2377 3498 quem
2407 3430 2650 3484 abbatem
2696 3431 2971 3485 constituit
3014 3434 3349 3499 Benedictus,
3395 3450 3424 3487 a
3472 3437 3657 3503 primis

2085 3523 2304 3575 iltSlilttli
2338 3524 2643 3576 monasterii
2692 3509 2884 3593 prioris
2923 3527 3157 3578 exordiis
3187 3526 3399 3595 adjutor
3444 3526 3515 3581 illi
3562 3546 3655 3596 per

2084 3613 2260 3665 omnia
2290 3615 2691 3669 strenuissimus
2720 3616 2925 3683 aderat,
2955 3627 3009 3671 et
3034 3633 3151 3671 cum
3175 3635 3238 3671 eo
3262 3629 3498 3687 tempore
3524 3634 3653 3673 cnu-

2084 3720 2215 3772 gruo
2250 3705 2470 3757 Romam
2502 3705 2741 3758 discendi
2787 3708 3087 3760 necessaria
3132 3708 3288 3761 simul
3317 3718 3370 3762 et
3398 3710 3651 3763 adoramli

2082 3795 2249 3861 gratia
2282 3794 2504 3851 adierat.
2552 3796 2668 3860 Quo
2709 3808 2945 3866 tempore
2974 3799 3129 3851 etiam
3162 3800 3531 3868 presbyterum
3561 3801 3659 3853 lia-

2084 3887 2377 3939 stervinum
2404 3890 2468 3941 de
2491 3890 2813 3943 monasterio
2836 3890 2973 3942 beati
3011 3891 3143 3942 l‘etri
3169 3890 3370 3957 eligens
3392 3890 3658 3954 abbatem,

2086 3978 2257 4032 eidem
2306 3981 2629 4032 monasterio
2669 3981 2883 4049 regendi
2931 3980 3050 4048 jure
3098 3982 3370 4048 praefecit,
3417 3993 3472 4034 ut
3502 3999 3658 4050 quem

2080 4069 2227 4122 solus
2260 4084 2362 4121 non
2411 4079 2619 4136 poterat
2667 4068 2940 4132 laborem,
2974 4071 3119 4123 socia
3150 4070 3480 4125 dilectissimi
3508 4087 3657 4129 com.

2046 4160 2339 4215 ‘ntilitonis
2378 4164 2575 4216 virtute
2622 4164 2791 4217 levius
2835 4166 3014 4218 terret.
3067 4164 3177 4218 Nec
3223 4166 3290 4217 ab
3336 4180 3393 4219 re
3422 4166 3664 4220 videatur

2084 4254 2329 4321 cuiquam
2357 4256 2491 4310 duos
2518 4270 2681 4308 unum
2709 4255 3088 4309 monasterium
3113 4258 3267 4311 simul
3296 4257 3542 4313 habuisse
3572 4262 3665 4311 ali-

396 4346 545 4392 retur
571 4354 635 4395 ac
663 4342 907 4397 liberum.
952 4343 1224 4411 Quintum,
1271 4347 1501 4415 picturas
1530 4350 1813 4418 imaginum
1853 4366 1975 4405 san-
2006 4339 2056 4398 Ι)
2083 4353 2247 4405 bates.
2287 4350 2431 4404 Fecit
2471 4354 2571 4405 hoc
2600 4353 2848 4420 lrequens
2880 4353 3019 4407 illius
3051 4367 3144 4421 pro
3175 4351 3483 4407 monasterii
3520 4352 3659 4406 utili-

1363 4438 1832 4500 VULGATORUM
1878 4446 2273 4502 VARIANTES
2314 4446 2601 4501 LECTION
2614 4447 2721 4502 ES.

467 4535 481 4564 ¹
516 4532 677 4584 Inter.

464 4606 484 4635 ²
515 4600 850 4655 Proximante
877 4604 961 4655 ad.

464 4673 487 4705 ⁸
528 4671 659 4721 Vasa
689 4671 900 4737 scilicet,
930 4676 1022 4726 vel.

464 4742 485 4771 ⁸
521 4742 831 4793 οσηαηιωιια
863 4755 915 4795 ut
947 4746 1281 4798 nranimento.

465 4811 487 4842 ⁸
518 4811 642 4865 Illa.

2159 4540 2178 4570 ⁸
2208 4541 2524 4594 Ornandam.

2157 4612 2176 4639 "
2209 4612 2321 4677 Quo
2352 4628 2461 4664 nec.

2156 4681 2178 4711 ⁸
2206 4681 2398 4734 Nullus
2427 4684 2750 4738 monasteria.

2157 4758 2177 4784 ν
2206 4749 2495 4804 Conciliato.

1702 4889 2063 4948 VARIOBUM
2103 4887 2330 4945 NOTAE.

462 4981 487 5009 ι
523 4971 917 5045 Quartn._Flor.
949 4972 1091 5045 Wig.
1132 4976 1317 5029 scribit
1364 4976 1707 5033 Benedictum
1742 4994 1832 5033 an.
1870 4979 1974 5034 676

392 5042 533 5117 hanc
562 5042 1062 5117 peregrinationem
1085 5060 1427 5115 aggressum;
1479 5049 1572 5102 sed
1616 5051 1865 5117 quoniam
1899 5050 1975 5104 Ie-

389 5113 565 5189 gimus
594 5128 713 5167 eum
747 5114 1038 5189 honorifice
1068 5113 1372 5189 susceptum
1402 5119 1469 5172 ab
1502 5113 1774 5189 Agathone
1804 5134 1967 5187 papa,

393 5183 485 5247 qui
515 5198 617 5236 non
649 5194 773 5235 ante
804 5199 892 5235 an.
925 5186 1028 5238 678
1058 5187 1122 5238 ad
1164 5183 1300 5240 beati
1344 5188 1482 5242 Petri
1511 5183 1819 5242 cathedram
1850 5183 1973 5242 «ἐνθέ

390 5262 640 5328 ctusest,
673 5253 756 5328 hic
784 5270 952 5328 annus
983 5256 1157 5328 potius
1188 5260 1312 5311 mihi
1347 5260 1554 5313 videtur
1577 5260 1867 5328 eligendus.
1894 5259 1971 5315 De

391 5323 495 5374 hoc
523 5324 710 5377 itinere
744 5324 900 5378 latius
929 5323 1089 5388 Beda,
1124 5343 1199 5388 tv,
1232 5328 1317 5381 l6.
1348 5329 1540 5384 Saturn.

466 5390 492 5428 ι)
519 5391 736 5470 Joanne.
768 5394 841 5470 De
882 5396 999 5470 ipso
1042 5396 1246 5470 Joanne
1274 5414 1337 5470 ac
1370 5401 1645 5470 privilegio
1676 5400 1969 5469 Agathonis

390 5476 541 5529 papa:
572 5464 727 5516 latius
757 5466 864 5529 agit
895 5468 1030 5520 Beda
1066 5482 1137 5530 iv,
1171 5469 1256 5521 18.
1289 5464 1478 5523 Suirn.

469 5546 489 5609 ξ
526 5533 899 5609 Quadraginta.
935 5540 1105 5590 Etiam
1132 5540 1477 5609 quadraginta
1511 5540 1636 5609 legit
1666 5538 1968 5595 Florentius

390 5599 820 5670 Wiguruiensis;
852 5609 989 5661 unde
1017 5599 1363 5675 corrigendos
1398 5599 1671 5663 Mattlnveus
1704 5610 1971 5664 Westmo-

391 5675 1060 5750 {rasterieiisismonachus
1094 5680 1493 5750 quisexnginta
1526 5680 1751 5749 familias
1785 5682 1963 5734 habet.

392 5738 562 5799 Porro
591 5744 804 5800 familia:
833 5750 1047 5803 nomine
1092 5738 1336 5818 intelligit
1356 5738 1718 5804 "Beda'lndam
1760 5766 1854 5804 scu
1884 5768 1971 5805 ca-

2081 4988 2357 5043 rucatam;
2398 4985 2449 5033 et
2494 4976 2650 5045 prisci
2684 4977 2923 5031 homines
2968 4985 3271 5031 carucalam
3319 4974 3655 5032 :estimabant

2081 5060 2236 5102 terra:
2264 5049 2559 5116 portionem
2594 5048 2749 5101 unius
2784 5049 2948 5101 aratri
2989 5048 3207 5102 cultura:
3246 5046 3481 5113 quolibet
3507 5062 3649 5102 anno

2078 5118 2456 5183 sufficientem,
2488 5119 2629 5186 quod
2666 5118 2900 5171 Warreus
2928 5121 3217 5172 annotavit.
3247 5116 3468 5170 Manum.
3672 5130 3673 5135 ‘

2147 5188 2172 5226 ἀ
2200 5188 2347 5243 Beati
2379 5189 2552 5242 Pauli.
2595 5188 2963 5242 Monasterium
2999 5191 3097 5241 hoc
3128 5204 3213 5240 an.
3248 5187 3351 5240 682
3377 5187 3646 5243 inchoavit

2078 5259 2414 5325 Benedictus,
2444 5260 2742 5313 Ceolfridus
2773 5258 2995 5327 perfecit
3023 5274 3109 5311 an.
3141 5257 3279 5320 68l;
3308 5258 3355 5309 id
3398 5258 3537 5323 quod
3568 5267 3650 5310 te-

2075 5341 2246 5383 statur
2289 5342 2439 5384 vetus
2471 5330 2745 5397 inscriptio
2786 5330 2970 5398 parieti
3001 5329 3240 5381 ecclesia:
3270 5329 3531 5395 quondam
3566 5329 3649 5380 iu-

2075 5402 2278 5465 Sculpta
2321 5402 2458 5454 hunc
2508 5404 2558 5453 in
2607 5397 2857 5452 modum:
2913 5397 3176 5451 Dedicuiio
3217 5399 3439 5451 ecclesia:
3483 5400 3650 5451 sancti

2078 5471 2235 5523 l’aut’i
2272 5488 2356 5524 vttt
2392 5471 2614 5523 Kalend.
2650 5470 2798 5534 Maii,
2828 5486 2916 5523 an.
2953 5470 3015 5537 lii
3050 5467 3281 5537 Ecgfridi
3319 5470 3469 5537 regis,
3500 5467 3650 5522 Ceol-

2078 5543 2199 5611 fridi
2224 5544 2435 5607 abbatis,
2467 5543 2690 5610 ejusdem
2718 5541 2938 5593 ecclesia:
2978 5536 3084 5591 Deo
3123 5536 3325 5591 auctore
3352 5536 3651 5603 conditoris,

2078 5630 2212 5665 anno
2244 5615 2295 5666 4.
2328 5612 2416 5667 Sic
2452 5613 2588 5678 apud
2621 5611 2883 5664 Warmum
2930 5621 2982 5662 et
3022 5611 3369 5662 Monasticum
3401 5610 3651 5679 Anglica-

2080 5700 2225 5749 noui,
2260 5699 2377 5736 nam
2410 5681 2648 5737 Bolland.
2679 5696 2812 5734 anno
2846 5682 2911 5736 16
2945 5680 3123 5737 habet.
3156 5683 3256 5735 ΜΔὶ
3278 5694 3383 5733 ιιι.
