4220 6476
664 314 782 382 '71‘9

1428 326 1629 384 BEDE
1673 326 2129 385 VENERABILIS
2166 322 2313 381 OPP.
2359 323 2533 381 PARS
2570 325 2660 381 IV.
2697 354 2767 366 —
2810 322 3193 382 HISTOBICA.

3832 329 3937 385 720

676 452 784 497 tate
813 440 1089 511 profectio,
1124 439 1312 495 creber
1337 448 1485 494 trans
1510 440 1779 494 Oceanum
1806 454 2053 511 egressus
2080 440 2251 495 incer-
2278 442 2321 493 Α
2357 435 2625 490 domando
2648 476 2663 500 ,
2705 436 2788 490 vel
2817 435 3166 490 ventilabrum
3214 449 3371 489 manu
3424 436 3821 504 concutiendo,
3846 440 3937 491 vel

679 545 873 602 tusque
902 546 1193 601 regressus.
1227 530 1358 585 Nam
1391 538 1446 586 et
1475 531 1838 586 beatissimum
1879 531 2093 587 Petrum
2124 545 2251 595 apo-

678 625 871 678 stolum
914 624 1092 677 ltoma-
1142 623 1414 689 pontifices
1448 631 1473 659 ἰ
1506 624 1607 678 sub
1636 638 1693 677 se
1720 623 1855 677 duos
1887 638 1981 693 per
2006 622 2247 677 ordinem

676 716 740 770 ad
772 716 1049 785 regendam
1086 715 1373 770 licclesiam
1414 716 1779 784 constituisse,
1827 728 1986 769 causa
2018 715 2249 768 instante

679 812 1002 879 necessaria,
1032 812 1246 864 tradunt
1284 810 1539 865 historiae.
1594 811 1655 863 Et
1697 810 1807 878 ipse
1836 822 2060 878 magnus
2087 807 2251 859 abbas

680 900 1017 966 Benedictus,
1048 903 1185 954 sicut
1215 902 1279 955 de
1306 902 1394 954 illo
1427 902 1610 955 beatus
1638 915 1768 969 papa
1801 899 2088 968 Gregorius
2110 897 2246 949 scri-

679 992 783 1058 bit,
814 993 1095 1047 duodecim
1138 995 1355 1047 abbates
1398 995 1507 1047 suis
1549 991 1824 1059 discipulis
1850 1034 1863 1057 ,
1919 1000 2073 1059 prout
2120 988 2251 1042 utile

670 1083 973 1152 judicavit,
1020 1084 1134 1137 sine
1181 1084 1456 1138 charitatis
1494 1084 1835 1144 detrimento,
1886 1081 1993 1135 imo
2035 1095 2129 1147 pro
2156 1095 2251 1132 au-

669 1184 893 1242 gmento
919 1173 1195 1228 charitotis
1220 1174 1477 1244 prarfecit.

750 1266 998 1333 Suscepit
1045 1264 1204 1334 igitur
1252 1275 1577 1320 memoratus
1604 1264 1685 1317 vir
1721 1277 1900 1317 curam
1942 1261 2247 1316 monasterii

672 1354 918 1422 regendi,
952 1368 1094 1407 nono
1125 1368 1185 1406 ex
1219 1370 1322 1422 quo
1352 1354 1620 1408 fundatum
1651 1360 1733 1407 est
1756 1367 1916 1406 anno.
1950 1348 2249 1405 Permansit

675 1445 728 1500 in
760 1461 824 1499 eo
853 1461 1019 1512 usque
1046 1446 1110 1498 ad
1143 1447 1344 1499 obitum
1374 1460 1528 1499 suum
1561 1424 1713 1498 annis
1742 1428 1990 1514 quatuor,
2038 1442 2117 1494 vir
2148 1456 2247 1495 no-

670 1536 819 1601 bilis,
853 1536 945 1590 sed
976 1537 1182 1605 insigne
1215 1535 1508 1589 nobilitatis
1537 1550 1641 1589 non
1680 1533 1744 1588 ad
1790 1534 2056 1601 iactantiae
2086 1540 2249 1586 mate-

669 1610 825 1691 riem,
858 1636 912 1681 ut
943 1627 1179 1695 quidam,
1209 1626 1627 1695 despectumque
1655 1625 1905 1691 aliorum,
1929 1623 2021 1678 sed
2051 1626 2114 1675 ad
2137 1636 2249 1676 ma-

669 1722 866 1788 jorem,
889 1728 944 1771 ut
979 1717 1068 1770 Dei
1099 1731 1308 1770 servum
1342 1716 1531 1779 decet,
1573 1715 1734 1769 animi
1765 1715 2090 1769 nobilitatem
2117 1726 2247 1767 con-

670 1817 904 1861 vertens.
942 1806 1202 1859 Patrueiis
1229 1808 1423 1874 quippe
1451 1814 1565 1858 erat
1601 1803 1806 1858 abbatis
1836 1803 1916 1857 sui
1946 1802 2239 1868 Benedicti,

669 1895 764 1948 sed
791 1895 1066 1949 amborum
1091 1903 1231 1946 tanta
1256 1893 1448 1947 mentis
1473 1894 1787 1961 ingenuitas,
1813 1892 1931 1947 talis
1958 1892 2239 1945 niundanze

666 1986 1008 2055 ingenuitatis
1039 1986 1135 2038 luit
1162 1999 1255 2053 pro
1283 1985 1448 2039 nihilo
1476 1994 1833 2053 contemptus,
1865 1994 1923 2038 ut
1948 1998 2117 2052 neque
2139 1983 2238 2038 ista

662 2078 1047 2132 monasterium
1087 2076 1379 2145 ingressus,
1414 2078 1642 2145 aliquem
1672 2076 1773 2129 sibi
1803 2090 1910 2146 pra:
1936 2075 2146 2131 cmteris
2168 2076 2239 2132 ob

664 2170 909 2221 intuitum
963 2166 1439 2236 consanguinitatis
1493 2176 1584 2220 aut
1636 2166 1928 2221 nobilitatis
1981 2166 2236 2221 honorem

660 2258 1050 2328 qttmtcudum,
1107 2273 1278 2326 neque
1327 2257 1416 2312 ille
1466 2267 1676 2325 putaret
1722 2257 2093 2324 ollercndum,
2144 2258 2238 2313 sed

662 2352 851 2416 atquali
892 2365 1009 2403 cum
1059 2348 1312 2402 l'ratrLbus
1361 2348 1511 2402 lance
1557 2349 1677 2403 boni
1729 2349 1985 2419 propositi
2029 2349 2238 2420 juvenis

662 2442 986 2511 gloriabatur
1012 2456 1070 2495 se
1099 2443 1392 2511 regularem
1424 2456 1516 2510 per
1540 2442 1721 2495 omnia
1761 2457 1980 2497 servare
2005 2441 2239 2511 discipli-

662 2550 808 2588 nam.
844 2536 906 2587 lit
931 2534 1141 2601 quidem
1174 2548 1292 2588 cum
1328 2533 1511 2587 fuisset
1536 2534 1778 2588 minister
1812 2533 2040 2604 Ecgfridi
2076 2535 2234 2603 regis,

662 2626 864 2680 relictis
894 2626 1055 2679 semel
1090 2625 1317 2693 negotiis
1356 2624 1730 2689 sarcularibus,
1762 2625 2017 2692 depositis
2048 2625 2234 2689 armis,

660 2728 933 2786 assumpta
966 2716 1148 2769 militia
1189 2714 1449 2783 spirituali
1475 2753 1491 2777 ,
1541 2723 1739 2768 tantum
1780 2714 1971 2768 mansit
2000 2714 2235 2779 humilis,

659 2813 987 2875 fratrumque
1019 2805 1323 2859 simillimus
1353 2804 1603 2870 aliorum,
1644 2814 1700 2856 ut
1732 2804 1988 2858 ventilare
2013 2820 2129 2856 cum
2159 2803 2237 2859 eis

660 2909 715 2953 et
744 2899 1011 2961 triturare,
1043 2910 1172 2949 oves
1203 2896 1502 2963 vitulasque
1532 2894 1789 2963 mulgere,
1823 2896 1873 2947 in
1907 2896 2150 2962 pistrino,
2183 2895 2233 2948 in

667 2989 845 3051 horto,
889 2989 939 3041 in
981 2986 1227 3054 coquina,
1285 2987 1335 3041 in
1382 2986 1587 3041 cunctis
1634 2987 1941 3041 monasterii
1986 2987 2236 3054 operibus

654 3081 925 3147 jucundus
962 3087 1017 3134 et
1059 3079 1314 3133 obediens
1344 3078 1598 3147 gauderet
1626 3080 1883 3133 exerceri.
1918 3079 2021 3133 Sed
2062 3091 2113 3132 et
2141 3079 2234 3135 ab-

2352 528 2492 582 aliud
2519 527 2641 597 quid
2673 527 2777 581 tale
2804 527 3063 595 gerendo.
3116 527 3243 582 Erat
3279 530 3419 583 enim
3458 539 3513 583 et
3544 530 3743 583 viribus
3785 532 3938 586 fortis

2349 617 2585 687 juvenis,
2618 625 2672 671 et
2701 618 2874 685 lingua
2922 619 3139 682 suavis;
3187 618 3279 672 scd
3326 628 3381 673 et
3405 620 3586 673 animo
3616 620 3801 675 hilaris
3824 662 3843 690 ,
3883 635 3937 677 et

2355 694 2614 763 beneﬁcio
2662 709 2839 775 largus
2866 747 2881 774 ,
2932 717 2988 763 et
3034 708 3289 762 honestus
3319 719 3556 777 aspectu.
3598 711 3801 764 Eocem
3828 727 3938 781 quo

2354 802 2547 857 fratres
2597 802 2778 856 caeteri
2826 802 2981 867 cibo,
3028 816 3239 871 semper
3282 796 3467 857 eadem
3516 804 3835 858 vescebatur
3880 804 3935 860 in

2351 893 2512 945 domo
2538 932 2552 954 ,
2598 893 2714 959 ipso
2753 907 2857 959 quo
2900 893 3205 961 priusquam
3238 893 3260 923 ⁸
3289 894 3452 947 abbas
3488 904 3629 949 esset
3658 895 3936 950 (θωπιπηί

2351 983 2651 1035 dormiebat
2679 985 2730 1036 in
2762 984 2898 1046 loco,
2930 983 3064 1037 adeo
3094 993 3146 1035 ut
3168 986 3327 1036 etiam
3356 985 3540 1038 morbo
3565 999 3849 1054 correptus
3878 995 3936 1042 et

2352 1075 2531 1128 obitus
2561 1076 2640 1127 sui
2672 1074 2831 1127 ccrtis
2861 1091 2924 1128 ex
2953 1074 3118 1142 signis
3149 1074 3257 1142 jam
3291 1077 3559 1141 praascius,
3589 1078 3723 1131 duos
3751 1077 3935 1133 adhuc

2351 1165 2467 1220 dies
2497 1166 2549 1220 in
2578 1165 2895 1221 dormitorio
2924 1167 3145 1220 fratrum
3186 1169 3503 1235 quiesceret.
3530 1168 3662 1221 Nam
3693 1169 3931 1237 quinque

2351 1256 2589 1324 reliquos
2620 1269 2786 1326 usque
2812 1256 2876 1309 ad
2907 1256 3081 1311 exitus
3122 1256 3305 1311 horam
3345 1259 3459 1313 dies
3487 1260 3537 1312 in
3564 1262 3841 1314 secretiori
3870 1276 3930 1314 se

2350 1344 2465 1399 aede
2496 1344 2704 1399 locabat
2736 1362 2748 1397 :
2782 1360 2883 1415 qua
2914 1346 2997 1400 die
3033 1346 3256 1414 quadam
3299 1347 3600 1417 egrediens,
3628 1361 3683 1403 et
3712 1352 3815 1405 sub
3838 1352 3927 1406 dio

2349 1433 2614 1499 residens,
2645 1436 2832 1489 accitis
2852 1434 2917 1489 ad
2947 1451 3005 1490 se
3034 1436 3281 1491 fratribus
3300 1440 3524 1503 ctmctis,
3554 1455 3702 1494 more
3724 1450 3925 1497 natum

2351 1525 2713 1579 misericordis
2744 1526 2981 1579 osculum
3012 1526 3158 1596 pacis
3202 1528 3278 1582 eis
3322 1527 3571 1583 ﬂentibus
3607 1545 3670 1584 ac
3694 1532 3762 1585 de
3801 1536 3925 1586 abs-

2349 1633 2502 1672 cessu
2554 1622 2685 1672 tanti
2748 1618 2920 1674 Patris
2963 1633 3017 1674 et
3069 1622 3294 1687 pastoris
3355 1624 3701 1678 mmreutibus
3750 1626 3921 1682 dedt.

2351 1710 2376 1749 δ
2398 1709 2541 1764 Obiit
2567 1718 2742 1765 autem
2774 1710 2796 1741 ⁵
2830 1721 2851 1749 ο
2886 1725 2981 1781 per
3010 1711 3184 1767 Nonas
3206 1714 3442 1779 Martias,
3464 1724 3643 1783 noctu,
3672 1716 3921 1774 fratribus

2274 1794 2320 1852 Β
2348 1802 2622 1855 matutina:
2666 1801 2975 1870 psalmodite
3020 1803 3172 1857 laude
3201 1805 3526 1859 vacantibus.
3564 1806 3757 1875 Viginti
3783 1824 3921 1875 qua-

2344 1907 2464 1953 tuor
2497 1914 2758 1955 annorum
2796 1910 2912 1954 erat
2939 1915 3059 1955 cum
3094 1901 3474 1955 monasterium
3507 1910 3742 1968 peteret,
3775 1900 3917 1953 duo-

2341 1990 2513 2045 decim
2546 1990 2598 2044 iu
2630 2006 2695 2045 eo
2728 1992 2854 2046 vixit
2883 1991 3056 2055 annis,
3082 1999 3285 2059 septem
3316 1989 3679 2059 presbyteratu
3705 1990 3920 2043 functus

2340 2092 2423 2137 est
2448 2082 2623 2145 annis,
2647 2091 2873 2149 quatuor
2895 2097 2958 2135 cx
2979 2081 3057 2135 eis
3084 2080 3395 2135 monasterii
3425 2079 3660 2151 regimen
3690 2080 3917 2147 agebat;

2342 2185 2404 2226 ac
2434 2173 2512 2227 sic
2559 2180 2805 2226 terrenos
2836 2182 2982 2225 artus
3021 2171 3439 2241 moribundaque
3484 2170 3717 2226 membra
3756 2168 3921 2224 relin-

2340 2276 2529 2333 quens,
2560 2262 2795 2316 etnlestia
2829 2275 2986 2330 regna
3019 2260 3226 2329 petivit.

2415 2355 2605 2409 Verum
2646 2354 2727 2408 his
2753 2352 2822 2409 de
2850 2355 2948 2407 vita
2976 2353 3291 2408 venerabilis
3335 2352 3627 2407 Eastervini
3669 2351 3910 2405 breviter

2340 2445 2650 2515 przelibatis,
2687 2446 2968 2500 redeamus
2997 2445 3061 2498 ad
3092 2444 3333 2499 ordinem
3382 2444 3645 2498 narrandi.
3696 2443 3917 2496 Consti-

2343 2546 2458 2591 tuto
2487 2537 2577 2591 illo
2621 2537 2813 2591 abbate
2863 2537 3177 2590 Benedictus
3223 2534 3544 2589 monasterio
3593 2535 3728 2588 beati
3768 2534 3913 2587 Petri

2339 2633 2588 2700 apostoli,
2638 2630 2926 2686 constituto
2978 2639 3031 2683 et
3073 2627 3343 2683 Ceolfrido
3396 2626 3715 2681 manasterio
3768 2626 3914 2681 beati

2340 2723 2508 2787 Pauli,
2537 2737 2642 2776 non
2673 2722 2839 2775 multo
2873 2730 2991 2790 post
3013 2721 3267 2789 temporis
3295 2719 3466 2789 spatio
3489 2718 3515 2756 ἀ
3542 2720 3565 2751 ⁵
3584 2718 3763 2788 quinta
3793 2720 3914 2775 vice

2338 2816 2406 2871 de
2453 2816 2721 2869 Britannia
2773 2814 2995 2868 Romam
3025 2813 3046 2843 ⁸
3075 2826 3381 2876 accurrens,
3434 2812 3724 2867 innumeris
3771 2812 3915 2866 sicut

2338 2921 2551 2974 semper
2585 2904 3065 2961 ecclesiasticoum
3115 2902 3269 2957 donis
3311 2902 3709 2956 commodorum
3760 2902 3911 2956 locu-

2339 2998 2571 3066 pletatus
2598 2994 2775 3059 rediit,
2806 3009 2991 3061 magna
3025 2993 3235 3062 quidem
3264 2993 3414 3063 c0pia
3456 2994 3781 3047 voluminum
3818 3007 3911 3048 sa-

2332 3101 2493 3140 croru
2519 3105 2572 3149 u,
2618 3085 2711 3139 sed
2745 3100 2848 3138 non
2881 3084 3094 3148 minori,
3146 3084 3283 3138 sicut
3309 3094 3363 3138 et
3391 3084 3557 3151 prius,
3603 3092 3908 3139 sanctarum

658 3173 795 3225 batis
824 3171 1079 3239 regimine
1103 3169 1376 3240 graduque
1398 3181 1693 3239 assumpto,
1720 3169 1907 3225 eodem
1929 3171 2107 3225 animo
2131 3185 2234 3241 quo
2263 3162 2308 3224 C
2341 3176 2625 3244 imaginum
2656 3188 2878 3228 munere
2905 3174 3128 3227 ditatus.
3174 3172 3304 3226 Nam
3356 3182 3409 3226 et
3457 3183 3582 3226 tunc
3624 3174 3908 3227 dominicae

658 3266 807 3331 prius
840 3264 1083 3317 manebat
1113 3262 1177 3316 ad
1206 3277 1392 3317 omnes
1416 3303 1431 3327 ,
1468 3262 1618 3331 juxta
1650 3262 1700 3315 id
1734 3264 1873 3332 quod
1906 3263 2118 3331 quidam
2149 3278 2236 3319 sa-

656 3357 808 3425 piens
837 3355 1087 3408 admonet
1110 3354 1323 3407 diecns:
1352 3351 1619 3407 Rectorem
1645 3363 1691 3406 te
1706 3355 2103 3419 constituerunt,
2128 3356 2236 3408 noli

652 3446 852 3510 extolli,
880 3446 968 3498 sed
994 3456 1101 3498 esto
1131 3446 1181 3497 in
1204 3445 1326 3507 illis,
1358 3443 1504 3512 quasi
1531 3460 1661 3497 unus
1687 3460 1751 3498 ea:
1772 3445 1893 3511 illis,
1923 3445 2079 3513 milia,
2101 3445 2233 3512 offa-

658 3538 794 3601 bilis,
825 3544 872 3590 et
904 3536 1145 3605 benignus
1184 3534 1537 3588 omnibux.’Et
1564 3533 1779 3604 quidem
1805 3577 1821 3602 ,
1863 3533 1950 3589 ubi
1981 3544 2232 3604 opportu-

660 3644 785 3681 uuru
831 3627 847 3655 ί
878 3626 1262 3693 comperiehat,
1313 3634 1594 3693 peccantes
1661 3624 1889 3694 regulari
1954 3625 2230 3694 disciplina

654 3718 676 3747 ¹
707 3730 980 3779 coercens,
1013 3716 1104 3767 sed
1147 3717 1314 3783 magis
1341 3723 1515 3767 tamen
1546 3712 1776 3781 ingenita
1814 3714 2067 3784 diligendi
2099 3732 2229 3771 con-

660 3807 943 3859 suetudinc
971 3805 1187 3859 sedulus
1216 3805 1507 3859 admonens
1531 3846 1548 3872 ,
1590 3819 1656 3859 ne
1683 3805 1772 3875 qui
1805 3819 2021 3875 peccare
2052 3809 2231 3875 vellet,

654 3909 711 3952 et
743 3898 1164 3965 Iimpidissimam
1197 3898 1371 3951 vultus
1401 3897 1516 3966 ejus
1563 3898 1734 3952 lucctn
1784 3898 1962 3953 nubilo
1988 3900 2086 3955 sibi
2120 3916 2231 3954 sure

660 3992 1042 4060 inquietudiuis
1073 3990 1422 4044 abscondere.
1465 3989 1616 4060 Saepe
1646 4005 1741 4059 pro
1771 3992 2020 4047 curandis
2044 4008 2230 4047 mona-

656 4082 805 4136 sterii
832 4082 1057 4151 negotiis
1085 4082 1273 4135 alicubi
1302 4081 1622 4150 digrediens,
1650 4083 1733 4135 ubi
1765 4093 2048 4152 operantes
2079 4083 2233 4139 inve-

659 4174 738 4228 nit
768 4176 980 4238 fratres,
1011 4174 1219 4228 solebat
1243 4174 1320 4227 eis
1346 4173 1624 4228 confestim
1670 4174 1720 4229 in
1751 4188 1915 4243 Opere
1942 4179 2229 4246 conjungi,

657 4265 744 4319 vel
773 4265 934 4319 aratri
963 4279 1203 4335 gressum
1233 4266 1367 4319 stiva
1401 4267 1652 4336 regendo,
1696 4267 1779 4323 vel
1806 4266 2006 4324 ferrum
2037 4273 2232 4329 malleo

2342 3266 2577 3320 historia:
2608 3265 2839 3333 picturas
2867 3263 3060 3332 quibus
3094 3271 3258 3316 totam
3297 3262 3462 3315 beata
3493 3263 3580 3316 Dei
3610 3264 3908 3331 genitricis,

2338 3371 2495 3428 quam
2540 3357 2590 3410 iu
2636 3356 2958 3409 monasterio
3002 3355 3202 3421 majore
3252 3352 3472 3421 fecer-at,
3524 3354 3801 3407 ecclesiam
3853 3355 3908 3408 in

2336 3463 2467 3520 gyro
2493 3458 2806 3511 emanaret;
2836 3444 3089 3515 imagines
3118 3459 3328 3514 quoque
3356 3445 3421 3496 ad
3466 3445 3757 3497 ornandum
3788 3459 3906 3497 uto-

2337 3542 2624 3596 nasterium
2643 3538 3023 3606 ccclesiatnquc
3050 3535 3217 3589 bcati'
3239 3547 3258 3570 ι’
3274 3535 3422 3589 Pauli
3440 3536 3658 3603 apostoli
3687 3535 3753 3589 de
3778 3547 3903 3590 eon-

2336 3631 2517 3687 cordia
2574 3630 2768 3685 veteris
2816 3639 2869 3682 et
2911 3626 3035 3681 novi
3078 3614 3401 3680 ‘l'estauunti
3449 3638 3654 3678 summa
3702 3626 3909 3679 ratione

2333 3720 2659 3789 compositas
2688 3718 2931 3775 exhibuit
2960 3734 2971 3770 :
2997 3717 3141 3771 verbi
3166 3716 3353 3785 gratia,
3382 3716 3523 3770 Isaac
3552 3716 3687 3784 ligna
3712 3717 3907 3783 quibus

2336 3813 2701 3871 immolaretur
2730 3820 3051 3881 portantem,
3082 3820 3137 3864 et
3170 3808 3448 3862 Dominum
3478 3823 3689 3862 crucem
3718 3807 3772 3859 in
3801 3821 3906 3874 qua

2336 3918 2609 3979 pateretur
2654 3920 2807 3974 aeque
2853 3904 3444 3974 portantem,proxima
3490 3915 3648 3966 super
3680 3900 3901 3953 invicem

2338 3999 2578 4069 regione,
2613 3995 2812 4065 pictura
2862 3993 3156 4062 conjunxit.
3191 3992 3320 4047 Item
3360 3992 3595 4058 serpenti
3632 3990 3681 4042 in
3722 4003 3905 4041 eremo

2336 4106 2366 4145 a
2418 4090 2600 4160 Moyse
2650 4088 2905 4152 exaltato,
2962 4085 3150 4139 Filium
3184 4083 3497 4137 hominisiu
3526 4094 3684 4135 cruce
3707 4080 3906 4134 exalta-

2338 4192 2449 4237 tum
2481 4179 2830 4251 comparavit.
2863 4175 3052 4233 Attulit
3081 4177 3221 4231 inter
3248 4175 3349 4228 alia
3384 4182 3438 4228 et
3486 4171 3644 4241 pallia
3672 4170 3777 4224 duo
3810 4171 3904 4221 hu-

2336 4275 2563 4332 loserica
2617 4270 3017 4341 incomparandi
3079 4267 3302 4339 operis,
3358 4264 3549 4336 quibus
3598 4272 3788 4332 postea
3837 4261 3905 4314 ab

1618 4376 2087 4438 VULGATOBUM
2130 4384 2522 4445 VARIANTES
2560 4382 2963 4442 LECTIONES.

723 4484 742 4516 ι
779 4468 1092 4537 Reperiebat.

723 4555 744 4585 ι
774 4542 1037 4601 Coercens.
1069 4540 1247 4608 magis.

724 4617 743 4647 ³
772 4611 935 4665 Abbas
957 4620 1081 4665 erat.

716 4681 744 4716 δ
770 4682 948 4736 Pridie
976 4680 1175 4736 Nonus.

2405 4481 2427 4512 ⁶
2469 4478 2666 4546 Quarta
2695 4475 2817 4530 vice.

2407 4551 2428 4583 ⁸
2470 4549 2766 4603 Occurrens.

2405 4616 2426 4647 '
2468 4618 2625 4674 Pauli
2654 4614 2814 4669 nostri
2842 4612 2926 4676 de,

1961 4774 2311 4833 VARIORUM
2348 4771 2578 4830 ΝΟΤᾹΞ.

722 4882 749 4911 ἰ
784 4871 890 4927 Sub
918 4886 971 4923 se
999 4871 1145 4923 duos.
1196 4867 1435 4939 Meminit
1458 4868 1677 4936 hujusce
1706 4867 1827 4925 facti
1875 4870 2220 4937 Epiphanius,
2252 4879 2301 4939 ι)
2330 4869 2507 4939 sterio
2521 4864 2689 4921 sancti
2719 4862 2867 4939 Pauli
2905 4859 3405 4939 (legendttm_s_gncti
3437 4855 3577 4911 Petri
3598 4870 3763 4939 ,_na_m
3797 4855 3902 4939 Ea:

649 4945 840 4998 haeresi
868 4941 956 4996 l8.
1006 4941 1139 4993 Sunt
1177 4947 1231 4993 ct
1258 4939 1360 5009 alia
1392 4938 1442 4992 id
1472 4940 1909 5009 genusiexempla
1941 4942 2077 5009 apud
2113 4941 2221 4994 Eu-

644 5014 852 5068 sebium
885 5010 1239 5079 Pamphilum.
1275 5008 1549 5080 Narcissus
1573 5051 1586 5074 ,
1629 5008 2080 5079 Jerosolymorum
2109 5012 2225 5080 epi-

647 5098 862 5151 scopus,
894 5082 1250 5135 Alexandrum
1282 5080 1332 5151 in
1360 5078 1450 5132 lib.
1484 5095 1554 5145 vt,
1582 5095 1700 5148 cap.
1737 5081 1823 5151 ll;
1844 5078 2222 5145 ’Theotecnus,

642 5148 904 5208 Caesarea:
937 5151 1228 5205 Palmstintc
1249 5150 1549 5215 episcopus,
1587 5148 1910 5215 Anatolium,
1934 5151 1985 5204 in
2010 5151 2106 5205 lib.
2131 5166 2223 5213 vn,

647 5240 765 5291 cap.
817 5223 925 5286 32-,
976 5221 1206 5289 collegas
1252 5219 1681 5291 liabnernnt.__l§t
1723 5220 1886 5274 hocce
1925 5223 2122 5276 sacculo
2154 5236 2224 5275 vtt

649 5288 867 5348 sanctus
899 5288 1163 5359 Sulpicius
1185 5289 1542 5361 coadjutorem
1567 5288 1924 5345 Wllolendum
1955 5292 2224 5361 ad0ptavit

643 5374 701 5419 et
729 5366 786 5420 S.
820 5358 1113 5432 PrwjeCLus
1141 5361 1424 5432 EVOQlllln.
1457 5358 1678 5432 illam“.

718 5434 745 5473 δ
778 5428 1069 5488 οὺἰὶι.Ἀη.
1102 5432 1226 5485 685.
1263 5430 1427 5483 Fum.
1463 5428 1601 5484 Wtc.

722 5518 743 5544 ε
782 5504 878 5559 Per
912 5504 1092 5557 Nonas
1125 5501 1362 5555 Martias.
1413 5499 1562 5555 [Inde
1596 5501 1760 5555 Nonis
1794 5500 1963 5555 Martii
2010 5511 2227 5554 sanctus

652 5575 1014 5629 Easterwinus
1062 5574 1346 5638 inscriptus
1395 5581 1475 5624 est
1525 5573 1642 5640 (ait
1673 5570 2079 5635 llenschenius)
2123 5585 2223 5623 rus.

650 5644 969 5698 Kaleutlat'io
1000 5642 1223 5696 abbatite
1268 5641 1435 5695 sancti
1478 5641 1743 5695 Maximini
1791 5640 2125 5696 Trevirensis
2173 5648 2228 5693 et

653 5714 1040 5783 Martyrologiis
1090 5712 1469 5783 Benedictiuo,
1515 5723 1579 5783 ct.
1627 5710 2224 5783 Anglicanoﬂcbardi

654 5780 900 5839 thtordi
930 5798 1067 5837 anno
1102 5780 1236 5838 l526
1274 5796 1468 5837 excuso
1510 5782 1593 5835 his
1636 5783 1845 5836 verbis:
1882 5799 1901 5833 ι
1938 5781 1995 5836 lu
2041 5794 2227 5835 mona-

2328 4937 2615 4994 sterwinus
2642 4948 2746 4988 non
2776 4926 3039 4987 Girvien'si
3069 4927 3235 4984 sancti
3260 4928 3407 4983 Pauli
3435 4926 3773 4986 monasterio.
3804 4926 3901 4981 sed

2329 5007 2563 5063 Wirensi
2595 5006 2765 5060 sancti
2805 5002 2942 5056 Petri
2975 5001 3205 5071 prmfuit)
3248 5012 3413 5071 prope
3450 4994 3899 5071 l'l_u-viu_m__'l_‘i_nam

2325 5081 2381 5135 in
2415 5077 2598 5145 Anglia
2626 5118 2640 5141 ,
2689 5074 2881 5145 festum
2926 5065 3415 5145 sanctigEstertvini
3445 5065 3651 5145 abbatis
3679 5065 3896 5145 ibidem,

2329 5165 2392 5205 ac
2422 5135 2638 5214 magna!
2656 5142 3001 5216 perfectionis
3029 5140 3123 5195 viri
3162 5158 3207 5192 ι.
3242 5139 3540 5216 [florentius
3571 5135 3902 5216 Wigornien:

2328 5221 2403 5275 sis
2431 5204 2642 5283 scribit,
2659 5204 2905 5268 'sanctum
2932 5213 3103 5283 virum
3128 5225 3221 5279 per
3247 5209 3422 5283 Nonas
3448 5207 3615 5283 Martii
3637 5204 3903 5283 agnosss

2329 5276 2639 5358 pestilentia
2664 5286 2929 5358 sublatum
2954 5320 2970 5348 ,
3014 5276 3256 5358 idemque
3301 5278 3617 5358 Easterwini
3647 5276 3900 5358 Transla-

2331 5346 2528 5414 iiouetu
2560 5358 2628 5410 ab
2660 5346 2984 5410 Huvetherto
3024 5346 3210 5406 factam
3238 5356 3638 5403 commemorat.
3670 5346 3875 5414 Minuci.

2403 5412 2438 5465 ἆ
2472 5429 2685 5495 Quinta.
2720 5426 2827 5479 Hac
2850 5423 2965 5478 vice
2989 5424 3210 5477 Romam
3242 5418 3714 5490 petiit,sccuudum
3748 5412 3901 5468 Flor.

2330 5496 2973 5569 Wig.,an.g6§l.$utra.
3016 5566 3025 5569 _
3078 5562 3111 5569 _
3190 5563 3221 5569 __
3268 5561 3280 5569 _
3326 5562 3366 5569 η
3406 5561 3418 5569 _
3498 5560 3510 5569 _
3613 5556 3627 5569 ,
3763 5555 3775 5568 ,
3820 5553 3852 5569 ,,

2403 5554 2449 5604 ου
2470 5554 2643 5622 Pauli.
2677 5567 2817 5633 Lege
2860 5566 3026 5618 sancti
3078 5560 3511 5633 PauliniNolani
3543 5555 3776 5633 episcopi
3820 5554 3897 5607 li-

2330 5642 2483 5695 brum
2528 5655 2577 5692 Ix
2625 5638 2692 5692 de
2724 5629 3017 5706 Virtutibus
3057 5635 3222 5686 sancti
3267 5632 3474 5706 Felicis,
3509 5629 3597 5681 ubi
3634 5630 3905 5706 rationem

2330 5710 2503 5765 reddit
2531 5724 2626 5764 cur
2665 5705 2831 5761 sancti
2874 5706 3061 5760 Felicis
3098 5716 3296 5757 annonis
3336 5703 3516 5756 domos
3558 5697 3907 5752 animantibus

2331 5780 2621 5835 assimilatis
2646 5778 2887 5847 pinxerit.
2914 5775 3131 5829 Mantua
