4220 6478
320 334 426 388 πει
849 326 1047 386 SECT.
1091 330 1133 385 Ι.
1174 360 1243 370 -
1284 323 1864 385 ιιΑοιοοῐὶΑινηιοΑ.
1909 351 1975 361 -
2004 321 2173 414 ,γιτλ
2208 319 2511 387 QUINQUE
2551 320 2646 376 SS.
2691 317 3038 375 ABBATUM.
3476 317 3580 370 722

320 441 565 498 Aldfrido
610 454 736 510 rege
776 437 1001 509 ejusque
1039 436 1379 503 consiliariis,
1413 450 1641 504 namque
1693 430 1897 503 Eegfri-
1930 437 1975 492 Α
2005 439 2214 499 putaret
2241 415 2360 486 esse
2388 432 2752 502 qumrendam.
2790 451 2809 484 ‹
2844 433 2908 489 Et
2939 447 3081 500 vere,
3110 431 3299 501 inquit,
3330 432 3447 485 dico
3485 448 3579 485 vo-

318 536 446 586 dum
478 537 493 561 ‘
526 540 801 601 postquam
833 531 989 584 rediit
1014 530 1121 598 jam
1150 528 1487 583 interfectum
1538 524 1752 593 reperit,
1790 532 1894 576 ter-
2004 523 2105 588 b;5,
2137 523 2258 593 quia
2290 526 2340 578 in
2384 527 2781 593 comparatione
2807 526 3034 580 duorum
3068 524 3350 588 malorum,
3383 525 3576 578 tolera-

322 638 431 676 raut
479 624 635 677 trium
683 620 1001 678 familiarum
1044 620 1110 677 ad
1154 621 1404 675 Austrum
1450 618 1583 673 Wiri
1638 615 1895 679 fluminis,
2003 616 2163 670 bilius
2196 617 2324 670 milii
2372 618 2538 670 multo
2566 628 2644 672 est
2678 626 2844 671 totum
2874 619 3013 671 hunc
3043 618 3217 671 locum
3252 617 3304 671 in
3335 632 3439 685 quo
3466 631 3580 667 mo-

318 715 468 784 juxta
497 716 693 771 ostium
722 716 1074 784 comparavit.
2003 710 2290 763 nasterium
2320 707 2441 774 feci,
2474 707 2517 762 si
2557 710 2634 763 sic
2655 708 2975 778 jtulicaverit
3003 710 3023 740 ⁵
3057 710 3196 763 Deus
3229 708 3280 761 in
3330 706 3575 763 solitudi-

399 805 593 861 Verum
622 805 763 860 inter
794 805 915 860 laeta
939 820 1057 874 qua:
1085 805 1304 859 veniens
1332 802 1529 867 attulit,
1557 800 1721 856 tr.stia
1753 799 1895 854 domi
2004 816 2123 855 nent
2157 803 2536 868 sempiternam
2584 801 2774 871 redigi,
2807 817 2966 871 quam
3001 810 3057 856 ut
3086 801 3248 856 frater
3288 815 3435 856 meus
3466 814 3586 852 car-

326 898 523 967 reperit
567 913 583 951 :
629 898 983 953 venerabilem
1045 897 1291 952 videlicet
1360 895 1731 965 presbyterum
1791 893 1897 946 Ea-
2004 891 2164 958 nalis,
2191 906 2348 959 quem
2380 892 2627 947 novimus
2650 893 2795 946 viam
2828 892 3063 946 veritatis
3095 908 3197 947 non
3226 891 3457 962 ingredi,
3483 891 3503 921 ⁶
3530 892 3581 945 in

324 988 615 1044 stervinnm
664 1003 821 1057 quem
865 987 1105 1043 abiturus
1143 987 1388 1043 abbatem
1419 985 1793 1047 constituerat,
1822 984 1898 1036 si-
2002 996 2068 1037 eo
2096 984 2327 1053 regendo
2358 994 2474 1053 post
2506 998 2591 1040 me
2632 983 2838 1039 abbatis
2883 986 3097 1039 nomine
3122 985 3392 1040 succedat.
3428 984 3577 1038 Ideo-

327 1079 433 1131 tnul
462 1087 516 1132 et
545 1078 764 1132 fratrum
799 1078 846 1133 ei
881 1078 1288 1132 commissormn
1319 1086 1590 1131 catervam
1636 1089 1739 1128 non
1773 1089 1899 1142 pau-
2002 1089 2105 1145 qne
2131 1076 2349 1129 multum
2382 1084 2645 1140 cavetote.
2678 1076 2884 1142 fratres,
2912 1089 3147 1145 semper,
3180 1091 3245 1129 nc
3282 1075 3578 1131 secundum

326 1184 464 1235 cam,
498 1183 592 1237 per
619 1178 808 1223 cuncta
838 1178 1115 1237 grassante
1154 1167 1471 1235 pestilentia,
1497 1166 1606 1234 jam
1638 1165 1900 1233 migrasse
2001 1182 2169 1237 genus
2221 1182 2475 1239 unquam,
2527 1183 2595 1223 ne
2649 1167 2849 1223 deforis
2898 1167 3131 1235 aliunde,
3178 1166 3330 1220 Vubls
3380 1175 3583 1234 patrem

326 1260 395 1315 de
418 1260 633 1315 samulo.
664 1259 770 1317 Sed
811 1260 999 1315 aderat
1029 1269 1083 1315 et
1110 1260 1372 1325 solamen,
1404 1259 1526 1328 quia
1562 1258 1612 1312 in
1645 1258 1762 1312 loco
1797 1257 1900 1311 Ea-
2003 1261 2275 1329 quaeratis.
2319 1259 2424 1314 Sed
2469 1259 2620 1329 juxta
2670 1259 2810 1329 quod
2861 1259 3039 1327 regula
3083 1258 3262 1328 magni
3312 1257 3578 1325 quondam

327 1350 549 1406 stervini
579 1350 750 1405 virum
776 1365 928 1421 aeque
948 1350 1436 1407 reverentissimum
1466 1362 1529 1404 ac
1558 1348 1898 1404 mitissimum
2003 1352 2208 1409 abbatis
2226 1360 2250 1387 α
2272 1352 2565 1418 Benedicti,
2584 1352 2735 1422 juxta
2753 1352 2890 1422 quod
2914 1351 3206 1420 “’privilt-gii
3228 1352 3394 1405 nostri
3415 1354 3584 1405 conti-

326 1442 397 1497 de
446 1443 775 1499 monasterio
823 1442 1034 1508 eodem,
1065 1441 1356 1513 Sigfridum
1404 1440 1672 1505 videlicet,
1722 1438 1902 1494 diaco-

2005 1456 2134 1501 nent
2186 1447 2439 1513 decreta,
2490 1447 2543 1502 in
2592 1460 2857 1502 conventu
2916 1457 3105 1500 vestra:
3152 1443 3584 1513 congregationis

330 1550 480 1601 num.
511 1535 771 1590 elecﬁone
814 1535 1037 1591 fratrum
1084 1549 1303 1589 suorum
1344 1533 1499 1589 simul
1542 1540 1597 1587 et
1625 1531 1902 1586 coabbatis
2006 1539 2279 1595 communi
2302 1538 2528 1593 consilio
2551 1537 2994 1607 perquiratis,qui
3021 1535 3312 1592 secundum
3338 1534 3457 1588 vita:
3479 1548 3589 1587 me-

328 1628 446 1696 ejus
491 1625 780 1693 Ceolfridi,
837 1641 961 1681 mox
1002 1626 1352 1704 substitutum
1394 1626 1675 1695 cognovit;
1727 1624 1903 1678 virum
2007 1634 2169 1688 ritum
2198 1640 2253 1686 et
2281 1631 2555 1700 sapientiae
2578 1629 2879 1684 doctrinam
2909 1628 3081 1696 aptior
3113 1627 3177 1681 ad
3208 1628 3311 1682 tale
3338 1626 3584 1680 ministe-

327 1715 550 1772 scientia
567 1715 777 1786 quidem
795 1714 1184 1785 Scripturarum
1208 1715 1534 1772 sufficienter
1556 1716 1898 1785 instructum,
1934 1776 1975 1795 ἢ
2006 1725 2143 1779 rium
2173 1721 2552 1795 perﬁciendum
2581 1720 2891 1791 digniorque
2914 1719 3187 1787 probetur,
3220 1725 3273 1771 et
3294 1730 3589 1785 quemcun-

330 1810 568 1866 moribus
597 1810 811 1881 optimis
838 1820 1107 1877 ornatum,
1142 1810 1274 1864 mira
1308 1809 1648 1865 abstinentiae
1705 1809 1903 1863 virtute
1932 1805 1977 1832 ”

1932 1805 1977 1832 ”
2006 1830 2109 1885 que
2146 1828 2331 1870 omnes
2377 1813 2614 1867 unanimi
2641 1811 2920 1867 cbaritatis
2964 1809 3303 1878 inquisitione
3328 1805 3586 1876 optimum

327 1903 630 1974 prmditum,
660 1903 751 1958 sed
800 1902 867 1958 ad
915 1904 1211 1958 cuStodiam
1260 1903 1511 1958 virtutum
1563 1902 1749 1971 animi,
1781 1917 1903 1957 cor-
2008 1915 2395 1975 cognoscentes
2422 1902 2730 1973 elegeritis,
2780 1906 2919 1956 bunc
2951 1901 3099 1954 vobis
3127 1900 3296 1953 accito
3343 1899 3593 1965 episcOpo

331 1994 480 2064 poris
509 1994 813 2049 infirmitate
850 2010 954 2049 non
985 1995 1242 2049 minime’
1270 1994 1610 2062 depressum.
1656 1994 1723 2048 ad
1773 2008 1904 2048 con-
2010 1997 2207 2066 rogetis
2272 1995 2520 2050 abbatem
2579 2004 2831 2049 consueta
2897 1990 3269 2047 benedictione
3319 1993 3339 2023 ⁸
3370 1991 3591 2045 firmari.

330 2084 648 2140 servandam
678 2084 855 2139 cordis
898 2084 1255 2139 innocentiam
1290 2087 1484 2140 nocivo
1514 2097 1561 2139 et
1596 2083 1907 2139 irremedia-
2014 2086 2143 2142 Nam
2188 2087 2279 2156 qui
2315 2085 2540 2153 carnali,
2571 2084 2762 2154 inquit,
2807 2083 2996 2138 ordine
3041 2082 3287 2138 carnales
3330 2081 3469 2136 filios
3496 2096 3593 2151 ge-

330 2178 422 2233 bili
454 2177 761 2244 pulmonum
789 2177 916 2231 vitio
944 2176 1293 2231 laborantem.
2012 2188 2225 2244 nerant,
2256 2177 2459 2234 carnali
2487 2193 2711 2234 necesse
2748 2187 2834 2233 est
2873 2192 2937 2232 ac
2968 2188 3197 2233 terrena:
3226 2190 3336 2231 sua:
3369 2176 3595 2231 ltmredi-

403 2267 513 2323 Nec
542 2270 710 2321 multo
738 2276 857 2335 post
884 2268 1044 2321 etiam
1085 2266 1404 2322 Benedictus
1433 2267 1549 2337 ipse
1578 2269 1767 2323 morbo
1797 2282 1909 2322 (ιω-
2013 2273 2104 2327 tati
2135 2272 2382 2326 carnales
2431 2280 2777 2340 terrenosque
2818 2280 3059 2339 quaerant
3089 2268 3366 2333 lneredes;
3414 2278 3468 2321 at
3506 2269 3595 2337 qui

332 2361 410 2429 pit
464 2360 742 2428 ingruente
789 2358 1014 2428 fatigari.
1077 2358 1143 2413 Ut
1187 2360 1328 2413 enim
1391 2368 1589 2414 tantam
1637 2359 1910 2428 religionis
2012 2363 2318 2432 spirituales
2349 2362 2459 2418 Deo
2506 2360 2691 2417 ftlios’
2736 2359 2996 2430 spirituali
3038 2360 3251 2415 semine
3278 2359 3423 2413 verbi
3471 2374 3592 2427 pro-

334 2448 646 2504 instanziam
672 2449 831 2503 etiam
861 2448 1129 2517 patientia:
1162 2448 1329 2502 virtus
1354 2447 1603 2517 adjuncta
1637 2449 1909 2518 probaret,
2013 2459 2227 2518 creant,
2266 2450 2561 2520 spiritualia
2606 2460 2818 2519 oportet
2870 2451 2979 2507 sitit
3024 2463 3213 2506 cuncta
3261 2467 3377 2521 qum
3409 2462 3591 2521 agunt.

336 2541 513 2596 divina
543 2551 824 2608 utrumque
870 2539 1039 2610 pictas
1086 2540 1364 2610 temporali
1420 2539 1733 2610 aegritudine
1781 2555 1909 2609 pro-
2012 2542 2159 2598 Inter
2201 2542 2502 2612 spirituales
2536 2555 2665 2597 suos
2695 2542 2891 2597 liberos
2920 2557 3042 2596 eum
3071 2541 3328 2612 majorem
3356 2542 3444 2611 qui
3482 2557 3599 2595 am-

333 2630 523 2687 stravit
570 2631 621 2684 in
668 2631 886 2696 lectum,
919 2637 976 2684 ut
1012 2638 1131 2698 post
1174 2630 1546 2698 aegritudinem
1596 2638 1769 2684 morte
1819 2629 1914 2684 de-
2017 2632 2169 2702 pliori
2205 2632 2423 2701 spiritus
2454 2631 2624 2702 gratia
2652 2631 2721 2687 sit
2747 2631 2998 2701 praeditus
3021 2635 3308 2697 aestiment,
3332 2634 3601 2702 quomodo

336 2722 532 2778 victam
563 2728 819 2790 perpetua
860 2735 1109 2789 superna:
1152 2720 1298 2792 pacis
1324 2732 1377 2777 et
1403 2721 1538 2776 lucis
1567 2721 1748 2791 quiete
1773 2721 1913 2776 refo-
2018 2723 2214 2779 terreni
2253 2731 2503 2792 parentes
2532 2736 2688 2792 quem
2726 2722 2952 2791 primum
2986 2731 3138 2791 partu
3182 2723 3436 2786 fuderint,
3477 2738 3601 2777 eum

336 2824 504 2870 vetet.
536 2812 672 2867 Nam
700 2820 755 2869 et
792 2811 1077 2883 Sigfridus,
1120 2821 1177 2865 ut
1205 2811 1455 2879 diximus,
1500 2811 1657 2883 longa
1698 2811 1915 2867 iuterio-
2019 2815 2336 2887 principium
2387 2814 2673 2869 liberorum
2720 2829 2938 2870 suorum
2981 2829 3327 2886 cognoscere,
3358 2827 3411 2870 et
3440 2825 3603 2871 caete-

339 2922 456 2964 rum
482 2906 729 2962 molestia
758 2906 1046 2976 castigatus
1074 2905 1213 2959 diem
1261 2905 1500 2973 pervenit
1548 2905 1616 2958 ad
1648 2903 1914 2959 ultimum.
2017 2904 2090 2961 ris
2120 2904 2172 2959 in
2204 2904 2477 2974 partienda
2516 2918 2613 2959 sua
2654 2902 2964 2959 hcereditate
2988 2904 3376 2975 praeferendum
3411 2904 3608 2959 duccre

339 2998 411 3056 Et
475 2996 791 3053 Benedictus
848 3011 943 3065 per
993 2995 1276 3050 triennium
1341 2995 1598 3064 languore
1663 2995 1915 3064 paulatim
2017 2998 2257 3052 solent.»

339 3100 685 3150 accrescente
710 3098 853 3144 tanta
884 3088 1113 3160 paralysi
1143 3088 1433 3143 dissolutus
1462 3097 1563 3154 est,
1594 3097 1652 3143 ut
1680 3089 1747 3144 ab
1770 3089 1914 3144 omni
1961 3154 1996 3160 _
2093 3089 2277 3159 Neque
2325 3089 2426 3143 ltoc
2476 3088 2829 3151 reticendum,
2874 3086 3014 3157 quod
3068 3088 3390 3143 venerabilis
3438 3087 3625 3141 abbas

343 3197 565 3256 prorsus
631 3180 941 3236 inferiorum
994 3180 1351 3235 membrorum
1413 3178 1584 3235 factus
1633 3180 1705 3234 sit
1768 3187 1920 3249 parte
1948 3154 1997 3220 θ
2027 3154 2348 3237 Benedictus
2380 3179 2445 3234 ad
2475 3154 3060 3248 temperandum—saepe
3106 3179 3276 3246 longa:
3310 3179 3482 3232 noctis
3515 3187 3608 3231 ta:-

344 3282 719 3345 prtemortuus,
752 3271 1115 3340 superioribus
1144 3270 1315 3324 solum
1362 3276 1480 3325 sine
1526 3286 1755 3341 quorum
1814 3271 1923 3327 vita
2024 3274 2192 3340 dium,
2222 3287 2379 3342 quam
2411 3287 2520 3342 pra:
2566 3270 2894 3325 infirmitatis
2939 3284 3102 3326 onere
3130 3269 3361 3326 ducebat
3406 3269 3609 3324 insom-

341 3364 524 3420 vivere
572 3365 755 3431 nequit
800 3362 985 3428 homo,
1029 3361 1093 3413 ad
1142 3360 1380 3415 officium
1426 3362 1695 3430 patientia:
1746 3359 1921 3415 virtu-
2024 3382 2171 3432 nem,
2201 3365 2463 3420 advocato
2506 3363 2728 3429 lectore,
2757 3363 2841 3419 vel
2881 3363 3156 3432 exemplar
3187 3362 3454 3431 patientia:
3483 3360 3608 3424 Job.

344 3468 559 3526 temque
588 3455 907 3520 reservatis;
961 3452 1207 3509 studebat
1255 3452 1307 3507 in
1353 3452 1545 3508 dolore
1581 3468 1795 3521 semper
1814 3454 1924 3509 Au-
2027 3458 2110 3514 vel
2140 3456 2281 3512 aliud
2311 3455 2437 3527 quid
2484 3455 2882 3526 Scripturarum
2909 3469 3015 3525 quo
3038 3454 3410 3509 consolaretur
3437 3468 3609 3521 aegro-

342 3547 480 3603 ctori
504 3547 701 3617 gratias
725 3545 945 3610 referre,
975 3556 1189 3612 semper
1214 3541 1307 3597 Dei
1337 3541 1581 3595 laudibus
1606 3540 1925 3598 fraternisvo
2029 3563 2137 3618 ius,
2167 3568 2273 3624 quo
2316 3552 2602 3621 depressus
2641 3549 2693 3604 in
2740 3547 2938 3602 inﬁmis
2983 3545 3218 3601 vivacius
3268 3543 3332 3597 ad
3378 3557 3609 3611 superna

345 3637 649 3695 hortatibus
702 3651 915 3690 vacare.
965 3636 1169 3704 Agebat
1210 3632 1533 3690 Benedictus
1579 3632 1929 3690 advenientes
2027 3645 2346 3715 eligeretur,
2377 3657 2559 3698 coram
2589 3654 2649 3697 se
2676 3639 2885 3695 recitari
2911 3636 3150 3707 iubebat.
3180 3635 3244 3690 Et
3272 3633 3392 3703 quia
3437 3633 3607 3687 “ulla-

344 3730 543 3797 saepius
569 3726 635 3781 ad
680 3741 742 3781 se
782 3725 977 3781 fratres
1002 3725 1070 3781 de
1102 3724 1456 3780 custodienda
1486 3738 1645 3795 quam
1673 3733 1930 3781 statuerat
2030 3743 2185 3794 tenus
2219 3734 2286 3789 ad
2310 3734 2567 3789 orandum
2597 3745 2836 3801 surgere,
2869 3745 2972 3784 non
3005 3727 3160 3784 facile
3188 3728 3253 3781 ad
3283 3725 3627 3795 espleudum,

346 3818 529 3888 recula
575 3817 831 3873 “mare:
867 3833 889 3873 ί
916 3816 1099 3887 Neque
1137 3816 1282 3872 θηίιιι
1331 3824 1519 3885 Putare
1562 3814 1794 3883 habelis.
1840 3816 1929 3870 ὶη-
2028 3826 2205 3882 solitae
2249 3825 2555 3895 psalmodize
2582 3837 2797 3879 cursum
2845 3821 3079 3891 linguam
3109 3832 3364 3873 vocemve
3393 3823 3606 3888 poterat

346 3912 486 3984 quit,
514 3912 751 3981 quodex
798 3924 921 3964 meo
972 3909 1089 3965 haec
1134 3923 1255 3979 quae
1300 3908 1451 3964 vobis
1504 3909 1666 3964 statui
1714 3909 1930 3968 decreta

2030 3917 2230 3983 levare,
2257 3914 2443 3971 didicit
2469 3917 2549 3970 vir
2577 3914 2831 3984 prudens,
2863 3913 3053 3967 affectu
3097 3909 3369 3981 religionis
3401 3909 3612 3964 dictam-

351 4003 601 4060 indoctus
648 4000 811 4056 corde
863 3999 1199 4072 υτοιυιθΐίῐιιο
1265 3998 1339 4055 Εἰ
1378 3999 1566 4055 decem
1630 4000 1829 4070 quippe
1876 4009 1932 4055 et
2032 4017 2108 4074 te,
2159 4022 2254 4079 per
2299 4009 2541 4079 singulas
2605 4006 2814 4061 diurna:
2860 4009 2972 4061 sive
3028 4012 3300 4058 nocturnae
3349 4001 3609 4057 orationis

348 4104 556 4163 septem
601 4090 938 4147 monasteriis
968 4104 1085 4158 qua:
1130 4088 1272 4143 inter
1314 4089 1504 4159 longos
1549 4102 1683 4143 mem
1726 4090 1930 4147 crebra:

2032 4096 2193 4154 horas
2223 4098 2428 4167 aliquos
2458 4097 2522 4152 ad
2555 4112 2614 4152 se
2654 4095 2875 4151 fratrum
2908 4109 3119 4159 vocare,
3150 4094 3341 4164 quibus
3371 4094 3604 4163 psalmos

353 4182 800 4253 peregrinationis
829 4180 1103 4236 discursus
1129 4179 1327 4247 optima
1372 4179 1631 4246 comperi,
1660 4180 1775 4234 haec
1803 4179 1928 4234 uui-

2032 4200 2319 4246 consuetos
2366 4189 2575 4244 duobus
2624 4187 2678 4243 in
2723 4187 2905 4242 cltoris
2953 4184 3348 4248 resonantibus,
3393 4193 3445 4238 et
3496 4183 3609 4253 ipse

355 4287 511 4328 versa
539 4270 722 4338 didici,
757 4281 809 4325 et
830 4270 983 4326 vobis
1027 4268 1312 4324 salubriter
1347 4269 1677 4325 observanda
1716 4279 1927 4325 contra.
2033 4295 2154 4335 cum
2184 4281 2261 4336 eis
2292 4287 2554 4346 quatenus
2581 4286 2789 4347 ροιθιιεη
2812 4276 3107 4346 manendo,
3143 4275 3282 4346 quod
3316 4290 3409 4344 ρει-
3435 4289 3495 4330 se
3530 4284 3618 4325 so-

354 4365 487 4421 didi.
521 4382 542 4418 ι
574 4363 962 4418 Bibliotltecam
1007 4375 1165 4431 quam
1206 4360 1273 4415 de
1323 4360 1489 4416 lloma
1542 4360 1931 4416 nobilissimam
2034 4372 2141 4428 lum
2166 4371 2496 4441 nequiverat.
2528 4385 2714 4426 eorum
2742 4368 3013 4439 juvamine
3042 4370 3336 4437 suppleret,

352 4452 882 4526 c0piosissimamque
921 4451 1231 4515 advexerat,
1268 4449 1336 4503 ad
1371 4450 1781 4505 instructionem
1833 4453 1935 4507 Ec-

2107 4465 2171 4517 At
2204 4462 2293 4517 ubi
2328 4473 2549 4534 uterque
2596 4462 2760 4516 abbas
2787 4452 3018 4515 lassatus
3048 4459 3359 4514 infirmitate
3389 4457 3612 4524 diutina,

353 4546 536 4605 clesiaa
582 4545 962 4609 necessariam,
1004 4543 1228 4597 sollicite
1270 4541 1473 4596 servari
1504 4541 1789 4611 integram,
1836 4558 1934 4599 nec
1961 4546 2019 4608 Β
2035 4554 2144 4623 jam
2173 4570 2232 4611 se
2263 4554 2420 4611 moui
2451 4554 2709 4620 vicinum,
2739 4567 2838 4608 nec
2876 4553 3109 4623 regendo
3137 4552 3467 4604 monasterio
3508 4548 3622 4603 ido-

357 4654 452 4710 per
478 4638 734 4694 incuriam
766 4635 976 4700 fmdari,
1002 4633 1025 4666 ³
1049 4644 1138 4689 aut
1161 4637 1357 4703 passim
1385 4634 1636 4702 dissipari
1662 4636 1935 4704 praecepit.

2045 4664 2204 4705 neum
2236 4648 2351 4703 fore
2381 4645 2679 4716 conspexit,
2707 4653 2849 4699 tanta
2883 4658 3110 4711 namque
3139 4656 3233 4696 eos
3262 4640 3437 4693 affecit
3468 4639 3616 4692 infir-

355 4732 465 4791 Sed
495 4742 550 4788 et
578 4732 680 4787 boc
706 4730 926 4787 sedulus
949 4728 969 4759 ⁸
1000 4727 1199 4785 eisdem
1248 4727 1456 4783 solebat
1495 4728 1692 4782 iterare
1720 4728 1943 4783 manda-

2043 4741 2205 4794 mitas
2230 4740 2410 4793 carnis
2457 4746 2516 4791 ut
2546 4734 2889 4804 perficeretur
2916 4735 2969 4786 in
3004 4732 3082 4787 eis
3110 4733 3277 4785 virtus
3307 4728 3528 4793 Christi,
3559 4736 3619 4780 ut

362 4833 498 4889 tum,
544 4821 757 4894 nequis
804 4823 857 4878 in
908 4820 1173 4876 electione
1217 4819 1446 4885 abbatis,
1493 4818 1709 4887 generis
1758 4834 1943 4887 prosa-

2042 4846 2163 4887 cum
2186 4830 2415 4900 quadam
2430 4828 2517 4884 die
2548 4826 2973 4882 desiderantibus
2989 4826 3069 4880 eis
3093 4838 3153 4879 se
3184 4821 3413 4877 invicem
3440 4819 3616 4888 prius-

360 4916 525 4991 piam,
555 4926 742 4974 etnon
782 4915 950 4986 magis
977 4910 1189 4969 vivendi
1244 4910 1575 4981 docendique
1623 4910 1941 4981 probitatem
2042 4938 2202 4993 quam
2242 4923 2311 4977 de
2351 4920 2452 4977 hoc
2490 4918 2686 4975 εωωιο
2731 4917 3024 4987 migrarent
3068 4916 3249 4971 videre
3295 4923 3350 4969 ει
3401 4908 3627 4981 alloqui,

1293 5026 1767 5085 VULGATORUM
1804 5030 2195 5095 VARIANTES
2233 5035 2631 5094 LECTIONES.

432 5155 451 5188 ¹
493 5152 822 5222 Priusquam.
930 5219 938 5222 _
1022 5218 1032 5222 Α
2129 5150 2149 5182 ⁸
2187 5149 2251 5204 1η
2275 5151 2517 5222 regendo.

431 5228 457 5327 ζ
496 5218 824 5327 ecquam"),
851 5219 939 5275 sed
965 5218 1052 5273 ad-
2123 5222 2145 5322 ζ
2190 5221 2454 5327 βζὶυἱιεᾳὶἱ
2481 5220 2652 5275 vestri.

436 5296 457 5327 ⁸
498 5293 599 5351 Aut
625 5293 864 5363 sparsim.
2124 5294 2144 5322 ⁸
2185 5293 2442 5346 Firmum.

433 5366 455 5397 ⁸
496 5366 762 5436 Ejusdem.
2123 5365 2143 5394 ’
2183 5362 2490 5430 Spirituales
2511 5360 2666 5429 ﬁlios.

436 5438 457 5469 '
500 5437 773 5492 Dominus.

1680 5512 2039 5571 VARIORUM-
2072 5513 2300 5571 NUTE.

434 5652 463 5683 ι
503 5638 784 5697 Benedicti.
808 5636 1028 5708 Magnus
1067 5632 1233 5708 abbas
1263 5630 1629 5708 Benedictus,_
1651 5631 1702 5684 in
1730 5632 1947 5708 regulae
2054 5635 2291 5708 gregatio
2320 5633 2611 5708 secundum
2632 5628 3021 5708 _tintt_)_rcn_tﬂl_)ei
3047 5628 3291 5708 elegerit.
3318 5647 3335 5681 ι
3367 5628 3647 5687 Eamdem:

368 5729 486 5784 cap.
515 5712 609 5784 64,
641 5700 985 5784 praecipitfut
1006 5723 1025 5757 ι
1054 5704 1176 5758 vitae
1204 5703 1396 5784 merito
1422 5711 1497 5782 et_
1516 5700 1794 5768 sapientiae
1818 5702 1947 5757 doc-
2055 5700 2288 5776 regulam
2318 5704 2551 5761 inculcat
2574 5702 2732 5758 etiam
2761 5700 3085 5757 Ceulfridus.
3118 5701 3337 5755 Manna.

369 5775 504 5844 trina
534 5775 759 5853 eligatur
784 5775 1018 5850 (abbas),
1038 5789 1199 5848 quem
1224 5775 1327 5829 sibi
1356 5775 1533 5829 omnia
1555 5786 1781 5829 concors
1814 5788 1942 5828 con»
