4220 6484
650 344 763 402 HE

1386 342 1585 399 ΒΕΟᾹΞ
1629 342 2080 401 VENERABILIS
2124 344 2269 401 OPP.
2316 346 2492 406 PARS
2532 348 2620 407 IV.
2660 382 2730 393 —
2769 346 3154 408 lllSTURICA.

3838 354 3934 409 725

652 454 918 529 Sigfridus
956 455 1011 511 in
1058 454 1258 511 feretro
1301 455 1672 524 deportaretur
1696 456 1763 511 ad
1792 456 2099 513 cubiculum
2145 460 2232 514 ubi
2266 470 2307 525 Α
2340 464 2680 533 dicantibus,
2730 468 3023 538 pneposuit
3070 465 3309 531 Patrem;
3360 465 3584 522 salubre
3638 477 3791 524 ratus
3844 486 3935 539 per

650 549 971 605 Benedictus
995 558 1047 604 et
1075 548 1188 615 ipse
1215 563 1314 603 suo
1330 547 1548 617 jacebat
1572 551 1622 602 in
1650 550 1893 619 grabato,
1922 551 2107 621 eisque
2129 566 2234 605 uno

651 640 704 695 in
751 641 868 695 loco
898 640 1263 694 ministrorum
1298 656 1455 694 manu
1483 642 1821 710 compositis,
1848 653 2009 710 caput
2041 645 2237 697 utrius-

647 746 751 798 que
779 732 830 785 in
863 731 1051 785 eodem
1080 731 1327 784 cervicali
1353 730 1639 796 locaretur,
1664 733 1995 803 lacrymabili
2029 744 2236 802 specta-

644 823 784 887 culo,
820 834 917 877 nec
946 830 1149 875 tantum
1183 822 1417 878 habuere
1464 822 1656 875 virium
1705 830 1763 876 ut
1813 824 2028 892 propius
2062 826 2229 892 posita

642 928 733 966 ora
766 914 831 967 ad
878 913 1228 967 osculandum
1275 929 1335 968 se
1380 914 1695 968 alterutrum
1745 914 2071 985 conjungere
2112 932 2233 985 pos-

640 1018 791 1072 sent;
827 1006 923 1061 sed
948 1016 1002 1063 et
1030 1007 1133 1062 hoc
1160 1006 1397 1062 fraterno
1417 1009 1821 1076 compleverunt
1848 1010 2027 1064 officio
2056 1028 2068 1063 :
2097 1012 2229 1067 inito

642 1100 962 1155 Benedictus
990 1114 1113 1155 cum
1146 1115 1235 1165 eo,
1267 1115 1494 1168 cumque
1535 1101 1800 1157 universis
1831 1102 2087 1157 fratribus
2135 1118 2227 1157 sa-

641 1192 780 1246 lubri
804 1192 1051 1258 consilio,
1079 1193 1235 1247 acciit
1261 1193 1506 1247 abbatem
1533 1193 1882 1260 Ceolfridum,
1917 1210 2076 1263 quem
2111 1210 2229 1250 mo-

642 1283 879 1339 nasterio
916 1283 1058 1338 beati
1110 1282 1259 1338 Pauli
1290 1284 1517 1353 apostoli
1568 1285 1897 1353 prmfecerat,
1941 1284 2111 1340 virum
2143 1286 2225 1340 vi-

639 1372 870 1440 delicet,
922 1374 1022 1427 sibi
1071 1389 1175 1427 non
1219 1384 1323 1428 tam
1365 1376 1545 1429 carnis
1584 1377 2020 1442 necessTIudine,
2062 1393 2218 1445 quam

638 1463 890 1517 virtutum
917 1464 1178 1519 societate
1207 1465 1590 1535 propinquum;
1624 1475 1677 1522 et
1703 1483 1823 1522 eum
1863 1468 2076 1537 utrique
2107 1485 2219 1523 mo-

640 1554 873 1609 nasterio
898 1556 1106 1610 cunctis
1136 1554 1457 1624 faventibus,
1502 1568 1661 1627 atque
1688 1562 1789 1614 hoc
1818 1559 2101 1613 utillimum
2126 1560 2217 1629 ju-

637 1691 3839 1717 Μ

1816 1799 2103 1874 LIBER

2339 557 2515 611 omnia
2548 558 2612 609 ad
2659 558 3079 611 conservandam
3112 571 3317 626 pacem,
3366 558 3651 624 unitatem,
3706 575 3932 617 concor-

2337 649 2586 718 diamque
2616 650 2879 713 locorum,
2925 650 2969 702 si
3013 665 3173 702 unum
3208 658 3469 717 perpetuo
3498 659 3711 720 patrem
3743 666 3932 708 recto-

2337 755 2557 809 remque
2596 748 2873 805 tenerent;
2923 753 3352 795 commemorans
3401 742 3602 810 smpius
3647 742 3926 800 lsraelitici

2334 832 2483 902 regni
2512 833 2835 901 exemplum,
2865 833 3004 902 quod
3031 833 3500 889 inexterminabile
3532 850 3753 906 semper
3776 849 3927 892 exte-

2335 924 2408 975 ris
2452 923 2770 989 nationibus,
2825 921 3247 994 inviolatumque
3296 926 3630 994 perduravit,
3683 932 3925 995 quandiu

2336 1014 2455 1068 nnis
2486 1015 2781 1083 iisdemque
2809 1030 2921 1069 sua:
2966 1015 3140 1085 gentis
3170 1016 3456 1085 regebatur
3499 1033 3527 1070 a
3576 1017 3840 1083 ducibus;
3872 1029 3928 1073 at

2334 1115 2609 1173 postquam
2656 1106 3070 1174 prtem-dentium
3111 1122 3268 1162 causa
3304 1118 3651 1175 peccatorum
3699 1111 3927 1168 inimico

2331 1195 2399 1248 ab
2428 1196 2654 1249 invicem
2686 1205 2770 1249 est
2801 1198 3091 1251 certamine
3116 1195 3463 1267 diremptum,
3498 1200 3655 1268 periit
3710 1201 3927 1267 paulis-

2332 1299 2445 1352 per,
2490 1294 2545 1338 et
2594 1300 2624 1337 a
2670 1301 2765 1339 sua
2795 1300 3114 1340 concussum
3163 1287 3434 1342 soliditate
3474 1290 3695 1344 defecit.
3722 1290 3834 1345 Sed
3870 1302 3924 1346 et

2328 1377 2690 1448 evangelicam
2724 1378 2867 1431 illam
2898 1379 3149 1433 monebat
3176 1381 3292 1434 sine
3319 1380 3725 1437 intermissione
3755 1398 3917 1438 reco-

2330 1466 2541 1521 lendam
2569 1482 2689 1521 esse
2716 1470 3058 1537 sententiam,
3088 1456 3209 1541 quia
3242 1485 3389 1524 omne
3417 1486 3637 1541 regnum
3665 1473 3719 1525 in
3750 1474 3917 1541 seipse

2330 1560 2547 1614 divisum
2572 1562 2902 1615 desolnbilur.

2190 1798 2755 1876 SECUNDUS.

702 2091 866 2163 Igitur
892 2101 1009 2160 post
1038 2091 1150 2146 hac
1188 2092 1442 2147 revolutis
1473 2094 1743 2148 mensibus
1783 2093 2012 2158 duobus,
2044 2094 2215 2162 primo
2250 2096 2293 2156 Β
2324 2100 2443 2146 rant
2477 2092 2758 2159 psalmum,
2787 2093 2874 2160 qui
2901 2091 3061 2146 habet
3096 2093 3146 2145 in
3176 2093 3350 2159 capite
3378 2110 3393 2146 :
3434 2091 3592 2160 Deus,
3615 2094 3733 2163 quis
3766 2096 3916 2150 simi—

632 2183 955 2238 venerabilis
996 2197 1060 2238 ac
1109 2182 1221 2238 Deo
1267 2184 1494 2239 dilectus
1534 2184 1697 2238 abbas
1743 2184 2041 2254 Sigfridus,
2091 2201 2213 2251 per-

631 2272 857 2327 transito
910 2275 1030 2342 igne
1071 2282 1127 2327 et
1179 2287 1313 2343 aqua
1360 2275 1759 2329 tribulationum
1814 2275 2211 2344 temporalium,

628 2367 876 2421 inductus
905 2374 988 2421 est
1018 2368 1069 2420 in
1098 2366 1436 2437 refrigerium
1462 2368 1802 2436 sempiternae
1832 2368 2047 2436 quietis,
2080 2376 2102 2403 ε·
2137 2368 2215 2421 in-

636 2460 779 2513 troiit
813 2459 865 2513 itt
908 2459 1125 2513 domum
1170 2461 1318 2529 regni
1357 2462 1617 2526 chCstis,
1652 2462 1702 2513 in
1736 2460 2061 2513 holocaustis
2094 2477 2215 2529 per-

628 2562 805 2620 petuaa
858 2550 1182 2605 laudationis
1233 2552 1465 2606 reddens
1516 2568 1610 2606 sua
1644 2561 1763 2606 vota
1799 2553 2043 2617 Domino,
2096 2568 2213 2621 qu:e

627 2644 813 2697 sedula
840 2644 1102 2697 labiorum
1134 2644 1455 2697 mundorum
1483 2644 1828 2698 distinctione
1854 2646 2170 2712 promiserat
2199 2664 2209 2695 :

628 2750 693 2789 ac
722 2735 919 2790 deinde
946 2736 1214 2803 adjunctis
1243 2736 1363 2791 aliis
1393 2753 1525 2791 men
1547 2738 1666 2791 ibus
1692 2748 1939 2806 quatuor,
1966 2738 2212 2791 vitiorum

631 2827 801 2883 victor
853 2829 1174 2883 Benedictus
1224 2838 1277 2883 ct
1325 2831 1579 2883 virtutum
1657 2840 1892 2897 patrator
1946 2832 2209 2899 egregius,

634 2922 808 2974 victus
834 2920 1144 2977 infirmitate
1174 2924 1351 2977 carnis
1404 2924 1469 2975 ad
1521 2935 1761 2977 extrema
1810 2927 2068 2991 pervcht.
2104 2924 2210 2977 Nox

636 3015 742 3066 ruit
776 3013 1014 3068 hibernis
1064 3016 1240 3086 algida
1302 3016 1514 3069 flatibus
1561 3017 1719 3070 :dies
1748 3017 1817 3071 illi
1860 3034 1979 3070 mox
2032 3027 2211 3071 saneta

634 3106 652 3137 ¹
684 3104 951 3159 nascitura
984 3115 1197 3160 alternae
1245 3106 1547 3171 fslicitatis,
1601 3108 1905 3161 serenitatis
1949 3118 2002 3163 et
2058 3110 2209 3162 lucis.

634 3195 1013 3252 Convenerunt
1043 3199 1235 3253 fratres
1278 3199 1340 3251 ad
1384 3200 1686 3265 eccles:am,
1718 3202 1987 3254 insomnes
2016 3202 2215 3254 oratio-

632 3287 785 3341 nibus
814 3298 867 3342 et
900 3289 1118 3357 psalmis
1173 3290 1471 3358 transigunt
1503 3292 1721 3344 umbras
1767 3291 1941 3345 noctis
1972 3311 1981 3344 :
2017 3302 2071 3345 et
2122 3308 2213 3361 pa-

630 3393 797 3436 terna:
849 3382 1179 3438 decessionis
1228 3386 1435 3453 pondus
1490 3386 1740 3438 continua
1789 3384 1985 3439 divinae
2041 3385 2211 3439 laudis

2320 2186 2383 2239 lis
2414 2185 2510 2238 erit
2545 2185 2679 2238 tibi?
2706 2184 2872 2253 Cujus
2904 2194 3045 2237 totus
3100 2185 3201 2239 hoc
3248 2197 3464 2240 resonat
3516 2196 3717 2253 textus,
3770 2191 3911 2258 quod

2320 2276 2515 2329 inimici
2540 2278 2769 2329 nominis
2794 2276 2986 2331 Christi
3011 2278 3122 2329 sive
3151 2279 3401 2333 carnales
3434 2280 3549 2333 sive
3575 2281 3906 2346 Spirituales,

2318 2383 2529 2435 semper
2554 2369 2845 2423 Ecclesium
2868 2368 3087 2435 Christi,
3128 2384 3343 2437 semper
3366 2372 3599 2425 animam
3641 2389 3912 2442 quamque

2320 2461 2527 2514 fidelem
2551 2460 2862 2529 disperdere
2886 2477 2946 2514 ac
2965 2462 3224 2529 dissipare
3251 2474 3533 2528 conentur;
3555 2466 3647 2518 sed
3669 2481 3699 2520 e
3716 2476 3904 2519 contra

2317 2551 2413 2618 ipsi
2446 2550 2653 2604 confusi
2687 2562 2739 2605 et
2772 2552 3093 2613 conturbati,
3131 2554 3236 2606 sint
3278 2554 3495 2622 perituri
3527 2556 3578 2608 in
3623 2556 3902 2620 saeculum,

2316 2657 2604 2699 enervante
2636 2646 2753 2698 iilos
2777 2645 3120 2711 Domino,cui
3150 2661 3252 2698 non
3276 2658 3357 2699 est
3380 2647 3660 2715 quisquam
3686 2648 3902 2713 similis,

2317 2737 2404 2803 qui
2422 2745 2502 2789 est
2518 2737 2662 2790 solus
2679 2737 2971 2790 altissimus
3001 2752 3161 2801 super
3174 2752 3383 2790 omnem
3405 2748 3621 2791 terram.
3644 2738 3797 2793 Unde
3816 2754 3902 2791 re-

2318 2839 2401 2883 cte
2421 2829 2647 2883 dabatur
2669 2829 2892 2897 intelligi
2917 2829 3127 2883 C(Diiltls
3144 2830 3529 2896 dispensatur",
3549 2840 3604 2884 nt
3623 2832 3742 2884 talis
3759 2830 3903 2886 dice-

2321 2929 2469 2973 retur
2513 2920 2750 2988 psalmus
2788 2936 2847 2973 ea
2874 2919 3001 2973 hora
3032 2936 3131 2987 qua
3159 2924 3327 2974 exiret
3352 2923 3418 2975 de
3446 2936 3670 2989 corpore
3698 2922 3901 2985 anima,

2319 3013 2402 3065 cui
2433 3011 2656 3080 juvante
2701 3012 2928 3065 Domino
2970 3013 3143 3065 nullus
3192 3012 3478 3079 prtevalere
3511 3022 3687 3081 posset
3718 3012 3901 3065 inimi-

2317 3118 2430 3156 cus.
2468 3104 2491 3140 δ
2521 3104 2682 3158 Sexto
2716 3103 2927 3157 decimo
2967 3114 3244 3172 postquam
3277 3106 3659 3157 monasterium
3710 3103 3904 3157 funda-

2318 3197 2389 3247 vit
2419 3210 2576 3259 anno,
2625 3195 2826 3262 quievit
2856 3196 2903 3246 in
2936 3195 3162 3248 Domino
3185 3194 3482 3259 confessor,
3518 3196 3683 3263 pridie
3713 3196 3901 3251 Iduum

2319 3290 2339 3319 ’
2367 3288 2763 3352 Januariarttm,
2796 3287 3037 3354 sepultus
3066 3287 3114 3339 in
3139 3287 3359 3340 ecclesia
3384 3286 3521 3339 beati
3542 3287 3765 3355 apostoli
3800 3286 3902 3341 Pe-

2320 3382 2382 3434 tri
2408 3397 2421 3445 ;
2458 3390 2513 3433 ut
2537 3395 2692 3448 quem
2724 3380 2921 3447 degens
2956 3378 3005 3430 iu
3036 3392 3196 3431 carne
3226 3392 3439 3441 semper
3461 3378 3662 3430 solebat
3691 3392 3900 3442 amare,

630 3475 990 3532 modulatione
1016 3478 1278 3533 solantur.
1312 3479 1412 3532 Alii
1468 3479 1769 3533 cubiculum
1822 3480 1871 3533 in
1904 3494 2007 3547 quo
2046 3494 2208 3548 aeger,

2324 3485 2424 3541 quo
2479 3470 2745 3538 pandente
2790 3469 3005 3533 ianuam
3058 3469 3201 3535 regni
3248 3468 3482 3521 caelestis
3537 3468 3796 3533 intrabat,
3828 3469 3901 3520 ab

626 3566 809 3620 animo
828 3568 1082 3622 robustus
1111 3583 1384 3638 egressum
1417 3568 1603 3622 mortis
1634 3580 1686 3623 et
1716 3571 1835 3625 vitae
1865 3571 2215 3637 exspectabat

625 3661 951 3727 ingressum,
1006 3678 1109 3715 non
1163 3663 1440 3717 deserunt.
1498 3664 1840 3732 Evangelium
1897 3673 2003 3717 tota
2057 3674 2214 3718 nocte

626 3766 726 3820 pro
770 3751 970 3806 doloris
1019 3752 1303 3816 levamine,
1356 3754 1496 3821 quod
1545 3764 1599 3808 et
1656 3755 1773 3808 aliis
1817 3756 2060 3809 noctibus
2100 3756 2211 3811 fieri

626 3852 1000 3906 mnsueverat,
1035 3856 1063 3895 a
1098 3842 1413 3913 presbytero
1446 3844 1668 3912 legitur;
1720 3845 1970 3898 dominici
2016 3861 2211 3915 corpo-

626 3935 704 3990 ris
736 3944 790 3990 et
832 3936 1107 4005 sanguinis
1135 3947 1551 4002 sacramentum,
1589 3935 1716 3991 hora
1760 3936 1933 3992 exitus
1962 3938 2209 4005 instante,

625 4045 723 4097 pro
750 4029 944 4085 viatico
987 4029 1178 4097 datur;
1208 4038 1263 4084 et
1308 4030 1384 4085 sic
1436 4029 1611 4084 anima
1657 4030 1744 4083 illa
1802 4039 1985 4085 sancta
2042 4031 2211 4100 longis

622 4119 957 4190 flagellorum
991 4119 1223 4177 felicium
1262 4130 1481 4177 excocta
1526 4131 1683 4189 atque
1713 4123 2014 4177 examinata
2060 4122 2211 4175 llam-

625 4212 729 4265 mis
776 4212 973 4266 luteam
1025 4213 1202 4267 carnis
1260 4212 1531 4267 fornacem
1572 4213 1809 4280 deserit,
1861 4223 1914 4268 et
1964 4229 2211 4284 superna:

631 4304 976 4359 beatitudinis
1007 4305 1171 4360 libera
1202 4306 1443 4373 pervolat
1470 4306 1535 4359 ad
1564 4306 1813 4375 gloriam.
1832 4304 1996 4375 Cujus
2024 4319 2209 4376 egres-

625 4396 708 4449 sui
740 4380 1206 4463 victoriosissimo,
1262 4413 1435 4468 neque
1479 4399 1548 4452 ab
1596 4399 1885 4453 immundis
1934 4399 2211 4467 spiritibus

627 4486 965 4556 aliquatenus
1004 4487 1344 4556 impediendo
1378 4488 1464 4542 vel
1498 4488 1845 4553 retardando,
1874 4490 2032 4542 etiam
2070 4490 2210 4557 psalo

630 4593 749 4631 mus
780 4579 867 4648 qui
917 4588 1024 4631 tum
1056 4593 1153 4648 pro
1183 4593 1250 4634 eo
1295 4579 1585 4634 canebatur
1611 4620 1627 4644 ,
1687 4579 2045 4633 testimonium
2096 4580 2207 4634 dat.

622 4666 865 4738 Namque
913 4669 1103 4725 fratres
1143 4670 1208 4726 ad
1242 4672 1521 4727 ecclesiam
1570 4671 1834 4741 principio
1874 4672 2045 4725 noctis
2075 4687 2206 4726 con-

624 4776 921 4832 currentes,
981 4766 1290 4834 psalterium
1342 4780 1405 4820 ex
1461 4765 1651 4821 ordine
1702 4764 2091 4829 decantantes,
2140 4764 2207 4819 ad

2321 3562 2473 3630 hujus
2505 3560 2746 3631 reliquiis
2778 3572 2830 3614 et
2877 3559 3030 3613 altari
3094 3567 3210 3628 post
3259 3570 3482 3613 mortem
3530 3573 3623 3614 nec
3670 3575 3901 3628 corpore

2317 3653 2526 3723 longius
2548 3655 2781 3707 abesset.
2803 3652 3073 3717 Sedecim,
3096 3650 3419 3713 utdiximus,
3440 3667 3603 3705 annos
3621 3664 3896 3706 monaste-

2316 3744 2449 3797 rium
2484 3760 2500 3799 :
2528 3746 2664 3797 rexit
2697 3746 2896 3813 primos
2919 3754 3040 3798 octo
3085 3760 3174 3813 per
3200 3758 3259 3798 se
3301 3745 3417 3797 sine
3446 3742 3658 3797 alterius
3688 3757 3899 3796 assum-

2317 3836 2497 3902 ptione
2527 3835 2768 3901 abbatis;
2821 3833 3052 3903 reliquos
3085 3837 3303 3889 totidem
3348 3835 3472 3887 viris
3507 3835 3899 3888 venerabilibus

2313 3938 2367 3981 et
2409 3928 2607 3981 sanctis
2640 3928 2975 3993 Eastervino,
3026 3928 3257 3998 Sigfrido
3305 3937 3359 3981 et
3390 3926 3657 3981 Ceolfrido
3683 3926 3897 3981 abbatis

2312 4033 2370 4070 se
2400 4019 2637 4084 nomine,
2662 4018 2978 4073 auctoritate
3006 4028 3059 4073 et
3103 4018 3280 4072 officio
3326 4017 3665 4087 juvantibus;
3719 4018 3896 4085 primo

2312 4119 2538 4176 quatuor
2554 4123 2745 4173 annos,
2778 4109 3013 4165 secundo
3044 4120 3170 4172 tres,
3205 4111 3361 4164 tertio
3393 4125 3572 4164 unum.

2383 4200 2481 4264 Qui
2531 4211 2584 4254 et
2613 4199 2727 4269 ipse
2778 4202 2988 4264 tertius,
3018 4201 3068 4255 id
3117 4212 3200 4256 est
3240 4201 3557 4266 Ceolfridus,
3601 4202 3893 4256 industrius

2313 4305 2407 4359 per
2434 4293 2609 4344 omnia
2639 4293 2736 4355 vir,
2770 4302 2955 4346 acutus
2995 4293 3227 4362 ingenio,
3277 4302 3401 4347 actu
3437 4294 3677 4361 impiger,
3710 4304 3890 4347 matu-

2313 4396 2403 4436 rus
2446 4384 2662 4445 animo,
2712 4382 2982 4451 religionis
3010 4383 3127 4437 zelo
3178 4382 3409 4446 fervens,
3458 4384 3620 4450 prius,
3650 4383 3785 4435 sicut
3835 4392 3887 4437 et

2310 4489 2468 4542 supra
2514 4474 2876 4540 meminimus,
2906 4472 3125 4542 jubente
3172 4475 3369 4541 pariter
3394 4482 3447 4527 et
3477 4473 3697 4543 juvante
3720 4474 3887 4528 Bene~

2309 4565 2473 4633 dicto,
2508 4566 2886 4620 monasterium
2938 4566 3078 4620 beati
3127 4566 3270 4619 l‘auli
3303 4565 3528 4634 apostoli
3559 4573 3757 4632 septem
3792 4582 3884 4619 an-

2310 4662 2414 4725 nis,
2440 4661 2694 4723 fundavit,
2740 4658 2985 4728 perfecit,
3018 4660 3185 4724 rexit;
3210 4672 3272 4712 ac
3297 4658 3489 4713 deinde
3531 4658 3737 4726 utrique
3768 4673 3883 4711 mo.

2311 4754 2565 4818 na5terio,
2593 4753 2671 4807 vel
2710 4753 2847 4806 sicut
2877 4753 3073 4806 rectius
3116 4751 3292 4804 dicere
3333 4764 3611 4818 possumus
3631 4790 3646 4813 ,
3675 4749 3724 4801 in
3752 4750 3882 4801 duo.

623 4858 1009 4925 octogesimum
1063 4866 1187 4912 tunc
1224 4866 1278 4912 et
1324 4858 1618 4912 secundum
1658 4855 1922 4909 cantando
1951 4869 2206 4922 pervene-
2238 4844 2286 4904 D
2313 4850 2409 4902 bus
2440 4848 2572 4901 locis
2611 4846 2786 4915 posito
2824 4846 2912 4899 uni
2945 4843 3267 4900 monasterio
3305 4845 3577 4897 beatorum
3618 4842 3878 4911 apostolo-

1591 4945 2067 5003 VUl.GATOliUM
2113 4943 2508 5000 VABIANTES
2548 4936 2947 4994 LECTIONES.

693 5047 708 5075 ι
738 5037 1002 5094 Nascitur.

2376 5036 2396 5066 ¹
2419 5032 2678 5087 Januarii.

1944 5128 2303 5185 VARIORUM
2346 5123 2575 5181 ΝΟΤᾸΕ.

696 5233 724 5261 ι
750 5222 973 5303 introiit.
995 5220 1211 5303 Fempe
1259 5236 1311 5274 XI
1362 5219 1478 5272 Kal.
1530 5220 1840 5303 Septemb”
1875 5236 1977 5287 quo
2012 5221 2196 5303 diemiti

626 5294 798 5347 Fastis
832 5291 1189 5347 Benedictinis
1218 5300 1573 5352 memoratur;
1616 5298 1668 5343 et
1712 5293 1922 5356 quidem
1956 5306 2043 5344 an.
2096 5291 2198 5345 689

623 5375 854 5433 quatuor
894 5363 1166 5417 mensibus
1196 5371 1319 5416 ante
1368 5360 1747 5420 Benedictum,
1798 5362 1888 5429 qui
1943 5361 2197 5415 Januario

620 5436 933 5498 insequente
962 5446 1198 5487 mortuus
1220 5442 1319 5486 est.

694 5509 721 5549 ι)
756 5504 1133 5559 Sexlodecimo.
1174 5504 1328 5556 Anno
1370 5500 1589 5567 proinde
1619 5517 1721 5553 non
1754 5500 1879 5564 703,
1912 5502 1983 5554 uti
2012 5499 2197 5554 scribit

624 5574 777 5627 Matt.
834 5573 1087 5639 Westm.,
1146 5576 1238 5627 sed
1290 5573 1434 5637 690,
1492 5573 1706 5626 ineunte
1744 5572 2005 5635 siqttidettt
2055 5587 2196 5622 attito

622 5642 731 5693 li“
789 5642 1218 5697 Wiremutbense
1296 5645 1675 5695 monasterium
1758 5643 2030 5693 conditum
2091 5651 2191 5692 est.

624 5712 814 5766 SMITII.
856 5742 926 5753 --
959 5713 1009 5766 Id
1037 5714 1382 5767 confirmatur
1429 5728 1491 5765 ex
1537 5720 1707 5764 morte
1756 5712 2067 5763 Easterwini
2109 5726 2197 5761 su-

628 5785 804 5848 t'crius
833 5799 978 5837 nunt.
1010 5784 1041 5838 8
1070 5783 1229 5837 relata
1259 5823 1272 5847 ,
1323 5799 1439 5852 qum
1471 5796 1610 5836 anno
1658 5784 1969 5836 duodccmo
2002 5782 2198 5834 conditi

2309 5220 2560 5285 cmnobii,
2585 5229 2635 5272 et
2665 5220 2874 5286 quidem
2905 5233 3044 5273 anno
3070 5218 3173 5273 685
3196 5217 3437 5284 contigit.
3467 5217 3589 5270 Item
3612 5234 3673 5272 ex
3708 5232 3881 5275 morte

2307 5290 2555 5343 Ceolfridi
2586 5291 2809 5350 abbatis,
2851 5307 2999 5357 quam
3031 5305 3098 5341 VII
3133 5288 3351 5341 Kalend.
3404 5288 3579 5342 Octob.
3613 5307 3745 5342 mmo
3774 5294 3881 5347 7l6

2306 5364 2551 5413 evenisse
2582 5361 2711 5412 infra
2746 5377 2889 5412 num.
2922 5361 2986 5413 21
3026 5360 3161 5413 Ερόει
3210 5360 3405 5411 diserte
3449 5359 3695 5413 afﬁrmat.
3730 5365 3860 5415 (Ieol

2306 5430 2475 5483 fridus
2501 5446 2627 5483 vero
2652 5445 2743 5483 sex
2775 5440 2896 5483 ante
2929 5432 3133 5496 Βίδοηνί
3176 5429 3374 5482 obitum
3410 5430 3679 5482 tnenSibus
3708 5432 3879 5485 abbas

2307 5502 2515 5567 utrique
2542 5501 2787 5554 etenobio
2818 5501 3084 5569 praelatus,
3117 5504 3346 5566 regimen
3402 5500 3569 5550 tenuit
3613 5502 3782 5567 viginti
3837 5516 3883 5554 et

2307 5581 2417 5621 octo
2444 5587 2623 5634 annos,
2654 5586 2721 5623 ex
2749 5587 2893 5625 num.
2927 5570 2994 5624 15
3022 5586 3211 5633 nempe
3237 5572 3509 5621 inchoatos
3543 5586 3554 5621 :
3586 5571 3672 5636 qui
3696 5574 3879 5624 calcu-

2306 5642 2384 5692 lus
2412 5658 2438 5691 a
2470 5658 2651 5693 mense
2679 5640 2815 5694 Julio
2837 5644 2959 5698 anni
2979 5642 3080 5697 63!)
3106 5642 3172 5696 ad
3192 5640 3472 5694 Octobrem
3498 5644 3618 5694 auiti
3653 5642 3755 5697 7Ιῦ
3777 5658 3879 5696 nu-

2307 5723 2557 5765 meratur.
2584 5714 2824 5769 MABIILL.

3951 416 3957 465 l
