4220 6454
342 280 455 334 7‘25

885 270 1078 332 SECT.
1121 271 1163 328 1.
1196 304 1262 314 -
1299 267 1882 329 llAGlOCllAPlllCA.
1922 297 1991 308 -—
2038 266 2191 320 \‘lTA
2237 264 2545 334 QUINQUE
2587 265 2690 324 SS.
2730 262 3078 320 ABBATUM.

3519 263 3624 318 726

342 413 458 451 rum
489 392 632 448 Petri
661 401 714 448 et
761 392 932 460 Pauli,
963 392 1142 463 viginti
1174 399 1226 447 et
1264 398 1390 446 octo
1427 404 1597 443 annos
1625 387 1805 443 solerti
1841 401 1924 440 re-
1958 385 2003 442 Α
2034 383 2277 437 docendo
2305 383 2387 438 vel
2417 384 2646 439 vivendo
2676 383 2695 412 ⁸
2721 382 3013 452 prmciperc
3043 379 3268 435 formam
3294 397 3308 446 ;
3339 380 3502 436 multa
3532 382 3624 437 diu

338 486 540 554 gimine
587 483 830 553 prtefuit;
877 491 932 537 et
991 493 1180 536 cuncta
1232 496 1352 550 quae
1392 495 1520 535 suus
1572 479 1934 548 praedecessor

340 576 557 646 egregia
589 577 846 630 virtutum
878 589 1036 642 Opera
1069 575 1254 643 coepit,
1281 573 1394 642 ipse
1426 587 1529 625 non
1555 569 1769 640 segnius
1809 584 1932 636 per-

345 670 506 724 licere
531 669 759 723 curavit.
792 666 1068 738 Siquidem
1102 667 1240 721 inter
1263 673 1454 720 caetera
1498 663 1808 718 monasterii
1843 676 1935 716 nc-

343 759 578 817 cessaria
623 775 744 828 qua:
802 760 964 826 longo
1035 757 1253 828 regendi
1313 767 1555 827 tempore
1605 753 1935 823 disponenda

345 851 633 920 comperit,
665 851 829 905 etiam
876 849 1027 919 plura
1059 851 1182 905 fecit
1214 849 1477 914 oratoria;
1524 845 1708 901 altaris
1739 854 1792 900 et
1840 859 1934 900 ec-

345 944 526 998 clesia
556 958 702 1009 vasa,
731 943 818 998 vel
851 944 1170 1012 vestimenta
1198 942 1374 998 omnis
1396 939 1610 1011 generis
1630 938 1934 1006 ampliavit;

347 1035 730 1090 bibliothecam
763 1035 1044 1105 utriusque
1069 1033 1407 1097 monasterii,
1433 1048 1594 1102 quam
1619 1030 1939 1085 Bene-dctus

347 1127 515 1184 abbas
562 1143 750 1199 magna
793 1128 956 1196 cmpit
990 1128 1268 1192 instantia,
1310 1127 1425 1196 ipse
1471 1141 1576 1180 non
1626 1125 1818 1179 minori
1851 1138 1941 1192 ge-

349 1221 570 1276 minavit
617 1221 876 1276 industria
925 1238 937 1273 :
995 1220 1066 1275 ita
1119 1229 1176 1274 ut
1230 1227 1340 1274 tres
1381 1223 1396 1254 ί
1445 1219 1733 1288 pandectes
1785 1230 1943 1270 nova:

347 1311 742 1379 translationis,
790 1312 855 1366 ad
889 1328 1052 1366 unum
1089 1321 1314 1366 vetustae
1368 1311 1734 1366 translationis
1783 1325 1941 1377 quem

343 1410 416 1464 de
446 1408 615 1462 Roma
644 1408 922 1472 attulerat,
958 1408 1073 1477 ipse
1119 1420 1284 1474 super
1320 1405 1672 1476 adjuugeret;
1718 1417 1942 1472 quorum

349 1516 512 1553 unum
555 1513 720 1554 senex
769 1498 994 1554 Romam
1050 1497 1268 1553 rediens
1313 1512 1494 1552 secum
1528 1495 1667 1550 inter
1707 1494 1805 1548 alia
1851 1508 1945 1562 pro

355 1608 579 1648 munere
618 1593 868 1662 sumpsit,
901 1592 1037 1646 duos
1061 1592 1276 1662 utrique
1308 1590 1636 1645 monasterio
1683 1589 1896 1657 reliquit
1930 1605 1942 1640 :

349 1683 480 1738 dato
509 1697 721 1751 quoque
751 1681 1268 1750 cosmographorum
1316 1680 1503 1735 codice
1534 1679 1766 1734 mirandi
1809 1693 1946 1743 Ope-

349 1775 444 1838 ris,
493 1789 652 1844 quem
699 1774 884 1828 Romae
941 1772 1264 1827 Benedictus
1311 1781 1540 1835 emerat,
1568 1780 1766 1825 terram
1823 1776 1946 1823 octo

351 1865 671 1919 familiarum
701 1865 850 1933 juxta
876 1862 1093 1918 fluvium
1141 1864 1334 1918 Fresca
1368 1862 1436 1916 ab
1466 1861 1710 1916 Aldfrido
1741 1875 1863 1931 rege
1893 1859 1944 1913 iu

350 1951 646 2022 Scripturis
697 1953 1018 2008 doctissimo
1077 1953 1127 2006 in
1179 1953 1574 2022 possessionem
1635 1951 1945 2005 monasterii

349 2044 493 2100 beati
527 2043 680 2098 l’auli-
722 2045 950 2112 apostoli
1008 2044 1376 2113 comparavit;
1409 2060 1567 2112 qui-nt
1600 2042 1947 2111 comparandi

349 2138 594 2192 ordinem
632 2139 766 2206 ipse,
798 2139 922 2192 dum
964 2139 1141 2193 adhuc
1179 2140 1406 2204 viveret,
1462 2139 1782 2192 Benedictus
1826 2154 1945 2192 cum

349 2227 544 2284 eodem
577 2244 704 2299 rege
739 2229 981 2284 Aldfrido
1014 2238 1309 2295 taxaverat,
1343 2229 1436 2284 sed
1463 2230 1772 2300 priusquam
1803 2244 1949 2283 com-

351 2322 501 2390 plere
533 2321 796 2388 potuisset
819 2321 973 2375 obiit.
1011 2321 1206 2375 Verum
1261 2335 1358 2389 pro
1388 2322 1488 2376 hac
1517 2328 1660 2375 terra
1712 2329 1950 2389 postmo-

353 2415 503 2478 dum,
522 2413 726 2468 Osredo
743 2424 1021 2482 regnante,
1034 2415 1359 2475 Ceolfridus.
1377 2415 1561 2469 addito
1579 2416 1748 2483 pretio
1765 2415 1949 2485 digno,

355 2516 559 2560 terram
585 2523 652 2560 xx
679 2507 998 2560 familiarum
1029 2509 1078 2560 in
1107 2507 1226 2562 loco
1249 2507 1337 2574 qui
1364 2508 1658 2561 incolarum
1689 2508 1864 2577 lingua
1884 2507 1950 2562 ad

357 2599 544 2653 villam
563 2598 831 2656 Samhuce
853 2610 1093 2665 vocatur,
1115 2602 1236 2671 quia
1255 2601 1371 2656 haec
1393 2601 1618 2655 vicinior
1639 2601 1814 2656 eidem
1844 2617 1952 2656 mo-

354 2691 592 2746 nasterio
613 2693 912 2756 videbatur,
944 2692 1173 2763 accepit.
1207 2692 1379 2747 Missis
1413 2693 1634 2746 Romam
1666 2693 1954 2747 monachis

353 2795 596 2855 tempore
626 2785 818 2859 [Supp.
871 2783 1065 2856 beatae]
1116 2784 1504 2841 recordationis
1557 2784 1727 2855 Sergii
1772 2801 1944 2854 papae,

356 2877 693 2948 privilegium
718 2877 788 2931 ab
831 2892 897 2932 eo
928 2893 1026 2949 pro
1054 2877 1280 2933 tuitione
1307 2877 1390 2932 sui
1433 2877 1744 2932 monasterii
1780 2877 1948 2932 instar

354 2968 500 3022 illius
527 2967 668 3037 quod
700 2967 907 3036 Agatho
939 2983 1072 3038 papa
1107 2967 1394 3023 Benedicto
1422 2967 1662 3030 dederat,
1696 2969 1906 3034 accepit
1937 2985 1950 3034 ;

357 3058 502 3128 quod
536 3059 832 3113 Britannias
873 3058 1161 3128 perlatum,
1190 3067 1246 3113 et
1271 3072 1449 3114 coram
1479 3059 1686 3130 synodo
1717 3056 1954 3127 patefac-
1985 3093 2032 3156 ε

364 3160 502 3218 tum,
526 3149 866 3219 praesentium
895 3149 1266 3219 episcoporum
1288 3150 1446 3204 simul
1463 3159 1516 3205 et
1533 3149 1796 3220 magniﬁci
1817 3149 1958 3218 regis

367 3244 597 3299 Aldfridi
645 3242 1042 3312 subscriptione
1091 3243 1470 3297 conﬁrmatum
1519 3251 1640 3310 est,
1689 3241 1960 3311 quomodo

363 3339 530 3394 etiam
564 3337 711 3405 prius
752 3337 883 3392 illud
914 3337 998 3391 sui
1047 3334 1308 3404 temporis
1339 3349 1519 3405 regem
1575 3344 1627 3389 et
1676 3333 1960 3403 episcopos

361 3429 417 3482 in
447 3425 656 3497 synodo
685 3425 901 3496 publice
927 3427 1277 3481 conﬁrmasse
1305 3440 1410 3481 non
1433 3425 1582 3480 latet.
1601 3425 1959 3494 Temporibus

362 3520 508 3574 illius
560 3519 777 3574 tradens
825 3532 886 3573 se
931 3517 1262 3572 monasterio
1308 3517 1450 3572 beati
1500 3515 1646 3571 Petri
1705 3515 1956 3584 apostoli,

357 3610 501 3680 quod
555 3610 774 3679 regebat
824 3617 1113 3664 veteranus
1160 3622 1224 3664 ac
1272 3608 1575 3678 religiosus,
1607 3617 1662 3664 et
1716 3607 1769 3662 in
1815 3607 1959 3663 omni

359 3714 468 3756 tam
518 3702 760 3757 saeculari
808 3717 973 3772 quam
1029 3701 1430 3771 Scripturarum
1463 3701 1688 3756 scientia
1716 3701 1960 3755 eruditus

359 3794 560 3848 L‘hristi
593 3794 824 3850 famulus
850 3793 1104 3862 Witmer,
1159 3805 1356 3849 terram
1406 3793 1594 3848 decem
1641 3791 1959 3846 familiarum

360 3901 521 3955 quam
554 3888 622 3941 ab
649 3885 896 3941 Aldfrido
925 3901 1050 3957 rege
1081 3886 1134 3940 in
1169 3886 1567 3956 possessionem
1597 3893 1881 3952 acceperat
1907 3885 1959 3937 in

365 3981 484 4034 loco
512 3979 654 4036 villae
683 3995 802 4050 qua:
829 3979 1036 4035 Daldun
1082 3988 1443 4049 nuncupatur,
1472 3977 1646 4032 eidem
1690 3984 1960 4032 monaste-

364 4071 450 4127 rio
474 4083 742 4142 perpetua:
766 4071 1123 4141 possessionis
1141 4071 1261 4141 jure
1291 4071 1532 4126 donavit.

437 4171 507 4220 At
536 4165 624 4221 ubi
672 4165 973 4222 Ceolfridus
1018 4173 1140 4235 post
1189 4163 1413 4219 multam
1463 4163 1726 4232 regularis
1780 4160 1962 4216 obser-

363 4260 561 4313 vantiae
606 4259 943 4328 disciplinam
987 4273 1146 4327 quam
1174 4257 1278 4313 sibi
1309 4255 1435 4327 ipsi,
1480 4256 1682 4326 pariter
1722 4269 1786 4310 ac
1834 4266 1963 4308 suus

367 4353 533 4409 Pater
562 4352 905 4418 Benedictus,
956 4352 1215 4421 providus
1246 4365 1312 4406 ex
1367 4350 1604 4420 priorum
1637 4348 1963 4404 auctoritate

2039 487 2221 525 secum
2249 481 2427 527 mente
2457 486 2695 538 versans,
2742 472 2923 527 utilius
2973 470 3235 532 decrevit,
3277 470 3402 525 dato
3454 470 3625 526 fratri-

2039 565 2135 618 bus
2161 573 2448 634 praecepto,
2474 573 2529 618 ut
2552 565 2696 635 juxta
2739 565 2820 620 sui
2845 573 3036 620 statuta
3073 565 3333 634 privilegii
3361 564 3622 635 juxtaque

2039 656 2274 724 regulam
2321 654 2487 709 sancti
2538 655 2746 709 abbatis
2781 656 3078 722 Benedicti,
3128 656 3196 710 de
3226 656 3339 712 suis
3381 655 3481 712 sibi
3523 656 3624 726 ipsi

2042 747 2254 802 Patrem
2284 747 2372 818 qui
2410 748 2583 814 aptior
2624 755 2767 802 esset
2792 749 3071 818 eligerent,
3106 749 3126 780 ⁵
3149 749 3264 817 ipse
3293 749 3318 777 ⁸
3350 748 3627 804 beatorum

2039 841 2406 909 apostolorum
2458 840 2547 894 ubi
2615 838 2826 908 juvenis
2879 854 2999 894 cum
3060 839 3348 896 Benedicto
3407 840 3626 895 fuerat:

2041 941 2304 1002 quatenus
2348 941 2403 986 et
2453 931 2565 1000 ipse
2625 940 2750 984 ante
2797 941 3025 984 mortem
3081 931 3387 999 aliquandiu
3445 929 3631 988 saeculi

2042 1022 2188 1076 curis
2219 1022 2516 1086 absolutus,
2551 1021 2771 1075 liberius
2814 1021 3031 1074 sibimet
3072 1029 3280 1075 secreta
3327 1021 3508 1090 quiete
3541 1036 3634 1074 va-

2044 1125 2226 1181 caret;
2282 1125 2337 1168 et
2385 1114 2458 1168 illi
2506 1124 2720 1182 sumptu
2771 1112 2964 1166 abbate
3011 1111 3314 1180 juVeniore,
3348 1111 3635 1180 perfectius

2041 1208 2189 1274 juxta
2215 1215 2431 1258 aetatem
2451 1204 2686 1275 magistri
2714 1220 2830 1273 qua:
2848 1206 2967 1257 vita:
2991 1204 3247 1274 regularis
3276 1212 3456 1258 essent
3482 1203 3636 1260 iusti-

2048 1309 2153 1353 tuta
2182 1307 2485 1352 Servarent.

2117 1388 2498 1443 Obuitentibus
2532 1387 2662 1442 licet
2709 1388 2878 1456 primo
2910 1388 3201 1454 omnibus,
3255 1396 3309 1442 et
3358 1388 3412 1440 iu
3466 1387 3636 1459 lacry-

2050 1495 2164 1533 mas
2204 1480 2581 1548 singultusque
2631 1495 2802 1547 genua
2845 1494 2966 1535 cum
3019 1479 3394 1534 obsecratione
3451 1480 3640 1535 crebra

2052 1572 2418 1635 ﬂectentibus,
2453 1571 2654 1624 factum
2701 1580 2786 1625 est
2831 1571 2973 1639 quod
3006 1570 3191 1625 voluit.
3227 1569 3504 1640 Tantaque
3531 1581 3645 1624 erat

2057 1661 2424 1732 proﬁciscendi
2457 1662 2673 1730 cupido,
2717 1669 2774 1715 ut
2818 1661 2971 1716 tertia
3016 1662 3104 1716 die
3150 1677 3216 1716 ex
3249 1677 3357 1731 quo
3392 1661 3646 1715 fratribus

1984 1739 2022 1796 Β
2051 1767 2322 1812 secretum
2346 1754 2427 1812 sui
2461 1755 2719 1826 propositi
2748 1757 2979 1826 aperuit,
3011 1757 3112 1811 iter
3155 1757 3441 1824 arriperet.
3473 1756 3648 1810 Time-

2051 1852 2136 1905 bat
2166 1850 2310 1904 enim
2344 1849 2483 1919 quod
2521 1850 2723 1916 evenit,
2757 1865 2824 1904 ne
2865 1849 3172 1920 priusquam
3204 1849 3433 1905 Romam
3465 1864 3650 1915 perve-

2053 1942 2168 1996 nire
2223 1951 2426 2011 posset,
2484 1939 2692 2006 obiret;
2723 1939 2880 1994 simul
2915 1940 3180 2007 devitans,
3227 1954 3296 1994 nc
3346 1942 3413 1994 ab
3461 1938 3650 1994 amicis

2050 2036 2164 2087 sive
2195 2033 2324 2086 viris
2371 2030 2758 2101 principalibus
2788 2029 2982 2100 quibus
3021 2029 3228 2084 cunctis
3255 2039 3372 2084 erat
3413 2030 3648 2083 honora-

2053 2123 2198 2191 bilis,
2230 2122 2350 2192 ejus
2377 2130 2550 2191 coepta
2576 2121 3006 2188 retardarentur,
3038 2128 3093 2175 et
3119 2135 3186 2174 ne
3224 2119 3449 2189 pecunia
3495 2120 3651 2172 dare-

2053 2227 2136 2273 tur
2165 2217 2238 2272 illi
2277 2233 2307 2270 a
2340 2215 2676 2286 quibusdam,
2702 2214 2896 2284 quibus
2926 2214 3229 2270 retribuere
3275 2229 3372 2282 pro
3404 2226 3648 2280 tempore

2053 2309 2332 2376 nequiret;
2379 2307 2516 2360 hanc
2550 2305 2755 2360 habens
2801 2319 3015 2372 semper
3065 2302 3536 2363 COIlSlleludltttttll,
3594 2313 3652 2356 ut

2052 2400 2098 2454 si
2127 2399 2246 2470 quis
2270 2399 2318 2456 ei
2351 2398 2551 2469 aliquid
2586 2397 2824 2453 muneris
2853 2397 3088 2461 offerret,
3126 2396 3227 2451 hoc
3254 2396 3325 2451 illi
3358 2396 3439 2451 vel
3470 2395 3650 2451 statim

2055 2491 2134 2544 vel
2161 2500 2279 2558 post
2319 2490 2660 2544 intervallum
2688 2498 3023 2560 competens,
3080 2502 3185 2541 non
3230 2486 3442 2541 minore
3485 2486 3651 2553 gratia

2056 2581 2399 2650 rependeret.
2432 2583 2659 2637 Cautata
2705 2595 2833 2650 ergo
2866 2579 3041 2648 primo
3074 2593 3230 2632 mane
3270 2578 3428 2632 missa
3460 2576 3511 2630 iu
3559 2592 3652 2631 ec-

2055 2674 2218 2728 clesia
2264 2675 2437 2728 beata:
2477 2673 2569 2728 Dei
2602 2671 2885 2744 genitricis
2931 2684 3257 2741 semperque
3295 2669 3517 2738 virginis
3548 2668 3656 2720 Ma-

2058 2769 2153 2822 ria:
2185 2778 2236 2822 et
2269 2769 2320 2821 in
2344 2768 2574 2823 ecclesia
2596 2767 2823 2837 apostoli
2861 2766 3001 2822 l’etri
3029 2765 3201 2832 pridie
3232 2763 3411 2817 Nonas
3441 2761 3650 2828 lunias,

2058 2864 2243 2932 quinta
2269 2861 2421 2927 feria,
2442 2867 2496 2914 et
2521 2857 3042 2914 communicantibus
3071 2855 3159 2926 qui
3191 2853 3218 2893 ι)
3253 2854 3500 2918 aderant,
3523 2870 3652 2907 eon-

2062 2955 2210 3006 tiauo
2254 2959 2588 3023 praeparatur
2619 2951 2689 3006 ad
2713 2950 2968 3005 eundum.
3003 2946 3345 3003 Conveniunt
3384 2959 3572 3000 omnes
3601 2945 3652 2998 in

2063 3044 2347 3099 ecclesiam
2401 3043 2545 3098 beati
2605 3041 2768 3107 Petri,
2797 3041 2910 3110 ipse
2965 3040 3120 3094 thure
3167 3039 3396 3093 incenso.
3421 3045 3483 3092 et
3515 3035 3654 3090 dicta

2064 3135 2308 3189 oratione
2337 3135 2402 3188 ad
2435 3133 2628 3200 altare,
2661 3147 2845 3201 pacem
2871 3131 2962 3185 dat
2983 3131 3256 3196 omnibus,
3280 3136 3426 3184 stans
3453 3129 3503 3182 in
3535 3144 3651 3199 gra.

2063 3226 2247 3292 dibus,
2279 3226 2608 3281 thuribulum
2640 3224 2848 3278 habens
2875 3224 2925 3276 in
2950 3237 3106 3275 manu
3135 3239 3146 3274 :
3176 3220 3299 3274 hinc
3315 3219 3528 3273 fletibus
3547 3220 3662 3273 uui-

2065 3332 2348 3373 versorum
2374 3316 2514 3370 inter
2545 3314 2760 3367 litanias
2793 3311 3193 3375 resonantibus,
3225 3319 3460 3375 exeunt;
3512 3307 3654 3362 beati

2064 3409 2335 3468 Laurentii
2385 3406 2637 3479 martyris
2667 3403 2981 3470 oratorium,
3035 3401 3177 3472 quod
3231 3403 3284 3456 in
3336 3400 3657 3454 dormitorio

2065 3503 2291 3561 fratrum
2320 3512 2435 3557 erat
2474 3499 2717 3565 obvium,
2747 3498 2980 3560 intrant;
3009 3495 3126 3550 vale
3152 3493 3336 3548 dicens
3381 3492 3654 3557 ultimmn,

2063 3597 2132 3652 de
2157 3593 2524 3652 conservanda
2548 3591 2774 3646 invicem
2802 3589 3111 3654 dilectione,
3145 3596 3200 3642 et
3219 3583 3656 3655 delinquentibus

2061 3691 2213 3761 juxta
2248 3685 2598 3756 Evangelium
2623 3683 2976 3753 corripiendis
3001 3723 3016 3748 ,
3066 3681 3352 3743 admouet;
3385 3677 3652 3734 omnibus,

2065 3780 2087 3813 ⁸
2117 3780 2160 3836 si
2190 3778 2314 3850 quid
2347 3779 2482 3832 forte
2511 3774 2888 3845 deliquissent,
2920 3770 3146 3843 gratiam
3179 3785 3292 3826 sua:
3323 3768 3655 3824 remissionis

2065 3884 2119 3930 et
2151 3872 2462 3942 placationis
2493 3867 2680 3935 offert;
2712 3882 2899 3923 omnes
2930 3882 3027 3938 pro
3054 3881 3114 3921 se
3144 3879 3320 3930 orare,
3345 3862 3449 3918 sibi
3479 3862 3660 3930 placa-

2069 3977 2150 4021 tos
2171 3968 2426 4029 existere,
2464 3963 2508 4016 si
2540 3963 2648 4016 sint
2697 3975 2833 4029 quos
2862 3960 3047 4014 durius
3084 3957 3230 4028 justo
3271 3954 3655 4023 redarguisset,

2066 4061 2334 4115 obsecrat.
2362 4056 2595 4111 Veniunt
2649 4053 2716 4107 ad
2768 4052 2950 4117 littus;
3004 4063 3214 4104 rursum
3274 4049 3461 4130 osculo
3512 4046 3662 4116 pacis

2067 4154 2206 4206 inter
2261 4153 2524 4221 lacrymas
2561 4145 2813 4202 omnibus
2857 4144 3003 4210 dato,
3036 4157 3208 4213 genua
3256 4140 3516 4206 flectunt;
3567 4139 3662 4194 dat

2067 4247 2390 4311 orationem,
2441 4241 2684 4297 ascendit
2714 4254 2903 4294 navem
2946 4254 3065 4292 cum
3099 4237 3408 4291 comitibus.
3454 4236 3658 4290 Ascen-

2067 4343 2200 4395 dunt
2227 4348 2280 4394 et
2310 4337 2562 4392 diacones
2620 4333 2877 4388 Ecclesia:
2924 4344 3108 4385 cereas
3155 4328 3411 4383 ardentes
3458 4319 3661 4381 et'cru-

360 4442 690 4509 contribuit;
724 4454 843 4514 post
892 4441 1370 4511 incomparabilem
1409 4440 1600 4494 orandi
1659 4438 1956 4508 psallendi-
1997 4448 2184 4521 Dcem
2211 4428 2444 4486 ferentes
2461 4439 2706 4489 auream,
2734 4421 3171 4521 trausittlumen,
3207 4421 3391 4474 adorat
3415 4433 3654 4521 crucem,

361 4551 470 4604 que
497 4535 796 4602 solertiam,
833 4551 936 4605 qua
969 4536 1087 4604 ipse
1115 4533 1457 4604 quotidianus
1501 4532 1523 4562 ’
1557 4530 1795 4586 exerceri
1846 4545 1950 4583 non

361 4626 562 4693 desiit;
613 4634 735 4696 post
764 4625 1068 4682 mirabilem
1117 4637 1172 4682 et
1212 4621 1498 4680 coercendi
1548 4621 1823 4692 improbos
1851 4618 1962 4676 fer-

363 4732 570 4782 Vorem,
597 4726 651 4772 et
679 4716 998 4773 modestiam
1053 4716 1364 4772 consolandi
1399 4715 1676 4779 inﬁrmos;
1710 4721 1830 4781 post
1879 4713 1960 4767 in-

361 4809 578 4863 solitam
631 4810 652 4841 ³
693 4809 991 4865 rectoribus
1040 4819 1093 4865 et
1139 4824 1280 4865 esca:
1323 4818 1585 4878 potusque
1618 4807 1954 4877 parcitatem,

364 4911 425 4955 et
452 4900 664 4956 habitus
698 4903 991 4968 vilitatem;
1037 4902 1166 4957 vidit
1195 4917 1256 4957 se
1295 4902 1406 4971 jam
1459 4901 1640 4956 senior
1668 4907 1724 4955 et
1772 4900 1962 4968 plenus

364 4993 576 5048 dierum
606 5008 712 5050 non
744 4993 880 5048 ultra
915 5009 1074 5064 posse
1116 4994 1345 5049 subditis
1390 4993 1462 5048 ob
1513 4991 1957 5063 impedimentum

365 5099 637 5154 supremae
694 5088 890 5152 :ctatis,
947 5086 1182 5140 debitam
1231 5085 1526 5156 spiritualis
1569 5083 1819 5140 exercitii
1871 5085 1956 5138 vel

2068 4523 2309 4579 ascendit
2338 4534 2536 4589 equum
2577 4526 2630 4572 et
2656 4514 2815 4582 abiit,
2863 4514 3062 4568 relictis
3095 4513 3145 4566 iu
3178 4511 3518 4566 monasteriis
3545 4509 3666 4566 suis

2067 4615 2321 4672 fratribus
2371 4624 2596 4666 numero
2623 4609 2791 4662 ferme
2825 4606 3115 4661 sexcentis.

2140 4709 2234 4764 Illo
2262 4715 2437 4761 autem
2468 4704 2698 4758 abeunte
2743 4713 2864 4754 cum
2896 4697 3076 4760 sociis,
3115 4694 3343 4750 redeunt
3371 4692 3437 4748 ad
3483 4693 3658 4748 eccle-

2068 4803 2204 4859 siam
2251 4800 2464 4864 fratres,
2492 4810 2552 4852 se
2582 4809 2645 4849 ac
2672 4809 2768 4850 sua
2819 4790 3049 4846 Domino
3081 4787 3293 4843 fletibus
3323 4795 3380 4841 et
3410 4789 3659 4841 oratione

2069 4891 2484 4952 commendant:
2516 4897 2570 4943 et
2600 4895 2718 4956 post
2747 4899 2852 4938 non
2885 4881 3086 4952 grande
3116 4878 3481 4941 intervallum,
3508 4893 3657 4933 como
3688 4897 3704 4930 ει

2071 4988 2210 5058 pleta
2260 4985 2407 5039 hora:
2457 4980 2631 5036 tertia:
2685 4974 3012 5048 psalmodia,
3064 4985 3274 5026 rursum
3320 4970 3644 5024 conveniunt

2063 5094 2280 5147 omnes;
2314 5075 2442 5147 quid
2491 5073 2752 5144 agendum
2784 5070 2852 5127 sit
2897 5066 3212 5131 consulunt;
3247 5062 3474 5129 orando,
3507 5063 3656 5131 psal-

1342 5179 1812 5237 VULGATUHUM
1853 5177 2248 5237 VARIANTES
2287 5167 2692 5228 LECTIONES.

445 5281 462 5309 ¹
492 5275 766 5329 Pandecles
791 5273 1489 5345 nothranslationes‘quam
1519 5277 1598 5328 de.

445 5351 465 5380 ²
496 5346 520 5399 1
528 5365 615 5412 pse
655 5347 895 5400 exerceri.

444 5415 464 5445 ³
497 5418 792 5473 [lectoribus
821 5433 966 5473 escae.

2138 5272 2160 5338 ξ
2193 5269 2479 5338 Prw/icere.

2140 5333 2161 5409 ξ
2191 5333 2615 5409 Ιρεῖὸεαιοηιηι.

2141 5405 2160 5433 ⁸
2186 5405 2383 5467 Sicubi.

1699 5504 2057 5560 VARIORUM
2103 5502 2325 5559 NOTAE.

447 5606 800 5660 “Remorum.
873 5604 974 5661 Per
1045 5604 1337 5658 scribarum
1398 5604 1654 5657 incuriam
1718 5602 1964 5655 videntur

369 5681 543 5735 omitti
595 5682 708 5732 haec
739 5677 918 5740 verba,
951 5688 1002 5733 ιιι
1036 5675 1250 5746 cOnjicit
1295 5675 1630 5731 Mabillonius
1668 5691 1681 5729 :
1730 5683 1962 5745 pergeret

372 5754 443 5806 rid
463 5752 659 5806 luniuo.
695 5754 886 5806 b'utru.

2145 5599 2170 5638 ιδ
2206 5602 2384 5666 Neque
2430 5597 2552 5650 hinc
2583 5588 3148 5666 0Xt‘ljll_l_prcsllylt'l‘08
3178 5590 3266 5658 qui
3299 5584 3501 5656 plurimi
3541 5587 3658 5642 sine

2077 5675 2234 5729 dubio
2264 5663 2370 5727 illic
2401 5681 2522 5723 tunc
2553 5672 2723 5722 crant.
2759 5663 2986 5717 Mantua
