4220 6460
670 295 765 350 727

1424 291 1620 347 ΜΞοῶ
1667 292 2117 349 VftNlIRABlLlS
2156 292 2302 348 OPP.
2350 292 2521 347 PARS
2563 290 2646 345 IV.
2681 320 2753 331 —-
2791 287 3166 344 HISTOBICA.

3817 285 3925 339 733

655 392 839 472 lende,
873 416 926 463 et
949 406 1237 478 jejunando
1272 407 1474 459 Patrem
1503 406 1659 460 citius
1685 425 1712 458 a
1747 406 1856 460 Deo
1884 404 2230 473 quaerendum
2262 410 2307 465 Α
2338 402 2624 470 spiritualis
2653 402 2703 455 in
2734 402 3023 455 monastica
3056 402 3236 471 quiete
3266 400 3526 455 libertatis
3558 408 3614 454 et
3660 400 3826 467 pacis.
3858 397 3923 452 Et

662 507 987 568 decernunt;
1019 504 1293 555 monachis
1326 499 1464 555 beati
1499 501 1667 566 Pauli,
1704 499 1955 554 fratribus
1988 500 2237 554 videlicet

666 593 791 655 suis,
828 608 922 661 per
966 607 1150 648 eorum
1196 591 1452 658 quosdim
1500 591 1589 656 qui
1642 591 1894 651 aderant,
1929 604 2134 643 necnon
2181 598 2236 643 et

664 698 879 737 suorum
907 683 1133 752 aliquos,
1168 682 1305 749 quod
1357 683 1709 745 decreverint,
1744 684 1999 750 pandunt.
2033 684 2236 735 Assen-

664 775 798 829 tiunt
844 785 895 828 et
947 775 1054 841 illi,
1090 774 1143 827 ﬁt
1174 785 1518 842 utrorumque
1546 774 1755 829 animus
1802 790 1962 841 unus,
1991 774 2234 828 omnium

660 864 817 918 corda
847 876 1081 928 sursum,
1113 865 1347 917 omnium
1381 865 1619 917 levantur
1650 878 1804 918 voces
1824 866 1887 918 ad
1924 864 2228 919 Dominum.

659 955 897 1010 Tandem
927 955 1014 1009 die
1044 956 1219 1017 tertia,
1256 956 1501 1009 veniente
1552 954 1823 1008 Dominico
1852 956 1938 1008 die
1969 955 2233 1009 Penteco-

658 1062 789 1114 stes,
831 1050 1158 1104 conveniunt
1198 1064 1383 1104 omnes
1433 1050 1520 1118 qui
1551 1050 1567 1079 ί
1615 1058 1767 1102 erant
1812 1047 1864 1101 in
1908 1049 2234 1103 monasterio

661 1141 799 1195 beati
849 1141 986 1194 Petri
1035 1141 1085 1195 in
1129 1141 1433 1206 concilium,
1464 1141 1658 1195 adsunt
1703 1151 1755 1193 et
1794 1140 1859 1194 de
1909 1142 2235 1194 monasterio

660 1232 796 1285 beati
844 1232 989 1285 Pauli
1032 1232 1304 1286 seniorum
1332 1248 1434 1284 non
1471 1231 1641 1298 pauci.
1674 1230 1760 1284 Fit
1788 1246 1887 1283 una
1919 1232 2228 1295 concordia,

660 1323 843 1376 eadem
889 1332 1229 1390 utrorumque
1256 1323 1539 1375 sententia.
1575 1321 1796 1389 Eligitur
1843 1322 2020 1389 itaque
2066 1322 2231 1376 abbas

659 1410 1067 1477 Huaetberctus,
1092 1414 1177 1481 qui
1204 1428 1233 1465 a
1266 1413 1452 1481 primis
1495 1412 1734 1480 pueritiae
1782 1414 2108 1480 temporibus
2139 1429 2229 1467 eo-

661 1505 780 1558 dem
811 1506 861 1558 in
901 1505 1222 1558 monasterio
1253 1520 1354 1558 non
1386 1503 1556 1557 solum
1592 1504 1849 1573 regularis
1890 1505 2230 1559 observantia

660 1595 953 1661 disciplina:
982 1595 1278 1656 institutus,
1311 1594 1405 1648 sed
1446 1606 1498 1647 et
1537 1595 1824 1658 scribendi,
1856 1597 2122 1659 cantandi,
2158 1596 2232 1651 le-

661 1686 816 1753 gendi
850 1700 909 1738 ac
954 1684 1178 1738 docendi
1220 1683 1393 1738 fuerat
1437 1702 1539 1737 noti
1584 1700 1742 1753 parva
1775 1689 2095 1741 exercitatus
2144 1690 2226 1743 in-

2341 497 2565 562 primtnu
2597 493 2809 563 quidem
2835 495 3032 562 gratias
3055 495 3259 561 agimus
3284 504 3482 546 sancte
3526 503 3582 548 et
3630 493 3921 547 individua:

2338 587 2605 651 Trinitati,
2637 588 2777 655 quod
2825 589 2957 656 ipse,
3010 587 3108 641 etsi
3166 602 3273 641 non
3316 587 3434 641 sine
3466 586 3700 639 maximo
3730 594 3922 638 nostro

2337 679 2541 744 dolore,
2574 681 2797 749 gemitu,
2841 679 3005 745 luctu,
3038 694 3101 733 ac
3139 688 3512 748 prosecutione
3557 680 3917 749 lacrymarum

2336 786 2364 825 a
2392 773 2545 826 nobis
2575 774 2732 839 abiit;
2783 773 2849 827 ad
2880 788 2992 828 suae
3025 784 3199 828 tamen
3248 776 3337 827 ditt
3368 775 3690 830 desideratze
3719 775 3921 843 quietis

2336 863 2523 931 gaudia
2568 875 2749 917 sancta
2797 865 3078 932 pervenit:
3111 864 3239 917 dum
3283 879 3345 919 ea
3390 881 3510 934 qua:
3554 865 3807 933 juvenem
3855 879 3919 919 se

2336 952 2550 1019 adiisse,
2575 955 2769 1008 vidisse
2792 964 2951 1023 atque
2972 956 3225 1011 adorasse
3252 970 3465 1022 semper
3494 956 3788 1010 recordans
3818 970 3912 1009 ex-

2336 1046 2586 1113 sultabat,
2611 1046 2771 1098 etiam
2788 1047 2939 1100 senio
2961 1045 3229 1110 defessus,
3254 1046 3527 1100 beatorum
3548 1047 3916 1114 apostolorum

2336 1136 2563 1189 devotus
2610 1136 2791 1190 limina
2840 1138 3070 1204 repetiit.
3103 1137 3169 1190 Et
3200 1148 3318 1205 pest
3349 1140 3535 1207 longos
3583 1141 3810 1206 amplius
3846 1156 3915 1192 st.

2334 1242 2592 1281 annorum
2624 1228 2832 1282 labores
2858 1243 3119 1299 curasque
3158 1230 3457 1295 continuas,
3486 1231 3677 1300 quibus
3707 1246 3910 1285 mona-

2333 1318 2509 1372 steriis
2538 1318 2784 1388 regendis
2828 1320 3036 1374 abbatis
3062 1319 3184 1387 jure
3232 1320 3459 1388 praefuit,
3504 1321 3910 1388 incomparabili

2336 1408 2547 1463 virtutis
2578 1425 2762 1464 amore
2788 1410 2937 1479 quasi
2968 1424 3137 1480 nuper
3169 1411 3234 1464 ad
3276 1412 3739 1466 cooversationetn
3790 1415 3915 1466 vita

2334 1504 2567 1559 cmlestis
2613 1505 2835 1570 accitus,
2880 1505 3061 1558 ultima
3110 1505 3384 1559 contectus
3428 1517 3607 1566 aetate.
3638 1514 3695 1561 et
3744 1521 3911 1574 prope

2328 1594 2436 1663 jam
2460 1597 2768 1660 moriturus,
2788 1609 2969 1649 rursus
2991 1596 3175 1665 incipit
3204 1597 3529 1666 peregrinari
3557 1612 3651 1663 pro
3668 1596 3910 1663 Christo,

2332 1702 2438 1756 quo
2483 1688 2699 1742 liberius
2750 1689 2919 1756 prisca
2970 1688 3383 1742 sollicitudinum
3424 1690 3756 1743 sacularium
3803 1693 3915 1755 spi-

660 1775 887 1829 dustria.
915 1775 1133 1827 Romam
1164 1790 1375 1843 quoque
1407 1775 1732 1841 temporibus
1764 1776 1929 1830 beata:
1957 1778 2227 1831 memoria:
2262 1760 2306 1819 Β
2337 1791 2457 1833 neta
2487 1781 2698 1834 camino
2741 1778 3001 1848 spirituali
3047 1779 3260 1832 fervens
3304 1780 3728 1848 compunctionis
3772 1779 3912 1849 ignis

659 1868 827 1935 Sergii
856 1882 1001 1934 papa:
1023 1879 1330 1929 accurreos,
1357 1876 1411 1919 et
1439 1881 1543 1919 non
1570 1880 1729 1933 parvo
1753 1867 1947 1921 ibidem
1978 1870 2231 1936 temporis

660 1960 831 2027 Spatio
871 1959 1200 2023 demoratus,
1232 1960 1252 1989 ¹
1296 1972 1517 2027 quaeque
1546 1957 1643 2010 sibi
1692 1957 1989 2027 necessaria
2029 1958 2233 2026 judica-

658 2024 770 2115 bat,
792 2050 811 2079 ³
833 2050 1037 2115 didicit,
1063 2024 1364 2115 descripsit,
1395 2024 1599 2111 ntulit;
1634 2024 1849 2117 insuper
1871 2058 1925 2103 et
1952 2024 2234 2103 duodecim

656 2150 781 2195 ante
811 2141 923 2194 bmc
965 2154 1133 2194 annos
1178 2139 1477 2209 presbyteri
1524 2149 1605 2193 est
1653 2139 1864 2194 functus
1911 2139 2109 2195 efﬁcio.
2141 2141 2235 2193 Hic

661 2233 818 2299 igitur
856 2234 1058 2287 electus
1102 2234 1266 2289 abbas
1307 2237 1375 2290 ab
1422 2236 1671 2289 omnibus
1712 2234 1988 2304 utriusque
2032 2235 2233 2303 praefati

659 2326 962 2378 monasterii
1013 2322 1285 2389 batribus,
1329 2328 1508 2380 statim
1560 2326 1845 2394 assumptis
1895 2341 2074 2381 secum
2132 2327 2235 2379 ali-

659 2416 847 2483 quibus
874 2415 1115 2482 fratrum,
1143 2418 1282 2472 venit
1306 2416 1371 2470 ad
1400 2418 1643 2471 abbatem
1669 2416 1989 2471 Ceolfridum
2020 2430 2234 2472 cursum

659 2512 679 2536 ⁸
702 2509 850 2560 navis
879 2521 979 2575 qua
997 2509 1267 2562 Oceanum
1301 2508 1547 2563 transiret
1571 2509 1591 2539 '
1618 2517 2016 2578 exspectantem
2042 2526 2054 2561 :
2078 2524 2236 2577 quem

661 2598 936 2666 elegerant
973 2598 1216 2653 abbatem
1247 2600 1266 2629 ⁸
1313 2601 1556 2655 nuntiant
1588 2618 1599 2653 :
1631 2599 1741 2655 Deo
1768 2602 1985 2668 gratias,
2016 2616 2238 2670 respon-

658 2688 766 2751 dit,
813 2689 1126 2744 electionem
1171 2689 1481 2759 confirmat,
1511 2700 1566 2745 et
1590 2692 1610 2722 ⁷
1638 2691 2143 2746 commendatoriam
2170 2691 2239 2745 ab

656 2793 721 2832 eo
744 2780 1021 2846 epistolam
1051 2780 1346 2849 apostolico
1375 2795 1525 2850 papa:
1556 2790 1581 2817 ι
1614 2780 1868 2849 Gregorio
1895 2781 2234 2835 deferendam

656 2870 925 2937 suscepit;
965 2869 1114 2937 cujus
1166 2870 1435 2923 memoriae
1478 2884 1656 2935 causa,
1687 2872 1708 2902 ⁸
1741 2872 2038 2939 putavimus
2077 2871 2236 2925 etiam

658 2961 712 3015 in
745 2962 845 3015 hoc
874 2968 1034 3027 Opere
1065 2976 1252 3016 versus
1281 2963 1480 3030 aliquot
1510 2946 1628 3017 esse
1660 2966 1950 3030 ponendos.

734 3068 755 3106 4
789 3056 1014 3109 Domino
1041 3057 1091 3109 in
1122 3055 1345 3110 Domino
1374 3056 1708 3110 dominorum
1733 3056 2097 3122 dilectissimo,
2131 3070 2235 3115 ter-

656 3162 758 3214 que
782 3148 1085 3202 beatissimo
1106 3162 1253 3217 papte
1280 3146 1575 3219 Grmgorio,
1606 3149 1991 3204 Huaetberctus
2018 3152 2233 3207 bumilis

657 3254 846 3295 servus
876 3251 1069 3306 vester,
1100 3241 1262 3295 abbas
1286 3242 1513 3296 cmuobii
1549 3242 1839 3297 beatissimi
1869 3246 2230 3312 apostolorum

657 3331 907 3400 principis
958 3332 1093 3387 Petri
1144 3334 1194 3387 in
1243 3332 1494 3401 Saxonia,
1540 3344 1848 3402 perpetuam
1902 3334 1953 3389 in
2007 3335 2233 3392 Domino

654 3424 900 3476 salutem.
936 3423 1146 3477 Gratias
1192 3439 1353 3492 agere
1400 3440 1504 3478 non
1536 3438 1687 3478 cesso
1716 3425 2097 3492 dispensationi
2144 3443 2233 3480 su-

656 3513 804 3580 perni
830 3512 1111 3580 examinis,
1140 3528 1241 3567 una
1263 3529 1383 3569 cum
1412 3515 1610 3569 sanctis
1638 3515 1886 3569 fratribus
1909 3517 1996 3585 qui
2024 3532 2230 3571 mecum

656 3603 709 3655 in
743 3602 824 3655 bis
855 3601 987 3655 locis
1017 3602 1085 3655 ad
1115 3603 1486 3657 inveniendam
1516 3604 1760 3672 requiem
1810 3606 2090 3661 animabus
2122 3612 2231 3665 suis

655 3694 1029 3748 suavissimum
1057 3692 1256 3748 Christi
1284 3695 1467 3764 jugum
1501 3708 1713 3764 portare
1741 3699 2066 3764 desiderant,
2090 3704 2231 3770 quod

659 3797 713 3841 te
743 3787 937 3840 nostris
986 3787 1313 3855 temporibus
1342 3796 1447 3842 tam
1496 3790 1792 3857 glorificum
1833 3792 2110 3847 electionis
2142 3810 2233 3850 vas

657 3878 899 3945 regimini
932 3878 1091 3932 totius
1121 3877 1373 3933 Ecclesiae
1406 3882 1678 3948 prmlicere
1704 3880 1953 3951 dignatus
1975 3891 2079 3949 est,
2103 3899 2231 3954 qua-

658 3980 813 4023 tenus
858 3985 951 4038 per
993 3970 1095 4026 boc
1121 3986 1229 4041 quo
1277 3974 1390 4042 ipse
1442 3973 1676 4043 impleris
1707 3975 1884 4030 lumen
1916 3977 2153 4033 veritatis
2181 3989 2235 4034 et

655 4057 809 4126 ﬂtlei,
853 4061 1010 4114 etiam
1062 4062 1293 4116 minores
1340 4077 1580 4132 quosque
1625 4063 1824 4119 affatim
1869 4066 2061 4136 jubare
2119 4086 2231 4125 sute

660 4151 872 4217 pietatis
894 4164 1217 4221 aspergeret.
1237 4154 1684 4209 Commendamus
1706 4165 1878 4211 autem
1907 4168 2009 4211 tute
2033 4170 2232 4215 sancta!

658 4241 993 4310 benignitati,
1023 4243 1370 4298 dilectissime
1399 4246 1449 4297 in
1481 4242 1696 4300 Cbristo
1724 4257 1877 4315 pater
1907 4257 1959 4303 et
1991 4250 2229 4317 domine,

656 4333 986 4388 venerabiles
1016 4333 1189 4387 Patris
1214 4337 1379 4389 nostri
1406 4334 1734 4391 dilectissimi
1766 4354 1948 4403 canos,
1977 4340 2229 4396 Ceolfridi

657 4425 907 4480 videlicet
955 4425 1188 4492 abbatis,
1234 4439 1296 4480 ac
1345 4428 1621 4483 nutritoris
1679 4431 1975 4497 tutorisque
2035 4443 2231 4488 nostrae

2334 1876 2599 1928 absumat.
2648 1871 2845 1926 Deinde
2892 1870 3051 1925 etiam
3100 1880 3293 1926 vestrae
3343 1870 3644 1925 Paternitati
3696 1871 3905 1939 suppli-

2333 1983 2538 2034 camus,
2569 1968 2790 2037 utquod
2822 1981 2919 2021 nos
2953 1968 3129 2021 facere
3156 1980 3262 2019 non
3304 1966 3612 2028 meruimus,
3643 1978 3739 2016 vos
3780 1977 3909 2031 erga

2336 2060 2481 2113 illum
2535 2060 2734 2113 ultimae
2784 2058 2994 2127 pietatis
3038 2056 3208 2113 seduli
3256 2071 3449 2110 munus
3478 2055 3732 2124 expleatis
3763 2071 3776 2106 :
3811 2069 3911 2123 pro

2335 2161 2482 2204 certo
2510 2154 2739 2204 scientes
2764 2149 2886 2218 quia
2930 2151 3033 2204 etsi
3064 2162 3158 2202 vos
3184 2161 3380 2216 corpus
3408 2146 3613 2200 babetis
3640 2146 3827 2214 ipsius,
3856 2153 3914 2199 et

2337 2257 2436 2295 nos
2464 2250 2641 2295 tamen
2672 2250 2728 2295 et
2756 2256 2850 2293 vos
2879 2239 2987 2293 Deo
3018 2238 3267 2293 devotum
3297 2236 3413 2307 ejus
3439 2238 3680 2305 spiritum
3711 2240 3827 2289 sive
3858 2238 3911 2289 in

2336 2347 2561 2401 corpore
2590 2341 2916 2397 manentem,
2949 2330 3062 2385 sive
3092 2330 3302 2385 carneis
3330 2329 3554 2382 vinculis
3580 2328 3914 2393 absolutum,

2338 2438 2582 2491 magnum
2615 2438 2709 2491 pro
2738 2423 2937 2477 nostris
2964 2421 3268 2476 excessibus
3294 2421 3431 2490 apud
3480 2435 3760 2489 supernam
3800 2421 3915 2489 pie-

2339 2523 2499 2567 tatem
2531 2513 2935 2568 intercessorem
2962 2512 3222 2567 habemus
3250 2523 3303 2567 et
3335 2524 3628 2578 patronum.
3654 2530 3673 2563 ι
3710 2512 3777 2565 Et
3802 2526 3913 2566 ca:-

2339 2613 2472 2669 tera,
2500 2619 2617 2673 qua:
2646 2603 2887 2670 epistolae
2914 2603 3193 2670 sequentia
3220 2603 3511 2656 continent.

2409 2696 2642 2751 Reverso
2688 2704 2865 2750 autem
2914 2694 3130 2749 domum
3194 2693 3579 2760 lluaetbercto,
3618 2692 3914 2748 advocatur

2338 2784 2620 2852 episcopus
2662 2786 2822 2851 Acca,
2851 2794 2905 2840 et
2930 2786 3083 2839 soli:a
3111 2783 3257 2839 illum
3287 2785 3311 2821 δ
3335 2785 3388 2838 in
3428 2785 3635 2839 abbatis
3675 2784 3911 2840 officium

2337 2876 2704 2931 benedictione
2749 2875 3048 2929 confirmat.
3079 2877 3100 2909 ⁹
3145 2875 3242 2942 Qui
3290 2873 3429 2929 iu’ter
3481 2875 3754 2930 innumera
3786 2889 3907 2928 mo—

2339 2969 2554 3022 nasterii
2582 2968 2703 3037 ju’ra
2742 2982 2861 3037 quae
2904 2968 3125 3037 juvenili
3172 2980 3331 3037 sagax
3375 2968 3587 3020 solertia
3633 2979 3914 3031 recupera-

2340 3058 2448 3123 bat,
2496 3060 2594 3112 boc
2624 3058 2869 3127 inprimis
2920 3058 3169 3113 omnibus
3194 3058 3507 3112 delectabile
3532 3066 3587 3112 et
3610 3056 3911 3125 gratiﬁcum

2340 3150 2501 3205 fecit:
2535 3153 2749 3206 sustulit
2776 3164 2896 3205 ossa
2938 3150 3233 3205 Eastervini
3265 3152 3491 3215 abbatis,
3520 3164 3635 3219 qua:
3688 3152 3739 3204 in
3783 3165 3911 3219 por-

2336 3244 2438 3295 ticu
2486 3244 2755 3313 ingressus
2802 3244 3049 3298 ecclesiae
3098 3245 3237 3298 beati
3286 3245 3510 3311 apostoli
3568 3243 3707 3297 Petri
3754 3254 3913 3298 erant

2336 3335 2536 3402 posita;
2570 3350 2775 3390 necnon
2816 3345 2870 3391 et
2913 3349 3033 3390 ossa
3074 3333 3289 3406 Sigfridi
3329 3336 3534 3390 abbatis
3569 3350 3631 3389 ac
3672 3336 3911 3405 magistri

2334 3428 2599 3494 quondam
2628 3429 2732 3494 sui,
2762 3443 2881 3497 qua:
2912 3425 3045 3483 foris
3073 3428 3365 3483 sacrarium
3392 3427 3457 3482 ad
3489 3430 3763 3482 meridiem
3796 3428 3913 3483 fue-

2334 3530 2453 3570 rant
2492 3518 2728 3583 coudita,
2770 3530 2825 3573 et
2871 3529 3096 3589 utraque
3140 3519 3192 3574 in
3246 3534 3347 3573 una
3397 3519 3549 3573 tbeea
3594 3520 3687 3573 sed
3730 3520 3913 3573 medio

2336 3612 2537 3679 pariete
2584 3611 2753 3666 divisa
2818 3612 3121 3678 recludens,
3168 3612 3307 3666 intus
3350 3612 3403 3666 in
3449 3611 3631 3666 eadem
3682 3612 3912 3666 ecclesia

2330 3704 2480 3772 juxta
2529 3720 2724 3774 corpus
2777 3704 2918 3759 beati
2981 3704 3154 3759 Patris
3204 3704 3475 3759 Benedicti
3530 3707 3551 3735 ε
3591 3706 3908 3771 composuit.

2338 3796 2484 3850 Fecit
2518 3804 2695 3849 autem
2752 3797 2867 3849 lucc
2912 3796 3000 3851 die
3049 3795 3240 3850 natalis
3285 3795 3532 3865 Sigfridi,
3578 3796 3627 3848 id
3678 3806 3779 3860 est,
3812 3810 3913 3849 un-

2335 3887 2544 3941 decimo
2590 3886 2950 3942 Kalendarum
2997 3887 3421 3955 Septembrium,
3463 3902 3570 3955 quo
3612 3888 3771 3940 etiam
3819 3885 3912 3941 die

2334 3977 2557 4047 contigit
2586 3979 2717 4032 ntira
2753 3977 2844 4032 Dei
2875 3978 3231 4047 providentia,
3260 3988 3311 4031 ut
3344 3977 3673 4031 venerandus
3710 3975 3911 4031 Christi

2335 4069 2564 4124 {amulos
2609 4068 2857 4135 Witmer,
2890 4067 3042 4137 cujus
3086 4082 3246 4136 supra
3290 4067 3649 4134 meminimus,
3678 4066 3911 4122 excede-

2336 4175 2449 4231 ret,
2482 4176 2535 4219 et
2580 4165 2634 4219 in
2680 4166 2801 4219 loco
2848 4163 2935 4218 ubi
2978 4162 3213 4231 praedicti
3256 4163 3477 4216 abbates
3527 4163 3671 4230 prius
3710 4158 3907 4228 sepulti

2336 4253 2579 4320 fuerant,
2630 4254 2743 4324 ipse
2798 4252 2886 4324 qui
2932 4266 3115 4307 eorum
3174 4252 3408 4307 imitator
3458 4252 3658 4314 fuerat,
3706 4249 3906 4304 conde-

2337 4356 2506 4400 retur.

2410 4437 2607 4492 Christi
2637 4453 2763 4494 vero
2808 4438 3038 4492 famulus
3066 4436 3381 4504 Ceolfridus,
3408 4434 3433 4513 tl
3468 4446 3525 4491 ut
3549 4434 3908 4505 supradictun

1656 4519 2126 4580 VULGATORUM
2175 4528 2564 4585 VARIANTES
2602 4528 3005 4586 LEC'I‘IONES.

731 4611 745 4641 ¹
782 4607 940 4662 Erant
968 4611 1018 4663 in
1052 4612 1356 4665 monasterio
1384 4611 1443 4665 Β.
1471 4610 1626 4667 Pauli
1651 4613 1929 4668 seniorum.

729 4684 748 4713 ²
783 4681 909 4741 ορατ
938 4683 1054 4734 sibi.

729 4746 749 4823 ξ’
784 4751 944 4823 ζζὶεῑίι,
973 4752 1255 4823 descripsit.

726 4817 749 4851 ⁸
786 4818 942 4875 Navis
971 4823 1073 4888 qui.

730 4892 750 4923 ⁸
782 4890 1191 4961 Exspecmutem,
1218 4911 1363 4963 quem

2413 4623 2434 4653 ⁶
2464 4621 2707 4679 Nuntiat.

2412 4695 2431 4725 ⁷
2462 4692 2503 4747 (ἐ
2508 4712 2698 4748 ommen
2706 4696 2981 4751 datariam.

2411 4765 2433 4794 ⁸
2468 4764 2759 4819 Putavimus
2786 4768 2859 4821 in.

2413 4834 2434 4867 ⁹
2465 4835 2592 4900 Qua:
2620 4838 2770 4890 inter.

1976 4992 2333 5050 VARIORUM
2374 4994 2599 5053 NOTAE.

730 5089 759 5118 ⁸
787 5080 1048 5149 Gregorio.
1084 5080 1333 5135 Videlicet
1363 5083 1618 5135 secundo.
1645 5082 1833 5135 Surrn.

729 5150 757 5189 ιι
788 5150 854 5205 In
895 5150 1009 5204 abb.
1042 5150 1131 5217 o/f.
1166 5153 1341 5204 bened.
1371 5152 1603 5219 con/inn.
1647 5152 1765 5206 Jam
1817 5165 1939 5207 tunc
1986 5169 2115 5222 ergo
2160 5155 2227 5209 ab

660 5222 925 5292 episcopis
954 5222 1401 5277 benedicebantur
1424 5223 1661 5287 abbates,
1686 5224 1825 5291 quod
1856 5227 2038 5289 etiam,
2068 5225 2159 5277 lib.
2186 5240 2225 5290 I,

662 5293 979 5348 Benedictus
1019 5302 1261 5346 testatur.
1301 5296 1435 5344 Acca
1483 5293 1761 5360 episcopus
1808 5293 1903 5346 fuit
1951 5294 2229 5357 Hagulsta-

660 5365 841 5419 densis
869 5362 937 5416 ab
964 5377 1105 5416 anno
1136 5360 1238 5415 714
1264 5363 1328 5415 ad
1362 5361 1487 5425 740,
1517 5363 1584 5416 de
1611 5379 1715 5431 quo
1742 5364 1881 5419 Beda
1924 5365 1976 5419 itt
2021 5366 2144 5419 bist.
2176 5380 2226 5431 v,

659 5438 752 5499 2i,
783 5432 1378 5503 perquam_bonorifice.
1409 5433 1631 5487 MABILL.

738 5501 971 5557 {Patris
1017 5501 1301 5557 Benedicti.
1364 5503 1444 5557 En
1495 5504 1634 5557 Beda
1686 5518 1931 5574 magnum
1984 5505 2227 5559 abbatem

666 5575 1013 5628 Benedictum
1042 5589 1195 5625 somn
1227 5573 1460 5641 ipsorum
1492 5574 1703 5628 Patrem
1748 5573 1919 5637 vocat,
1954 5592 2056 5631 non
2084 5585 2228 5629 certe

669 5644 1008 5697 Benedictum
1061 5644 1369 5709 Bisi-opum,
1415 5660 1535 5699 cum
1586 5646 1791 5699 vivente
1841 5646 1975 5700 Bedt
2030 5648 2227 5699 nullam

670 5717 926 5783 Discepus
971 5714 1067 5767 sibi
1117 5728 1322 5768 sat-rain
1370 5718 1610 5769 habuerit
1658 5718 1960 5781 ecclesiam,
1995 5731 2093 5771 nec
2137 5732 2227 5770 us-

2262 5088 2312 5149 ο
2336 5100 2491 5157 quam
2522 5087 2623 5143 hac
2659 5090 2710 5143 in
2742 5088 2961 5142 historia
2997 5088 3183 5142 beatus
3212 5102 3240 5141 a
3274 5085 3417 5140 Beda
3448 5086 3765 5154 appelletur,
3778 5083 3908 5157 ‘imo

2338 5155 2435 5212 nec
2465 5161 2514 5212 iu
2546 5159 2710 5225 ipsius
2743 5159 2896 5212 Beda;
2921 5158 3515 5228 Martyrologiolocumi
3535 5160 3742 5228 habeat.
3771 5155 3913 5228 Sane

2336 5228 2475 5283 idem
2525 5228 2663 5283 lleda
2710 5233 2760 5283 in
2796 5229 2927 5283 ViliB
2955 5233 3011 5282 ὃ.
3043 5225 3318 5282 Ctttbberti
3346 5242 3464 5294 cap.
3500 5227 3564 5279 15
3594 5227 3651 5278 S.
3684 5225 3911 5279 Benedi-

2335 5309 2479 5353 cntm
2518 5299 2846 5353 Cassinatem
2878 5309 3032 5353 vocat
3072 5298 3449 5352 sanctissimum
3486 5294 3689 5348 Patrem
3736 5296 3913 5348 Beas-

2338 5384 2532 5423 ntcruu
2552 5412 2565 5433 ,
2596 5382 2650 5425 et
2697 5386 2816 5438 cap.
2846 5370 2935 5427 15.
2965 5368 3183 5423 Beatum
3228 5366 3439 5420 Patrem
3481 5365 3831 5431 Benedictum,
3863 5376 3917 5420 et

2338 5456 2518 5493 rursus
2549 5456 2665 5507 cap.
2706 5442 2790 5494 lu.
2826 5442 3056 5495 MABlLL.

2408 5508 2433 5545 ἀ
2466 5504 2773 5581 Ceolfridus.
2811 5511 2941 5565 Vide
2984 5510 3139 5579 hujus
3184 5508 3461 5581 epistolam
3512 5507 3576 5559 ad
3618 5504 3901 5561 Naitanum

2339 5581 2602 5705 Picgtorum
2635 5598 2815 5653 regem
2862 5583 2929 5637 de
2982 5581 3249 5637 catholico
3288 5580 3548 5636 Pascbate
3593 5590 3648 5635 et
3684 5588 3905 5632 tonsura

2339 5670 2385 5705 ν.
2499 5692 2513 5705 .

2335 5670 2385 5720 v,
2418 5655 2513 5707 21.
