4220 6472
443 335 542 390 7Ξ9

1107 334 1301 388 sscr.
1346 335 1383 388 l.
1425 365 1493 373 —-
1537 311 2115 389 ttsctocnartucs.
2157 364 2225 374 —
2268 334 2425 390 VITA
2465 335 2523 390 s.
2565 336 2983 392 CUTllBERTl.

3580 338 3682 392 750

436 453 537 507 est,
565 444 627 496 ad
660 443 836 497 limina
869 442 1140 496 beatorum
1166 445 1530 511 apostolorum
1562 447 1805 511 tendens,
1836 445 2003 512 prius-
2033 452 2080 503 Α
2111 446 2282 499 fectus
2315 445 2440 498 abiit
2490 461 2656 515 usque
2706 447 2770 499 ad
2819 447 2958 500 diem
3009 460 3122 516 quo
3158 447 3437 501 defunctus
3465 457 3576 512 est,
3625 447 3674 502 id

434 552 591 604 quam
627 536 717 589 illo
749 535 1096 602 pervenisset,
1128 545 1298 590 tactus
1322 537 1629 591 infirmitate
1650 537 1790 590 diem
1815 537 2003 589 clausit

438 628 699 680 ultimum.
733 627 1052 680 Perveniens
1099 642 1325 695 namque
1357 635 1381 662 α
1435 627 1696 695 Lingonas
1723 629 1866 680 circa
1911 627 2007 680 ho-

442 733 554 772 ram
586 717 691 771 diei
740 718 970 780 tertiam,
1002 718 1208 772 decima
1242 717 1403 786 ipsius
1431 718 1536 772 diei
1582 719 1711 772 hora
1758 718 2006 786 migravit

439 811 501 864 ad
539 810 841 874 Dominum,
871 821 923 864 et
952 811 1185 864 crastino
1224 812 1272 863 iu
1306 811 1532 865 ecclesia
1579 811 1852 865 beatorum
1904 811 2007 865 Ge-

442 900 705 954 minorum
739 909 1028 969 martyrum
1060 900 1351 954 lienorifice
1393 902 1632 970 sepultus
1660 911 1763 969 est,
1793 918 1894 954 non
1920 917 2008 954 so-

439 993 544 1045 lum
577 991 758 1061 Anglis
791 1007 986 1061 genere
1030 993 1118 1061 qui
1151 995 1426 1061 plusquam
1460 995 1728 1061 octoginta
1781 1009 2006 1046 numero

438 1081 487 1133 iu
518 1080 631 1148 ejus
661 1081 866 1134 fuerant
887 1083 1161 1149 comitatu,
1186 1082 1278 1135 sed
1309 1094 1362 1136 et
1387 1083 1527 1134 illitis
1558 1083 1656 1136 loci
1680 1083 1881 1136 accolis
1909 1097 2004 1150 pro

436 1171 703 1225 retardato
751 1178 854 1223 tam
907 1172 1184 1225 reverendi
1231 1172 1374 1226 senis
1421 1173 1708 1240 desiderio,
1744 1176 1794 1225 in
1829 1173 2005 1242 lacry-

439 1275 550 1312 tuas
597 1261 872 1329 luctusque
914 1262 1120 1314 solutis.
1154 1262 1336 1330 Neque
1365 1264 1505 1316 enim
1540 1263 1692 1316 facile
1721 1264 2001 1331 quisquam

435 1351 696 1421 lacrymas
726 1362 906 1404 tenere
938 1351 1125 1418 potuit,
1152 1353 1338 1407 videns
1365 1353 1586 1406 comites
1616 1353 1781 1421 ipsius
1810 1355 2002 1420 partim

435 1455 582 1510 patre
610 1442 809 1496 amisso
835 1450 1065 1509 emptum
1101 1443 1201 1496 iter
1231 1458 1418 1510 agere;
1449 1445 1640 1510 partim
1691 1451 1888 1495 mutata
1925 1442 2006 1496 in-

435 1534 668 1587 teutione
691 1549 790 1602 qua
825 1535 1042 1586 Ruinam
1067 1536 1144 1588 ire
1168 1535 1554 1599 desiderarent,
1573 1536 1790 1588 domum
1813 1535 1999 1604 magis,

433 1638 533 1688 qtta
586 1623 726 1676 hunc
769 1624 1033 1690 sepultum
1077 1626 1402 1688 nuntiarent,
1434 1625 1663 1690 reverti;
1710 1625 1899 1692 partim
1937 1625 2004 1679 ad

435 1712 668 1766 lumbam
726 1711 959 1766 defuncti
1011 1715 1149 1767 inter
1199 1729 1291 1767 eos
1342 1729 1567 1782 quorum
1618 1729 1716 1768 nec
1767 1715 2003 1784 linguam

2108 547 2211 601 est,
2241 553 2267 588 a
2300 536 2467 603 pridie
2497 537 2673 590 Nonas
2701 536 2884 590 Juuias
2928 552 3093 605 usque
3133 539 3197 589 ad
3240 538 3522 604 septimum
3573 537 3683 589 Ka-

2108 631 2385 686 lendarum
2431 629 2738 682 Octobrium
2780 630 2952 695 diem,
2997 645 3087 695 per
3116 629 3232 682 dies
3274 644 3415 691 cstv,
3447 630 3691 694 exceptis

2107 722 2378 777 canonicis
2422 721 2721 773 orationum
2755 721 2918 785 horis,
2949 722 3183 788 quotidie
3235 719 3318 774 bis
3366 720 3686 772 Psalterium

2107 798 2171 867 es
2201 813 2389 866 ordine
2437 811 2720 865 decantare
2763 811 3003 871 curavit;
3037 812 3058 842 ⁸
3100 811 3258 863 etiaut
3309 825 3429 863 cum
3462 810 3526 862 ad
3576 810 3678 863 hoc

2109 921 2202 969 per
2233 904 2590 958 infirmitatem
2639 903 2935 968 deveniret,
2970 912 3026 956 ut
3055 904 3296 972 equitare
3343 919 3447 955 non
3495 903 3678 955 valens

2109 996 2306 1050 feretro
2349 995 2639 1050 caballario
2673 995 2980 1060 veheretur,
3011 997 3246 1062 quotidie
3280 995 3440 1048 missa
3471 1005 3681 1048 cantata

2106 1087 2355 1141 salutaris
2401 1088 2587 1140 hostiae
2621 1086 2729 1138 Deo
2777 1101 2972 1139 munus
3017 1085 3266 1149 offerret,
3293 1097 3518 1153 exi-opto
3551 1099 3677 1145 uno,

2107 1193 2213 1246 quo
2269 1178 2539 1232 Oceanum
2605 1177 2929 1247 navigabat,
2976 1184 3031 1232 et
3086 1177 3251 1231 tribus
3300 1185 3425 1231 aute
3480 1177 3679 1230 exitum

2108 1268 2318 1321 diebus.

2178 1357 2321 1412 Obiit
2349 1367 2528 1411 autem
2551 1355 2574 1394 δ
2593 1356 2819 1424 septimo
2845 1355 3197 1410 Kalendarum
3229 1353 3550 1409 Octobrium-
3567 1352 3677 1416 die,

2105 1464 2248 1502 anno
2287 1449 2352 1502 ab
2390 1448 2753 1501 incarnatione
2779 1446 2984 1500 Domini
3027 1443 3498 1514 septingentesimo
3523 1452 3677 1496 sexto

2110 1540 2338 1604 decimo,
2388 1539 2518 1592 let-ia
2567 1551 2736 1601 sexta,
2772 1547 2890 1604 post
2937 1535 3121 1589 horam
3171 1550 3387 1600 nonam,
3417 1535 3468 1588 in
3520 1534 3684 1601 pratis

2110 1639 2419 1686 memorata:
2467 1629 2738 1682 civitatis:
2772 1627 3014 1694 sepultus
3061 1631 3111 1681 in
3157 1629 3444 1680 crastinum
3476 1627 3540 1679 ad
3583 1642 3679 1678 au-

2109 1735 2276 1778 strum
2307 1721 2545 1790 ejusdem
2566 1718 2796 1773 civitatis
2824 1718 3069 1771 milliario
3094 1719 3262 1785 primo
3286 1719 3338 1771 in
3361 1717 3687 1770 monasterio

433 1817 708 1870 noverant,
734 1823 828 1874 pro
857 1807 907 1860 in
933 1807 1294 1875 exstinguibili
1330 1806 1500 1862 Patris
1528 1806 1718 1861 affectu
1743 1807 1997 1862 residere.
2035 1811 2087 1870 Β·
2111 1825 2132 1853 α
2162 1814 2507 1869 Geminorum
2536 1821 2748 1866 astante
2780 1825 2842 1865 ac
2874 1810 3107 1878 psalmos
3138 1817 3424 1863 resonante
3452 1810 3689 1861 exercitu

503 1900 627 1952 Erat
674 1909 849 1953 autem
906 1900 1118 1966 quando
1163 1900 1294 1952 obiit
1348 1913 1610 1953 annorum
1667 1900 2002 1969 septuaginta

432 2002 677 2060 quatuor,
733 1994 1046 2062 presbyterii
1093 1995 1258 2058 gradu
1319 1995 1528 2047 functus
1576 1994 1728 2047 annis
1777 1995 2005 2062 quadra-

433 2083 575 2149 ginta
606 2094 829 2150 septem,
862 2085 1068 2137 abbatis
1098 2084 1330 2137 officium
1363 2071 1667 2138 ministrans
1711 2084 1866 2138 anuis
1912 2083 2004 2139 tri-

432 2175 576 2243 ginta
601 2178 854 2244 quinque,
882 2177 963 2231 vel
997 2179 1171 2246 potius
1192 2179 1347 2231 annis
1367 2178 1390 2214 δ
1409 2177 1753 2246 quadraginta
1772 2183 1786 2212 ³
1810 2178 2004 2245 tribus,

430 2267 550 2335 quia
598 2267 806 2322 scilicet
863 2283 892 2320 a
943 2269 1114 2336 primo
1163 2279 1398 2333 tempore
1446 2284 1552 2336 quo
1608 2277 1630 2305 ε
1685 2267 2006 2321 Benedictus

433 2359 485 2412 in
539 2358 740 2412 honore
804 2359 1094 2413 beatissimi
1139 2358 1499 2424 apostolorum
1547 2357 1801 2425 principis
1845 2372 2000 2410 suum

433 2449 595 2514 coepit
635 2448 865 2503 condere
893 2447 1301 2510 monasterium,
1338 2447 1450 2514 ipse
1497 2446 1572 2499 illi
1604 2461 1784 2501 cernes
1815 2448 2002 2501 indivi-

432 2538 589 2602 duus,
621 2549 933 2606 cooperator
959 2551 1010 2591 et
1057 2538 1241 2592 doctor
1283 2539 1536 2606 regularis
1581 2547 1635 2592 et
1684 2538 2003 2592 monasticte

432 2631 776 2686 institutionis
808 2633 1009 2684 aderat.
1037 2631 1130 2684 Cui
1164 2645 1228 2684 ne
1261 2631 1415 2697 pri~ci
1446 2644 1648 2684 morem
1678 2630 1886 2699 rigoris,
1918 2631 2003 2685 vel

433 2723 625 2786 artatis,
655 2723 738 2776 vel
787 2721 1134 2785 infirmitatis,
1165 2722 1248 2776 vel
1281 2721 1484 2776 itineris
1516 2736 1747 2789 unquam
1798 2724 2004 2776 minue-

433 2821 513 2865 rct
559 2812 802 2879 occasio;
842 2828 908 2867 ex
951 2813 1039 2868 die
1087 2827 1192 2882 quo
1237 2812 1305 2867 tle
1355 2812 1680 2865 monasterio
1724 2827 1822 2865 suo
1874 2827 2001 2876 pro-

2111 1919 2218 1958 non
2252 1918 2416 1972 parvo
2466 1912 2573 1954 tam
2617 1901 2909 1969 Anglorum
2959 1900 3050 1968 qui
3094 1914 3214 1954 cum
3247 1914 3311 1954 eo
3338 1899 3686 1962 advenerant,

2112 2011 2272 2065 quam
2321 1993 2628 2048 monasterii
2675 1992 2915 2060 ejusdem
2949 1991 3033 2045 vel
3080 1991 3314 2045 civitatis
3361 1991 3682 2044 incolarum.

2115 2087 2254 2142 Sunt
2285 2096 2461 2138 autem
2493 2083 2702 2137 Gemini
2733 2093 2994 2153 martyres
3024 2084 3072 2135 in
3099 2098 3326 2152 quorum
3361 2084 3688 2136 monasterio

2121 2187 2177 2231 et
2209 2177 2437 2230 ecclesia
2468 2174 2714 2227 conditus
2743 2184 2851 2241 est,
2903 2171 2923 2211 ί
2958 2172 3302 2241 Speusippus,
3339 2171 3680 2239 Eleusippus,

2113 2264 2497 2331 Meleusippus,
2529 2261 2617 2331 qui
2674 2275 2779 2314 uno
2839 2267 2990 2329 partu
3049 2262 3236 2314 matris
3287 2258 3445 2324 editi,
3492 2257 3681 2312 eadem

2113 2356 2364 2409 Ecclesiae
2397 2351 2502 2406 ﬁde
2547 2351 2746 2414 renati,
2776 2350 2934 2404 simul
2962 2365 3082 2403 cum
3114 2351 3228 2403 avia
3278 2363 3372 2402 sua
3419 2347 3679 2412 Leonilla,

2109 2446 2324 2515 dignam
2359 2444 2475 2496 loco
2505 2441 2581 2495 illi
2625 2443 2704 2494 sui
2752 2441 2992 2510 martyrii
3045 2439 3311 2508 reliquere
3343 2439 3678 2501 memoriam,

2109 2541 2198 2607 qui
2247 2539 2388 2606 piam
2434 2535 2595 2588 etiam
2651 2532 2804 2586 nobis
2860 2530 3091 2602 indignis
3139 2541 3193 2584 et
3243 2539 3428 2585 nostro
3476 2529 3682 2600 parenti

2112 2643 2272 2699 opem
2330 2642 2444 2682 suae
2503 2625 2905 2680 intercessionis
2951 2635 3008 2681 et
3065 2624 3415 2695 protectionis
3477 2622 3686 2692 impen-

2110 2723 2260 2778 danL

1406 2901 1445 2954 γ
1459 2902 1893 2958 ULGATURUM
1936 2901 2328 2958 V'ARIANTES
2368 2903 2770 2962 LECTIONES.

505 3000 520 3033 ‘
553 3001 714 3055 Annis
745 2999 922 3054 tribus.

2190 3009 2208 3038 ³
2241 2998 2410 3052 Etiam
2443 3009 2585 3056 tunc.

1734 3088 2094 3143 VARIORUM
2134 3091 2364 3143 NOTAE.

1734 3090 1943 3143 VARIO
2161 3091 2174 3114 τ
2226 3091 2266 3143 Τ
2350 3127 2364 3142 .

502 3197 527 3223 ³·
553 3185 832 3267 Lingones.
867 3182 1034 3263 Hodie
1068 3181 1311 3267 (intimas,
1337 3180 1491 3267 sedes
1520 3181 1837 3267 episcopalis
1870 3090 2094 3251 Lugii-U3I
2390 3183 2598 3267 oss-itm,
2629 3179 2804 3267 inquit
2826 3177 3128 3267 Willel‘mus
3153 3176 3549 3267 Malmegbttriae
3573 3193 3692 3261 mo-

429 3252 1153 3322 dunensi'archiepiscopatui
1181 3258 1230 3304 ln
1257 3252 1425 3306 Gallia
1451 3252 1713 3314 subjecta.

499 3330 523 3366 ι’
560 3321 912 3394 Quadraginta
955 3325 1134 3376 tribus.
1166 3324 1254 3377 Sic
1298 3331 1442 3376 recte
1491 3323 1759 3394 legiturAin
1788 3321 1998 3394 Marty-

429 3401 632 3469 rologio
665 3392 858 3469 Heneti.
890 3395 1090 3469 Anglic.
1110 3409 1183 3469 ex
1213 3408 1318 3461 quo
1339 3393 1650 3469 corrigenda
1679 3392 1997 3469 Parisiettsis

426 3463 588 3525 editi?»
625 3467 780 3536 hujus
809 3464 1078 3528 Historiae,
1110 3464 1161 3517 in
1191 3479 1292 3532 qua
1338 3463 1489 3516 annis
1521 3463 1680 3517 tribus
1711 3463 1994 3531 reperitur.

426 3545 646 3597 ΜΑιιιιι.

501 3623 522 3650 ο
556 3607 883 3663 Benedictus.
910 3605 1074 3665 Huius
1105 3620 1297 3670 corpus
1328 3619 1520 3673 magno
1549 3612 1848 3672 coemptum
1879 3618 1998 3671 pre-

432 3685 507 3736 tio
564 3677 891 3734 Adilwaldus
945 3675 1329 3729 Wintonieusis
1385 3678 1699 3742 episcopus,
1753 3687 1996 3729 mortuus

426 3769 566 3805 anno
612 3745 751 3813 98i,
801 3746 1124 3800 Tltorneiam
1175 3746 1462 3800 transtulit.
1507 3745 1630 3799 Gul.
1676 3744 1882 3799 Malms.
1931 3746 1998 3801 de

430 3823 584 3878 Pont.
613 3834 684 3874 tv.

496 3887 522 3929 ἀ
555 3908 624 3945 vn
657 3888 780 3942 Kal.
814 3889 928 3942 Oct.
955 3889 1072 3949 Ipso
1103 3886 1189 3939 die
1214 3885 1499 3952 inscriptus
1528 3894 1611 3940 est
1639 3884 2003 3939 Benedictinis

427 3963 621 4018 Fastis.
654 3961 789 4014 Beda
839 3963 890 4013 iu
941 3960 1073 4013 llist.
1122 3957 1210 4009 lib.
1245 3971 1294 4018 v,
1322 3972 1440 4022 cap.
1473 3955 1563 4024 ‘29.,
1599 3957 1995 4024 persuasionem

429 4035 592 4087 Pictis
623 4031 810 4085 factam
841 4033 902 4083 de
933 4028 1180 4082 catholico
1214 4025 1466 4081 Paschate
1495 4038 1541 4079 et
1582 4041 1790 4078 tonsura
1819 4027 2001 4080 tribuit

427 4103 717 4164 Ceolfrido,
748 4101 1094 4167 ejusdemque
1145 4099 1438 4165 elegantem
1487 4113 1548 4151 ac
1596 4096 1858 4166 prolixam
1885 4098 2002 4167 epi-

427 4175 617 4228 stolam
648 4188 708 4227 ea
732 4166 799 4226 de
830 4186 888 4225 re
913 4170 978 4224 ad
1005 4170 1290 4224 Naitonum
1320 4182 1498 4237 regem
1527 4171 1778 4238 scriptam
1812 4166 1997 4221 refert.

2112 3253 2312 3306 nachus
2357 3257 2406 3303 in
2457 3253 2548 3306 lib.
2575 3266 2629 3304 ιιι
2659 3251 2727 3304 de
2767 3249 2954 3317 Regib.
2988 3249 3174 3317 Angl.,
3203 3262 3322 3313 cap.
3348 3247 3402 3310 5,
3439 3251 3688 3313 posterio-

2103 3324 2240 3374 ribus
2270 3322 2416 3373 armis
2444 3325 2510 3372 ad
2539 3322 2923 3383 monasterium,
2963 3319 3168 3372 scilicet
3213 3317 3644 3372 Wiremuthense
3663 3365 3678 3384 ,

2105 3391 2309 3452 deinde,
2341 3391 2550 3444 Uam’cce
2602 3391 2898 3443 vastationis
2927 3399 3170 3457 tempore,
3215 3385 3542 3441 Glasconiam
3570 3406 3689 3458 por-

2106 3473 2222 3515 tatae
2252 3470 2389 3513 sunt.
2428 3462 2656 3515 MABILL.

2181 3542 2202 3567 ε
2235 3531 2583 3586 Geminorum.
2617 3531 2746 3584 Illud
2788 3529 3172 3583 monasterium
3221 3543 3361 3582 nunc
3406 3536 3490 3581 est
3538 3529 3679 3596 prio-

2105 3612 2252 3656 ratns
2307 3602 2675 3657 conventualis
2719 3600 3115 3655 Cauouicurum
3166 3598 3508 3664 Regularium
3561 3602 3678 3651 ori.

2106 3674 2164 3727 S.
2198 3675 2446 3741 August.,
2476 3672 2872 3740 sesquimilliari
2894 3669 3094 3723 Gallico
3125 3685 3174 3741 a7
3202 3670 3497 3741 Lingonum
3548 3669 3680 3720 οἰνι-

2107 3753 2236 3797 tate.
2272 3738 2404 3796 Hinc
2449 3738 2686 3811 reliquiae
2736 3744 2934 3795 ossium
2985 3740 3236 3793 Ceolfridi
3291 3738 3680 3811 posterioribus

2105 3817 2258 3866 annis
2302 3814 2368 3866 ad
2417 3809 2795 3866 monasterium
2838 3811 3294 3872 Wiremuthense,
3328 3809 3546 3871 deinde,
3579 3809 3683 3860 0.:-

2107 3886 2238 3937 nicze
2269 3883 2579 3937 vastationis
2610 3892 2872 3946 tempore,
2906 3881 3235 3936 Glastoniam
3265 3880 3510 3933 advecta:
3537 3890 3686 3933 sitnt.

2109 3955 2317 4008 Halms.
2346 3953 2414 4008 de
2449 3955 2576 4020 Reg.
2609 3968 2688 4016 Ill,
2717 3953 2768 4004 3.

2185 4024 2200 4062 ί
2249 4017 2590 4092 Speusippus.
2657 4024 2719 4076 lli
2779 4022 3119 4092 patiebantur
3170 4017 3481 4092 martyrium
3548 4026 3686 4092 tein-

2112 4089 2544 4174 poreﬁureliaui
2586 4089 2944 4162 imperatoris,
2977 4092 3064 4147 die
3093 4091 3300 4145 decimo
3329 4092 3560 4157 septimo
3590 4089 3684 4142 Ja-

2113 4181 2306 4219 ιιιιιιιι.

431 4307 3668 4338 MM

1133 4423 1386 4552 VITA
1448 4420 1942 4551 PliilSAlCA
2000 4417 2355 4547 SANCTI
2413 4413 2990 4546 CUTHBEB’I‘I

1321 4640 1782 4719 EPISCOPI
1848 4637 2801 4732 LINDISFARNENSIS,

1420 4797 1700 4858 Auctore
1731 4792 2096 4854 Venerabili
2144 4792 2314 4851 ΒΕοΑ
2351 4793 2480 4854 fere
2511 4795 2773 4872 aequali.

1997 4897 2107 4910 ἡ

749 4966 961 5030 [Textus
984 4978 1046 5016 ex
1070 4966 1247 5024 Smith,
1268 4963 1481 5013 Historia
1507 4959 1695 5012 Eccles.
1718 4959 1884 5023 Angl.;
1908 4962 2032 5008 notae
2053 4971 2115 5010 ex
2144 4955 2390 5010 Mabillon.
2413 4957 2532 5008 Acta
2557 4958 2644 5009 SS.
2669 4958 2774 5010 0rd.
2800 4959 2852 5011 S.
2873 4960 3059 5011 Bened.
3087 4964 3141 5010 et
3159 4959 3360 5023 Smltb.]

2029 5179 2084 5241 ι)
2112 5186 2262 5245 gram
2294 5183 2346 5229 et
2388 5173 2687 5227 accuratius
2709 5173 2976 5229 eottditam
3003 5182 3056 5228 et
3088 5172 3516 5245 comprobatam,
3549 5188 3692 5245 pra:-

2109 5243 2333 5298 feritnus
2362 5257 2621 5305 metrcaa.
2655 5259 2774 5312 quae
2813 5255 2990 5298 tamen
3023 5243 3165 5312 prior
3190 5246 3387 5310 scripta
3419 5254 3521 5298 est.
3551 5243 3658 5297 Ter
3678 5275 3692 5284 ο

2113 5315 2238 5368 tiam
2288 5315 2566 5369 Cuthberti
2614 5313 2780 5367 Vitam
2831 5330 2970 5367 anno
3001 5314 3139 5368 circa
3162 5315 3267 5369 700
3293 5323 3519 5381 quatuor
3548 5315 3697 5366 libris

2111 5385 2276 5439 edidit
2327 5386 2622 5438 monaclms
2677 5384 3128 5438 Lindisfarnensis
3181 5399 3478 5454 anonymus
3529 5385 3695 5436 Cuth-

2111 5455 2245 5509 beiti
2296 5458 2540 5524 aequalis,
2575 5455 2750 5523 gravis
2781 5455 2994 5524 quidem
3041 5463 3259 5520 auctor;
3303 5458 3695 5522 vulgaruntquc

2115 5527 2272 5593 primi
2305 5523 2484 5578 inisuo
2529 5524 2717 5578 Martio
2748 5526 2879 5578 socii
2931 5523 3258 5579 Bollandiani
3292 5543 3303 5578 :
3339 5539 3436 5578 nos
3464 5525 3697 5592 singula-

2113 5596 2190 5650 ria
2214 5597 2470 5650 duntaxat
2491 5604 2865 5664 excerpentes,
2893 5595 2946 5650 itt
2977 5594 3184 5650 notulas
3206 5595 3522 5651 referemus.
3551 5595 3694 5648 Prac-

521 5197 1086 5254 OBSERVATIONES
1123 5197 1429 5254 PBEVIIE
1469 5198 1886 5254 MABILLONII.

500 5317 548 5369 l.
582 5314 765 5367 Binam
799 5313 989 5367 damus
1023 5313 1084 5367 S.
1109 5313 1378 5366 Cuthberti
1405 5328 1497 5367 seu
1524 5311 1761 5366 Cuberhtt'
1787 5310 1959 5365 Vitam
1987 5351 2001 5373 ,

422 5388 579 5440 aliam
600 5387 794 5448 soluta,
817 5385 973 5438 aliam
1006 5385 1188 5437 stricta
1207 5386 1446 5437 oratione
1471 5393 1490 5418 α
1514 5398 1542 5436 a
1565 5383 1700 5436 Beda
1729 5382 2002 5451 scriptam,

426 5468 579 5527 prout
612 5459 880 5527 ipsemtutn
932 5456 984 5508 in
1025 5457 1300 5527 utriusque
1343 5455 1471 5527 Vita!
1518 5454 2005 5527 Prtefatione,‘tum

428 5522 477 5579 iu
514 5528 604 5580 lib.
631 5522 692 5579 ἰν
723 5525 886 5590 llist.,
909 5538 1028 5593 cap.
1058 5523 1151 5587 28,
1185 5533 1294 5576 tum
1329 5525 1559 5593 denique
1589 5525 1640 5577 in
1672 5525 1844 5577 Indice
1867 5522 2007 5586 Ope-

426 5613 542 5653 rum
571 5611 788 5652 suorum
822 5606 1066 5651 testatur.
1100 5596 1432 5661 Prosaicam,
1461 5605 1646 5664 utpote
1672 5593 1841 5662 magis
1871 5593 2007 5648 inte.

503 5764 525 5792 ⁸
553 5755 701 5812 illam
723 5753 893 5810 Vitam
917 5754 1156 5808 carmine
1181 5751 1498 5822 descriptam
1528 5752 1578 5805 in
1605 5750 1760 5806 tertia
1791 5758 1938 5821 parte
1957 5748 2108 5805 Bede
2127 5748 2383 5820 Operam,
2422 5752 2661 5808 sectione
2685 5751 2858 5820 tertia,
2875 5749 3028 5820 hujus
3047 5753 3177 5808 toml
3199 5752 3302 5808 col.
3330 5749 3432 5808 575
3455 5754 3685 5822 require.
