4220 6510
421 349 530 409 735

1126 380 1320 437 SECT.
1362 382 1402 438 Ι.
1442 412 1511 425 -
1560 385 2123 443 IlAGlOGRAPlllCA.
2174 417 2233 427 —
2273 389 2433 445 VITA
2473 391 2530 448 S.
2572 392 2982 450 CUTIIBERTI.

3594 402 3695 455 735

426 490 601 582 illusit;
614 492 737 582 attit,
768 491 877 582 ulla
906 493 1273 582 [usqueﬂltodlie
1312 496 1512 582 feminis
1537 513 1648 582 esse
1691 507 1885 580 constat
1924 500 2002 552 in-
2031 508 2079 564 Α
2106 502 2307 582 verbum
2459 506 2719 582 auditune
2750 509 2984 561 mulieres
3008 510 3360 582 convenirent,
3393 526 3455 582 ne
3474 514 3688 582 propius

426 560 602 639 trandi
649 563 873 639 licentia.
905 561 1130 639 Causam
1161 565 1246 639 _ab
1274 560 1490 639 auctore
1536 567 1732 639 ibidem
1761 572 2003 639 assigna-

427 644 533 707 tam
586 634 725 688 Infra
754 632 833 707 ad
848 646 966 701 cap.
1017 633 1082 685 it)
1102 634 1503 707 Aadnotabimus.
1538 637 1785 691 Omnibus
1814 632 1933 707 ergo
1954 647 2003 692 et

424 700 553 774 ciris
581 714 631 758 et
659 702 860 772 feminis
875 703 1330 774 consentientibus,
1363 721 1507 760 omne
1549 709 1654 761 suis
1685 717 1729 761 et
1767 710 1822 762 in
1863 700 1995 774 pra?-

425 769 554 822 senti
613 769 669 827 εί
703 782 816 841 post
862 771 1045 840 futuris
1085 769 1391 843 temporibus
1443 778 1683 830 muliebre
1734 769 2004 832 interdixit

427 856 545 891 cons
562 843 783 923 artium,
815 844 1170 929 earumque'ab
1192 847 1425 929 ecclesiae
1454 862 1559 929 sua:
1587 848 1814 929 ingressu
1857 848 2002 929 peni-

430 920 510 960 tus
551 912 1048 988 amovit'introitum.
1085 911 1234 988 Unde
1259 915 1312 967 in
1342 916 1514 988 insula
1541 911 1677 971 sedis
1697 911 2002 988 episcopalis

441 988 577 1056 ejus_
599 981 1156 1056 facta‘ecclesia,__qute
1193 985 1375 1056 lingua
1403 981 1776 1056 indigenarum
1820 981 2015 1043 Crene-

441 1050 651 1126 obicite,
670 1122 679 1126 _
700 1050 755 1104 id
781 1059 854 1126 est
883 1050 1060 1126 uiridis
1096 1050 1307 1126 ecclesia
1336 1050 1651 1124 appellatur,
1696 1074 1754 1111 ea
1780 1058 1914 1126 quod
1961 1058 2015 1111 in

441 1123 606 1192 campi
634 1120 837 1175 virentis
864 1120 1076 1190 planitie
1104 1123 1206 1177 sita
1243 1125 1332 1193 sit,
1349 1120 1506 1195 jussit
1537 1136 1588 1179 ut
1619 1126 1712 1181 illo
1750 1120 1934 1181 missas
1968 1137 2013 1181 et

2106 575 2330 628 ecclesia
2356 567 2539 643 iniqua
2565 576 2675 642 ipse
2705 592 2818 630 cum
2866 580 3131 631 monachis
3161 567 3700 635 conversubalur'un-

2106 660 2258 711 quam
2303 648 2619 717 accederent.
2665 648 2792 711 Qua:
2836 651 3149 701 consuetudo
3198 666 3351 717 usque
3381 649 3536 703 hodie
3562 652 3695 704 dili-

2107 724 2280 783 genter
2310 716 2626 780 observatur,
2658 718 2711 768 in
2749 726 2947 769 tantum
2980 728 3031 769 ut
3057 720 3158 773 nisi
3190 730 3349 772 metus
3378 720 3582 773 hostilis
3618 720 3697 773 vel
3744 760 3747 767 ι

2107 785 2444 856 concrematio
2473 786 2575 837 loci
2607 784 2919 856 compellat,
2953 805 3040 841 nec
3070 790 3124 841 in
3156 792 3441 842 caemeteria
3486 790 3696 856 quidem

2107 852 2336 929 ipsarum
2383 852 2753 929 ecclesiarum,
2787 856 2873 907 ubi
2889 859 2970 929 ad
2997 869 3203 929 tempus
3233 876 3415 927 corpus
3469 852 3582 929 ejus
3611 875 3700 912 re-

2144 925 2383 990 uieverat,
2416 924 2713 979 mulieribus
2739 926 2956 979 introire
2988 927 3155 981 liceat.
3192 924 3331 984 Haec
3363 924 3523 983 latins
3554 933 3602 981 in
3638 932 3702 981 li-

2155 1008 2214 1047 ro
2260 994 2441 1069 biirac.
2464 996 2522 1050 S.
2567 995 2869 1069 Cuthberti,
2897 1010 3020 1066 cap.
3051 997 3082 1052 8
3107 1007 3162 1053 et
3204 1012 3382 1069 seqq.,
3406 1001 3605 1054 swculo
3648 1014 3700 1054 tv

2116 1062 2317 1120 Bened.
2355 1064 2659 1121 referenda.
2857 1062 2861 1064 ⁷
2965 1062 2982 1066 ⁷
3283 1062 3333 1069 ”
3368 1062 3373 1063 ⁷
3542 1102 3545 1104 .

450 1267 3686 1293 W

1715 1380 2337 1565 apruistis
2389 1485 2422 1531 .

1285 1666 1364 1706 AD
1410 1657 1783 1706 EADFRIDUM
1837 1658 2425 1702 LINDISFARNENSEM
2476 1662 2844 1707 EPISCOPUM.

512 1849 735 1905 domino
760 1859 943 1905 saneto
972 1866 1033 1904 ac
1056 1851 1361 1905 beatissimo
1390 1850 1527 1905 Patri
1546 1852 1561 1883 ί
1581 1859 1606 1885 δ
1631 1850 1880 1906 Eadfrido
1900 1851 2016 1921 epi-
2050 1854 2090 1911 Β
2120 1858 2311 1904 νυεῐταὲ
2364 1864 2572 1919 quoque
2628 1849 2975 1906 fraternitatis
3031 1855 3367 1922 prteseutiam
3426 1869 3703 1928 asportare

437 1957 622 2012 scopo,
670 1942 765 1998 sed
813 1951 868 1997 et
911 1944 1055 1997 omni
1102 1943 1499 2012 coiigregationi
1546 1943 1788 2011 fratrum,
1829 1945 1918 2013 qui
1967 1946 2017 1999 in

438 2033 856 2089 Lindisfarnensi
888 2033 1055 2087 insula
1079 2034 1292 2088 Christo
1315 2035 1641 2102 deserviunt,
1676 2036 1813 2089 Beda
1842 2038 1859 2066 ³
1892 2036 2021 2091 fide-

438 2126 503 2179 lis
531 2135 708 2180 vester
734 2141 1047 2193 conservus,
1079 2126 1327 2179 salutem.

511 2217 644 2283 Quia
676 2215 927 2285 jussiStis,
959 2215 1323 2279 dilectissimi,
1351 2215 1371 2246 ³
1395 2227 1447 2268 ut
1490 2218 1538 2269 in
1584 2216 1717 2271 libro
1757 2232 1911 2286 quem
1952 2218 2019 2271 de

436 2307 551 2363 Vita
593 2308 763 2363 beata:
806 2308 1076 2363 memoriae
1098 2307 1270 2361 Patris
1316 2309 1479 2362 nostri
1520 2308 1799 2363 Cudbercti
1843 2319 2017 2362 vestro

437 2409 622 2470 rogatu
651 2400 957 2469 composui,
988 2399 1351 2469 praefationem
1380 2400 1605 2465 aliquam
1634 2403 1780 2467 juxta
1814 2416 2014 2454 morem

435 2485 488 2545 in
520 2492 691 2545 fronte
722 2490 1083 2560 przcligerem,
1119 2505 1212 2558 per
1239 2505 1393 2558 quam
1428 2490 1722 2559 legentibus
1755 2492 2016 2544 universis

429 2592 483 2636 et
508 2592 699 2638 vestra;
726 2581 1045 2636 desiderium
1076 2581 1363 2636 voluntatis
1391 2592 1441 2635 et
1466 2582 1785 2635 olieditionis
1817 2590 2014 2636 nostra:

438 2675 635 2742 pariter
656 2675 899 2730 assensio
920 2672 1148 2728 fraterna
1173 2674 1511 2739 claresceret,
1541 2675 1734 2742 placuit
1762 2675 1811 2727 in
1843 2675 2015 2739 capizc

433 2764 758 2831 prtefationis
797 2774 851 2817 et
886 2763 1035 2817 vobis
1075 2762 1165 2831 qui
1205 2763 1369 2816 nostis
1407 2762 1472 2815 ad
1514 2764 1822 2817 memoriam
1862 2778 2016 2817 revir-

430 2874 576 2925 eare,
606 2869 657 2915 et
688 2859 769 2913 eis
799 2859 887 2926 qui
920 2858 1165 2925 ignorant
1194 2860 1306 2910 haec
1337 2855 1471 2910 forte
1502 2857 1798 2923 legentibus
1828 2868 2010 2910 notum

430 2954 639 3018 facere,
672 2952 791 3019 quia
832 2965 932 3005 nec
974 2950 1090 3004 sine
1119 2950 1411 3003 certissima
1441 2949 1793 3018 exquisitione
1829 2963 2008 3003 rerum

428 3053 695 3113 gestarum
733 3042 928 3110 aliquid
959 3043 1023 3096 de
1053 3050 1200 3095 tanto
1228 3042 1343 3095 viro
1368 3043 1603 3097 scribere
1622 3083 1637 3108 ,
1666 3058 1765 3096 nec
1799 3044 2007 3097 tandem

427 3150 489 3187 ea
523 3149 641 3201 quae
669 3134 1021 3200 scripseram,
1049 3134 1166 3187 s'ne
1194 3132 1214 3164 ⁸
1244 3133 1588 3188 subtilissima
1617 3135 2009 3188 examinatione

2123 1941 2342 2007 curavi,
2394 1950 2655 2010 quatenus
2705 1952 2897 1996 vestrae
2962 1945 3291 2001 auctoritatis
3353 1947 3557 2013 judicio
3618 1954 3701 2008 vel

2124 2032 2144 2062 ⁵
2166 2031 2596 2094 emendat-tantur,
2630 2033 2710 2086 vel
2744 2034 3096 2099 probarentur
3126 2051 3249 2089 vera
3280 2052 3407 2109 esse
3424 2056 3541 2107 qua:
3568 2043 3701 2096 scri-

2122 2132 2209 2190 pta
2238 2132 2381 2176 sunt.
2426 2122 2576 2187 Quod
2606 2138 2725 2177 cum
2762 2125 2982 2178 Domino
3010 2126 3029 2155 ‘
3053 2126 3270 2193 iuvante
3300 2140 3560 2197 patrarem
3584 2176 3599 2200 ,
3645 2144 3701 2189 et

2121 2230 2300 2268 coram
2329 2215 2627 2269 senioribus
2654 2230 2717 2269 ac
2745 2215 3053 2271 doctoribus
3100 2231 3288 2273 vestrm
3334 2225 3698 2292 congregatio-

2122 2303 2201 2356 nis
2234 2303 2442 2358 libellus
2473 2304 2633 2359 biduo
2678 2306 2961 2373 legeretur,
2990 2321 3050 2361 ac
3081 2309 3431 2365 solertissime
3463 2329 3554 2380 per
3580 2318 3694 2367 sin—

2117 2395 2236 2461 gula
2270 2396 2333 2447 ad
2379 2403 2613 2449 vestrum
2659 2406 2972 2464 pensaretur
3009 2413 3230 2452 examen
3263 2419 3275 2451 :
3309 2402 3484 2455 nullus
3524 2406 3698 2459 omni—

2120 2482 2289 2537 modis
2320 2484 2564 2539 inventus
2592 2495 2673 2540 est
2716 2501 2893 2541 sermo
2919 2489 3007 2552 qui
3048 2491 3237 2542 mutari
3267 2491 3568 2558 debuisset,
3600 2496 3692 2549 sed

2117 2586 2303 2628 cnne!a
2333 2591 2453 2644 qum
2492 2578 2684 2641 scripta
2715 2588 2866 2631 erant
2895 2581 3161 2633 communi
3192 2585 3412 2637 consilio
3439 2585 3697 2641 decerne-

2119 2666 2309 2719 bantur
2335 2667 2354 2696 ⁷
2383 2668 2581 2736 absque
2623 2669 2725 2721 ulla
2771 2669 3041 2725 dubietate
3089 2672 3329 2740 legenda,
3376 2686 3429 2729 et
3480 2677 3562 2731 bis
3601 2679 3691 2745 qui

2116 2756 2387 2824 religioiiis
2440 2757 2616 2810 studio
2678 2758 2874 2813 vellent
2933 2760 3517 2817 adtranscribendum
3572 2782 3693 2821 esse

2118 2847 2389 2901 tradenda.
2436 2849 2541 2903 Sed
2586 2859 2637 2903 et
2669 2851 2771 2903 alia
2815 2852 2975 2905 multa
3021 2868 3117 2908 nec
3147 2854 3168 2886 ⁸
3200 2854 3400 2909 minora
3449 2857 3530 2911 liis
3573 2874 3691 2926 quas

2116 2940 2447 3006 scripsimus,
2497 2942 2847 3009 prtesentibus
2895 2944 3048 2999 nobis
3077 2945 3371 3000 adinv‘cem
3412 2949 3694 3004 conferen-

2116 3040 2215 3096 tes,
2261 3033 2327 3085 de
2372 3033 2473 3085 vita
2514 3042 2568 3087 et
2610 3036 2890 3089 virtutibus
2932 3036 3072 3091 beati
3116 3038 3212 3091 viri
3257 3042 3693 3107 superintuliStis,

2112 3137 2229 3190 qua:
2281 3139 2496 3192 prorsus
2526 3128 2544 3158 ³
2579 3127 2848 3181 ΠιΘΙΙιΟΓῘίἓ
2892 3127 3043 3195 digna
3098 3130 3436 3197 videbantur,
3491 3136 3533 3187 si
3585 3150 3689 3188 non

430 3226 639 3278 testium
672 3224 1007 3278 tndubiorum
1044 3224 1235 3290 passim
1268 3222 1664 3276 transeribenda
1690 3224 2005 3291 quibusdam

2112 3212 2407 3266 deliberate
2436 3230 2497 3268 ac
2524 3214 2759 3283 perfecto
2788 3217 2932 3283 operi
2967 3234 3100 3271 nova
3143 3219 3462 3276 iuterserere
3494 3223 3570 3275 vel
3604 3239 3692 3277 su-

424 3314 555 3367 dare
587 3313 922 3383 praesumpsi.
953 3313 1088 3381 Quin
1122 3316 1293 3381 petitis
1325 3314 1497 3381 primo
1523 3312 1806 3379 diligenter
1835 3327 2009 3366 exor-

424 3404 568 3457 dium
593 3446 607 3467 ,
655 3418 994 3473 progressum
1026 3414 1080 3457 et
1121 3406 1399 3458 terminum
1441 3403 1836 3473 gloriosissimas
1874 3419 2004 3457 con-

425 3496 738 3551 versationis
765 3510 827 3550 ac
858 3498 978 3550 vitae
1009 3495 1148 3549 illius
1176 3495 1243 3548 ab
1275 3495 1354 3548 bis
1376 3496 1463 3564 qui
1495 3503 1753 3547 noverant
1782 3494 2004 3548 investi-

424 3593 581 3657 gans,
610 3599 834 3653 quorum
868 3587 1027 3641 etiam
1060 3585 1270 3640 nomina
1315 3585 1365 3638 in
1407 3586 1521 3654 ipso
1553 3584 1686 3637 libro
1723 3584 2003 3653 aliquoties

422 3676 495 3731 ob
550 3676 802 3731 indicium
857 3686 1064 3731 certum
1120 3674 1344 3745 cognitae
1401 3675 1637 3730 veritatis
1693 3675 2001 3743 apponenda

420 3767 670 3837 iudicavi,
716 3770 795 3825 sic
840 3770 1054 3824 demum
1096 3769 1161 3822 ad
1205 3769 1489 3823 scltedulas
1538 3783 1749 3822 manum
1796 3769 2003 3822 mittere

421 3858 634 3923 int-inin.
679 3862 743 3914 At
786 3860 987 3929 digesm
1030 3859 1306 3928 opusculo,
1352 3858 1444 3913 sed
1490 3859 1663 3912 adhuc
1708 3868 1915 3914 retento
1948 3859 2000 3914 in

420 3951 713 4015 Schedulis,
763 3952 1073 4019 frequenter
1121 3960 1175 4006 et
1222 3951 1654 4005 reverentissimo
1703 3951 1854 4004 fratri
1905 3966 2001 4004 no-

420 4052 534 4095 stro
563 4040 588 4079 δ
622 4042 902 4097 Herefrido
934 4042 1246 4113 presbytero
1288 4041 1392 4096 huc
1423 4041 1749 4109 adventanti,
1792 4049 1846 4096 et
1881 4042 1999 4094 aliis

420 4136 509 4206 qui
554 4135 753 4189 diutius
808 4150 928 4190 eum
981 4136 1094 4189 viro
1151 4135 1242 4190 Dei
1290 4136 1590 4189 conversati
1644 4135 1804 4187 vitam
1859 4134 1999 4190 illius

415 4228 614 4295 optime
642 4235 934 4294 noverant,
968 4242 1084 4294 quiat
1113 4226 1301 4295 scripsi
1337 4226 1556 4297 legenda
1583 4233 1740 4294 atque
1771 4241 1834 4280 ex
1866 4236 1998 4281 tem-

417 4332 545 4386 pore
576 4319 908 4373 retractanda
939 4318 1196 4388 praestiti,
1225 4333 1288 4391 ac
1319 4319 1569 4372 nonnulla
1609 4319 1676 4371 ad
1720 4320 1995 4373 arbitrium

412 4422 594 4461 eorum
616 4448 631 4471 ,
681 4418 835 4477 prout
866 4409 1205 4473 videbantur,
1252 4409 1467 4463 sedulus
1511 4410 1786 4464 emendavi
1815 4411 1997 4480 sicque

412 4500 663 4553 omnibus
693 4501 1063 4569 scrttpulorum
1095 4500 1409 4566 ambagibus
1438 4501 1504 4553 ad
1548 4515 1735 4567 purum
1779 4502 1989 4565 ablatis,

2111 3302 2435 3371 peradjicere
2478 3305 2654 3360 minus
2684 3319 2975 3374 congruum
3023 3315 3184 3376 atque
3230 3308 3537 3365 indecorum
3569 3328 3691 3367 esse

2107 3403 2396 3447 constaret.

2181 3482 2381 3539 Dehinc
2424 3485 2812 3541 admouendam
2866 3498 3055 3543 vestra:
3100 3489 3347 3546 almitatis
3380 3506 3400 3531 σε
3432 3508 3687 3550 coronam

2105 3585 2252 3631 ratus
2295 3592 2434 3642 sum,
2482 3587 2540 3632 ut
2584 3581 2720 3634 sicut
2766 3582 2879 3649 ipse
2925 3598 3117 3637 munus
3162 3585 3481 3641 obedientite
3529 3605 3686 3654 meai,

2105 3668 2244 3735 quod
2273 3668 2461 3738 jubere
2490 3672 2619 3724 estis
2648 3672 2867 3740 dignati,
2901 3683 3177 3741 promptus
3206 3676 3414 3732 solvere
3446 3694 3548 3732 non
3578 3680 3688 3735 dis-

2106 3761 2236 3825 tuli,
2279 3763 2345 3815 ita
2381 3777 2475 3817 vos
2503 3780 2711 3834 quoque
2741 3765 2805 3819 ad
2848 3765 3172 3821 reddendum
3215 3768 3339 3821 mihi
3373 3781 3561 3824 vestrm
3604 3776 3685 3825 in-

2105 3855 2445 3911 tercessionis
2476 3858 2754 3921 praemium
2786 3858 2917 3927 pigri
2948 3874 3052 3913 non
3095 3858 3233 3923 sitis,
3263 3861 3355 3915 sed
3387 3877 3506 3917 cum
3536 3879 3687 3918 eum-

2100 3946 2221 4001 dem
2253 3946 2295 3977 “
2319 3946 2557 4002 libellum
2588 3949 2888 4017 relegentes
2918 3951 3001 4019 pia
3024 3950 3343 4006 sanctissimi
3377 3955 3543 4006 Patris
3572 3971 3684 4009 me-

2102 4038 2267 4090 moria
2314 4046 2517 4093 vestros
2568 4039 2776 4093 animos
2822 4038 2887 4093 ad
2939 4041 3201 4094 desideria
3256 4045 3399 4111 regni
3447 4045 3685 4100 cmlestis

2098 4128 2372 4183 ardentius
2415 4128 2681 4193 attollitis,
2730 4145 2826 4197 pro
2871 4146 2985 4184 mea
3018 4147 3228 4199 quoque
3271 4135 3529 4199 parvitate
3571 4153 3676 4191 rue-

2100 4219 2363 4273 mineritis
2404 4220 2634 4273 divinam
2667 4235 2891 4276 exorare
2934 4221 3295 4286 clementiam,
3338 4234 3599 4293 quatenus
3628 4238 3683 4281 et

2099 4329 2239 4367 nunc
2281 4329 2407 4382 pura
2451 4325 2629 4369 mente
2672 4314 2999 4381 desiderare,
3040 4326 3093 4369 et
3139 4317 3190 4370 in
3232 4318 3405 4371 loturo
3448 4318 3678 4386 perfecta

2100 4406 2426 4462 beatitudine
2466 4423 2672 4462 merear
2701 4408 2880 4462 videre
2907 4390 3044 4463 bona
3092 4408 3299 4464 Domini
3344 4412 3395 4465 in
3429 4420 3568 4465 terra
3602 4414 3679 4465 vi-

2098 4500 2332 4554 ventium
2355 4517 2369 4565 ;
2398 4499 2491 4554 sed
2514 4509 2566 4553 et
2590 4516 2673 4553 me
2696 4500 2948 4554 defuncto
2974 4514 3069 4568 pro
3094 4501 3463 4570 redemptione
3483 4504 3675 4557 animte

412 4600 610 4641 certam
664 4591 899 4644 veritatis
951 4589 1247 4659 indaginem
1305 4588 1636 4658 simplicibus
1686 4591 1989 4659 explicitum
2021 4570 2066 4631 (ἶ
2096 4607 2230 4648 mea:
2258 4596 2300 4625 ¹¹
2331 4592 2479 4661 quasi
2514 4590 2786 4646 familiaris
2826 4600 2881 4646 et
2903 4591 3165 4646 vernaculi
3198 4594 3359 4647 vestri
3395 4608 3582 4658 orare,
3623 4603 3679 4649 et

409 4681 747 4736 sermonibus
798 4682 1176 4737 commendare
1228 4679 1651 4745 membranulis,
1706 4692 1868 4750 atque
1920 4683 1986 4736 ad

2099 4684 2291 4738 missas
2321 4683 2515 4748 facere,
2548 4693 2601 4737 et
2632 4698 2825 4737 nomen
2856 4698 3029 4738 meum
3070 4685 3208 4740 inter
3238 4696 3412 4740 vestra
3442 4684 3678 4740 scribere

1343 4770 1819 4827 VULGATURUM
1868 4770 2262 4830 VARIANTES
2301 4772 2705 4828 LECTIONES.

482 4870 500 4935 ξ
541 4864 783 4935 Edfrido.

478 4934 498 4964 ¹
540 4934 733 4989 Fidelis
759 4951 1049 4991 conservus.

480 5003 501 5034 ³
542 5005 609 5059 Ut
638 5007 787 5059 libro.

477 5073 500 5104 ‘
540 5076 728 5132 Subtili
752 5076 1148 5131 examinatione.

477 5144 497 5175 ⁸
539 5145 948 5201 Emendarentur
976 5148 1130 5215 falsa.

477 5214 499 5246 ⁸
534 5218 843 5288 Adjuvante.

2163 4866 2185 4897 "
2224 4866 2418 4934 Absque
2440 4864 2547 4917 ulla
2573 4864 2917 4933 ambiguitate.

2164 4936 2185 4966 ⁸
2226 4936 2428 4987 Minora
2455 4950 2605 5000 quam
2633 4936 2947 5002 scripsimus.

2162 5008 2182 5037 ’
2225 5005 2472 5057 Memoria
2498 5006 2673 5075 digna.

2166 5076 2207 5105 ¹⁰
2249 5075 2474 5127 Librum.

2164 5146 2205 5181 “
2250 5145 2407 5210 Quasi
2435 5161 2527 5215 pro
2554 5145 2841 5217 familiaris.

1718 5282 2072 5339 VARIORUM
2114 5282 2343 5337 NOTIE.

483 5388 505 5416 ⁸·
547 5379 818 5450 Eadfrido.
847 5380 1134 5437 Ecclesiam
1166 5382 1254 5437 hic
1282 5381 1599 5436 Lindisfarn.
1630 5381 1763 5433 rexit
1791 5380 1858 5434 ab
1886 5394 1973 5435 an.
2005 5379 2059 5438 D
2088 5378 2181 5450 Ep.
2216 5377 2333 5450 l_l_ib.
2366 5376 2499 5450 Syll.
2532 5393 2591 5450 tr.
2620 5373 2925 5450 ίξᾷηδθιιτῃτ

405 5450 509 5507 698
539 5453 602 5505 ad
631 5468 719 5505 an.
752 5451 891 5517 720;
921 5453 1238 5521 scripsitque
1264 5454 1330 5506 ad
1365 5468 1513 5506 usum
1540 5452 1703 5504 sancti
1735 5452 1977 5521 Cudberg

404 5523 475 5576 eti
517 5522 925 5577 celeberrimum
968 5523 1115 5577 illurn
1154 5520 1566 5591 Evangeliorum
1600 5521 1847 5575 Codicem
1890 5520 1977 5585 qui

405 5593 459 5646 in
489 5591 804 5647 bibliotheca
834 5594 1142 5647 Cottoniana
1182 5592 1467 5646 ltodiedum
1500 5601 1819 5646 asservatur.
1846 5592 1977 5644 Ora-

404 5662 598 5716 torium
629 5665 788 5715 etiam
820 5663 1221 5717 Anachoreseos
1258 5663 1542 5717 Farneusis
1572 5671 1833 5716 vetustate
1870 5661 1979 5713 dis-

403 5733 634 5785 Solutum
682 5740 923 5800 tempore
957 5733 1183 5800 Felgcldi
1225 5734 1560 5787 restauravit.
1604 5734 1682 5787 Ad
1717 5734 1852 5785 hunc
1882 5733 1975 5783 Al-

404 5804 645 5858 dltelntns
676 5805 839 5857 abbas
869 5806 1071 5859 Halms.
1096 5804 1368 5871 epistolam
1401 5804 1631 5871 scripsit,
1658 5817 1775 5872 qum
1806 5810 1975 5855 esstat

2157 5449 2181 5485 ι)
2214 5447 2507 5511 Herefrido.
2543 5448 2629 5501 ille
2658 5447 2752 5499 l'nit
2773 5445 3043 5499 familiaris
3061 5445 3225 5499 sancti
3243 5446 3521 5502 Cudbercti
3545 5464 3661 5515 pre-

2083 5519 2284 5587 sbyter,
2315 5526 2369 5570 et
2396 5517 2555 5570 abbas
2587 5516 2892 5569 monasterii
2926 5515 3395 5571 Lindisfarnensis.
3431 5521 3624 5573 Sumt.

2158 5601 2180 5627 ο
2221 5586 2491 5640 Coronam.
2515 5588 2602 5641 Sic
2630 5589 2767 5658 olim
2785 5589 3061 5658 episcopos
3089 5588 3495 5655 compellabant.
3526 5591 3666 5658 Lege

2081 5660 2417 5721 Salmasium,
2474 5658 2523 5710 in
2575 5656 2690 5710 Lib.
2740 5657 2805 5710 de
2829 5655 3011 5717 Coma,
3063 5658 3148 5710 ubi
3199 5660 3412 5714 nomine
3441 5655 3660 5714 coronae.

2084 5748 2186 5786 non
2219 5744 2468 5781 coronam
2518 5727 2793 5801 (utaittnt)
2837 5727 3171 5801 clericalem,
3214 5728 3306 5783 sed
3349 5731 3658 5801 dignitatern

2085 5801 2435 5871 episcopalem
2466 5798 2687 5865 CXpt‘lllli
2719 5807 2916 5852 censet.
2953 5797 3173 5852 Manu”
