4220 6486
511 308 615 365 755

1283 314 1490 372 BEDE
1530 307 1989 370 VENERABILIS
2023 308 2175 366 OPP.
2218 304 2400 366 PARS
2435 304 2528 361 IV.
2564 334 2635 344 —
2674 300 3055 359 IlliTORlCA.

3694 300 3815 356 7&6

514 429 828 503 dignemini.
856 428 872 461 ¹
904 430 1031 485 Nam
1058 438 1111 485 et
1142 438 1195 484 tu
1217 470 1232 495 ,
1265 430 1604 485 sanctissime
1632 427 1887 494 antistes,
1920 425 2020 479 boc
2050 434 2101 481 te
2134 429 2178 485 A
2205 422 2305 477 bus
2334 419 2565 477 heroicis
2605 418 2806 474 dudum
2839 417 3084 473 versibus
3114 414 3254 471 edidi
3279 433 3294 481 ;
3332 428 3462 483 quos
3502 412 3547 467 si
3576 427 3670 469 vos
3714 415 3816 469 ba-

520 522 650 576 ntibi
684 521 991 590 promisisse
1012 520 1123 591 jam
1154 522 1373 585 retines,
1404 521 1455 575 in
1484 520 1638 588 cujus
1666 520 1828 576 etiam
1862 517 2104 573 testimo-

525 614 673 667 nium
733 612 920 666 futura
959 612 1370 679 conscriptionis
1413 613 1665 682 religioso
1719 609 1865 663 fratri
1932 616 2110 662 vostro

524 713 550 741 ⁸
576 702 837 759 Gudirido
866 703 1224 757 mansionaxio
1246 702 1542 773 prazeepisti
1565 746 1579 768 ,
1604 712 1658 755 ut
1683 701 1733 755 in
1764 700 1887 755 albo
1916 710 2109 755 vestra:

523 802 723 847 sanctae
771 793 1197 861 congregationis
1244 808 1429 848 meum
1473 807 1615 847 nunc
1658 806 1871 861 quoque
1918 805 2111 844 nomen

523 894 833 953 apponeret.
876 885 1021 939 Sciat
1060 896 1236 939 alitem
1278 884 1532 939 sanctitas
1573 892 1747 938 vestra
1786 882 1906 953 quia
1948 881 2109 933 vitam

523 973 762 1041 ejusdem
798 974 917 1029 Deo-
936 975 1117 1029 dilecti
1148 974 1323 1028 Patris
1349 977 1552 1042 nostri,
1580 989 1738 1044 quam
1774 974 1927 1027 vobis
1956 985 2111 1040 prosa

526 1062 722 1118 editum
762 1065 885 1121 dedi
928 1067 1202 1135 aliquanto
1241 1065 1452 1134 quidem
1499 1065 1734 1130 brevius,
1779 1061 1873 1116 sed
1924 1061 2112 1115 eodem

532 1164 705 1213 tattien
734 1160 944 1225 ordine,
976 1160 1281 1229 rogantibus
1310 1138 1628 1229 quibusdam
1659 1173 1689 1212 e
1719 1156 1917 1211 nostris
1942 1154 2118 1209 fratri-

2212 513 2341 568 bere
2364 513 2615 579 delectat,
2646 526 2674 563 a
2706 510 2859 563 nabis
2884 509 3161 575 exemplar
3189 505 3437 574 accipere
3468 505 3720 575 potestis,
3758 507 3813 559 in

2212 601 2369 672 cujus
2396 604 2577 670 operis
2605 601 2923 672 prafatione
2969 599 3184 668 promisi
3214 612 3299 651 me
3339 596 3577 650 aliasde-
3608 596 3725 651 Vita
3761 608 3819 649 et

2214 691 2487 747 miraculis
2512 692 2629 763 ejus
2660 692 2814 746 latius
2843 706 2972 745 esse
2995 689 3342 756 scripturum,
3368 701 3539 754 quam
3563 685 3821 739 videlicet

2214 783 2629 853 promissionem
2663 785 2713 838 in
2742 781 2997 852 praesenti.
3015 778 3292 845 opusculo,
3318 778 3343 809 '
3371 786 3531 846 prout
3556 775 3824 829 Dominus

2215 874 2447 940 dederit,
2475 874 2771 944 adimplere
2797 882 3003 940 satago.
3035 871 3057 902 ⁸
3086 870 3286 925 Orante
3314 882 3445 936 ergo
3471 882 3559 920 me
3587 880 3688 935 pro
3716 878 3814 917 vo-

2216 968 2297 1022 bis
2329 967 2710 1023 beatitudinem
2734 976 2973 1021 vestram
2996 963 3250 1019 Dominus
3278 959 3623 1027 omnipotens
3650 956 3673 987 ‘*
3714 970 3820 1010 cu-

2216 1059 2419 1114 stodire
2447 1059 2697 1129 dignetur
2736 1057 3058 1113 incolumem
3078 1097 3095 1124 ,
3137 1050 3471 1111 dilectissimi
3503 1050 3734 1118 fratres,
3767 1055 3828 1102 et

2224 1150 2428 1205 domini
2461 1150 2586 1206 mei.
2621 1155 2813 1205 Amen.

1486 1263 1959 1323 VULGATURU.“
2009 1262 2403 1319 VARIANTES
2445 1262 2858 1317 LECTIONES.

606 1356 623 1388 ⁸
674 1357 804 1411 Nam
834 1369 880 1411 et
908 1376 1042 1425 cum,
1073 1360 1401 1414 sanctissime.

602 1428 624 1459 ³
670 1427 829 1481 Prout
861 1428 1017 1483 Deus.

605 1497 626 1528 ⁸
668 1499 905 1552 Orantem
936 1516 1028 1570 pro
1073 1500 1217 1554 nobis
1265 1500 1625 1554 beatitudinem
1661 1507 1894 1552 vestram.
1932 1495 2125 1551 Oronte

2230 1371 2348 1425 ergo
2380 1372 2469 1423 pro
2498 1355 2640 1408 nobis
2670 1353 2977 1409 beatitudine
3003 1361 3191 1407 vestra.

2302 1427 2324 1457 δ
2362 1425 2631 1481 Custodire
2657 1442 2762 1479 vos.

1854 1588 2213 1644 VAIilORUM
2255 1586 2485 1641 ΝΟΤιΕ.

614 1690 642 1718 ⁸
681 1681 957 1752 Gudfrido.
1001 1685 1099 1751 Qui
1133 1692 1314 1753 postea
1346 1683 1671 1737 monasterio
1700 1680 2118 1737 Lindisfarnensi
2157 1678 2363 1735 abbatis
2387 1677 2509 1746 jure
2541 1675 2772 1745 praefuit,
2808 1690 2859 1737 v,
2896 1673 2947 1727 l.
2978 1671 3168 1729 διετῆ.

542 1789 3819 1828 ____________________________.___——

846 1944 1316 2051 LIBER
1443 1941 1646 2047 DE
1777 1937 2187 2040 VITA

2312 1935 2519 2041 ET
2658 1930 3529 2041 MIRACULIS’

1229 2154 1897 2269 SANCTI
1986 2147 3049 2264 GUTHBEBTI
3074 2212 3114 2282 ,

1622 2356 2319 2422 LINDISFARNENSIS
2363 2354 2746 2417 EPISCOPI.

1946 2490 2201 2502 ¢—__

546 2554 774 2614 CAPUT
815 2551 1176 2607 PRIMUM.—-
1194 2550 1466 2613 Quomodo
1507 2566 1633 2619 puer
1684 2550 1778 2605 Dei
1820 2550 2131 2606 Cudberctus
2166 2555 2213 2615 Β
2239 2552 2399 2616 illius,
2433 2552 2523 2622 qui
2554 2561 2713 2608 aetate
2742 2552 2912 2620 major
2938 2551 3170 2619 perfecte
3203 2550 3313 2621 jam
3353 2551 3665 2621 cogniturus
3704 2563 3824 2608 erat

618 2643 708 2696 per
735 2627 985 2695 infantem
1004 2624 1069 2676 sit
1090 2622 1342 2693 pl‘wditlo
1367 2622 1382 2651 ¹
1409 2623 1725 2692 episcopatui
1742 2623 2057 2677 admonitus.

614 2737 939 2807 Principium
969 2736 1123 2789 nobis
1150 2733 1417 2788 scribendi
1444 2736 1512 2788 de
1543 2733 1659 2787 Vita
1688 2734 1826 2788 beati
1849 2734 2131 2790 Cudbercti

545 2831 813 2891 leremias
846 2825 1103 2895 prapbeta
1129 2832 1434 2885 consecrat,
1459 2824 1547 2889 qui
1592 2825 1979 2879 anachoretica:
2007 2840 2130 2893 per-

545 2922 795 2977 fectionis
818 2927 1019 2973 statum
1042 2913 1349 2984 glorificans
1392 2913 1467 2965 ait
1502 2929 1513 2964 :
1556 2911 1757 2966 Bonum
1787 2922 1857 2967 est
1885 2915 1989 2967 viro
2016 2930 2134 2967 cum

547 3012 821 3081 portaverit
843 3009 1029 3078 jugum
1058 3006 1122 3059 ab
1176 3005 1528 3059 adolescentia
1561 3021 1693 3070 sua;
1735 3007 1923 3060 sedebit
1956 3009 2135 3061 solita-

547 3106 658 3157 rius
686 3114 735 3157 et
765 3100 965 3164 tacebit,
992 3100 1113 3169 quia
1142 3098 1324 3153 levabit
1351 3115 1405 3152 se
1432 3115 1588 3168 super
1613 3115 1686 3153 se.
1710 3098 1878 3166 ilujus
1902 3115 2135 3168 namque

556 3194 680 3249 boni
706 3193 988 3247 dulcedine
1014 3205 1271 3245 accensus
1310 3192 1392 3244 vir
1423 3190 1632 3244 Domini
1684 3190 2040 3256 Cudberctus,
2068 3194 2135 3248 ab

551 3286 771 3341 ineunte
820 3283 1183 3338 adolescentia
1228 3282 1358 3352 jugo
1408 3283 1736 3339 monachica
1786 3284 2135 3340 institutionis

557 3377 753 3432 collum
783 3378 804 3408 ⁸
834 3375 1098 3440 subdidit;
1129 3384 1181 3429 et
1209 3374 1299 3429 ubi
1329 3375 1696 3443 opportunitas
1741 3374 1901 3445 jnvit,
1925 3386 2137 3444 arrepta

548 3467 710 3525 etiam
758 3468 1175 3523 conversatione
1214 3467 1616 3536 anachoretica,
1659 3482 1762 3521 non
1803 3484 1973 3537 pauco
2002 3477 2139 3522 teme

556 3576 689 3632 pore
713 3560 986 3614 solitarius
1016 3559 1227 3622 sedere,
1268 3566 1428 3625 atque
1456 3559 1525 3613 ob
1580 3559 1899 3612 suavitatem
1944 3558 2138 3613 divina:

555 3651 1029 3720 contetnpiationis
1049 3649 1118 3703 ab
1142 3650 1388 3703 humanis
1415 3660 1591 3703 tacere
1615 3649 1979 3704 delectabatur
2003 3649 2139 3705 allo-

553 3743 714 3812 quiis.
747 3740 852 3796 Sed
899 3748 958 3794 ut
987 3740 1103 3793 ba'c
1134 3738 1188 3794 in
1234 3737 1437 3807 majore
1484 3747 1645 3793 etate
1674 3749 1876 3808 posset,
1908 3754 2139 3809 superna

554 3836 708 3891 ilium
740 3832 908 3902 gratia
931 3832 953 3863 ³
969 3832 1034 3886 ad
1054 3832 1192 3885 viam
1216 3830 1457 3884 veritatis
1482 3831 1731 3898 paulatim
1755 3846 1784 3886 a
1819 3832 2001 3900 primis
2025 3831 2137 3902 jam

2234 2641 2542 2705 Dominum.
2573 2658 2636 2697 ac
2662 2657 2968 2697 sermonem
2994 2643 3204 2697 Domini
3236 2643 3467 2698 revelata
3489 2644 3664 2699 cordis
3688 2660 3824 2701 aure

2234 2743 2607 2803 percepturus.
2634 2733 3017 2789 Oblectabatur
3055 2750 3204 2805 ergo,
3234 2747 3291 2788 ut
3314 2734 3569 2802 diximus,
3596 2735 3736 2804 jocis
3764 2747 3823 2791 et

2233 2824 2515 2893 vagitibus,
2550 2832 2605 2878 et
2645 2825 2793 2895 juxta
2835 2826 2974 2895 quod
3006 2825 3182 2880 mtatis
3214 2830 3346 2880 ordo
3395 2828 3667 2897 poscebat,
3700 2843 3824 2896 par-

2238 2918 2483 2971 vulorum
2508 2917 2895 2972 conventiculis
2926 2918 3193 2973 interesse
3224 2918 3494 2986 cupiebat,
3517 2918 3823 2974 ludentibus

2234 3012 2513 3067 colludere
2562 3011 2906 3068 desiderabat
2938 3031 2950 3067 :
2982 3024 3037 3069 et
3083 3013 3209 3084 quia
3256 3011 3413 3085 agilis
3444 3024 3631 3067 natura
3663 3023 3824 3081 atque

2234 3111 2424 3155 acutus
2449 3112 2559 3156 erat
2583 3101 2819 3172 ingenio,
2845 3104 3301 3160 contendentibus
3318 3103 3447 3160 ludo
3465 3104 3659 3176 sacpius
3680 3118 3822 3177 prie-

2235 3192 2416 3247 valere
2449 3202 2826 3257 con~ueverat,
2858 3194 2993 3249 adeo
3024 3204 3081 3249 ut
3112 3194 3267 3251 fessis
3310 3210 3687 3265 nonnunquam
3718 3211 3825 3249 ω·-

2239 3289 2386 3353 teris,
2423 3288 2515 3344 ille
2548 3287 2855 3344 indefessus
2876 3287 3073 3356 adhuc,
3105 3288 3127 3321 ⁸
3149 3290 3194 3344 si
3223 3289 3313 3358 qui
3334 3289 3472 3344 ultra
3502 3303 3681 3343 secum
3707 3289 3818 3343 vel-

2240 3379 2350 3434 lent
2378 3389 2611 3443 certare.
2643 3380 2796 3449 quasi
2817 3381 2989 3433 victor
3008 3379 3338 3434 laetabundus
3366 3379 3673 3449 inquireret.
3698 3380 3824 3433 Sive

2245 3473 2388 3525 enim
2420 3470 2581 3536 saltu,
2605 3471 2718 3525 sive
2742 3486 2924 3536 cursu,
2958 3472 3071 3525 sive
3099 3471 3320 3536 luctatu,
3343 3486 3440 3526 seu
3461 3469 3696 3541 quolibet
3717 3469 3825 3523 alio

2240 3563 2605 3617 membrorum
2656 3562 2959 3617 sinuamine
3005 3576 3064 3617 se
3104 3571 3439 3629 exercerent,
3498 3562 3588 3617 ille
3637 3572 3825 3615 omnes

2240 3666 2512 3722 aequaevos
2534 3660 2590 3707 et
2620 3651 2905 3707 nonnullos
2948 3653 3112 3708 etiam
3159 3652 3388 3721 majores
3418 3667 3448 3706 a
3474 3665 3533 3706 se
3560 3650 3828 3721 gloriaba-

2242 3752 2328 3798 tur
2355 3757 2477 3799 esse
2504 3753 2808 3813 superatos.
2834 3743 2965 3799 Cum
2989 3746 3130 3799 enim
3163 3753 3306 3801 esset
3334 3743 3606 3813 parvulus,
3627 3753 3681 3797 ut
3704 3756 3827 3813 par-

2242 3836 2397 3891 vulus
2442 3836 2704 3904 sapiebat,
2750 3844 2806 3889 ut
2856 3835 3114 3906 parvulus
3143 3836 3440 3905 cogitabat;
3470 3833 3559 3905 qui
3592 3840 3828 3902 postmo-

560 3927 806 3997 pueritia-
831 3925 1145 3980 incitaverat
1165 3932 1189 3960 ³·
1221 3924 1400 3989 atinis,
1420 3923 1680 3993 siquidem
1706 3940 1873 3995 usque
1899 3926 1965 3980 ad
1993 3936 2139 3982 octa-
2162 3909 2212 3975 (ἶ
2247 3930 2374 3984 dum
2408 3928 2576 3984 factus
2604 3928 2708 3997 vir,
2739 3929 3051 3999 plenissime
3073 3943 3137 3985 ea
3172 3943 3292 3999 qua:
3318 3928 3523 3999 parvuli
3552 3934 3707 3982 erant
3731 3925 3829 3982 de-

552 4035 676 4073 vum
706 4020 876 4073 aetatis
905 4033 1124 4082 annum,
1175 4018 1265 4088 qui
1309 4026 1427 4087 post
1453 4017 1729 4072 infantiam
1762 4019 2004 4087 pueritiae
2032 4020 2143 4090 pri-

564 4126 684 4165 mus
711 4121 814 4175 est,
845 4110 975 4165 solis
998 4110 1341 4181 parvulorum
1372 4110 1509 4164 ludis
1537 4118 1593 4165 et
1627 4111 1858 4167 lasciviae
1909 4123 2141 4169 mentem

2250 4028 2623 4182 pog'zuidem
2653 4110 2829 4166 divina
2886 4110 3213 4181 diSpensatio
3259 4110 3503 4181 primitus
3539 4108 3822 4165 elationem

560 4207 690 4260 dare
721 4214 962 4270 noverat,
998 4205 1069 4259 ita
1099 4212 1159 4259 ut
1186 4204 1316 4259 illud
1341 4204 1481 4258 beati
1506 4204 1770 4260 Samuelis
1793 4214 1921 4260 tunc
1939 4206 2005 4261 de
2026 4206 2144 4273 ipso
2249 4207 2415 4261 animi
2450 4206 2667 4275 puerilis
2700 4206 2721 4238 '
2743 4205 2905 4276 digno
2932 4204 3216 4276 padagogo
3246 4219 3587 4273 compescere
3616 4205 3825 4273 dignata

560 4305 744 4365 posset
768 4295 1133 4350 testimonium
1161 4293 1262 4348 dici
1297 4311 1309 4348 :
1339 4291 1505 4348 Porro
1555 4292 1885 4351 Cudberctus
1927 4297 2143 4351 necdum

2250 4305 2355 4353 est.
2389 4296 2519 4350 Nam
2542 4297 2680 4351 sicut
2697 4297 2866 4353 beata:
2888 4298 3161 4352 memoria:
3188 4295 3215 4335 ι’
3240 4296 3528 4351 Trumvine
3548 4296 3829 4365 episcopus

563 4407 609 4443 εί
622 4389 755 4441 iebat
782 4386 1083 4451 Dominum,
1114 4402 1272 4457 neque
1304 4387 1553 4440 revelatus
1578 4389 1747 4455 fuerat
1774 4389 1823 4443 ei
1848 4404 2013 4443 sermo
2045 4388 2147 4443 Do-
2254 4389 2323 4444 ab
2355 4388 2474 4458 ipso
2503 4388 2806 4444 Cudbercto
2835 4389 2939 4445 sibi
2962 4390 3160 4444 dictum
3190 4388 3523 4459 perhibebat,
3544 4388 3668 4442 dum
3698 4400 3830 4455 qua-

567 4482 712 4536 mini.
738 4480 891 4549 Quod
924 4479 975 4534 in
1007 4478 1327 4552 przeconium
1353 4480 1523 4535 laudis
1551 4480 1751 4534 dictum
1780 4490 1862 4535 est
1908 4481 2150 4550 pueritia:
2257 4481 2381 4537 dam
2410 4481 2496 4537 die
2517 4482 2676 4538 solito
2702 4483 2975 4538 luctamiui
3007 4482 3058 4536 in
3101 4497 3293 4552 campo
3326 4480 3554 4551 quodam
3583 4494 3688 4535 non
3713 4492 3828 4533 mo-

1524 4588 1991 4647 VULGATORUM
2038 4590 2430 4648 VARIANTES
2468 4590 2867 4648 LECTIONES.

634 4712 650 4743 ³
686 4708 1017 4774 Episcopatu.

632 4782 656 4813 '
683 4780 891 4836 Subdit.

631 4852 654 4885 ³
687 4853 764 4907 Ad
792 4851 968 4905 vitam.

2329 4708 2351 4781 ἒ
2377 4709 2439 4781 Si
2459 4710 2572 4781 quis
2600 4708 2737 4764 ultra
2763 4724 2934 4764 secunt
2956 4710 3121 4765 vellet.

2324 4780 2346 4812 ⁵
2374 4780 2544 4852 Digna
2569 4798 2641 4835 se.

1883 4937 2244 4996 VARIORUM
2284 4938 2517 4997 NOTAE.

642 5048 669 5077 ι
696 5037 878 5093 Annis.
923 5032 1065 5090 Nihil
1114 5031 1199 5086 hic
1237 5032 1305 5103 de
1354 5031 1520 5102 patria
1549 5041 1602 5085 et
1643 5033 1952 5103 pA-rcntihus
1979 5034 2147 5089 sancti
2180 5036 2231 5098 ι)
2258 5035 2356 5089 bus
2386 5041 2685 5088 estsanctae
2707 5032 2980 5087 memoria:
3002 5031 3288 5101 episcopus
3332 5032 3522 5100 Titana,
3556 5034 3646 5103 qui
3674 5034 3829 5102 spiri-

565 5109 867 5169 Cuthberti.
920 5105 1152 5162 Patriam
1209 5101 1369 5165 infra,
1414 5104 1467 5156 in
1507 5116 1627 5169 cap.
1661 5101 1715 5167 4,
1752 5103 2138 5169 indicabimus;

640 5190 815 5237 rentes
844 5177 960 5247 ejus
997 5174 1259 5247 ignobiles
1309 5174 1472 5247 fuisse
1516 5174 1643 5227 satis
1686 5185 1906 5240 apparet
1933 5189 1997 5228 ex
2030 5177 2144 5247 opi-

590 5253 725 5307 iouis
755 5244 1071 5311 ministerio,
1103 5244 1243 5312 quod
1276 5244 1354 5299 vir
1374 5251 1597 5298 sanctus
1622 5249 1927 5299 exercuisse
1951 5245 2141 5301 eodem

566 5324 670 5379 loci
700 5322 912 5375 dicitur.
941 5318 1170 5372 Manum.

640 5392 667 5432 δ
699 5391 997 5445 Trumuine.
1027 5388 1387 5442 Consecratus
1422 5385 1705 5452 episcopus
1756 5384 2023 5441 Pictorum
2056 5403 2145 5441 an.

570 5463 695 5527 681,
733 5477 810 5525 tv,
862 5459 953 5515 12.
985 5460 1182 5514 Sancto
1207 5455 1511 5511 Cudbercto
1557 5458 1725 5510 sttasit
1778 5457 2146 5527 episcopatum

571 5534 866 5596 suscipere.
921 5547 992 5595 tv,
1035 5530 1127 5583 28.
1186 5527 1665 5597 Ecgfridoquoque
1696 5527 1854 5594 victo,
1889 5528 1958 5583 de
2003 5537 2144 5583 terra

576 5619 673 5658 sua
707 5595 834 5655 Picti
868 5616 991 5655 eum
1021 5600 1240 5667 pellunt.
1272 5595 1355 5663 'tv,
1395 5595 1488 5651 26.
1540 5597 2142 5669 Sutrn.—Anonyntus,

578 5674 669 5729 lib.
699 5689 711 5726 I
741 5690 754 5726 :
786 5691 804 5723 ι
843 5671 1077 5725 Primum
1107 5670 1321 5736 quidem
1363 5669 1629 5738 ponimus,
1684 5669 1825 5737 quod
1872 5668 1927 5724 in
1972 5668 2145 5738 prima

582 5684 669 5729 tm.
699 5689 711 5726 I
741 5690 754 5726 :
786 5691 804 5723 t
843 5684 1077 5725 Primum
1107 5684 1321 5736 quidem
1434 5684 1629 5733 nimus,
1684 5684 1825 5737 quod
1872 5684 1927 5724 tn
1975 5685 2141 5738 prima

582 5754 741 5799 aetate
771 5739 1031 5796 accidisse
1058 5741 1230 5797 teiatu
1274 5684 1558 5795 murorum
1588 5738 1896 5808 didicimus,
1929 5755 1992 5796 ex
2024 5740 2141 5809 qui-

2257 5106 2416 5159 talem
2452 5104 2539 5158 Dei
2571 5103 2885 5159 electionem
2919 5103 3346 5172 praedestinatam
3379 5120 3409 5159 a
3449 5118 3637 5159 sancto
3665 5106 3831 5159 Cuth-

2253 5175 2404 5230 berto
2433 5175 2656 5230 audiens
2687 5173 2901 5237 didicit;
2930 5182 2987 5226 et
3015 5175 3295 5244 presbyter
3324 5185 3525 5231 nostra
3574 5176 3823 5231 Ecclesiae

2253 5247 2417 5301 Elias.
2470 5264 2487 5297 ι
2532 5245 2785 5301 Sanctum
2816 5244 3164 5297 Trnmvinum
3197 5245 3465 5299 Pictorum
3505 5246 3826 5301 Australium

2249 5318 2560 5381 episcopum
2620 5314 2839 5371 Tabulis
2887 5312 3246 5370 Benedictinis
3292 5317 3589 5371 inscribunt
3636 5334 3664 5369 v
3707 5316 3831 5370 ldus

2248 5387 2410 5442 Febr.
2453 5389 2519 5441 At
2564 5385 2847 5441 Bollandus
2887 5386 2974 5439 die
3005 5385 3303 5455 insequenti
3336 5386 3544 5456 reponit
3575 5388 3692 5455 ejus
3714 5388 3832 5440 elo-

2245 5457 2414 5526 gium,
2436 5468 2768 5525 mortemque
2784 5470 2923 5509 anno
2941 5456 3079 5509 circa
3107 5458 3210 5512 700
3232 5458 3533 5526 consignat.
3552 5456 3627 5511 De
3652 5458 3823 5510 sancti

2246 5527 2520 5582 Trnmvini
2569 5526 2919 5597 reliquiarum
2970 5527 3279 5597 inventione
3330 5529 3445 5597 lege
3496 5527 3826 5582 Willelntum

2244 5598 2542 5665 Malmesb.,
2573 5601 2662 5654 lib.
2691 5613 2748 5653 ttt
2774 5598 2841 5651 de
2871 5595 3068 5652 Pontif.
3104 5600 3260 5667 Angl.
3310 5595 3403 5652 Dc'
3426 5613 3491 5652 eo
3524 5600 3714 5653 iterum
3741 5599 3825 5650 in-

2242 5668 2345 5797 ge,
2371 5684 2491 5738 cap.
2522 5670 2614 5737 24,
2642 5681 2697 5727 et
2721 5668 2861 5738 apud
2912 5667 3127 5735 Bedatm,
3181 5671 3273 5725 lib.
3305 5684 3353 5723 Iv
3386 5668 3548 5735 iiist.,
3582 5685 3703 5739 cap.
3732 5667 3827 5723 36.

2299 5756 2469 5796 ABILL.

2299 5756 2469 5796 ΑΒΗΔ..
