4220 6468
409 323 508 379 737

1090 312 1281 372 SECT.
1322 312 1363 367 Ι.
1403 343 1477 356 -
1515 307 2099 367 HAGIOGRAPHICA.
2142 335 2212 348 —
2257 305 2412 362 VlTA
2452 304 2511 360 S.
2552 300 2966 360 CUTllBERTl.

3574 295 3677 351 738

403 441 526 496 dica
559 447 846 502 puerorum
878 429 1032 484 turba
1084 428 1379 491 insisteret,
1429 424 1713 479 interesset
1757 431 1811 477 et
1853 420 1993 489 ipse,
2027 433 2067 485 Α
2100 417 2361 486 compede
2408 427 2689 471 retinerer.
2736 414 2835 468 Diu
2870 427 3110 481 namque
3157 419 3240 464 est
3266 408 3405 480 quod
3432 410 3681 464 molestia

404 540 465 587 et
508 528 648 583 sicut
695 524 992 580 ludentium
1053 522 1244 575 levitas
1290 518 1449 587 solet,
1490 526 1678 573 contra
1702 528 1996 584 congruum

409 629 618 681 natura:
667 624 869 672 statum
920 615 1084 671 variis
1136 612 1364 667 ﬂexibus
1393 609 1634 665 membra
1664 606 1900 676 plerique
1929 606 2001 659 si-

415 720 667 775 nuarent,
691 716 911 776 repente
940 719 1078 760 unus
1106 704 1172 759 de
1192 701 1449 773 parvulis,
1479 698 1705 754 triennis
1728 696 1915 758 ferme,
1944 703 2001 747 ut

416 804 723 867 videbatur,
746 799 984 854 accurrit
1013 798 1079 851 ad
1110 812 1258 860 eum,
1289 803 1342 849 et
1371 792 1519 862 quasi
1572 790 1729 845 senili
1756 798 2003 844 constan-

418 900 489 952 tia
531 895 695 965 coepit
751 891 982 958 hortari,
1033 905 1100 945 ne
1147 889 1287 958 jocis
1338 898 1392 943 et
1418 885 1531 940 otio
1562 884 1879 953 indulgeret,
1909 877 2003 933 sed

418 989 697 1045 stabilitati
728 984 907 1056 potius
932 993 1163 1039 mentem
1199 981 1360 1037 simul
1387 987 1444 1035 et
1480 978 1721 1035 membra
1755 974 2005 1044 subjuga-

417 1093 522 1137 ττι.
552 1081 670 1148 Quo
696 1078 896 1132 monita
938 1083 1248 1144 spernente,
1299 1072 1445 1142 luget
1498 1070 1589 1125 ille
1640 1081 1895 1123 corruens
1950 1064 2002 1118 in

420 1181 646 1237 terram,
677 1178 733 1223 et
763 1168 950 1222 faciem
983 1165 1234 1236 lacrymis
1274 1164 1488 1232 rigans.
1535 1158 1835 1215 Accurrunt
1876 1170 2004 1210 con-

425 1259 652 1317 solaturi
694 1259 895 1321 caeteri,
950 1256 1043 1311 sed
1070 1256 1160 1311 ille
1195 1263 1395 1324 perstat
1423 1253 1476 1308 in
1506 1251 1733 1306 ﬂetibus.
1772 1250 2006 1303 lntt-rro-

422 1364 553 1423 gant
579 1349 708 1421 quid
741 1349 961 1402 haberet
990 1346 1350 1413 repentinum,
1395 1343 1535 1398 unde
1566 1342 1729 1396 tantis
1758 1341 2003 1394 afﬁcere-

425 1452 513 1497 tur
559 1439 827 1494 lamentis.
874 1436 944 1490 At
991 1436 1081 1491 ille
1110 1435 1323 1489 tandem
1353 1432 1682 1496 exclamans,
1710 1428 2005 1485 consolanti

420 1547 483 1588 se
510 1531 810 1587 Cudbercto
844 1546 858 1582 :
895 1547 912 1579 ι
951 1527 1108 1594 Quid,
1138 1526 1331 1595 inquit,
1382 1523 1518 1588 haec,
1544 1521 1883 1577 sanctissime
1907 1534 2007 1574 an-

425 1625 578 1679 tistes
601 1633 654 1678 et
684 1622 962 1691 presbyter
984 1618 1308 1684 Cudbercte,
1333 1625 1388 1672 et
1406 1624 1607 1671 naturae
1630 1622 1685 1669 et
1709 1611 1892 1683 gradui
1916 1622 2009 1668 tuo

428 1715 696 1771 contraria
724 1714 904 1783 geris?
937 1713 1145 1767 Ludere
1167 1722 1217 1765 te
1237 1710 1377 1765 inter
1405 1708 1659 1780 parvulos
1692 1723 1797 1762 non
1827 1707 2004 1772 decet,

427 1821 591 1876 quem
624 1804 877 1858 Dominus
902 1803 1063 1857 etiam
1090 1800 1393 1869 majoribus,
1413 1809 1540 1853 natu
1562 1798 1872 1866 magistrum
1897 1797 2003 1851 viro
2033 1790 2081 1851 B

427 1897 555 1950 tutis
575 1895 929 1950 consecravit.
969 1913 987 1947 ι
1025 1894 1266 1948 Audiens
1296 1891 1412 1946 haec
1439 1891 1595 1945 bonae
1621 1888 1820 1945 indolis
1850 1902 2005 1957 puer,

435 1986 536 2041 fixa
568 1984 865 2041 intentione
912 1984 1168 2053 suscepit,
1217 1990 1575 2051 mrestumque
1621 1978 1877 2034 infantem
1909 1978 2011 2046 piis

426 2080 737 2133 demulcens
766 2076 1065 2141 blanditiis,
1102 2074 1287 2130 relicta
1334 2072 1589 2128 continuo
1617 2068 1832 2125 ludendi
1862 2066 2012 2122 vani-

429 2179 562 2236 tate,
589 2170 808 2224 domum
837 2167 1015 2231 rediit,
1049 2181 1113 2222 ac
1140 2166 1387 2221 stabilior
1411 2164 1521 2233 jam
1549 2177 1615 2217 ex
1638 2162 1730 2217 illo
1772 2172 2014 2230 tempore

428 2264 715 2331 animoque
737 2258 1132 2315 adolescentior
1158 2258 1393 2313 existere
1423 2256 1616 2323 erepit;
1642 2253 1732 2309 illo
1762 2253 2011 2308 nimirum

428 2350 631 2417 Spiritu
677 2350 900 2404 interius
939 2350 1056 2417 ejus
1099 2348 1393 2417 praecordia
1439 2347 1690 2408 docente,
1721 2346 1810 2414 qui
1840 2357 2016 2413 peros

432 2440 646 2494 infantis
697 2440 1034 2493 extrinsecus
1079 2438 1196 2507 ejus
1242 2438 1462 2491 auribus
1491 2436 1750 2489 insonuit.
1782 2434 1887 2487 Nec
1918 2433 2017 2486 mi-

434 2533 659 2586 randum
684 2533 928 2602 cuiquam
963 2532 1169 2601 parvuli
1203 2530 1475 2585 lasciviam
1507 2543 1601 2598 per
1621 2526 1896 2597 parvulum
1925 2541 2017 2593 po-

434 2625 601 2678 tuiSse
634 2625 859 2678 Domino
887 2634 1079 2692 agente
1104 2621 1365 2687 cohiberi,
1398 2620 1488 2690 qui
1519 2620 1586 2673 ad
1630 2617 2014 2689 prohibendam

438 2717 726 2786 Propheta:
754 2717 768 2747 ¹
801 2716 1160 2786 insipientiam
1193 2716 1244 2770 in
1277 2727 1370 2768 ore
1409 2712 1706 2783 subjugalis
1754 2710 1886 2764 muti
1940 2723 2017 2763 ra-

437 2810 715 2864 tionabilia
746 2809 930 2873 verba,
963 2823 1085 2863 cum
1140 2804 1328 2872 voluit,
1356 2804 1546 2869 edidit,
1593 2806 1646 2858 in
1676 2801 1828 2869 cujus
1860 2799 2018 2854 laude

436 2905 700 2958 veraciter
715 2902 912 2958 dictum
942 2913 1056 2956 est:
1081 2901 1215 2968 Quia
1243 2916 1307 2955 ea:
1332 2915 1419 2954 ore
1439 2899 1716 2968 infantium
1743 2908 1786 2951 et
1812 2895 2019 2949 lacten-

435 3000 560 3051 tium
588 2997 846 3068 ,rerfrcisti
876 2995 1103 3049 laudem.

436 3134 587 3191 CAP.
632 3134 693 3189 ll.
739 3132 1006 3200 Quomodo
1043 3148 1174 3206 genu
1228 3130 1432 3206 dolente
1458 3127 1673 3181 claudus
1694 3124 1904 3195 eﬁ'ectus
1928 3125 2015 3191 sit,
2048 3144 2094 3206 ρ

789 3214 839 3258 et
869 3202 1094 3273 angelo”
1122 3202 1409 3256 medicante
1425 3207 1660 3252 sanatus.

517 3318 713 3373 Verum
742 3316 864 3388 quia
894 3314 1038 3369 omni
1064 3311 1277 3369 habenti
1314 3311 1528 3365 dabitur
1554 3318 1611 3365 et
1634 3307 1945 3374 abundabit,
1970 3306 2020 3360 id

445 3421 554 3475 est,
606 3408 822 3464 habenti
881 3407 1212 3478 propositum
1244 3417 1589 3473 amoremque
1619 3400 1897 3463 virtutum,
1931 3399 2024 3453 ha-

443 3517 563 3553 rum
595 3498 747 3566 cOpia
782 3510 1018 3567 superno
1043 3508 1264 3550 munere
1284 3492 1593 3556 donabitur,
1617 3490 1867 3559 quoniam
1893 3501 2025 3558 puer

441 3593 653 3647 Domini
682 3591 1012 3646 Cudberctus
1041 3587 1061 3619 ⁸
1086 3602 1205 3657 qua:
1237 3601 1331 3655 per
1356 3584 1628 3638 hominem
1672 3579 1878 3648 accepit
1902 3580 2026 3632 hor-

446 3694 702 3752 tamenta,
724 3684 913 3737 sedulo
935 3681 1098 3736 corde
1128 3678 1413 3741 retinebat,
1447 3674 1609 3729 etiam
1640 3672 1880 3741 angelico
1904 3670 2023 3723 visu

443 3785 497 3829 et
528 3775 689 3829 aﬂ'atu
732 3771 1024 3827 confortari
1081 3770 1395 3839 promeruit.
1427 3766 1558 3821 Nam
1614 3764 1791 3820 subito
1837 3762 2025 3817 dolore

440 3883 584 3937 genu
616 3877 924 3933 correptum
954 3864 1093 3918 illius
1114 3862 1220 3916 acri
1240 3861 1405 3931 erepit
1429 3869 1638 3914 tumore
1660 3869 2024 3927 grossescere.

446 3960 516 4012 ita
547 3967 605 4011 ut
637 3958 815 4011 nervis
846 3956 897 4009 in
956 3954 1157 4025 poplite
1200 3951 1489 4008 contractis
1541 3949 1728 4019 pedem
1776 3947 1950 4017 primo
1994 3958 2024 3998 a

445 4060 591 4103 terra
624 4063 948 4117 suspensum
981 4046 1290 4100 claudicans
1335 4050 1593 4111 portaret,
1624 4041 1820 4096 dehinc
1849 4041 2026 4109 ingra.

447 4145 699 4193 vescente
725 4137 968 4192 molestia
1000 4136 1145 4191 omni
1179 4134 1476 4205 privaretur
1527 4132 1758 4187 incessu.
1789 4130 1890 4198 Qui
1938 4129 2026 4186 die

450 4233 677 4300 quadam
704 4231 1016 4300 deportatus
1062 4227 1206 4283 foras
1235 4242 1265 4280 a
1292 4225 1553 4281 ministris
1582 4233 1741 4294 atque
1770 4222 1872 4277 sub
1898 4220 2025 4277 divo

453 4323 796 4389 recumbens,
830 4322 959 4376 vidit
980 4330 1206 4389 repente
1234 4318 1537 4373 venientem
1580 4315 1649 4369 de
1689 4316 1844 4382 longe
1871 4312 2025 4382 equi-

455 4424 560 4467 tem
591 4413 727 4467 albis
756 4410 993 4465 induttnn
1018 4407 1349 4465 vestimentis
1373 4415 1427 4462 et
1459 4404 1825 4459 ltonorabilem
1851 4404 2024 4469 vultu,

449 4505 543 4560 sed
572 4513 627 4559 et
652 4519 846 4573 equum
894 4502 918 4535 ⁸
960 4502 1043 4558 cui
1092 4500 1313 4557 sedebat
1359 4495 1759 4564 incomparandi
1790 4494 2024 4549 decoris.

452 4597 554 4663 Qui
613 4611 733 4650 cum
782 4595 1074 4650 adveniens
1115 4601 1398 4648 mansueto
1428 4589 1576 4643 illum
1603 4588 1860 4642 salutaret
1891 4586 2027 4640 allo-

450 4688 599 4758 quio,
648 4687 853 4741 addidit
879 4686 1028 4757 quasi
1060 4699 1155 4754 per
1201 4683 1379 4752 jocum
1410 4678 1702 4749 inquirere,
1733 4677 1777 4731 si
1804 4675 2019 4745 aliquod

456 4777 549 4830 tali
578 4775 772 4846 hospiti
797 4777 1038 4845 praebere
1066 4774 1226 4829 vellet
1242 4770 1577 4841 obsequium.
1598 4769 1664 4823 At
1690 4767 1781 4823 ille
1807 4783 1820 4819 :
1847 4784 1865 4818 ι
1889 4766 2026 4829 Jam,

459 4870 652 4937 inquit,
684 4867 1083 4937 promptissime
1133 4878 1384 4933 cuperem
1435 4861 1540 4915 tuis
1584 4869 1764 4914 astare
1809 4857 2033 4911 devotus

452 4960 745 5031 obsequiis,
775 4960 818 5017 si
843 4957 1325 5028 non,exigentibus
1350 4952 1545 5022 culpis,
1571 4949 1729 5020 hujus
1761 4947 2032 5019 languoris

2100 524 2244 578 genu
2277 508 2528 561 tumentis
2574 519 2885 574 Oppressus,
2938 503 3078 557 nulla
3134 500 3417 569 cujuslibet
3445 499 3681 554 medico-

2109 615 2224 655 rum
2258 598 2521 655 industria
2556 613 2770 666 possum
2803 597 3001 649 sanari.
3036 612 3055 645 s
3094 594 3193 659 Qui
3249 592 3502 647 desiliens
3541 606 3684 661 equo

2106 707 2169 747 ac
2196 707 2338 763 genu
2369 691 2680 758 languidum
2702 688 3010 758 diligentius
3028 685 3374 740 considerans
3396 702 3408 736 :
3432 701 3450 735 r
3470 683 3682 751 Coque,

2106 785 2304 853 inquit,
2338 784 2602 837 triticeam
2632 781 2684 833 in
2720 781 2861 835 lacte
2886 778 3205 845 farinam,et
3228 776 3329 830 bac
3353 773 3687 831 confectione

2106 875 2276 931 calida
2328 884 2591 928 tumorem
2640 885 3003 940 superungue,
3051 880 3105 923 et
3133 869 3428 923 sanaberis.
3462 886 3481 921 ι
3516 868 3583 921 Et
3608 868 3688 923 bis

2108 968 2270 1024 dictis
2300 965 2598 1021 ascendens
2629 978 2822 1033 equum
2850 962 3000 1017 abiit.
3027 961 3118 1015 Ille
3137 963 3300 1029 jussis
3314 961 3689 1029 obtemperans

2102 1068 2235 1127 post
2287 1058 2402 1112 dies
2461 1072 2660 1122 paucos
2706 1066 2928 1108 sanatus
2959 1063 3064 1118 est,
3096 1053 3415 1121 agnovitque
3439 1054 3689 1123 angelum

2114 1147 2285 1203 fuisse
2310 1148 2397 1216 qui
2430 1149 2543 1199 huic
2572 1146 2672 1200 sibi
2704 1146 2904 1199 monita
2932 1143 3188 1208 dedisset,
3210 1143 3452 1198 mittente
3483 1144 3573 1198 illo
3603 1144 3691 1213 qui

2112 1238 2380 1306 quondam
2411 1235 2741 1306 Raphaelem
2773 1235 3152 1304 archangelum
3183 1234 3248 1288 ad
3291 1235 3555 1288 sanandos
3583 1234 3690 1289 To-

2114 1331 2217 1385 biae
2247 1334 2390 1384 visus
2408 1329 2679 1384 destinare
2707 1328 2960 1398 dignatus
2991 1336 3093 1381 est.
3122 1326 3272 1393 Quod
3302 1328 3347 1381 si
3371 1327 3455 1381 cui
3486 1327 3691 1382 videtur

2117 1423 2437 1478 incredibi‘e
2471 1423 2720 1491 angelum
2754 1422 2805 1475 in
2830 1436 2969 1488 equo
2997 1420 3333 1488 apparuisse,
3363 1418 3501 1487 legat
3524 1418 3693 1472 histo-

2113 1512 2247 1567 riam
2296 1512 2744 1576 Machahteorum,
2779 1512 2830 1564 in
2859 1526 2961 1580 qua
2998 1510 3170 1577 angeli
3224 1510 3275 1563 in
3316 1511 3491 1579 equis,
3534 1519 3587 1564 et
3626 1510 3694 1563 ad

2111 1603 2263 1660 Juda:
2295 1604 2584 1659 Machabaei
2613 1614 2666 1657 et
2695 1602 2759 1656 ad
2791 1602 2958 1673 ipsius
2987 1600 3170 1671 templi
3205 1601 3576 1657 defensionem
3599 1601 3695 1655 ad-

2110 1696 2329 1753 venisse
2358 1704 2747 1751 memorantur.

2110 1832 2261 1891 CAP.
2305 1831 2390 1887 Ill.
2436 1830 2706 1896 Quomodo
2758 1829 2919 1882 ventis
2985 1827 3216 1881 oratione
3272 1826 3510 1891 mutatis,
3555 1834 3694 1879 rates

2351 1904 2374 1935 ⁸
2399 1903 2603 1956 Oceano
2633 1901 2870 1969 delapsas
2898 1900 3148 1953 revocavit
3176 1898 3246 1950 ad
3276 1899 3441 1951 littus.

2186 2017 2269 2074 Ab
2297 2016 2402 2071 boc
2429 2024 2608 2070 autem
2638 2022 2882 2082 tempore
2897 2011 3120 2066 devotus
3146 2011 3369 2064 Domino
3391 2024 3544 2079 puer,
3565 2008 3701 2062 sicut

2121 2109 2238 2178 ipse
2271 2115 2454 2175 postea
2485 2102 2836 2159 familiaribus
2880 2102 2990 2155 suis
3034 2101 3273 2155 attestari
3304 2099 3524 2163 solebat,
3560 2112 3702 2165 srepe

2116 2199 2171 2254 in
2204 2195 2463 2266 angustiis
2492 2208 2551 2249 se
2576 2193 2896 2249 vallantibus
2919 2205 3080 2245 orans
3116 2189 3181 2245 ad
3213 2189 3515 2252 Dominum,
3539 2203 3697 2254 ange-

2117 2290 2219 2344 lica
2249 2288 2445 2342 meruit
2466 2284 2821 2355 opitulatione
2871 2282 3123 2347 defendi,
3152 2295 3369 2335 necnon
3399 2280 3559 2335 etiam
3602 2295 3700 2348 pro

2119 2382 2239 2436 aliis
2268 2380 2322 2435 in
2353 2378 2594 2448 periculo
2626 2377 2958 2443 constitutis,
2991 2376 3023 2407 ’⁶
3064 2374 3188 2445 quia
3235 2373 3458 2442 benigna
3500 2372 3703 2441 pietate

2118 2472 2464 2544 sitpplicabat
2492 2471 2885 2527 exaudiebatur
2912 2468 2980 2523 ab
3008 2467 3104 2522 illo
3125 2467 3211 2535 qui
3231 2466 3549 2522 clamantem
3584 2479 3703 2533 pauo

2120 2579 2301 2636 perem
2329 2563 2584 2619 exaudire
2609 2570 2665 2617 et
2706 2576 2773 2616 ex
2820 2558 3074 2615 omnibus
3125 2555 3559 2612 tribulationibus
3583 2554 3702 2624 ejus

2121 2653 2405 2709 consuevit
2454 2653 2687 2722 eripere.
2747 2651 2843 2707 Est
2884 2650 3115 2720 denique
3170 2648 3553 2703 monasterium
3600 2661 3705 2702 non

2120 2750 2280 2817 longe
2307 2747 2374 2801 ab
2404 2747 2545 2801 ostio
2592 2753 2619 2782 ι
2653 2742 2772 2798 Tini
2802 2741 3036 2797 ﬂuminis
3085 2739 3149 2794 ad
3190 2738 3469 2794 Meridiem
3508 2739 3701 2806 situm,

2123 2851 2249 2897 tunc
2276 2840 2491 2910 quidem
2521 2838 2783 2901 virorum,
2817 2850 2959 2890 nunc
2986 2842 3163 2888 autem
3212 2841 3416 2886 mutato
3461 2840 3522 2885 ut
3565 2835 3704 2886 solet

2124 2949 2221 3003 per
2266 2942 2504 3002 tempora
2529 2944 2708 2984 rerum
2742 2936 2905 2991 statu,
2937 2927 3199 2994 virginum
3226 2924 3436 2980 Christo
3466 2925 3707 2978 servien-

2125 3024 2254 3078 tium
2307 3023 2468 3077 nobili
2501 3020 2757 3075 examine
2786 3019 3013 3087 polleus.
3046 3016 3169 3084 Qui,
3214 3014 3481 3078 videlicet,
3528 3014 3710 3070 famuli

2125 3113 2322 3169 Christi
2354 3113 2482 3168 dum
2513 3112 2651 3181 ligna
2679 3107 2991 3165 monasterii
3017 3108 3198 3161 usibus
3223 3118 3367 3177 apta,
3390 3122 3482 3173 per
3507 3121 3711 3161 memo-

2129 3204 2230 3259 rati
2262 3206 2473 3257 alveum
2505 3201 2740 3255 ﬂuminis
2771 3201 2839 3254 de
2869 3199 3025 3268 longe
3048 3200 3253 3251 ratibus
3275 3198 3554 3263 veherent,
3575 3198 3710 3267 jam-

2126 3310 2229 3365 que
2252 3309 2281 3349 e
2306 3294 2526 3364 regione
2549 3290 2792 3361 ejusdem
2826 3290 3141 3343 monasterii
3178 3290 3422 3343 vehendo
3445 3288 3465 3318 ⁷
3493 3289 3712 3343 deveni-

2127 3397 2268 3452 rcnt,
2316 3399 2378 3439 ac
2430 3392 2573 3438 rates
2614 3381 2679 3435 ad
2712 3391 2904 3435 terram
2933 3379 3162 3434 educere
3210 3388 3554 3443 conarentur,
3584 3393 3713 3433 εθρε

2126 3478 2307 3532 subito
2365 3483 2555 3529 ventus
2608 3473 2674 3527 ab
2719 3485 2911 3526 occasu
2959 3471 2980 3502 ⁸
3025 3470 3374 3537 tempestivus
3426 3482 3714 3537 assurgens

2126 3566 2364 3635 abripuit
2392 3572 2555 3629 rates,
2588 3570 2747 3632 atque
2768 3561 2836 3615 ab
2858 3561 2997 3615 ostio
3021 3558 3255 3613 ﬂuminis
3286 3557 3499 3612 trahere
3531 3560 3712 3626 cmpit.

2127 3660 2277 3730 Quod
2311 3657 2551 3712 videntes
2577 3670 2608 3709 e
2639 3652 2968 3708 monasterio
3018 3650 3234 3717 fratres,
3267 3652 3288 3683 ’
3312 3649 3520 3705 emissis
3548 3650 3710 3704 ﬂuvio

2128 3752 2390 3808 naviculis
2415 3764 2509 3804 eos
2530 3747 2619 3818 qui
2650 3748 2703 3802 in
2733 3746 2940 3801 ratihus
2971 3744 3282 3798 laborabant
3303 3743 3554 3812 adjuvare
3577 3748 3712 3798 nite-

2128 3846 2345 3909 bantur,
2375 3844 2469 3897 sed
2501 3841 2552 3896 vi
2587 3840 2822 3895 ﬂuminis
2853 3852 2915 3892 ac
2944 3847 3224 3892 ventorum
3274 3836 3520 3891 violentia
3552 3852 3709 3904 supe-

2129 3938 2254 4001 rati,
2289 3948 2621 4005 nequaquam
2648 3932 2692 3963 “
2709 3931 2975 3985 valebant.
3010 3927 3161 3985 Unde
3185 3928 3316 3983 facta
3343 3928 3714 3996 desperatione

2131 4026 2349 4082 humani
2373 4024 2623 4095 adjutorii
2652 4022 2898 4092 fugerunt
2924 4020 2989 4073 ad
3027 4019 3283 4074 divinum.
3322 4019 3530 4087 Egressi
3565 4036 3713 4075 nam-

2128 4135 2234 4190 que
2260 4119 2330 4173 de
2357 4114 2708 4180 monasterio,
2728 4121 2782 4168 et
2811 4112 3108 4166 labentibus
3131 4112 3181 4164 in
3209 4110 3477 4165 Oceanum
3509 4113 3713 4166 ratibus

2129 4210 2336 4267 collecti
2368 4210 2420 4263 in
2445 4209 2489 4242 ¹¹
2515 4206 2755 4277 proxima
2787 4202 2945 4257 obice
2970 4201 3257 4257 ﬂectebant
3284 4215 3480 4271 genua,
3504 4202 3711 4271 suppli-

2129 4311 2312 4358 cantes
2340 4300 2562 4353 Domino
2582 4312 2675 4367 pro
2704 4295 2789 4349 his
2814 4307 2948 4363 quos
2978 4293 3029 4348 in
3064 4301 3266 4345 tantum
3299 4290 3487 4345 mortis
3517 4291 3713 4347 discri—

2132 4412 2253 4449 tnen
2280 4390 2611 4463 jamjamque
2650 4388 2857 4442 irrucre
2903 4384 3215 4439 cernebant.
3264 4382 3369 4437 Sed
3406 4383 3712 4452 provisione

2134 4488 2315 4540 divina
2336 4483 2580 4553 quamvis
2610 4480 2733 4549 diu,
2753 4477 3085 4548 precantium
3117 4486 3236 4529 vota
3270 4484 3395 4528 sunt
3422 4473 3607 4539 dilata,
3634 4482 3712 4537 ut,

2137 4576 2410 4641 videlicet,
2440 4581 2637 4642 quanta
2663 4577 2811 4625 esset
2838 4569 2891 4624 in
2921 4566 3223 4621 Cudbercto
3255 4566 3422 4620 virtus
3464 4564 3712 4632 precandi

2134 4673 2457 4737 patesceret.
2485 4662 2675 4718 Stabat
2697 4660 2839 4715 enim
2865 4659 2915 4713 in
2942 4659 3106 4711 altera
3133 4656 3308 4709 amnis
3334 4653 3445 4722 ripa
3478 4654 3715 4724 vulgaris

2134 4761 2285 4814 turba
2312 4772 2417 4811 non
2470 4756 2701 4821 modica,
2735 4754 2787 4807 in
2817 4765 2922 4819 qua
2952 4750 3127 4804 stabat
3154 4757 3206 4803 et
3251 4749 3385 4817 ipse.
3433 4747 3562 4815 Qua:
3590 4762 3710 4801 cum

2136 4850 2537 4918 aspcctantihns
2580 4860 2698 4899 cum
2750 4844 2962 4900 tristitia
3010 4839 3287 4897 monachis
3330 4850 3506 4909 raptas
3553 4854 3715 4908 porro

2138 4962 2237 5016 per
2264 4958 2409 4997 mare
2432 4948 2678 4996 cerneret
2701 4948 2866 5002 rates,
2899 4936 3034 4991 adeo
3064 4944 3119 4989 ut
3144 4933 3295 5006 quasi
3327 4932 3559 5004 quinque
3582 4946 3715 4988 aves

1407 5062 1881 5124 VULGATORUM
1926 5061 2316 5119 VARIANTES
2356 5057 2640 5114 LECTIUN
2650 5056 2750 5112 ES.

526 5172 541 5203 '
576 5169 599 5225 1
608 5168 927 5241 nsipientiant
967 5182 1072 5220 ore.

527 5243 547 5273 ³
582 5238 868 5296 Medicante
884 5238 993 5291 sine
1020 5252 1160 5290 mora
1186 5241 1418 5290 sanatus.

526 5312 547 5343 ³
582 5313 681 5379 Qui
707 5328 796 5379 per
821 5310 1096 5361 hominem.

527 5381 548 5413 ⁸
578 5383 673 5438 Cui
694 5379 963 5433 insidebat.

526 5452 548 5485 ³
582 5454 656 5507 De
680 5451 884 5505 Oceano
906 5456 956 5500 in
984 5446 1259 5501 Oceanum.

528 5525 551 5556 ⁸
586 5524 697 5592 Qua
722 5522 956 5591 benigna.

2202 5156 2221 5187 ⁷
2266 5154 2584 5207 Advenirent.

2203 5227 2225 5259 ⁸
2266 5224 2289 5279 Ι
2299 5224 2669 5293 ηιιήιρεδιὶυιη.

2202 5299 2223 5329 9
2268 5292 2479 5347 Emissis
2502 5295 2551 5345 in
2576 5292 2808 5365 ﬂuvium.

2207 5369 2252 5400 ¹⁰
2299 5365 2563 5419 Velabant.

2208 5436 2249 5471 ἰ
2294 5435 2541 5489 Proxfma
2577 5432 2739 5485 abice.

1799 5592 2153 5655 VARIORUM
2194 5588 2416 5647 NOTAE.

531 5717 555 5745 ⁸
594 5707 733 5762 Tini.
781 5708 877 5761 llic
929 5696 1503 5769 intelligendus'l‘inus
1529 5693 1800 5769 hodiernte
1830 5692 2027 5748 SCOlitB

454 5783 511 5837 in
554 5781 822 5849 provincia
854 5767 1140 5832 Lati-lonia:
1188 5768 1381 5835 amnis,
1412 5767 1476 5821 ad
1506 5780 1664 5836 quem
1709 5767 1869 5822 situm
1912 5774 2033 5821 erat

2134 5686 2347 5742 celebre
2377 5679 2755 5735 monasterium
2788 5674 3066 5742 Tinialtam
3093 5685 3105 5720 :
3136 5684 3239 5724 non
3271 5680 3398 5725 vero
3423 5667 3554 5726 Tina
3609 5669 3715 5725 ho-

2135 5741 2335 5815 dierna:
2360 5750 2753 5809 Northumbria:
2784 5749 2996 5803 ﬂuvius.
3028 5741 3220 5796 Stlll'll.
