4220 6456
635 310 738 370 759

1371 310 1570 365 BEDE
1615 306 2061 364 \‘ENERABILIS
2097 305 2245 361 OPP.
2289 303 2463 361 PARS
2504 303 2589 360 IV.
2631 334 2699 346 -—
2739 304 3117 362 lllSTORlCA.

3801 301 3904 354 750

636 427 894 496 parvulae,
930 427 945 457 ¹
969 426 1200 495 quinque
1228 426 1366 479 enim
1392 437 1533 480 rates
1585 426 1739 479 undis
1784 424 2079 477 insidentes
2111 437 2205 491 ap-
2238 424 2285 481 Α
2315 436 2535 490 rumque
2581 422 2816 477 referens
2850 425 3109 488 actiones,
3145 422 3237 474 sed
3276 430 3333 474 et
3360 420 3545 474 socios
3574 418 3639 472 ad
3672 419 3896 472 laudan-

638 527 906 587 parerent,
934 518 1091 584 coepit
1111 517 1333 571 irridere
1358 518 1516 570 vitam
1549 516 1972 571 conversationis
2000 530 2206 581 eorum,

636 612 785 678 quasi
821 610 1012 662 merito
1042 608 1165 661 talia
1201 620 1535 675 paterentur,
1561 609 1649 675 qui
1678 609 1981 661 communia
2014 618 2210 660 morta-

638 700 764 751 lium
792 699 908 768 jura
942 709 1276 766 spernentes,
1321 715 1457 754 nova
1485 710 1539 754 et
1572 701 1751 769 ignota
1795 699 1985 752 darent
2013 709 2209 752 Statuta

639 792 868 845 vivendi.
898 792 1177 845 Prohihuit
1203 792 1542 846 Cudberctus
1573 793 1763 859 probra
1797 792 2155 846 deridentium
2192 809 2205 843 :

588 881 595 887 ’
641 880 821 948 «ρυῙά
871 883 1047 951 agitis,
1108 884 1380 953 inquiens,
1434 882 1645 947 fratres,
1694 882 2077 937 maledicentes
2126 883 2209 936 his

632 986 765 1037 quos
793 973 844 1025 in
876 972 1204 1042 lethnmjam
1242 973 1376 1026 trahi
1403 972 1631 1027 videtis?
1661 987 1835 1025 nonne
1858 972 2046 1025 melius
2068 982 2212 1026 esset

630 1071 685 1116 et
714 1062 993 1117 humanius
1046 1064 1326 1117 Dominum
1378 1079 1471 1129 pro
1523 1078 1709 1117 eorum
1755 1063 1922 1117 salute
1952 1065 1970 1093 '
2004 1066 2209 1131 precari

630 1168 789 1220 quam
822 1155 889 1208 de
911 1156 1126 1208 illorum
1159 1157 1394 1225 gaudere
1421 1156 1708 1223 periculis?
1747 1175 1765 1208 ι
1796 1157 1864 1211 At
1889 1156 1960 1210 illi
1987 1156 2208 1221 rustico,

631 1253 683 1296 et
715 1246 895 1299 animo
924 1257 977 1299 et
998 1262 1093 1300 ore
1123 1248 1521 1301 stomachantes
1553 1247 1811 1301 adversus
1839 1262 1995 1300 eum:
2028 1263 2048 1297 ι
2082 1246 2210 1298 Nul-

636 1335 741 1402 Ius,
764 1336 1027 1404 inquiunt,
1051 1336 1327 1389 hominum
1364 1353 1458 1404 pro
1489 1338 1567 1391 eis
1598 1345 1768 1405 roget,
1797 1337 1995 1391 nullius
2022 1352 2207 1391 eurum

628 1426 944 1479 misereatur
980 1428 1138 1491 Deus,
1168 1438 1221 1481 et
1250 1430 1337 1497 qui
1364 1438 1575 1483 veteres
1619 1430 1856 1482 culturas
1900 1429 2211 1483 hominibus

630 1515 821 1581 tulere,
876 1526 969 1569 et!
1001 1533 1147 1571 novae
1177 1520 1404 1587 qualiter
1446 1518 1723 1573 observari
1774 1520 2002 1573 debeant
2055 1536 2211 1573 nemo

630 1609 796 1661 novit.
837 1625 856 1658 ι
883 1608 998 1674 Quo
1020 1620 1241 1677 accepto
1263 1624 1547 1677 responso,
1588 1609 1701 1675 ipse
1729 1620 1981 1663 oraturus
2032 1610 2211 1663 Domi-

632 1712 757 1749 num
784 1712 953 1765 genua
981 1698 1148 1761 ﬂexit,
1173 1709 1331 1765 caput
1354 1701 1404 1752 in
1438 1712 1637 1753 terram
1671 1702 1980 1766 declinavit,
2004 1704 2213 1755 statim-

629 1801 733 1852 quc
764 1797 961 1840 retorta
987 1789 1065 1841 vis
1088 1800 1389 1851 ventorum,
1417 1801 1556 1844 rates
1583 1808 1702 1844 cum
1734 1792 1816 1845 his
1836 1792 1920 1859 qui
1946 1793 2211 1847 ducebant

630 1880 987 1947 gaudentibus
1021 1880 1254 1952 integras
1276 1881 1339 1933 ad
1361 1891 1556 1936 terram
1580 1883 1761 1950 ejecit,
1796 1884 2015 1950 etjuxta
2038 1886 2208 1952 ipsmn

630 1971 1013 2025 monasterium
1060 1974 1111 2025 in
1168 1974 1283 2025 loco
1311 1985 1612 2041 Opportune
1642 1974 1912 2040 deposuit.
1958 1974 2209 2031 Videntes

626 2072 803 2116 autem
854 2062 1035 2116 rustici
1086 2063 1418 2118 erubuerunt
1465 2066 1532 2119 de
1562 2080 1655 2118 sua
1690 2066 2020 2129 infidelitate,
2054 2068 2208 2120 fidem

629 2171 759 2207 vero
787 2156 1109 2209 venerabilis
1140 2154 1426 2210 Cudbercti
1446 2164 1467 2195 ι
1497 2166 1551 2210 et
1582 2167 1707 2209 tunc
1732 2157 1884 2211 laude
1901 2158 2054 2226 digna
2077 2174 2209 2225 pne-

626 2246 897 2305 dicabant,
926 2254 981 2299 et
1030 2245 1285 2316 deinceps
1335 2247 1627 2315 prmdicare
1678 2248 1975 2301 nullatenus
2028 2264 2208 2301 cessa-

633 2336 784 2390 bant.
818 2337 966 2391 Adeo
990 2348 1046 2390 ut
1071 2337 1230 2391 frater
1262 2338 1479 2406 quidam
1511 2339 1677 2390 nostri
1734 2339 2041 2392 monasterii
2090 2352 2209 2405 pro-

632 2428 959 2491 hatissimus,
995 2429 1147 2496 cujus
1174 2429 1287 2497 ipse
1318 2428 1433 2483 haec
1456 2428 1713 2482 relatione
1739 2428 1925 2492 didici,
1950 2444 2071 2483 sese
2096 2430 2209 2482 lucc

629 2520 699 2573 ah
731 2537 835 2573 uno
866 2521 1101 2589 ipsorum
1134 2519 1349 2573 rusticae
1380 2520 1740 2587 simplicitatis
1783 2520 1923 2581 viro,
1953 2529 2007 2572 et
2046 2521 2209 2573 simn-

628 2611 771 2663 landi
803 2624 1021 2679 prorsus
1055 2611 1238 2677 ignaro
1267 2624 1446 2663 coram
1506 2610 1689 2663 multis
1736 2623 1882 2677 saepe
1908 2611 2207 2664 assistenti-

632 2704 733 2757 bus
763 2706 977 2757 audisse
1011 2703 1324 2755 narraverit.

620 2813 774 2867 CAP.
810 2813 894 2865 IV.
961 2811 1228 2875 Quomodo
1268 2827 1381 2863 cum
1420 2812 1706 2879 pastoribus
1748 2814 1939 2880 positus
1982 2814 2206 2865 animam

694 2886 852 2936 smcti
894 2884 922 2963 ’_
948 2884 1134 2935 Aidani
1180 2882 1399 2949 episwpi
1429 2881 1494 2931 ad
1535 2883 1715 2934 cwlum
1761 2884 1879 2950 ferri
1915 2884 1977 2935 ab
2016 2886 2207 2951 attgrlit

692 2972 795 3021 asp.
815 2964 962 3005 xerit.

694 3066 760 3119 At
810 3066 895 3119 ubi
945 3065 1285 3133 gubernatrix
1340 3066 1459 3119 vitzc
1508 3066 1741 3120 fidelium
1792 3067 1958 3135 gratia
2005 3066 2200 3119 Christi

624 3156 790 3210 voluit
816 3156 1068 3210 famulum
1099 3171 1250 3210 suum
1279 3156 1520 3210 arctioris
1549 3155 1798 3225 prepositi
1829 3156 2008 3210 subire
2040 3158 2202 3209 virtu-

622 3262 751 3313 tem,
779 3248 988 3302 altioris
1020 3249 1219 3317 przemii
1248 3247 1467 3317 gloriam
1492 3248 1805 3315 promereri,
1828 3248 2049 3317 contigit
2079 3264 2198 3302 cum

620 3340 639 3369 ⁶
664 3341 881 3393 remotis
912 3341 933 3366 ³
970 3339 1019 3391 in
1068 3336 1335 3391 montibus
1380 3340 1786 3391 commissorum
1817 3338 1917 3392 sibi
1952 3354 2199 3406 pecorum

618 3447 776 3502 agere
806 3431 1121 3484 custodiam.
1168 3428 1266 3496 Qui
1298 3430 1421 3482 dum
1454 3440 1611 3482 nocte
1637 3430 1889 3498 quadam,
1923 3429 2199 3483 dormien-

619 3526 760 3575 tibus
790 3522 974 3587 soeiis,
1011 3522 1124 3587 ipse
1152 3521 1297 3589 juxta
1344 3535 1543 3574 morem
1591 3522 1810 3589 pervigil
1863 3522 1913 3575 in
1957 3520 2199 3575 oratione

619 3614 850 3677 duraret,
884 3613 1015 3666 vidit
1054 3613 1228 3665 subito
1275 3612 1448 3665 fusum
1492 3612 1559 3665 de
1598 3613 1734 3665 coelo
1776 3613 1952 3666 lumen
1994 3613 2197 3667 medias

617 3704 787 3773 longae
820 3704 990 3756 noctis
1023 3703 1371 3769 interrupisse
1404 3702 1667 3756 tenebras.
1694 3702 1747 3755 In
1771 3720 1876 3771 quo
1900 3705 2194 3758 caelestium

620 3796 813 3849 choros
838 3795 1103 3863 agminum
1137 3803 1333 3846 terram
1366 3793 1580 3859 petisse,
1616 3807 1713 3846 nec
1745 3810 1917 3858 mora,
1943 3796 1961 3824 ⁷
1988 3806 2196 3863 sumpta

619 3901 799 3939 secum
819 3886 996 3937 anima
1024 3882 1547 3947 charitatisexiiniae,
1576 3885 1847 3938 cmlcsteut
1878 3886 2101 3940 rediisse
2130 3887 2195 3939 ad

619 3979 864 4046 patriam.
899 3976 1260 4044 Compuuctus
1300 3986 1381 4029 est
1425 3976 1650 4029 multum
1679 3978 1777 4029 hoc
1806 3976 1922 4031 visu
1957 3977 2066 4031 Deo
2112 3978 2196 4031 di-

618 4072 786 4124 lectus
832 4068 1170 4132 adolescens,
1204 4066 1271 4120 ad
1319 4066 1652 4121 subeundam
1703 4067 1928 4136 gratiam
1958 4069 2196 4124 exercitii

615 4160 889 4230 spiritalis,
916 4175 975 4213 ac
1002 4157 1370 4228 promerendae
1402 4158 1541 4213 inter
1568 4160 1877 4228 magnificos
1907 4161 2053 4215 viros
2077 4162 2199 4215 vitae

617 4254 998 4321 felicitatisque
1031 4249 1280 4331 perennis
1311 4248 1591 4305 confestim
1622 4250 1727 4303 Deo
1757 4250 1961 4316 Iaudes,
1996 4254 2196 4320 gratia—

2312 513 2436 565 dum
2497 513 2776 565 Dominum
2823 514 3053 566 fraterna
3116 512 3493 565 exhortatione
3555 523 3899 577 provocans:

2317 621 2337 654 ι
2378 603 2510 667 lleu,
2546 604 2744 665 miseri,
2779 605 2968 671 inquit,
3000 603 3088 669 qui
3133 617 3319 655 somno
3348 612 3403 655 et
3443 601 3653 653 inertiae
3702 599 3899 666 dediti,

2314 706 2416 744 non
2445 707 2713 745 meremur
2740 708 2951 759 semper
2977 691 3304 759 vigilantium
3340 692 3716 744 ministrorum
3747 690 3907 743 Chri-

2313 782 2380 835 5ti
2425 798 2649 836 cernere
2680 784 2875 836 lucem.
2908 783 2986 836 En
3020 784 3131 851 ipse
3159 798 3280 837 cum
3309 783 3521 836 modico
3548 782 3725 836 noctis
3757 790 3902 835 temo

2312 885 2440 940 pore
2484 872 2704 940 pervigil
2749 886 2957 926 orarem
3008 880 3149 924 tanta
3184 873 3273 925 Dei
3306 872 3568 941 magnalia
3614 872 3899 940 conSpesi.

2312 967 2510 1032 Aperta
2550 973 2633 1018 est
2669 964 2828 1033 jauua
2876 965 3019 1028 caeli,
3051 965 3153 1018 et'
3185 965 3431 1019 inductus
3475 964 3599 1019 illuc
3650 966 3902 1033 angelico

2311 1052 2566 1105 comitatu
2612 1053 2834 1119 spiritus
2872 1052 3145 1120 cujusdam
3186 1054 3388 1117 sancti,
3428 1054 3517 1121 qui
3560 1068 3703 1106 nunc
3742 1053 3901 1106 nobis

2314 1143 2365 1195 in
2411 1142 2590 1195 infima
2628 1143 2859 1211 caligine
2896 1144 3251 1207 versantibus,
3295 1158 3544 1209 superna:
3592 1145 3898 1197 mansionis

2313 1234 2531 1296 gloriam
2574 1248 2639 1286 ac
2683 1248 2862 1302 regem
2914 1234 3059 1287 illius
3090 1235 3356 1287 Christum
3406 1243 3662 1302 perpetuo
3709 1236 3903 1288 beatus

2316 1326 2572 1378 intuetur.
2616 1327 2682 1379 Et
2723 1327 2935 1395 quidem
2966 1325 3109 1379 hunc
3150 1326 3228 1378 vel
3258 1326 3570 1393 episcopum
3602 1324 3903 1392 quemlth

2313 1427 2586 1481 sanctum,
2630 1416 2713 1470 vel
2756 1416 3009 1470 eximium
3049 1416 3116 1469 de
3158 1416 3389 1469 fidelium
3439 1431 3663 1470 numero
3720 1417 3898 1469 virum

2316 1508 2477 1561 fuisse
2505 1510 2773 1575 cxisnmo,
2807 1523 2963 1577 quem
2994 1519 3150 1561 tanta:
3181 1506 3466 1575 Splendore
3502 1508 3658 1570 lucis,
3688 1518 3767 1562 tot
3800 1510 3900 1560 dn-

2314 1601 2545 1655 centium
2577 1601 2757 1655 choris
2787 1602 3095 1669 angelorum
3125 1601 3272 1654 cmlis
3298 1602 3515 1653 allatum
3546 1601 3676 1655 vidi.
3713 1618 3734 1652 ι
3775 1601 3899 1655 Hac

2315 1693 2499 1747 dicens
2532 1695 2611 1746 vir
2638 1693 2845 1746 Domini
2876 1692 3222 1758 Cuthbertus,
3258 1708 3360 1743 non
3392 1708 3575 1758 parum
3605 1707 3637 1745 c
3675 1694 3770 1743 rda
3803 1708 3899 1758 pa-

2244 1772 2285 1831 B
2313 1793 2517 1837 stururn
2549 1782 2614 1835 ad
2649 1783 3007 1837 reverentiam
3037 1782 3235 1835 divina:
3283 1782 3601 1835 laudationis
3629 1783 3894 1836 accendit.

2316 1877 2652 1945 Aguovitque
2704 1890 2860 1928 mane
2911 1874 3047 1928 facto
3096 1872 3389 1927 antistitem
3440 1871 3896 1927 Lindisfarnensis

2315 1967 2567 2021 Ecclesia:
2597 1965 2881 2029 Aidanum,
2904 1979 3105 2033 magna:
3133 1963 3315 2033 utique
3339 1964 3552 2018 virtutis
3571 1964 3766 2025 virum,
3800 1979 3893 2029 per

2314 2058 2363 2111 id
2398 2068 2652 2126 temporis
2684 2073 2789 2126 quo
2817 2056 3020 2109 viderat
3065 2064 3271 2122 raptum
3302 2055 3368 2109 de
3398 2068 3623 2121 corpore
3650 2056 3892 2108 caelestia

2312 2164 2473 2217 regna
2506 2154 2729 2218 petisse,
2754 2164 2816 2203 ac
2846 2147 2873 2185 ι’
2904 2149 3081 2201 statim
3128 2154 3512 2202 commendans
3555 2148 3665 2202 suis
3699 2163 3892 2216 pecora

2310 2256 2428 2309 quae
2453 2242 2701 2307 pascebat
2732 2241 2983 2306 dominis,
3017 2239 3397 2294 monasterium
3420 2252 3601 2308 petere
3629 2241 3893 2294 dCCI'CHl.

2310 2353 2460 2408 CAP.
2492 2353 2551 2405 ν.
2580 2354 2842 2418 Quomodo
2866 2356 2957 2406 iter
2980 2354 3168 2421 faciens
3190 2353 3327 2406 cibos
3352 2352 3566 2405 Domino
3588 2367 3892 2421 procurante

2964 2425 3205 2493 percepit.

2378 2519 2616 2586 (Eumque
2682 2535 2878 2572 novum
2946 2531 3065 2571 vitae
3128 2518 3532 2574 continentioris
3595 2521 3893 2589 ingressum

2308 2610 2494 2663 sedulo
2520 2611 2623 2676 iam
2664 2610 2826 2665 corde
2867 2611 3226 2675 meditaretur,
3266 2609 3433 2663 adfuit
3460 2613 3627 2680 gratia
3654 2626 3888 2679 superna

2308 2717 2427 2769 qua:
2457 2704 2696 2754 animum
2729 2701 2842 2769 ejus
2870 2704 2892 2735 ⁸
2922 2703 3119 2755 arctius
3151 2717 3247 2755 suo
3275 2703 3326 2755 in
3356 2706 3627 2769 preposito
3656 2710 3892 2758 tirmnret

2308 2808 2370 2845 ac
2416 2794 2719 2846 manifestis
2768 2793 3019 2846 edoceret
3071 2792 3314 2855 indiciis,
3360 2794 3480 2863 quia
3532 2797 3892 2862 quaer-utilius

2308 2901 2527 2953 regnum
2562 2884 2651 2939 Dei
2693 2896 2741 2939 et
2784 2885 3042 2954 justitiam
3084 2884 3220 2953 ejus,
3253 2894 3308 2939 et
3344 2899 3402 2939 ea
3435 2901 3553 2953 qua:
3593 2886 3657 2937 ad
3689 2890 3891 2939 victum

2306 2978 2548 3043 corporis
2609 2980 2874 3047 pertinent
2938 2978 3197 3032 beneﬁcio
3261 2978 3454 3031 divinae
3522 2978 3891 3046 promissionis

2309 3070 2655 3138 adjiciuntur.
2712 3069 2947 3136 Quadam
3001 3084 3230 3137 namque
3280 3068 3367 3123 die
3415 3070 3539 3122 dum
3590 3070 3689 3123 iter
3745 3072 3889 3125 sidus

2253 3158 2273 3181 ⁴
2306 3172 2509 3231 ageret,
2551 3161 2770 3214 divertit
2813 3158 2945 3213 hora
2990 3160 3145 3213 tertia
3192 3160 3241 3211 in
3276 3159 3453 3211 villam
3486 3175 3641 3228 quam
3680 3162 3890 3214 etttittus

2308 3254 2535 3323 positam
2569 3252 2705 3305 forte
2735 3251 2951 3319 reperit.
2988 3249 3311 3318 lntravitque
3339 3251 3555 3305 domum
3601 3254 3885 3318 cujusdam

2306 3342 2567 3411 religiose
2600 3341 2782 3395 matris
2810 3341 3061 3405 familias,
3096 3341 3359 3409 paululum
3392 3342 3581 3395 ibidem
3612 3344 3779 3410 quiest
3798 3358 3891 3395 ere

2306 3432 2641 3501 desiderans,
2684 3441 2737 3484 et
2774 3430 3019 3499 jumento
3060 3432 3235 3497 potius
3260 3431 3342 3483 cui
3378 3432 3419 3462 ¹⁰
3450 3430 3686 3496 Sedebat,
3729 3447 3888 3499 quam

2303 3525 2401 3579 sibi
2441 3524 2751 3578 alimentum
2796 3538 3016 3591 poscere
3060 3538 3283 3585 curans;
3335 3534 3449 3577 erat
3497 3525 3636 3577 enim
3678 3535 3888 3593 tempus

2305 3616 2608 3684 incipientis
2656 3616 2879 3670 brumm.
2922 3614 3173 3683 Suscepit
3204 3630 3331 3683 ergo
3359 3629 3478 3668 eum
3512 3614 3701 3668 mulier
3734 3616 3883 3669 beni-

2302 3724 2426 3777 gne,
2460 3708 2767 3776 rogavitque
2812 3706 3043 3759 sollicite
3084 3716 3138 3757 ut
3180 3705 3459 3773 prandium
3502 3720 3684 3773 parare
3725 3718 3888 3772 atque

2303 3799 2454 3853 illum
2502 3800 2725 3853 reficere
2777 3797 2978 3851 liceret.
3027 3796 3245 3864 Negavit
3293 3797 3370 3847 vir
3405 3796 3651 3848 Domini:
3711 3814 3729 3845 ‹
3768 3794 3885 3847 Non

2305 3902 2544 3955 possum,
2578 3886 2845 3954 inquiens,
2880 3884 3054 3939 adlmc
3090 3885 3432 3949 manducare,
3456 3884 3574 3953 quia
3603 3884 3715 3936 dies
3743 3884 3884 3952 jequ

2308 3979 2379 4032 nii
2408 3988 2511 4041 est,
2545 3997 2561 4029 ι
2598 3991 2707 4031 erat
2744 3990 2970 4044 namque
3003 3985 3157 4030 sexta
3187 3973 3404 4029 Sabbati
3430 3989 3532 4043 qua
3561 3973 3794 4041 plerique
3824 3977 3887 4024 li-

2306 4072 2503 4125 delium
2549 4070 2619 4123 ob
2667 4069 3018 4124 reverentiam
3070 4066 3357 4121 Dominicre
3407 4065 3667 4134 passionis
3715 4080 3882 4133 usque

2306 4166 2371 4217 ad
2442 4178 2641 4217 nonam
2713 4173 2734 4199 ε
2791 4163 2974 4215 horam
3040 4161 3215 4214 solent
3285 4159 3547 4229 protelare
3599 4158 3879 4227 jejunium.

2316 4255 2554 4311 l’erstitit
2602 4256 2656 4309 in
2704 4253 2940 4323 rogando
2991 4254 3219 4319 mulier,
3282 4251 3651 4322 h05pitalitatis
3700 4251 3879 4305 studio

1541 4335 2007 4393 \‘ULGATUllUM
2060 4340 2449 4401 VARIANTES
2490 4342 2775 4399 LECTION
2787 4344 2889 4397 ES.

690 4441 704 4468 ¹
753 4432 982 4498 Quin'jue
1014 4431 1144 4481 enim
1166 4440 1298 4482 rates
1325 4429 1616 4482 insidentes.

687 4505 709 4535 ⁸
750 4503 1042 4571 Deprecari.

687 4574 709 4605 ⁸
752 4569 922 4627 Novus
952 4569 1170 4639 qualiter
1200 4569 1481 4623 observare.

689 4644 711 4674 ⁸
752 4644 952 4697 Eamne
980 4642 1151 4693 laude.

688 4716 710 4747 '
746 4715 933 4767 Aidani
957 4710 1419 4780 Lindisfarnensis.

2228 4441 2276 4499 D

2372 4435 2392 4465 ⁸
2434 4436 2657 4490 Remotis
2680 4436 2950 4487 montibus.

2370 4506 2391 4573 ἶ
2433 4504 2601 4573 Rapta
2623 4523 2807 4559 secum.

2372 4569 2393 4595 ⁸
2432 4569 2684 4629 Inductus
2719 4577 2848 4628 illic.

2375 4647 2395 4678 ⁹
2435 4648 2635 4699 Arctius
2660 4647 2712 4697 in
2735 4645 3020 4715 praposito.

2376 4718 2417 4747 ¹⁰
2460 4715 2740 4770 Insidebat.

1965 4802 2323 4865 VARIORUM
2362 4808 2591 4863 ΝΟΤΕ.

694 4911 722 4941 ι
756 4899 822 4956 In
861 4900 1134 4953 montibus.
1183 4898 1385 4967 Nempe
1426 4897 1575 4967 juxta
1624 4896 1841 4951 ﬂuvium
1880 4895 2069 4962 Leder,
2122 4900 2196 4953 uti

616 4973 805 5030 scribit
848 4970 982 5025 Sim.
1015 4969 1176 5025 Dun..
1230 4983 1281 5033 p.
1314 4968 1369 5019 2.
1415 4968 1513 5032 Qui
1557 4966 1751 5021 Scotitc
1794 4967 1983 5021 ﬂuvius
2027 4970 2187 5024 hodie

619 5045 823 5099 Lnudrr
849 5042 1049 5095 dicitur
1076 5040 1125 5091 in
1167 5037 1318 5091 Tvidi
1350 5052 1557 5090 amnem
1586 5038 1775 5091 fluens.
1810 5037 1938 5092 llinc
1962 5040 2196 5107 intellige

618 5116 974 5170 Cudberctum
1028 5110 1079 5163 in
1123 5109 1371 5163 orientali
1422 5107 1691 5161 hodiernae
1736 5108 1931 5164 Scotize
1978 5110 2195 5178 regione

618 5198 795 5241 natum
826 5196 963 5237 esse.
988 5180 1181 5234 Sll'l'll.

686 5255 713 5293 ι)
757 5254 969 5309 Statim.
1000 5254 1100 5305 An.
1143 5264 1220 5303 sc.
1252 5247 1373 5311 651,
1399 5262 1505 5316 quo
1539 5246 1713 5301 Aidan
1740 5249 2019 5317 episcopus
2041 5249 2192 5314 obiit,

617 5340 693 5390 ιιι,
720 5326 807 5392 M,
848 5323 1227 5377 monasterium
1278 5319 1445 5388 petiit.
1499 5318 1749 5392 Seduquo
1794 5336 1933 5372 anno
1974 5331 2188 5392 sanctus

615 5388 945 5451 lludbe'rctus
978 5404 1131 5446 natus
1157 5392 1247 5455 sit,
1280 5391 1500 5444 inventu
1528 5388 1794 5443 difficilius
1823 5401 1934 5453 est;
1964 5392 2058 5443 sed
2084 5389 2191 5444 for-

614 5482 708 5519 san
737 5469 873 5519 circa
900 5474 1127 5532 tempus,
1158 5477 1261 5529 quo
1282 5459 1456 5532 Aidan
1488 5461 1551 5532 ad
1578 5459 1773 5532 Anglos
1794 5461 2072 5529 episcopus
2093 5476 2187 5514 or-

615 5537 876 5589 dinandus
902 5530 1065 5598 venit,
1095 5534 1234 5586 circa
1259 5548 1346 5585 au.
1370 5530 1616 5583 videlicet
1644 5531 1768 5591 655,
1798 5546 1877 5597 ιιι,
1906 5533 1955 5584 5.
1988 5535 2180 5584 διιιτιι.

620 5606 803 5657 «Anno
828 5606 1107 5657 dominica:
1131 5604 1238 5656 Inc.
1269 5601 1393 5666 651,
1421 5602 1591 5667 inquit
1621 5602 1862 5662 Simeon.
1897 5603 1979 5655 vel
2011 5604 2183 5665 potius

614 5675 922 5741 'l'urgottus,
968 5673 1019 5725 in
1048 5674 1141 5727 lib.
1184 5688 1199 5725 ι
1232 5672 1363 5726 Hist.
1396 5672 1665 5737 Dunelm.,
1691 5688 1807 5740 cap.
1837 5670 1891 5737 3,
1919 5686 2024 5740 quo
2052 5687 2180 5738 pon-

627 5745 749 5796 tifex
791 5744 1021 5797 Aidanus
1061 5744 1125 5798 ad
1161 5744 1396 5798 cwlestia
1437 5742 1665 5810 transiit,
1693 5743 1903 5815 juvenis
1943 5742 2029 5797 ille
2058 5756 2181 5795 san-

2301 4902 2605 4966 ctissimns,
2652 4899 2865 4954 Christo
2910 4898 3008 4953 soli
3054 4898 3441 4963 famulaturus,
3492 4900 3869 4955 monasterium

2301 4973 2645 5026 Mailroseuse
2676 4969 2912 5031 intravit,
2944 4980 3226 5037 susceptus
3255 4985 3285 5023 a
3319 4969 3746 5024 reverentissimo
3773 4973 3870 5022 ah-

2300 5042 2421 5096 bate
2455 5043 2640 5095 Eatha.
2679 5059 2697 5091 ι
2737 5040 2901 5093 Porro
2929 5040 3143 5094 Mailros
3170 5042 3365 5094 Scotire
3397 5039 3664 5093 hodierna:
3694 5040 3867 5105 locus,

2300 5113 2355 5167 in
2403 5116 2511 5181 ripa
2543 5112 2696 5165 Tuidi
2744 5110 2975 5164 fluminis
3014 5111 3190 5179 (vulgo
3219 5109 3415 5181 Tende)
3454 5111 3651 5175 positus
3680 5112 3871 5164 dicitur

2299 5180 2661 5251 apudlledam
2694 5183 2744 5233 in
2772 5181 2906 5235 llist.
2941 5180 3031 5234 lib.
3066 5197 3137 5247 Iv,
3164 5196 3280 5249 cap.
3314 5180 3403 5235 Ξῖ.
3435 5180 3656 5251 Manum.

2373 5266 2393 5290 ε
2438 5252 2657 5305 Horam.
2696 5252 2858 5314 Beda,
2893 5252 2943 5305 in
2978 5252 3109 5305 lliSt.
3156 5253 3246 5304 lih.
3280 5268 3354 5315 nr,
3385 5266 3504 5317 cap.
3534 5250 3586 5311 5,
3618 5249 3666 5301 id
3701 5249 3870 5301 laudis

2299 5323 2483 5375 trihuit
2511 5332 2696 5376 sancto
2722 5321 2948 5386 Aidano,
2981 5322 3047 5374 de
3073 5336 3178 5390 quo
3207 5337 3363 5389 supra
3382 5362 3397 5385 ,
3450 5319 3868 5373 Lindisfarnensi

2292 5394 2567 5461 episcopo,
2597 5391 2739 5460 quod
2800 5410 2817 5441 t
2856 5392 2972 5459 ejus
3013 5393 3271 5458 exemplis
3321 5390 3585 5446 iniormati
3630 5399 3869 5461 tempore

2291 5462 2385 5515 illo
2430 5458 2659 5532 religiosi
2690 5458 3015 5530 quique’viri
3066 5478 3128 5516 ac
3170 5464 3378 5515 I'emime
3426 5458 3865 5532 consuetudinem

2291 5529 2654 5601 fecerunt'per
2685 5529 2849 5585 totum
2882 5548 3077 5585 animm
3110 5542 3327 5599 excepta
3360 5529 3675 5601 remissione
3701 5532 3861 5591 Quin—

2287 5600 2609 5672 QllngCSlllliB
2642 5603 2927 5671 paschalis,
2958 5613 3146 5671 quarta
3177 5612 3232 5654 et
3257 5612 3410 5672 sexta,
3433 5602 3561 5672 flet-ia
3606 5600 3867 5666 jejunium

2288 5671 2351 5727 ad
2386 5671 2577 5730 nonam
2610 5688 2774 5744 usque
2804 5676 2987 5727 horam
3023 5673 3304 5741 protelare.
3343 5690 3361 5721 ι
3401 5671 3621 5725 Manum.
