4220 6478
454 346 547 399 ἸΗ

1126 340 1312 396 ΞΕΩΤ.
1361 343 1395 395 Ι.
1440 371 1505 382 -—
1551 340 2121 398 llAGlOGliAl'lilCA.
2165 366 2232 376 —
2274 335 2432 390 VITA
2474 335 2531 391 S.
2574 331 2983 390 CUTIIBERTI.

3602 326 3709 382 742

452 457 659 509 devota.
690 463 704 492 ι
737 473 753 503 ι
788 454 939 516 Ecce,
967 452 1153 520 inquit,
1188 453 1238 504 in
1271 451 1459 505 itinere
1490 468 1595 520 quo
1623 452 1791 516 vadis,
1823 450 2020 504 nullum
2055 456 2098 510 Α
2130 443 2323 506 ctibus,
2355 441 2423 494 ab
2460 442 2572 509 ipso
2597 441 2898 496 Cudbercto
2924 443 3032 509 jattt
3076 447 3200 495 tunc
3241 438 3496 509 episcopo
3524 454 3582 494 se
3613 455 3704 493 au-

451 548 706 615 viculum,
738 548 879 600 nulla
915 546 1185 600 hominum
1217 545 1512 598 habitacula
1541 545 1804 613 reperies;
1834 553 1886 597 ct
1912 542 2021 611 qui-

454 640 573 694 dem
608 640 824 709 longum
860 649 1026 693 restat
1057 640 1174 700 iter,
1210 654 1380 708 neque
1411 649 1534 693 ante
1564 639 1694 692 solis
1725 637 2026 692 occubitum

451 733 590 786 valet
615 733 996 786 consummari.
1034 731 1185 786 Unde
1209 747 1397 801 precor
1425 743 1709 800 antequam
1740 729 2028 798 egrediaris

455 823 686 892 accipias
730 823 899 885 cibos,
945 839 1011 878 ne
1051 832 1160 876 tota
1199 823 1284 876 die
1320 823 1582 892 jejunium
1627 822 1912 886 suatinere,
1945 819 2027 874 vel

453 912 612 964 etiam
645 912 1036 980 procrastinare
1064 912 1291 982 cogaris.
1333 931 1351 963 ι
1383 913 1450 965 At
1480 912 1589 979 ille,
1621 912 1864 980 quamvis
1895 910 2030 963 mul-

438 1012 563 1056 ‘tum
601 1013 824 1073 rogante
871 1003 1084 1068 femina,
1130 1003 1366 1071 rogantis
1409 1001 1715 1055 instantiam
1757 999 2028 1070 religionis

453 1105 636 1144 amore
693 1090 1006 1155 devincens,
1054 1090 1269 1160 jejunus
1327 1091 1466 1144 diem
1524 1091 1677 1144 duxit
1714 1090 1779 1143 ad
1831 1105 2023 1158 vespe-

451 1196 590 1236 rum.

504 1270 760 1338 'Cumque
804 1272 1037 1327 instante
1073 1270 1180 1341 jam
1221 1284 1442 1340 vespera
1485 1282 1729 1326 cerneret
1769 1285 1826 1326 se
1871 1279 1893 1305 ⁸
1927 1270 2028 1324 iter

435 1360 593 1429 quod
621 1368 973 1430 pr0posuerat
1001 1362 1186 1414 eodem
1217 1362 1303 1414 die
1334 1377 1435 1414 non
1466 1376 1621 1429 posse
1647 1363 1820 1427 ﬁnire,
1853 1377 2025 1431 neque

451 1450 560 1504 ulla
587 1451 638 1504 in
661 1453 905 1520 proximo
931 1452 1204 1506 hominum
1232 1451 1456 1520 hospitia
1487 1451 1572 1504 ubi
1604 1468 1821 1506 manere
1849 1463 2029 1520 posset

437 1541 639 1596 adesse
662 1581 678 1606 ,
725 1555 850 1596 ecce
878 1540 1052 1596 subito
1080 1542 1178 1595 iter
1210 1541 1409 1596 faciens
1438 1541 1565 1596 vidit
1583 1542 1729 1610 juxta
1756 1551 2023 1610 pastorum

452 1633 682 1700 tuguria,
717 1648 835 1700 qua:
873 1641 1059 1687 testate
1100 1633 1379 1687 inlirmiter
1410 1635 1577 1702 posita
1615 1640 1742 1686 tunc
1774 1633 1883 1702 jam
1924 1633 2024 1688 de-

449 1730 589 1776 serta
622 1722 889 1790 patebant.
927 1721 1040 1777 Huc
1073 1734 1290 1792 propter
1330 1723 1650 1778 manendum
1697 1724 2022 1794 ingrediens,

2132 535 2276 588 disse
2307 534 2568 600 perhibuit
2595 531 2642 584 δ.

2129 644 2284 701 CAP.
2329 643 2411 698 Vl.
2433 653 2452 684 ⁷
2494 645 2642 708 Quod
2672 647 2715 699 ei
2745 649 3080 700 testimonium
3109 647 3324 701 venienti
3352 647 3419 698 ad
3448 656 3706 700 monaste-

2230 717 2361 769 rium
2391 715 2556 768 Boisil
2586 717 2662 768 t'ir
2690 729 2893 769 sanctus
2923 720 2973 769 in
3004 719 3183 786 spiritu
3209 718 3604 787 pt‘ophrtaverit.

2203 808 2411 862 Interea
2452 807 2772 862 venerabilis
2815 808 3020 862 Domini
3062 824 3244 862 servus
3283 811 3480 864 relictis
3517 811 3701 864 seaculi

2133 900 2290 953 rebus
2312 898 2736 953 monasterialem
2767 910 3009 966 properat
3029 901 3205 954 subire
3236 900 3590 970 disciplinam,
3618 909 3702 953 ut—

2137 1000 2258 1058 pote
2286 990 2489 1046 cmlesti
2519 989 2721 1044 visione
2761 990 2826 1042 ad
2869 990 3162 1058 appetenda
3207 1001 3475 1061 perpetuat
3515 993 3704 1061 gaudia

2132 1080 2479 1135 beatitudinis
2525 1080 2802 1143 incitatus,
2857 1082 2921 1134 ad
2974 1083 3296 1135 tolerandam
3346 1098 3438 1148 pro
3482 1083 3706 1138 Domino

2135 1173 2365 1226 esuriem
2396 1173 2644 1239 sitimque
2676 1173 3020 1238 temporalem
3054 1174 3222 1240 epulis
3261 1174 3506 1228 invitatus
3544 1174 3706 1229 cele-

2129 1262 2400 1316 stibus.Et
2422 1263 2633 1332 quidem
2667 1262 3150 1318 Lindisfarnensem
3188 1264 3477 1318 Eceesiam
3511 1265 3706 1318 multos

2132 1354 2329 1407 habere
2367 1363 2579 1407 sanctos
2620 1355 2760 1408 viros
2809 1369 3032 1423 quorum
3072 1355 3311 1408 doctrina
3352 1366 3406 1410 et
3445 1356 3708 1425 exemplis

2133 1445 2324 1498 instrui
2370 1452 2551 1512 posset
2595 1455 2842 1510 noverat,
2884 1447 2975 1500 sed
3010 1445 3146 1500 fama
3191 1456 3496 1515 praeventus
3529 1447 3708 1502 Boisili

2131 1537 2438 1590 sublimium
2471 1537 2728 1591 virtutum
2761 1538 3002 1590 monachi
3035 1547 3087 1592 et
3117 1538 3413 1592 sacerdotis
3447 1549 3469 1576 ο
3493 1538 3708 1593 Mailros

2131 1635 2315 1695 petere
2353 1625 2562 1679 maluit.
2607 1626 2851 1694 Casuque
2887 1627 3108 1695 contigit
3149 1636 3204 1680 ut
3247 1643 3364 1681 cum
3397 1628 3490 1682 illo
3519 1643 3709 1697 prove-

2131 1717 2282 1770 niens
2317 1730 2455 1784 equo
2497 1716 2831 1781 desiluisset,
2873 1717 3315 1786 ingressurusque
3356 1719 3420 1771 ad
3450 1719 3708 1774 orandum

437 1825 647 1880 'equum
681 1801 870 1881 inquo
900 1821 1119 1867 venerat
1165 1813 1398 1882 alligavit
1438 1815 1505 1869 ad
1551 1816 1822 1882 parietem,
1853 1815 2019 1871 colle-
2055 1799 2098 1857 Β
2127 1809 2428 1872 ecclesiam,
2459 1809 2629 1877 ipsum
2661 1809 2856 1877 pariter
2880 1824 3095 1878 equum,
3136 1822 3188 1864 et
3214 1809 3415 1864 hastam
3440 1827 3596 1879 quam
3627 1820 3710 1866 te-

447 1915 698 1976 ctumque
729 1907 830 1960 feni
865 1907 1171 1961 fasciculum
1219 1922 1374 1974 quem
1409 1916 1548 1962 tecto
1579 1919 1762 1962 ventus
1789 1909 2022 1963 abstule-

447 2004 532 2051 rat
569 1996 836 2057 edendum
885 1997 958 2050 illi
1002 1998 1266 2066 apposuit.
1309 1999 1426 2066 ipse
1463 1998 1665 2051 orando
1698 1999 1880 2052 horam
1928 1999 2021 2052 du-

447 2100 568 2141 cere
592 2088 773 2155 cmpit.
801 2088 870 2142 At
896 2087 1070 2142 subito
1092 2089 1112 2119 ¹
1135 2087 1274 2141 inter
1300 2087 1644 2156 psalmodiam
1673 2089 1802 2141 vidit
1830 2104 2020 2158 equum

451 2177 590 2230 elato
620 2191 827 2232 sursum
858 2178 1032 2244 capite
1080 2188 1213 2231 tecta
1260 2192 1397 2231 casa:
1445 2188 1752 2246 carpentem
1783 2193 1876 2233 ore
1897 2221 1912 2244 ,
1942 2178 2026 2246 jo-

437 2282 671 2336 sumque
720 2267 1038 2332 trahentem,
1087 2275 1246 2336 atque
1295 2269 1432 2322 inter
1459 2269 1700 2322 cadentia
1749 2269 1866 2323 fcna
1899 2270 2024 2324 tecti

450 2359 743 2413 involutum
786 2361 984 2428 pariter
1021 2360 1270 2415 decidere
1307 2361 1558 2426 linteum;
1603 2363 1895 2430 volensque
1945 2363 2027 2416 di-

449 2463 704 2519 gnoscere
731 2449 928 2505 certius
961 2451 1085 2518 quid
1115 2460 1286 2511 esset,
1322 2452 1464 2504 finita
1496 2454 1734 2506 oratione
1780 2454 2022 2517 accessit,

445 2547 502 2592 et
550 2539 748 2593 invenit
795 2539 1088 2593 involutum
1139 2539 1299 2593 linteo
1345 2540 1618 2593 dimidium
1676 2543 1822 2608 panis
1870 2541 2027 2595 calidi

437 2641 501 2686 et
528 2646 764 2694 carnem,
795 2647 913 2701 qua:
955 2632 1022 2686 ad
1057 2646 1215 2686 unam
1255 2633 1356 2686 sibi
1400 2631 1745 2687 refectionem
1778 2634 2028 2688 sufﬁcere

450 2734 694 2792 possent,
728 2725 1045 2790 laudemque
1070 2723 1360 2776 decantans
1390 2723 1662 2777 beneﬁciis
1688 2724 2022 2777 coelestibus:

455 2833 474 2865 ι
512 2814 637 2878 Deo,
671 2815 868 2882 inquit,
901 2813 922 2844 ³
949 2815 1146 2882 gratias
1185 2829 1304 2881 ago,
1335 2813 1426 2882 qui
1457 2824 1512 2868 et
1559 2815 1687 2867 mihi
1721 2831 1816 2882 pro
1847 2831 2028 2870 amore

440 2903 566 2958 esui
579 2902 591 2974 [
605 2903 672 2958 [θ’.
688 2903 1117 2975 ejus]jejunanti,
1131 2915 1182 2958 et
1197 2919 1314 2958 meo
1325 2905 1504 2958 COtttiti
1517 2919 1720 2958 cuinam
1738 2907 2029 2972 pra‘videre

451 2995 693 3065 dignatus
719 3007 820 3050 est.
848 3014 867 3047 ι
891 2995 1079 3050 Divisit
1108 3009 1236 3064 ergo
1268 2995 1504 3064 fragmen
1530 2997 1680 3064 panis
1708 2999 1847 3064 quod
1880 2998 2024 3050 inve-

452 3087 547 3151 nit,
579 3097 892 3155 partemque
921 3086 1035 3154 cjus
1062 3084 1334 3138 dimidiam
1379 3100 1516 3154 equo
1555 3085 1722 3150 dedit,
1760 3086 2016 3154 reliquam

2125 1911 2310 1954 nuerat
2345 1917 2500 1953 manu
2533 1900 2781 1954 ministro
2811 1901 3064 1965 dedisset,
3099 1902 3320 1956 necdum
3371 1903 3512 1957 enim
3555 1905 3708 1958 habi-

2126 2001 2234 2046 tum
2262 1993 2583 2060 deposuerat
2606 1992 2943 2055 stecularem,
2977 1993 3202 2046 Boisilus
3233 1994 3344 2061 ipse
3377 2010 3481 2061 pra:
3507 1994 3710 2050 foribus

2125 2082 2434 2135 monasmrii
2459 2083 2780 2143 consistens,
2810 2083 2953 2148 prior
2979 2083 3124 2136 illum
3155 2083 3376 2137 videret.
3409 2084 3710 2138 l'raevidens

2126 2173 2177 2227 itt
2216 2174 2405 2240 spiritu
2447 2187 2674 2242 quantus
2712 2174 3122 2228 conversatione
3150 2187 3290 2228 esset
3320 2175 3527 2229 futurus
3554 2191 3710 2245 quem

2126 2267 2396 2331 cernebat,
2432 2267 2530 2319 hoc
2561 2283 2718 2318 unum
2747 2266 2880 2322 dixit
2918 2265 3211 2320 astantibus
3247 2285 3258 2320 :
3307 2285 3324 2318 ι
3360 2267 3495 2322 Ecce
3527 2282 3712 2322 servas

2134 2357 2247 2421 Dei,
2287 2375 2306 2409 ι
2352 2358 2585 2411 imitatus
2625 2358 2768 2410 illum
2807 2359 2893 2426 qui
2931 2359 3332 2430 venientemad
3374 2375 3432 2414 se
3463 2361 3484 2391 '
3515 2361 3711 2414 Natba-

2131 2449 2246 2502 uael
2281 2447 2518 2515 intuitus,
2556 2447 2706 2512 Ecce,
2735 2446 2923 2517 inquit,
2953 2451 2973 2480 ⁹
2995 2447 3340 2509 vit-Israelita,
3365 2451 3414 2500 in
3436 2467 3534 2519 quo
3562 2452 3712 2504 dolus

2129 2554 2229 2591 non
2258 2547 2372 2604 est;
2401 2537 2539 2590 sicut
2568 2537 2848 2606 religiosus
2871 2552 2933 2591 ac
2956 2548 3237 2592 veteranus
3265 2537 3353 2592 Dei
3384 2537 3633 2602 famulus,
3661 2551 3715 2594 et

2131 2634 2412 2704 presbyter
2441 2633 2466 2671 ἀ
2491 2633 2754 2702 Sigfridtts
2783 2637 2918 2687 solet
2959 2636 3194 2688 attestari
3219 2674 3235 2700 ,
3273 2635 3358 2702 qui
3389 2635 3559 2690 eidem
3593 2637 3715 2690 Boi-

2128 2727 2230 2780 silo
2270 2725 2384 2780 haec
2427 2725 2619 2780 dicenti
2666 2726 2806 2780 inter
2848 2727 2981 2779 alios
3013 2727 3286 2790 adstabat,
3333 2738 3456 2781 tttuc
3501 2733 3555 2784 iu
3601 2729 3716 2798 ipso

2133 2818 2466 2871 monasterio
2495 2819 2807 2872 adolescens
2838 2821 3020 2886 primis
3050 2820 3222 2873 adhuc
3251 2821 3573 2874 monachica:
3596 2823 3717 2875 vitae

2132 2909 2445 2962 rudimentis
2469 2908 2762 2974 institutus,
2788 2924 2929 2962 nunc
2961 2911 3010 2961 in
3046 2918 3248 2974 nostro,
3279 2910 3326 2962 id
3354 2920 3433 2962 t-st
3457 2911 3717 2981 Gyrveusi

2139 3003 2464 3054 monasterio
2497 3001 2788 3069 perfectum
2821 3000 2873 3054 itt
2902 3000 2978 3054 Ch
3014 3002 3114 3054 isto
3142 3017 3302 3070 agens
3332 3003 3523 3067 virum,
3554 3013 3606 3057 ιἸ.
3635 3003 3719 3057 in-

2135 3103 2214 3146 ter
2242 3108 2378 3161 aegra
2412 3093 2636 3161 spiritus
2668 3095 2891 3146 extremi
2936 3095 3166 3159 susttiria
3211 3094 3388 3146 ιςιιιυιιι
3434 3095 3555 3148 vita:
3581 3095 3718 3148 alte-

533 3142 545 3151 .
579 3142 594 3154 .
807 3142 821 3155 .
948 3142 966 3154 .
1429 3142 1443 3154 .
1709 3142 1721 3150 .
1879 3142 1889 3154 .
2138 3142 2205 3146 η-
2673 3142 2891 3146 --η----
3139 3142 3166 3146 ἠ
3445 3142 3554 3148 ---π
3581 3142 3682 3148 _---

443 3190 550 3230 suo
593 3175 708 3231 esui
739 3176 1046 3242 reservavit,
1081 3188 1237 3244 atque
1265 3189 1331 3229 ex
1361 3175 1450 3229 illo
1472 3177 1580 3243 jam
1621 3175 1707 3229 die
1739 3179 2030 3244 promptior
2057 3142 2104 3208 θ
2137 3185 2248 3237 rius
2296 3185 2485 3237 sitiens
2530 3184 2827 3237 introitum.
2878 3185 2984 3237 Nec
3035 3184 3180 3249 plura
3231 3184 3450 3252 loquens
3497 3184 3720 3239 Boisilus

451 3266 622 3320 factus
651 3275 730 3320 est
762 3267 825 3319 ad
851 3265 1224 3335 jejunandum,
1257 3264 1277 3293 ⁸
1304 3264 1426 3332 quia
1475 3262 1722 3317 nimirum
1773 3264 2030 3319 intellexit

437 3358 568 3426 -cjus
589 3357 734 3411 dono
761 3356 863 3410 sibi
893 3356 1237 3411 refectionem
1272 3366 1606 3423 procuratum
1640 3355 1690 3407 in
1715 3355 2024 3418 solitudine,

449 3449 545 3518 qui
568 3451 842 3518 quondam
875 3449 1043 3502 Eliam
1073 3448 1364 3502 solitarium
1393 3447 1514 3516 quia
1544 3446 1719 3522 nullus
1752 3447 2024 3508 hominum

452 3541 635 3595 aderat
669 3541 758 3609 qui
796 3543 1147 3604 ministraret,
1179 3538 1201 3571 ⁵
1228 3538 1611 3608 ejusdemmodi
1644 3539 1766 3592 cibo
1799 3554 1892 3606 per
1935 3556 2026 3593 vo-

449 3631 624 3687 lucres
655 3645 756 3686 non
798 3646 965 3701 pauco
1006 3639 1247 3696 tempore
1288 3629 1457 3696 pavit;
1494 3628 1646 3697 cujus
1687 3629 1825 3682 oculi
1862 3644 2027 3697 super

445 3725 705 3780 timentes
731 3740 876 3790 eum,
903 3733 1178 3793 sperantes
1207 3735 1384 3776 autem
1414 3721 1466 3775 in
1496 3721 1855 3776 misericordia
1885 3722 2027 3790 ejus,

444 3822 516 3868 ut
536 3814 726 3882 eripiat
750 3828 777 3865 a
803 3825 972 3866 morte
997 3813 1201 3866 animas
1226 3827 1433 3878 eorum,
1455 3821 1510 3866 et
1538 3813 1644 3865 alat
1669 3827 1763 3867 eos
1792 3813 1842 3865 in
1869 3813 2026 3868 tame.

456 3907 580 3961 llaec
617 3907 744 3961 mihi
788 3906 1068 3976 religiosus
1106 3908 1274 3961 nostri
1317 3907 1620 3961 monasterii
1667 3907 1810 3975 quod
1845 3914 1929 3962 est
1963 3909 2028 3962 ad

447 4000 651 4055 ostium
679 4000 828 4055 Viuri
853 3999 1086 4054 fluminis
1114 3999 1135 4030 ⁸
1158 3999 1436 4070 presbyter
1455 4000 1524 4054 de
1549 4001 1763 4054 nomine
1791 3998 2031 4069 Inguald,

449 4090 545 4161 qui
574 4105 711 4145 nunc
733 4090 903 4160 longae
923 4089 1087 4159 gratia
1116 4089 1425 4153 senectutis,
1451 4089 1619 4158 magis
1645 4088 1808 4144 corde
1833 4089 2032 4143 mundo

2135 3276 2529 3340 pervenientem
2563 3289 2685 3328 mox
2715 3274 2781 3328 ad
2811 3289 2869 3328 se
2897 3274 3253 3328 Cudberctum
3281 3275 3505 3343 benigne
3537 3290 3720 3330 susce-

2136 3368 2230 3432 pit,
2260 3381 2583 3434 causamque
2613 3366 2695 3420 sui
2728 3366 2930 3419 itineris
2960 3376 3340 3433 exponentem,
3375 3368 3496 3435 quia
3528 3365 3719 3421 videli-

2129 3465 2211 3509 cet
2243 3457 2626 3510 monasterium
2652 3457 2849 3510 saiculo
2869 3456 3236 3524 pra-tulerit,"
3254 3457 3513 3526 benignus
3537 3473 3719 3512 secum

2131 3546 2371 3600 retinuit.
2408 3548 2536 3601 Erat
2574 3548 2714 3602 enim
2746 3552 3065 3617 praepositus
3105 3547 3347 3616 ejusdem
3387 3549 3717 3603 monasterii.

2204 3639 2269 3692 Et
2308 3647 2427 3707 pest
2453 3639 2566 3693 dies
2606 3653 2806 3708 paucos
2849 3640 3164 3693 adveniente
3194 3641 3308 3692 viro
3340 3640 3505 3712 beata;
3539 3656 3721 3693 recor-

2131 3729 2366 3784 dationis
2399 3731 2560 3795 Eata,
2597 3742 2719 3782 tunc
2760 3731 3071 3800 presbytero
3107 3739 3159 3783 et
3193 3730 3382 3784 abbate
3413 3730 3721 3783 monasterii

2134 3822 2337 3889 ipsius,
2397 3833 2578 3890 pOSIea
2631 3820 3077 3874 Lindisfarnensis
3130 3820 3412 3885 Ecc'esim,
3467 3817 3626 3873 simul
3670 3827 3723 3873 ct

2139 3908 2378 3977 ejusdem
2411 3910 2509 3963 loci
2540 3909 2778 3964 antistite
2799 3950 2815 3974 ,
2851 3909 3104 3962 indicavit
3140 3909 3189 3963 ei
3222 3914 3290 3963 de
3317 3909 3637 3974 Cudbercto,
3667 3919 3722 3963 et

2143 4000 2264 4070 quia
2298 4001 2423 4056 boui
2469 4001 2725 4070 propositi
2757 4002 2992 4054 anitttutn
3020 4010 3230 4068 gereret
3260 3999 3531 4067 exposuit,
3577 4000 3718 4054 obti-

2143 4093 2362 4161 nuitque
2390 4095 2528 4161 apud
2559 4107 2678 4146 eum
2712 4101 2764 4145 ut
2785 4102 3006 4160 accepta
3039 4100 3253 4145 tonsura
3285 4101 3308 4128 ε
3340 4092 3558 4144 fratrum
3586 4105 3719 4144 con-

448 4181 691 4236 cretestia
719 4194 876 4250 quam
897 4188 1107 4235 terrena
1127 4179 1426 4235 carnalibus
1455 4179 1846 4247 contemplatur
1873 4193 2030 4247 aspe-
2061 4169 2111 4227 D
2137 4182 2307 4236 sortio
2349 4183 2684 4252 juagcretur.
2729 4184 2768 4214 “
2800 4183 2952 4250 Quod
3008 4184 3278 4252 ingressus
3340 4183 3718 4237 monaSIerium

1369 4268 1842 4326 VULGATURUM
1887 4269 2277 4328 VAIHANTES
2313 4275 2716 4332 LECTIONES.

528 4368 543 4398 ⁸
589 4366 738 4430 Ecce,
764 4366 1011 4432 inquiens,
1042 4365 1240 4420 itinere.

527 4439 548 4469 ⁸
586 4435 728 4490 Inter
756 4437 1091 4502 psallendum.

530 4514 551 4545 ³
586 4505 810 4571 Gratias,
840 4508 948 4576 qui.

525 4575 550 4608 ⁸
590 4579 689 4641 Qui
712 4575 972 4630 nimirum.

528 4649 550 4680 ⁵
588 4647 878 4718 jusmodi.

533 4719 554 4750 ⁸
589 4717 896 4788 Presbyteri.

2211 4369 2228 4441 ’ξ
2271 4370 2433 4433 Quale
2461 4373 2504 4424 ei
2535 4371 2876 4424 testimonium
2906 4409 2943 4426 ..
2973 4371 3228 4441 quomoda
3255 4370 3366 4425 ei...

2211 4439 2231 4470 '
2275 4441 2561 4495 Nathanacl
2585 4445 2789 4496 invitus.

2208 4513 2228 4542 ³
2274 4510 2404 4565 Vere
2433 4511 2692 4565 Israelita.

2215 4581 2254 4652 ξ⁰
2293 4581 2568 4652 Bcnignius
2598 4583 2692 4636 sibi
2723 4584 2951 4637 rcIinuit.

2215 4649 2255 4682 ¹¹
2297 4652 2360 4705 Et
2391 4649 2664 4723 ingressus.

1807 4781 2160 4841 VARIORUM
2200 4779 2424 4837 NOTAE.

530 4894 557 4923 ι
599 4882 724 4937 Iter.
772 4881 922 4949 Apud
957 4883 1292 4953 Anonymum
1339 4880 1489 4936 locus
1535 4880 1836 4953 declaratur
1875 4879 1947 4934 lib
1981 4895 2025 4953 ις

462 4977 486 5012 ι
523 4957 782 5023 Pergente
826 4967 1050 5020 namque
1089 4951 1165 5023 eo
1194 4953 1263 5005 ab
1292 4953 1486 5023 Austro
1529 4953 1614 5023 ad,
1642 4951 1865 5023 ﬂumetr
1889 4951 2026 5018 quod

463 5029 580 5084 Wir
618 5021 938 5084 nominatur,
967 5023 1023 5076 in
1061 5036 1126 5078 eo
1155 5021 1272 5074 loco
1302 5022 1390 5076 ubi
1421 5021 1780 5077 Leunckester
1817 5021 2026 5082 dicitur,
2053 5067 2057 5071 .

461 5109 518 5156 et
547 5097 883 5150 transvadato
907 5106 992 5157 eo,
1013 5092 1076 5145 ad
1102 5092 1394 5147 habitacula
1423 5093 1654 5146 vernalia
1679 5101 1731 5146 et
1751 5091 2028 5156 aestivalia,

463 5175 682 5240 propter
702 5163 925 5218 imbrem
939 5172 1108 5240 ettem
1118 5170 1369 5240 pestatem
1393 5177 1639 5240 reversus
1655 5171 1753 5240 est.
1771 5180 1789 5213 ›
1803 5163 1846 5215 Μ
1858 5177 2027 5240 Αιιιιι..

533 5233 577 5278 Β
602 5238 913 5303 Anonymus
931 5234 1182 5286 miracula
1201 5233 1514 5301 compendio
1543 5248 1660 5295 ρει-ε
1686 5233 1899 5300 ringcns
1920 5235 2032 5284 tunc

466 5309 611 5362 addit
633 5308 682 5360 in
709 5308 810 5359 line
841 5304 932 5357 lib.
967 5317 982 5354 ι
1014 5322 1028 5356 :
1066 5328 1082 5353 ι
1113 5303 1309 5356 Omitto
1332 5303 1597 5371 quomodo
1627 5305 1676 5356 in
1699 5305 1884 5357 castris
1907 5317 2033 5354 con-

471 5391 548 5432 tra
583 5380 786 5430 hostem
819 5388 938 5427 cum
969 5375 1204 5426 exercitu
1236 5375 1451 5436 sedens,
1494 5374 1672 5442 ibique
1705 5376 1902 5426 habens
1931 5373 2031 5426 sti-

472 5450 656 5519 pendia
689 5459 843 5519 parra
865 5483 878 5506 ,
925 5453 1100 5495 tamen
1139 5459 1296 5519 omne
1329 5445 1562 5519 spatium
1594 5445 1923 5519 abundanter
1952 5443 2033 5519 vi—

474 5514 600 5571 vens
628 5517 804 5570 divine
829 5525 1013 5567 auctus
1039 5522 1138 5576 est,
1165 5515 1297 5566 sicut
1329 5514 1509 5567 Daniel
1531 5525 1586 5568 et
1614 5523 1721 5568 tres
1750 5515 1894 5582 pueri
1918 5515 2038 5566 cibo

470 5590 629 5657 regali
671 5601 774 5639 non
807 5584 1271 5657 (τριιιριιιίλ-εθι-νίιὶ
1302 5595 1501 5647 tamen,
1534 5596 1672 5638 eteo
1704 5585 2037 5657 parvissima,

471 5653 602 5713 mite
629 5655 849 5725 saginati
877 5665 1022 5708 sunt.
1057 5653 1162 5707 Nec
1192 5668 1295 5706 non
1330 5665 1585 5722 praetereo
1623 5655 1888 5725 quomodo
1921 5656 2037 5706 atti-

469 5746 608 5782 ntam
641 5723 874 5795 praefecti
908 5725 958 5776 in
989 5725 1136 5776 obitu
1168 5739 1264 5776 suo
1293 5725 1356 5776 ad
1388 5727 1583 5779 ctelum
1605 5725 1807 5782 elevari
1833 5723 1983 5780 vidit.
2022 5742 2040 5775 ι

468 5804 594 5866 Qua:
622 5814 651 5853 ιι
680 5797 816 5852 Beda
846 5795 1151 5851 reticentur.
1186 5795 1410 5850 MARILL.
1938 5815 1953 5829 -

2211 4885 2232 4913 ε
2276 4874 2513 4928 Mailros.
2567 4874 2640 4928 De
2672 4874 2771 4928 hoc
2800 4875 3125 4931 monasterio
3152 4877 3270 4931 vide
3300 4891 3370 4940 tv,
3398 4876 3489 4933 27.
3521 4877 3716 4934 Sut'rtt.

2206 4943 2234 5017 Si
2271 4945 2557 5017 Sigﬂidus.
2586 4945 2998 5015 Distinguendus
3022 4947 3283 5014 Sigfridus
3308 4949 3408 5002 iste
3435 4962 3462 5000 a
3491 4950 3723 5017 Sigi‘rido

2134 5016 2324 5069 abbate
2353 5014 2776 5070 Wircmutbeusi
2815 5027 2867 5070 et
2912 5017 3181 5081 Girveusi,
3214 5034 3368 5082 quem
3401 5034 3486 5071 an.
3520 5014 3623 5075 689
3655 5037 3718 5075 ex

2139 5086 2364 5141 Historia
2397 5086 2519 5140 abh.
2554 5085 2692 5142 ινιτ.
2725 5097 2779 5141 et
2825 5086 2972 5141 Girv.
3006 5088 3139 5142 infra
3172 5091 3313 5143 edita
3362 5089 3558 5143 obiisse
3585 5106 3719 5143 cun-

2134 5167 2255 5212 stat.
2288 5156 2476 5211 Sttlrn.

2211 5237 2233 5263 θ
2275 5227 2520 5280 Tonsurae
2551 5225 2695 5280 Petri
2733 5229 2947 5292 formam
2984 5229 3037 5279 in
3077 5228 3280 5281 modum
3309 5244 3505 5281 corontv
3533 5229 3646 5296 spin
3677 5246 3723 5284 σε

2137 5309 2288 5368 caput
2319 5297 2508 5351 Christi
2534 5299 2800 5368 ringentis,
2833 5299 3047 5351 Domino
3075 5300 3719 5370 adjuvunte,susceperat,

2139 5370 2302 5436 inquit
2350 5371 2659 5436 Anooymus
2709 5371 2862 5422 initio
2915 5370 3010 5422 lib.
3061 5369 3311 5422 "(Certe
3356 5369 3720 5424 Northumbrii

2140 5440 2464 5494 catholicum
2495 5440 2696 5492 Pascha
2719 5449 2772 5492 et
2799 5439 3089 5492 Romanam
3121 5449 3388 5492 tonsuram
3422 5457 3560 5491 anno
3586 5439 3719 5506 654,

2141 5512 2250 5564 itno
2305 5517 2459 5562 antea
2510 5509 2754 5563 monachi
2806 5510 3093 5579 llripenses
3144 5522 3548 5579 susceperant,
3584 5519 3720 5564 teste

2148 5582 2286 5636 Beda
2330 5581 2380 5632 iu
2435 5581 2526 5633 lib.
2581 5593 2639 5632 ιιι
2689 5581 2824 5633 Ilist.
2895 5578 3014 5650 eap.
3063 5579 3154 5636 25.
3207 5581 3341 5633 llinc
3393 5578 3722 5650 Cuthbertus

2146 5653 2300 5706 motti
2332 5651 2601 5724 prosimus
2631 5651 2917 5724 discipulos
2948 5659 3129 5711 monet
3164 5650 3231 5707 de
3261 5650 3525 5721 fugiendis
3553 5649 3722 5707 schis-

2142 5724 2368 5777 maticis.
2397 5721 2620 5778 llltttttLL.
