4220 6490
523 296 633 352 765

1254 280 1458 339 BENE
1501 273 1950 333 VENERABILIS
1986 272 2136 329 OPP.
2180 270 2356 328 PARS
2396 269 2484 326 IV.
2526 296 2594 310 -ο
2634 266 3016 323 lllSTOfllCA.

3706 265 3815 320 7H

525 408 812 467 confestim
835 403 1093 472 aequalem
1109 397 1317 455 ceteris
1339 394 1587 450 fratribus
1612 394 1733 445 vita:
1756 387 2116 458 regularisob-
2143 397 2193 457 Α
2217 385 2324 454 jam
2353 380 2377 414 ⁸
2403 382 2536 435 cocti
2583 390 2707 434 sunt
2744 380 2927 434 modo.
2960 399 2980 432 ι
3035 382 3101 433 At
3130 379 3216 434 ubi
3248 378 3428 446 rediit,
3462 393 3569 472 non
3605 378 3817 433 invenit

528 498 853 558 servantiam
888 508 1091 555 tenere,
1115 489 1197 543 vt-l
1227 490 1384 542 etiam
1412 484 1660 539 arctioris
1688 482 1979 548 disciplima
2007 488 2118 531 stu—

2226 477 2486 544 hospitem
2518 490 2678 543 quem
2718 474 2964 525 edentem
2997 472 3331 541 reliquerat;
3372 471 3614 539 explorat
3650 473 3818 526 vesti-

539 596 637 646 tliis
683 585 990 657 supergredi
1020 580 1267 643 curabat,
1309 576 1516 645 legendi
1548 574 1814 637 videlicet,
1840 567 2118 639 operandi,
2218 570 2307 637 gia
2334 567 2356 600 ⁶
2385 584 2490 634 quo
2521 568 2640 631 iret,
2682 566 2774 618 sed
2803 565 2945 618 nulla
2978 565 3183 633 uspiam
3215 564 3423 627 cernit,
3455 562 3480 594 ⁸
3510 578 3697 617 recens
3718 579 3819 615 au-

542 679 814 747 vigilandi,
843 687 1001 741 atque
1026 670 1212 725 orandi
1242 668 1513 723 solertior.
1542 664 1650 721 Sed
1682 674 1735 719 et
1758 662 1908 733 juxta
1938 675 2122 715 exem-

543 774 687 840 plutn
718 766 995 823 Samsottis
1018 760 1288 816 fortissimi
1318 760 1582 827 quondam
1615 754 1855 814 Nazarei.
1886 755 1955 805 ab
1977 751 2121 804 omni

533 862 672 928 quod
717 857 994 911 inebriare
1040 860 1215 921 potest
1258 851 1476 904 sedulus
1516 846 1817 902 abstinebat
1853 862 1865 896 :
1896 858 1999 897 non
2030 857 2124 896 au-

544 962 647 1005 tent
679 956 877 1003 tantam
903 960 1156 1000 escarum
1182 942 1394 995 valebat
1420 940 1601 992 subire
1630 935 2031 996 continentiam,
2060 948 2125 986 ne

538 1041 858 1099 necessariis
886 1043 1063 1093 minus
1092 1037 1315 1089 idoneus
1346 1034 1648 1087 efficeretur
1678 1029 1957 1097 operibus.
2002 1026 2128 1078 Erat

534 1134 679 1188 cuitu
716 1132 969 1187 robustus
994 1141 1218 1196 corpore
1242 1136 1293 1178 et
1317 1126 1517 1191 integer
1552 1120 1772 1183 viribus,
1805 1128 1859 1172 et
1886 1116 1950 1170 ad
1982 1129 2127 1185 quae-

538 1242 751 1296 cunque
788 1224 1001 1278 vnlebat
1030 1231 1185 1289 aptus
1214 1220 1473 1273 exercitia
1516 1214 1737 1269 laboris.

546 1336 696 1392 CAP.
724 1333 827 1387 VII.
855 1329 1144 1397 Quomodo,
1163 1327 1403 1397 angelum
1428 1324 1651 1389 hospitio
1670 1321 1983 1397 suscipiens,
2004 1326 2129 1397 dum

609 1422 792 1471 partem
820 1390 1003 1471 quierit
1034 1390 1321 1479 ministrare
1345 1406 1622 1460 terrenum,
1652 1392 1837 1447 calcati
1864 1394 1929 1444 ab
1950 1390 2128 1444 eodem

609 1476 921 1529 remunerari
948 1476 1209 1524 meruerit.

616 1590 856 1657 Cumque
888 1595 1005 1652 post
1029 1583 1230 1651 aliquot
1259 1594 1428 1634 annos
1453 1577 1560 1647 regi
1588 1574 1865 1631 Alchfrido
1892 1574 2132 1643 placeret

555 1697 650 1750 pro
690 1676 1058 1744 redemptione
1088 1672 1280 1725 anima:
1317 1685 1426 1724 suae
1472 1669 1645 1722 locum
1675 1668 1955 1736 quemdam
1986 1663 2133 1734 regni

2224 668 2331 715 tetn
2363 660 2502 714 nivis
2539 667 2732 712 terram
2762 666 2998 717 texerat,
3040 670 3158 725 qua:
3194 654 3452 709 facillime
3494 654 3689 711 viant'ts
3708 656 3821 709 iter

2226 751 2501 820 proderet,
2530 758 2585 803 et
2606 764 2711 817 quo
2734 748 3051 811 declinaret,
3094 755 3444 800 monstraret.
3474 744 3819 813 Stupcfactus

2225 854 2353 909 ergo
2383 840 2461 893 vir
2490 838 2724 904 Domini,
2753 849 2807 892 et
2835 853 3020 893 secum
3049 853 3298 907 quatrens
3325 836 3395 892 de
3417 839 3553 891 facto
3574 839 3822 905 reposuit

2228 948 2469 988 mensam
2501 934 2551 988 in
2576 932 2840 987 conclavi.
2865 933 3016 998 Quod
3040 932 3311 1001 ingressus
3327 931 3581 986 continuo
3602 931 3821 987 obviam

2232 1024 2413 1078 habuit
2435 1024 2552 1077 miri
2576 1023 2756 1077 odoris
2781 1023 3145 1092 fragrantiam.
3170 1021 3615 1091 Circumspiciens
3637 1032 3819 1077 autem

2233 1115 2373 1168 unde
2403 1122 2545 1167 esset
2575 1122 2692 1166 orta
2727 1124 2870 1165 tanta
2924 1113 3105 1166 odoris
3134 1113 3389 1175 suavitas,
3422 1114 3551 1166 vidit
3571 1112 3823 1180 juxtapo-

2231 1204 2365 1258 sitos
2394 1213 2500 1257 tres
2541 1218 2705 1272 panes
2744 1202 2950 1258 calidos
2997 1204 3196 1258 insoliti
3234 1205 3484 1259 candoris
3519 1214 3572 1258 et
3606 1204 3817 1273 gratia.

2235 1294 2547 1362 Pavensque
2577 1294 2699 1349 talia
2726 1309 2909 1351 secum
2932 1297 3192 1365 loquitur:
3213 1296 3419 1351 «Cerno
3434 1298 3575 1365 quod
3597 1298 3822 1366 angelus

2226 1386 2327 1441 Dei
2360 1395 2474 1440 erat
2503 1401 2659 1455 quem
2688 1385 2921 1453 suscepi,
2972 1401 3217 1455 pascere,
3255 1401 3358 1441 non
3403 1386 3547 1455 pasci
3578 1390 3821 1441 veniens.

2240 1477 2317 1532 En
2349 1492 2514 1547 panes
2536 1477 2718 1533 attulit
2744 1478 2763 1509 ⁷
2792 1480 2979 1547 quales
3019 1488 3161 1533 terra
3189 1481 3407 1550 gignere
3436 1480 3645 1549 nequit.
3685 1480 3823 1534 Nam

2236 1578 2293 1625 et
2320 1570 2429 1624 lilia
2457 1570 2719 1636 candore,
2751 1579 2806 1626 et
2834 1585 2985 1625 rosas
3010 1572 3197 1639 odore,
3227 1579 3286 1627 et
3315 1570 3470 1627 mella
3500 1570 3830 1637 precellant

2239 1676 2452 1732 sapore.
2478 1661 2631 1718 Unde
2660 1672 2875 1719 constat
2897 1663 3016 1731 quia
3048 1680 3153 1720 non
3177 1667 3339 1720 densa
3369 1665 3559 1721 tellure
3583 1665 3706 1729 orti,
3731 1666 3828 1719 sed

558 1771 664 1835 sui,
692 1768 782 1839 qui
804 1777 829 1808 ι
863 1773 1078 1819 vocatur
1105 1762 1388 1832 Inhrypum
1412 1758 1477 1812 ad
1507 1756 1918 1812 construendum
1940 1754 2135 1808 ibidem
2166 1765 2214 1825 Β
2241 1754 2307 1809 de
2334 1754 2581 1823 paradiso
2609 1754 2899 1825 voluptatis
2937 1756 3082 1810 allatl
3123 1766 3272 1811 sunt.
3322 1756 3435 1813 Nec
3466 1754 3658 1811 mirum
3686 1756 3829 1825 quod

558 1860 940 1917 monasterium
966 1858 981 1886 ¹
1024 1857 1193 1909 Eatan
1230 1853 1403 1907 abbati
1446 1852 1716 1917 l’donare,
1753 1850 1946 1904 tollens
1989 1848 2127 1902 idem

557 1952 724 2005 abbas
750 1950 1008 2019 quosdam
1041 1959 1071 1999 e
1102 1942 1357 1997 fratribus
1384 1956 1586 2001 secum,
1621 1942 1671 1994 in
1704 1941 1896 2008 quibus
1923 1947 1976 1991 ct
2002 1937 2141 1992 Cud-

552 2044 783 2105 bertutn,
820 2036 1058 2093 eundidit
1096 2036 1166 2089 ibi
1209 2033 1349 2104 quod
1399 2034 1682 2100 petebatur
1722 2032 2136 2097 tnonaSIerium,

557 2142 711 2200 atque
749 2128 950 2183 eisdem
996 2126 1193 2196 quibus
1232 2134 1386 2179 antea
1431 2124 1647 2178 Mailros
1680 2125 1935 2177 institutis
1974 2123 2139 2175 disci-

559 2222 717 2291 plina:
758 2217 1022 2288 regularis
1065 2214 1274 2271 imbuit.
1322 2215 1421 2270 Ubi
1464 2215 1695 2269 famulus
1744 2213 1951 2269 Domini
1996 2212 2143 2266 Cud-

556 2320 774 2371 berctus
801 2310 1265 2378 suscipiendorum
1296 2308 1476 2362 officio
1505 2307 1823 2376 prapositus
1854 2308 2143 2376 hospitum,

560 2404 847 2474 probandae
895 2417 1006 2456 sua:
1052 2403 1225 2469 gratia
1274 2397 1579 2453 devotionis
1626 2397 1873 2466 angelum
1936 2396 2145 2450 Domini

560 2510 657 2547 sun
689 2494 989 2561 suscepisse
1014 2492 1179 2547 fertur
1203 2489 1457 2561 hospitio.
1482 2492 1502 2520 ³
1532 2490 1729 2546 Exietts
1756 2490 1952 2544 etenim
1977 2489 2149 2557 primo

564 2602 717 2640 tuane
747 2589 811 2640 de
844 2585 1187 2640 interioribus
1214 2584 1524 2639 monasterii
1552 2583 1759 2638 aedibus
1780 2584 1845 2636 ad
1880 2583 2146 2650 hospitum

564 2679 833 2745 cellulam,
871 2678 1072 2732 invenit
1105 2677 1235 2731 ittibi
1264 2676 1547 2745 quemdam
1577 2678 1852 2731 sedentem
1878 2676 2149 2743 juvenem,

563 2787 719 2841 quau
778 2770 1047 2823 hominem
1102 2770 1403 2834 aestimans,
1435 2769 1593 2822 solito
1645 2783 1765 2822 mox
1808 2768 2151 2822 humanitatis

568 2876 719 2916 mute
742 2861 1003 2929 sustepit.
1035 2858 1167 2914 Nam
1200 2858 1440 2913 lavandis
1481 2859 1726 2912 manibus
1763 2874 1953 2927 aquam
1981 2858 2149 2923 dedit,

567 2954 728 3023 pedes
760 2953 873 3021 ipse
897 2953 1083 3017 abluit,
1116 2951 1280 3005 linteo
1308 2952 1552 3018 emersit,
1595 2952 1851 3006 fovendus
1883 2953 2151 3013 lttttttiliter

570 3044 815 3099 inanibus
844 3058 940 3096 suo
963 3043 1014 3096 in
1042 3043 1162 3097 sinu
1193 3043 1514 3111 composuit,
1557 3053 1715 3113 atque
1745 3055 1794 3096 ιιι
1830 3043 2013 3098 botam
2041 3042 2148 3100 diei

2240 1845 2427 1912 epulas
2485 1846 2537 1898 in
2585 1844 2743 1899 terris
2798 1860 3014 1900 sumere
3062 1847 3329 1915 respuerit
3392 1846 3688 1911 humanas,
3739 1844 3835 1915 qui

2240 1933 2263 1965 ⁸
2280 1942 2483 1989 aeterno
2510 1935 2631 1989 vita:
2658 1951 2796 2004 pane
2818 1936 3073 1992 fruiturin
3092 1938 3265 1993 etatis.
3281 1954 3301 1989 ι
3324 1938 3503 2006 Itaque
3524 1937 3604 1991 vir
3619 1936 3834 1992 Domini

2244 2029 2311 2083 de
2333 2040 2548 2084 ostensa
2583 2029 2826 2085 miraculi
2858 2033 3053 2085 virtute
3081 2045 3459 2099 compunctus,
3484 2030 3739 2099 majorem
3766 2044 3835 2083 ex

2243 2138 2311 2179 eo
2340 2127 2596 2180 virtutum
2636 2122 2892 2192 operibus
2924 2138 3107 2178 curam
3139 2124 3500 2190 impendebat.
3530 2124 3839 2177 Crescenti-

2249 2217 2349 2272 bus
2387 2226 2565 2272 autem
2594 2216 2881 2272 virtutibus
2906 2216 3073 2271 crevit
3104 2225 3159 2269 et
3186 2218 3351 2285 gratia
3380 2216 3632 2271 ecclestis.
3678 2213 3839 2268 Deni-

2246 2324 2349 2377 que
2368 2308 2567 2377 smpius
2588 2322 2651 2362 ex
2666 2322 2731 2361 eo
2748 2315 2991 2375 tempore
3008 2308 3227 2377 angelos
3249 2309 3428 2361 videre
3448 2306 3836 2375 etalloqui,sed

2249 2410 2306 2456 et
2337 2399 2581 2454 esuriens
2605 2398 2739 2453 cibis
2765 2400 2786 2431 ’
2813 2399 3135 2467 specialibus
3163 2399 3262 2452 sibi
3291 2416 3319 2451 a
3367 2398 3589 2453 Domino
3626 2411 3839 2466 pra-pa-

2250 2494 2385 2548 ratis
2408 2492 2602 2547 meruit
2624 2492 2793 2548 refici.
2818 2490 2949 2545 Nam
2971 2496 3093 2561 quia
3115 2492 3343 2546 affabilis
3364 2503 3418 2546 et
3438 2492 3703 2561 jllCllltdllS
3729 2507 3841 2544 mo-

2251 2585 2402 2640 ribus
2436 2594 2592 2651 erat,
2648 2584 2960 2655 plerumque
3006 2586 3133 2638 dum
3171 2588 3237 2638 ad
3282 2585 3583 2654 exemplum
3625 2583 3840 2639 vivendi

2258 2678 2613 2742 praesentibus
2670 2692 2881 2747 patrum
2933 2677 3346 2746 praecedentium
3389 2690 3535 2749 gesta
3575 2677 3839 2741 referret,

2254 2770 2415 2825 etiam
2450 2768 2575 2838 quid
2606 2767 2706 2823 sibi
2733 2767 2858 2823 doni
2890 2768 3147 2837 spiritalis
3186 2783 3415 2837 superna
3456 2769 3625 2837 pietas
3650 2776 3841 2821 contu-

2255 2860 2377 2916 lerit
2414 2859 2691 2916 humiliter
2722 2860 3046 2916 interserere
3073 2860 3303 2916 solebat.
3341 2858 3410 2914 Et
3435 2857 3717 2929 aliquando
3746 2872 3845 2911 au-

2254 2961 2361 3008 tem
2394 2952 2568 3007 velate
2594 2951 2749 3020 quasi
2775 2950 2878 3007 sub
2909 2966 3136 3021 persona
3168 2952 3387 3006 alterius
3419 2952 3471 3005 id
3499 2950 3671 3005 facere
3690 2964 3846 3010 cura,

2255 3043 2367 3097 bat.
2399 3043 2550 3109 Quod
2584 3051 2762 3098 tamen
2792 3041 2881 3112 qui
2909 3043 3152 3111 audiere,
3182 3042 3305 3112 quia
3336 3044 3402 3097 de
3440 3042 3619 3111 seipso
3645 3040 3846 3095 dixerit

570 3136 779 3189 tertiam
820 3133 982 3189 etiam
1020 3134 1145 3188 cibo
1173 3134 1493 3190 reficiendas
1531 3145 1888 3204 exspectaret,
1924 3138 2146 3205 rogavit,
2175 3114 2223 3178 ο
2256 3132 2844 3202 itttelligebant,iuxta
2882 3134 3187 3203 exemplum
3214 3133 3455 3203 Magistri
3485 3132 3529 3175 ι’
3575 3136 3840 3202 gentium,

569 3244 638 3282 ne
679 3230 723 3281 si
749 3226 964 3297 jejunus
1003 3229 1102 3281 iret
1132 3228 1270 3282 fatue
1302 3228 1499 3295 pariter
1536 3236 1592 3282 et
1631 3227 1827 3298 frigore
1860 3232 2153 3287 lassaretur

572 3322 820 3377 hiberno.
858 3321 1083 3376 Putabat
1115 3337 1345 3392 namque
1374 3322 1645 3377 hominem
1677 3334 1935 3378 nocturno
1965 3324 2155 3379 itinere

571 3413 732 3467 simul
764 3424 817 3465 et
857 3411 1068 3467 flatibus
1097 3413 1362 3468 defessum
1403 3413 1606 3476 niveis,
1651 3412 1739 3467 illo
1788 3411 2156 3482 rutuiesccndi

571 3503 739 3573 gratia
762 3504 992 3558 diluculo
1019 3504 1337 3559 devertisse.
1372 3504 1592 3573 Negavit
1628 3504 1735 3571 ille,
1756 3514 1813 3559 et
1838 3520 1896 3557 se
1926 3507 2033 3559 cito
2062 3506 2159 3560 itu-

572 3613 711 3661 rum,
744 3599 862 3664 quia
890 3597 1096 3666 longius
1126 3606 1271 3650 es-et
1299 3599 1505 3650 mansio
1532 3596 1598 3650 ad
1624 3612 1801 3664 quam
1821 3605 2154 3667 properaret,

578 3690 877 3757 respondit.
914 3689 981 3742 At
1008 3689 1343 3743 Cudberctus
1372 3689 1462 3741 diu
1494 3688 1514 3719 ³
1546 3689 1770 3743 multum
1804 3703 2017 3757 rogans,
2044 3699 2161 3745 tan-

575 3781 700 3835 dem
728 3778 1063 3849 adjnratinne
1085 3778 1264 3831 addita
1287 3777 1450 3831 divini
1476 3780 1725 3843 nominis,
1751 3779 1814 3831 ad
1842 3779 2159 3834 manendum

576 3873 786 3941 coegit;
818 3871 1106 3940 statimque
1146 3880 1204 3927 ut
1238 3870 1464 3941 expletis
1498 3871 1639 3925 hora:
1673 3872 1842 3927 tertiac
1864 3882 1885 3909 ο
1914 3874 2160 3940 precibus

577 3965 822 4019 vescendi
849 3975 1056 4032 tetttpus
1084 3963 1289 4026 aderat.
1316 3964 1562 4033 apposuit
1584 3980 1850 4029 mensam,
1873 3968 2162 4020 sumendas

578 4056 774 4110 obtulit
804 4071 978 4121 escas,
1001 4065 1055 4111 et
1089 4074 1107 4107 t
1138 4055 1373 4111 Obsecro
1398 4066 1468 4121 te,
1496 4056 1684 4123 inquit,
1714 4053 1895 4120 frater,
1928 4057 2159 4121 relicias,

576 4146 702 4202 dum
736 4146 949 4203 rediens
980 4162 1170 4216 partem
1202 4146 1432 4205 calidum
1448 4146 1657 4201 affero:
1683 4161 1840 4215 spero
1858 4148 2011 4201 enim
2041 4147 2165 4217 quia

2256 3226 2347 3294 qui
2405 3224 2563 3280 modo
2612 3237 2803 3293 aperte
2834 3240 2967 3279 suas
3010 3227 3235 3280 virtutes
3262 3225 3509 3293 replicat,
3551 3226 3708 3278 modo
3740 3223 3847 3276 sub

2260 3326 2524 3387 praetextu
2563 3317 2783 3373 alterius
2824 3333 3066 3387 persona:
3094 3326 3134 3356 ιι
3170 3320 3421 3388 loquitur,
3469 3334 3489 3369 ι
3517 3316 3641 3373 Scio
3678 3315 3850 3369 homi-

2260 3424 2386 3467 nem
2426 3410 2479 3464 in
2520 3409 2757 3475 Christo,
2804 3422 2933 3465 ante
2970 3426 3146 3465 annos
3194 3419 3355 3480 qustu
3393 3411 3594 3465 rdecitn
3634 3418 3846 3479 raptum

2262 3517 2429 3572 usque
2450 3502 2523 3559 ad
2556 3504 2769 3558 tertium
2801 3503 2845 3536 “
2875 3504 3088 3559 cretum.
3120 3522 3140 3555 ι

2260 3618 2415 3674 CAP.
2450 3618 2577 3671 Vlll.
2625 3617 2777 3684 Quod
2803 3618 2999 3671 saltvato
3028 3635 3059 3671 a
3089 3618 3332 3688 languore
3354 3616 3398 3658 ι’
3421 3615 3699 3670 Cudbercto
3730 3614 3850 3668 Boi-

2364 3690 2435 3744 sil
2471 3691 2752 3744 moriturus
2780 3690 2956 3758 “qua:
2986 3700 3147 3743 essent
3173 3700 3386 3743 uentura
3429 3688 3741 3757 prwdixerit.

2338 3781 2545 3837 Interea
2582 3782 2711 3851 quia
2744 3782 3023 3852 fragilis!"
3046 3792 3123 3837 est
3161 3792 3217 3837 et
3251 3794 3411 3835 more
3457 3780 3574 3834 freti
3603 3778 3853 3832 volubilis

2266 3874 2656 3931 omnissteculi
2704 3884 2896 3941 status,
2932 3876 3165 3930 instante
3214 3875 3391 3930 subito
3421 3874 3632 3927 turbine
3663 3872 3853 3940 pratia-

2269 3974 2357 4019 tus
2384 3965 2550 4021 abbas
2594 3966 2723 4021 Eata
2749 3982 2870 4021 cum
2916 3968 3219 4024 Cudbercto
3247 3976 3305 4021 et
3350 3966 3559 4020 caeteris
3587 3977 3717 4033 quos
3756 3975 3851 4015 se-

2254 4069 2391 4111 cum
2418 4056 2729 4112 adduxerat
2766 4058 3027 4113 fratribus
3067 4054 3335 4111 domum"
3360 4054 3606 4125 repulsus
3652 4061 3751 4111 est,
3798 4058 3856 4103 et

2273 4146 2423 4203 locus
2471 4149 2785 4205 monasterii
2831 4150 2974 4220 quod
2996 4150 3323 4205 condiderat
3352 4148 3470 4204 aliis
3517 4148 3583 4202 ad
3616 4143 3857 4200 incolen-

1542 4258 1960 4315 VULGATUltU
1974 4260 2019 4315 Μ
2066 4258 2464 4318 VARIANTES
2502 4260 2911 4318 LEC'I’IONES.

650 4352 666 4382 ¹
712 4350 927 4403 Eatur...
958 4348 1113 4405 Eata.

648 4423 669 4452 ¹
713 4420 901 4472 Exiens
932 4422 1085 4473 enim.

650 4491 669 4563 ξ
715 4490 1041 4563 Multumque
1067 4506 1275 4563 rogans.

650 4560 672 4591 ⁸
711 4560 853 4613 (ἐσειὶ
882 4571 1020 4614 sunt.
1049 4560 1183 4617 At...

653 4632 675 4663 ⁸
718 4631 830 4697 Qua
860 4633 977 4685 iret.

655 4702 678 4734 ⁸
720 4704 958 4755 llecentes
980 4712 1150 4757 autent
1174 4704 1378 4757 nives...
1405 4712 1653 4773 texerant,
1677 4720 1849 4761 recent
1871 4716 2041 4761 autem
2065 4706 2174 4761 nix.

653 4773 674 4805 '
717 4773 881 4837 Quale
907 4784 1061 4828 terra.

654 4844 676 4875 ⁸
714 4842 786 4897 Αἰ
795 4854 949 4897 terna:
977 4847 1112 4899 vim.

2193 4364 2249 4423 D
2346 4358 2367 4389 ⁹
2408 4356 2632 4423 Speciali
2661 4373 2872 4411 munere
2896 4373 2927 4408 a
2965 4353 3202 4409 Domino.

2349 4426 2397 4457 ¹⁰
2432 4426 2696 4493 Gentium,
2733 4428 2821 4493 qui
2848 4429 3000 4481 modo
3027 4434 3116 4479 sub
3145 4436 3414 4495 praetextu.

2352 4499 2391 4566 ’ξ
2437 4496 2682 4566 Loquitur
2708 4500 2901 4551 dicens.

2354 4564 2395 4599 ¹²
2436 4564 2650 4631 Caelum,
2681 4579 2727 4621 et
2756 4577 2936 4620 cetera
2962 4568 3101 4620 illius
3133 4568 3252 4621 loci.

2354 4631 2397 4709 ιθ
2423 4639 2690 4705 Quomodo
2718 4648 2897 4691 sanato
2926 4656 2957 4691 a
2986 4638 3251 4709 languore.

2355 4711 2369 4739 ¹
2382 4706 2397 4732 ³
2428 4711 2556 4773 Qua:
2581 4710 2628 4763 ei
2651 4719 2793 4763 erant
2815 4718 3048 4763 ventura.

2352 4774 2400 4809 "
2424 4781 2609 4833 Amore
2630 4781 2766 4850 freti.

1936 4942 2298 5000 VARIORUM
2338 4942 2547 4998 NOTAE

658 5042 683 5071 ι
726 5033 1035 5104 Inhrypum.
1072 5031 1322 5101 Rippam,
1354 5035 1525 5105 inquit
1550 5034 1878 5101 Camdenus,
1908 5035 2173 5091 Saxonica

594 5102 875 5174 llrippum,
898 5107 1037 5158 inter
1064 5105 1224 5160 Urutn
1256 5102 1472 5158 lluvinin
1504 5121 1567 5159 ac
1595 5106 1816 5160 limitem
1847 5109 2173 5175 septentrio-

586 5179 721 5233 nalis
770 5188 824 5231 et
870 5175 1222 5230 occidentalis
1271 5176 1493 5230 ducatus
1537 5177 1893 5230 Eboracensis
1930 5186 1986 5230 et
2023 5176 2172 5232 Sin-ll

587 5248 860 5303 fluviolum
883 5246 1111 5299 locatum
1140 5254 1277 5300 erat.
1298 5247 1372 5300 De
1395 5262 1460 5300 eo
1490 5246 1629 5301 Beda
1663 5261 1768 5299 non
1795 5251 1960 5300 semel
1996 5248 2046 5301 in
2092 5250 2175 5300 lli-

589 5320 751 5372 stnria
778 5332 873 5369 sua
904 5317 1169 5387 loquitur;
1198 5316 1251 5369 in
1284 5317 1377 5369 lib.
1410 5331 1660 5387 ttt,_cap.
1689 5316 1783 5382 25,
1816 5319 1890 5371 ait
1920 5318 2175 5372 Wilfrido

587 5391 840 5459 donatum
871 5387 938 5440 ab
967 5386 1245 5459 Alchfrido
1274 5402 1401 5455 rege
1441 5386 1606 5441 fuisse
1645 5388 2008 5459 monasterium
2036 5406 2170 5459 qua-

587 5458 827 5526 draginta
854 5457 1174 5524 familiarum
1200 5459 1254 5511 in
1295 5460 1405 5511 loco
1430 5459 1530 5525 qui
1554 5458 1743 5512 dicitur
1773 5456 2168 5527 In-Hripp'um,

587 5544 736 5609 quem
764 5528 917 5593 paulo
944 5537 1061 5581 ante
1075 5529 1166 5611 eis
1190 5529 1277 5611 qui
1311 5530 1493 5611 Scalas
1508 5528 1873 5611 sequebantur,
1899 5530 1950 5582 in
1976 5546 2174 5611 posses-

588 5592 781 5649 sionem
814 5599 1107 5651 monasterii
1133 5592 1363 5653 dederat.
1393 5600 1553 5653 lstbic
1580 5592 1734 5653 annis
1768 5592 1943 5654 tribus
1974 5592 2174 5653 vixisse
2212 5592 2223 5604 ’

591 5681 655 5720 ac
683 5667 894 5736 demum
922 5670 1164 5733 sepultus
1201 5670 1368 5726 fuisse
1392 5668 1671 5727 Wilfridus
1700 5669 1894 5727 dicitur
1918 5670 1972 5727 in
2000 5669 2094 5727 lib.
2120 5685 2173 5736 v,

590 5751 711 5809 Cap.
741 5734 831 5795 20.
859 5737 1088 5792 Manna.

2347 5034 2374 5072 ι’
2422 5035 2642 5089 nouare.
2670 5035 2938 5090 Anteao.
2976 5032 3100 5091 σεο.
3132 5034 3323 5091 Sami.

2353 5118 2374 5145 ε
2399 5104 2603 5161 Tertiae.
2631 5106 2841 5177 Ergone
2854 5108 3075 5160 vetitum
3093 5117 3208 5161 erat
3230 5116 3353 5161 tunc
3366 5106 3762 5176 temporisante
3772 5108 3867 5163 ho~

2278 5193 2393 5232 ratu
2444 5177 2656 5231 tertiam
2707 5192 2921 5230 sumere
2967 5177 3182 5230 cibum?
3224 5177 3867 5233 CcrteconciltutnCar-

2281 5249 2616 5317 thaginense,
2634 5263 2752 5313 cap.
2775 5245 2862 5311 η,
2888 5248 3128 5300 convivia
3154 5248 3491 5303 antevhoram
3514 5250 3867 5303 tertiamtieri

2280 5326 2436 5373 cavet
2466 5318 2606 5386 apud
2631 5318 2993 5372 llurcbardunt
3025 5318 3117 5371 lib.
3145 5334 3198 5383 li,
3230 5334 3349 5385 cap.
3383 5319 3506 5373 165.
3533 5320 3755 5374 Maurae.

2352 5386 2379 5427 ἀ
2405 5387 2659 5455 Repulsus
2692 5398 2785 5442 est.
2820 5389 2893 5441 De
2942 5388 3039 5441 hac
3067 5390 3384 5457 expulsiotte
3422 5391 3542 5443 vide
3570 5396 3660 5455 ειη,
3693 5390 3784 5450 ‘25.
3814 5399 3868 5442 et

2282 5473 2335 5522 v,
2361 5458 2451 5511 90.
2480 5460 2537 5513 S.
2572 5458 2910 5514 Cudberctus
2941 5459 3101 5528 igitur
3132 5461 3303 5515 adhuc
3353 5461 3632 5513 Scot0rmn
3667 5463 3864 5514 Pascha

2283 5529 2611 5593 observavit,
2643 5544 2940 5595 eorumque
2983 5541 3255 5583 tonsuram
3289 5532 3521 5583 retinuit.
3559 5531 3681 5583 Ideo
3723 5532 3865 5583 enim

2280 5600 2559 5665 cedebant,
2578 5600 2901 5666 Villriquue
2924 5599 3099 5654 locum
3127 5602 3345 5668 dabant,
3369 5600 3488 5669 quit
3517 5617 3686 5661 suam,
3708 5602 3756 5653 iit
3788 5616 3870 5654 ist

2281 5673 2589 5736 Scotorum,
2621 5681 2828 5724 mutare
2854 5672 3296 5725 consuetudinem
3332 5674 3635 5728 noluerunt,
3662 5687 3743 5733 ut,
3767 5672 3803 5724 2
3832 5702 3865 5736 ι,

2285 5756 2337 5810 v,
2366 5740 2454 5796 19.
2486 5741 2617 5798 llinc
2648 5740 2990 5797 Mabillonius
3018 5742 3076 5798 in
3116 5742 3229 5798 suis
3260 5741 3472 5805 praeviis
3508 5743 3576 5796 ad
3606 5742 3777 5798 Vitam
3810 5748 3869 5800 ὃ.
