4220 6486
392 255 494 307 iiii

1047 239 1249 303 'SECT.
1295 249 1333 299 I.
1375 276 1439 287 -—
1484 245 2065 302 llAClOCllAPlIICA.
2109 274 2175 284 —
2218 243 2373 298 VITA
2413 244 2469 298 S.
2509 239 2925 297 CUTilBERTl.

3537 243 3636 297 7i6

390 364 512 416 dum
547 358 823 415 monachis
848 369 864 399 ι
890 358 1064 412 datur.
1097 358 1205 411 Nec
1232 366 1557 411 memoratus
1580 356 1774 411 athleta
1802 355 1961 410 Chri-
1993 364 2035 419 Α
2068 356 2290 424 singulis
2348 355 2533 410 diebus
2558 356 2578 386 ⁸
2598 355 2833 423 singulas
2880 367 3182 421 possumus,
3212 346 3434 402 Domino
3480 347 3634 414 adju-

390 451 461 504 sti
500 451 795 504 mutatione
828 448 1064 502 locarunt
1118 448 1339 500 mutavit
1382 457 1610 502 mentem
1656 449 1722 499 ab
1747 457 1961 515 arrepto

392 545 555 594 semel
592 540 864 608 proposito
900 537 1099 591 miLtize
1128 537 1380 591 cmlestis.
1424 537 1618 591 Verum
1663 537 1960 605 diligentis-

391 633 546 692 sime,
575 630 722 697 juxm
754 628 894 696 quod
944 638 998 680 et
1046 639 1170 681 ante
1201 628 1374 680 facere
1418 635 1789 693 consueverat,
1824 626 1962 680 beati

398 719 581 771 Boisili
612 720 766 770 dictis
799 718 994 783 pariter
1023 717 1355 769 auscultabat
1384 724 1441 769 et
1487 717 1643 770 actis.
1679 717 1794 781 Quo
1831 724 1965 767 tetu-

396 823 541 876 pore,
576 808 716 860 sicut
762 806 1071 859 Herelridus
1100 806 1374 859 familiaris
1414 805 1532 875 ejus
1573 806 1869 874 presbyter,
1913 813 1967 857 et

395 899 562 951 abbas
615 896 883 965 quondam
937 897 1246 950 monasterii
1296 895 1742 950 Lindisfarnensis
1790 895 1963 963 ipsum

396 994 599 1044 referre
627 989 842 1042 solitum
868 996 1112 1053 testatur,
1145 989 1331 1040 morbo
1362 987 1680 1055 pestilentia:
1709 1001 1812 1053 quo
1842 994 1968 1039 tunc

398 1080 607 1149 plurimi
661 1093 753 1146 per
805 1077 1127 1130 Britanniam
1184 1080 1336 1146 longe
1392 1079 1601 1145 lateque
1649 1076 1968 1130 deﬁciebant

394 1181 670 1239 correptus
699 1179 800 1223 est.
832 1171 898 1224 At
927 1168 1120 1223 fratres
1151 1168 1458 1229 monasterii
1492 1169 1632 1221 illius
1661 1177 1845 1231 totam,
1872 1182 1968 1235 pro

396 1265 510 1332 ejus
542 1266 646 1315 vita
676 1270 732 1317 et
760 1266 928 1316 salute
950 1273 1250 1329 precantes,
1277 1270 1484 1314 noctem
1507 1259 1710 1314 duxere
1740 1263 1966 1327 pervigi-

399 1360 524 1410 lem.
551 1355 750 1412 Omnes
774 1356 916 1409 enim
945 1355 1096 1423 quasi
1130 1354 1362 1407 hominis
1406 1354 1576 1406 sancti
1610 1353 1965 1405 necessariam

408 1448 506 1501 sibi
539 1447 655 1514 ejus
677 1445 850 1499 adhuc
881 1446 930 1497 in
952 1458 1112 1498 carne
1138 1446 1471 1511 prmsentiam
1512 1442 1784 1495 rebantur.
1817 1441 1969 1507 Quod

397 1541 522 1591 dum
552 1538 650 1606 ipsi
698 1551 853 1590 mane
879 1538 1096 1603 quidam
1139 1537 1206 1588 de
1237 1536 1338 1588 illis
1381 1534 1662 1600 indicaret,
1714 1548 1834 1586 nam
1875 1547 1970 1586 ne-

399 1630 599 1681 sciente
634 1642 700 1680 eo
738 1628 993 1690 fecerant,
1046 1624 1376 1693 respondens
1423 1626 1600 1676 statim
1636 1640 1699 1678 :t
1738 1624 1801 1675 Et
1840 1624 1966 1689 quid

2068 455 2245 506 vante,
2265 444 2505 512 legendo,
2530 452 2582 497 et
2604 452 2858 512 quantum
2890 456 3024 511 opus
3044 450 3125 494 est
3157 440 3294 492 inter
3325 453 3421 491 nos
3445 438 3634 491 confc-

2065 534 2232 587 reudo
2259 549 2590 603 percurrere.
2621 533 2835 586 Factum
2866 542 2947 586 est
2973 542 3028 586 ut
3052 531 3279 585 dixerat.
3310 529 3474 595 Quam
3509 528 3632 583 ideo

2066 621 2343 676 lectionem
2376 632 2480 674 tam
2516 621 2771 675 citissime
2802 622 3074 691 eomplere
3093 620 3358 679 valebant,
3392 619 3515 687 qttia
3545 633 3634 670 sna

2068 713 2169 765 iam
2202 712 2253 766 in
2296 728 2357 766 ea
2412 712 2531 766 lidei
2563 726 2681 781 qua:
2710 727 2804 780 per
2843 712 3179 765 dilectionem
3224 720 3477 780 operatur
3506 708 3641 761 sim-

2072 804 2384 870 plicitatem,
2419 817 2522 856 non
2557 811 2733 855 autem
2764 804 3113 870 qumstionnm
3145 803 3403 868 profunda
3436 811 3633 854 tracta-

2073 894 2219 945 bant.
2244 892 2515 960 Completa
2547 907 2675 962 ergo
2706 903 2820 959 p03t
2866 902 3069 958 septem
3100 892 3213 946 dies
3247 893 3494 955 lectione,
3526 906 3639 945 me-

2070 993 2276 1036 morato
2305 994 2549 1052 arreptus
2579 984 2764 1037 morbo
2791 984 2868 1035 vir
2897 982 3100 1035 Domini
3130 983 3286 1036 Boisil
3315 985 3454 1036 diem
3480 997 3496 1019 ι’
3517 996 3637 1050 per-

2070 1075 2213 1127 venit
2263 1074 2328 1127 ad
2386 1075 2668 1139 ultimum,
2722 1082 2777 1127 et
2829 1076 2927 1126 hoc
2971 1075 2989 1103 ⁷
3038 1089 3224 1141 magna
3287 1075 3643 1127 exsultatione

2070 1173 2401 1231 transcenso,
2451 1166 2474 1198 ε
2504 1165 2689 1234 gaudia
2740 1174 3006 1233 perpetui:
3036 1165 3168 1217 lucis
3212 1161 3239 1200 ἀ
3269 1165 3501 1219 intravit.
3538 1165 3639 1219 Fe-

2073 1265 2198 1310 runt
2230 1258 2374 1310 illum
2408 1259 2490 1311 his
2518 1268 2723 1325 septem
2750 1258 2960 1320 diebus,
2985 1259 3160 1311 ouutia
3192 1258 3492 1312 Cudbercto
3519 1274 3637 1327 qua:

2070 1349 2118 1401 ei
2144 1349 2318 1401 futura
2349 1347 2949 1416 restabantexposuisse
2978 1364 2993 1402 :
3019 1347 3357 1416 propheticus
3390 1364 3638 1417 namque,

2072 1446 2128 1488 ιιι
2159 1439 2292 1501 dixi,
2323 1448 2377 1491 et
2404 1438 2553 1491 mine
2576 1437 2871 1492 sanctitatis
2892 1447 3008 1492 erat
3036 1438 3215 1492 homo.
3243 1438 3479 1507 Denique
3503 1456 3637 1507 pra:-

2072 1528 2197 1582 fata:
2225 1529 2573 1583 acerbitatem
2606 1529 2926 1597 pestilentia:
2955 1530 3185 1583 triennio
3216 1531 3518 1599 priusquam
3552 1547 3643 1585 te-

2074 1621 2211 1673 niret
2251 1620 2416 1672 Eatan
2460 1619 2641 1673 abbati
2672 1622 2692 1653 ⁹
2720 1635 2818 1673 suo
2865 1621 3109 1685 praedixit
3156 1621 3317 1674 luisse
3371 1623 3596 1674 futuram
3624 1660 3638 1681 ,

394 1719 591 1786 jaceu‘!
624 1716 831 1784 inquit:
862 1718 881 1745 ²
907 1729 1078 1783 neque
1103 1698 1243 1768 enim
1275 1713 1563 1780 putandum
1605 1721 1707 1774 est,
1740 1713 1860 1781 quia
1894 1719 1971 1763 tot
2006 1720 2047 1777 Β
2081 1724 2178 1763 nec
2204 1722 2264 1763 se
2304 1709 2389 1761 illa
2423 1709 2710 1763 tollendum
2759 1709 2949 1763 celavit
2980 1726 2990 1760 :
3019 1711 3190 1777 ipsum
3232 1724 3359 1763 vero
3400 1711 3641 1765 abbatem

400 1811 690 1877 taliumque
736 1808 969 1860 virorum
1017 1820 1200 1874 preces
1251 1805 1390 1858 Deus
1418 1803 1767 1869 'chpexerit
1801 1820 1812 1854 :
1846 1803 1968 1856 date

402 1901 646 1951 baculum
675 1905 731 1951 et
757 1899 956 1967 caligas
983 1913 997 1961 ;
1028 1915 1047 1947 ι
1079 1896 1467 1965 confestimque
1487 1909 1783 1963 exsurgens
1806 1896 1968 1961 erepit

401 1999 607 2043 tentare
639 1990 926 2053 incessum,
977 1987 1164 2043 baculo
1207 1988 1460 2051 innitens,
1482 1997 1538 2041 et
1571 1996 1846 2041 crescente
1879 1992 1971 2055 p’er

401 2078 515 2155 dies
548 2080 739 2131 virtute
786 2078 1066 2131 sanitatem
1100 2075 1312 2146 quidem
1358 2078 1580 2145 recepit,
1610 2082 1701 2129 sed
1731 2076 1852 2144 quia
1882 2086 1967 2129 tu-

402 2184 517 2221 mor
547 2169 635 2237 qui
667 2169 718 2221 in
750 2167 772 2198 ⁸
797 2168 999 2221 femore
1023 2166 1142 2236 ejus
1166 2167 1406 2235 parebat,
1442 2168 1691 2235 paulatim
1721 2182 1751 2220 a
1781 2181 1970 2235 super-

401 2258 518 2311 ticie
570 2258 942 2312 detumesceus
989 2258 1230 2325 corporis
1279 2256 1349 2311 ad
1402 2260 1668 2311 viscerum
1716 2257 1968 2312 interiora

399 2352 675 2420 prolapsus
703 2362 809 2417 est,
842 2362 949 2406 toto
976 2368 1110 2422 pene
1140 2354 1259 2406 vitae
1289 2367 1402 2407 sum
1450 2362 1691 2422 tempore
1720 2354 1970 2423 aliquan-

404 2444 567 2495 tulum
600 2444 991 2497 interaneorum
1022 2457 1126 2495 non
1175 2444 1421 2497 cessabat
1461 2444 1663 2499 sentire
1701 2444 1967 2511 dolorem,

401 2534 664 2598 videlicet,
705 2545 780 2598 ut,
816 2531 964 2601 juxta
991 2534 1332 2603 Apostolum,
1356 2532 1537 2588 Virtus
1582 2536 1634 2589 in
1665 2535 1973 2589 infirmitate

406 2625 773 2694 perﬁceretur.

468 2718 635 2782 Quem
681 2729 802 2769 cum
831 2712 1061 2769 famulus
1116 2715 1371 2770 Dominial
1396 2714 1561 2770 Boisil
1602 2730 1631 2769 a
1670 2715 1973 2770 valetudine

400 2818 642 2861 sanatum
679 2817 948 2875 cerneret,
985 2811 1060 2861 ait
1090 2825 1103 2861 :
1140 2827 1161 2860 ι
1197 2809 1373 2875 Vides,
1407 2808 1591 2875 frater,
1623 2810 1747 2878 quia
1778 2811 1974 2863 libera-

401 2910 485 2952 tus
528 2913 588 2952 es
615 2914 642 2950 a
688 2899 931 2953 molestia
971 2915 1073 2967 qua
1105 2900 1407 2965 laborabas,
1458 2909 1516 2954 et
1552 2901 1671 2954 dico
1704 2900 1796 2954 libi
1829 2900 1972 2970 quod

396 3005 458 3044 ea
481 2989 591 3058 jam
624 2994 759 3043 ultra
792 2991 1083 3059 tangendus
1115 3006 1219 3044 non
1239 3004 1323 3055 es,
1356 3006 1529 3059 neque
1552 2991 1653 3045 hoc
1681 2993 1974 3046 moriturus

2074 1819 2227 1857 suum
2249 1819 2352 1856 non
2381 1818 2445 1856 ea
2475 1804 2814 1870 moriturum,
2842 1802 2935 1856 sed
2968 1802 3058 1856 illo
3088 1806 3259 1871 potius
3283 1804 3467 1857 inorbo
3487 1818 3643 1872 quem

2070 1895 2431 1965 dysenteriam
2482 1896 2671 1949 medici
2718 1896 3005 1964 appellant,
3054 1896 3323 1960 veridco,
3369 1907 3424 1949 ut
3471 1911 3644 1949 rerum

2078 1987 2259 2041 exitus
2289 1986 2492 2052 docuit,
2536 2000 2785 2041 sermone
2817 1987 3155 2055 praemonuit.
3187 1986 3291 2040 Sed
3328 1996 3383 2059 et
3410 1987 3650 2041 Cudber-

2072 2088 2164 2132 cto
2200 2078 2339 2132 inter
2362 2076 2490 2146 alia,
2523 2079 2644 2148 quia
2672 2078 2954 2146 episcopus
2988 2087 3131 2133 esset
3163 2077 3490 2132 ordinandus
3523 2081 3649 2131 ιιιεὶ-

2074 2170 2275 2224 nuavit.
2327 2169 2479 2225 Unde
2508 2170 2647 2224 idem
2690 2170 3023 2226 Cudberctus
3074 2170 3409 2238 postmodum
3455 2174 3504 2225 in
3557 2188 3645 2226 se—

2071 2273 2231 2312 cessu
2282 2260 2679 2315 anachoreseos
2729 2264 2965 2330 positus,
3016 2261 3197 2317 dicere
3245 2263 3461 2329 quidem
3518 2266 3647 2316 tutlti

2075 2350 2291 2403 volebat
2331 2350 2452 2419 quia
2503 2351 2811 2419 episcopum
2851 2366 2975 2406 eum
3024 2352 3329 2421 praedixerit
3373 2352 3646 2407 futurum:

2071 2441 2166 2495 sed
2198 2451 2375 2495 tamen
2407 2441 2745 2496 visitautibus
2786 2455 2846 2497 se
2885 2442 3165 2511 aliquoties
3196 2441 3470 2508 fratribus,
3504 2443 3648 2496 sole-

2073 2536 2162 2589 bat
2186 2536 2355 2589 multo
2385 2550 2506 2589 cum
2532 2535 2721 2589 dolore
2744 2537 3027 2604 protestari
3054 2555 3066 2589 :
3099 2535 3229 2604 Quia
3252 2538 3413 2589 etiam
3456 2536 3501 2590 si
3532 2536 3647 2591 lieri

2073 2630 2262 2696 possit,
2292 2635 2351 2680 ut
2376 2627 2421 2668 ι⁰
2442 2626 2496 2681 in
2538 2637 2697 2682 caute
2728 2629 3087 2696 permodicam
3134 2628 3511 2683 domunculam
3553 2633 3649 2681 Ita-

2074 2721 2206 2773 bens
2232 2719 2507 2782 deliteam,
2542 2720 2631 2773 ubi
2684 2721 3128 2775 circumferentes
3151 2736 3237 2775 me
3278 2721 3509 2790 undique
3548 2721 3641 2774 liu~

2072 2822 2192 2865 ctus
2240 2812 2438 2867 Oceani
2477 2812 2844 2877 tumescentis,
2895 2827 2926 2866 a
2977 2820 3289 2868 cunctorum
3337 2817 3642 2868 mortalium

2081 2904 2204 2958 visu
2236 2902 2436 2972 pariter
2456 2910 2512 2957 et
2538 2903 2840 2972 cognitione
2866 2888 3181 2957 recludant:
3208 2917 3304 2957 nec
3325 2905 3404 2957 sic
3433 2903 3644 2972 quidem

2075 2993 2305 3048 liberum
2353 3009 2441 3049 me
2470 2994 2536 3050 ab
2559 2993 2765 3049 insidiis
2797 2995 2978 3049 mundi
3010 2993 3244 3049 fallentis
3282 2996 3512 3061 testimo,
3553 2999 3647 3049 sed

398 3078 452 3131 in
483 3089 762 3147 tempore;
796 3079 1061 3146 simulque
1104 3094 1316 3145 moneo,
1347 3089 1405 3133 ut
1441 3081 1565 3149 quia
1608 3096 1697 3135 me
1727 3098 1873 3140 mors
1906 3065 2043 3135 vi-C
2077 3084 2147 3137 ibi
2188 3098 2400 3154 quoque
2438 3083 2566 3153 quia
2614 3084 2848 3153 qualibet
2889 3100 2952 3139 ex
2993 3099 3152 3139 causa
3186 3085 3507 3157 philargyria
3562 3103 3648 3141 me

399 3171 516 3223 cina
544 3170 904 3239 prastolatur,
936 3169 1143 3225 discere
1171 3186 1201 3224 a
1249 3187 1335 3226 me
1378 3171 1579 3238 aliquid
1614 3173 1847 3241 quandiu
1874 3172 1971 3227 do-

396 3276 521 3317 cere
547 3262 748 3314 valeam
791 3276 895 3315 non
942 3262 1177 3316 omittas.
1208 3261 1326 3316 Non
1368 3263 1511 3316 enim
1543 3263 1660 3331 plus
1688 3278 1849 3333 quam
1881 3279 1970 3319 se-

403 3366 547 3422 ptem
594 3352 709 3407 dies
738 3360 883 3418 sunt,
917 3351 1110 3421 quibus
1157 3351 1288 3406 mihi
1337 3355 1404 3406 ad
1430 3352 1730 3408 docendum
1771 3356 1970 3408 sanitas

397 3452 677 3518 corporis,
734 3458 788 3503 et
845 3449 1035 3518 linguae
1081 3457 1328 3517 suppetat
1371 3452 1560 3503 virtus.
1593 3468 1614 3502 ι
1677 3450 1972 3517 Respondit

396 3537 757 3607 Cudberctus,
787 3537 919 3592 nihil
952 3538 1205 3593 hazsitans
1253 3538 1321 3595 de
1348 3542 1575 3595 veritate
1616 3540 1883 3595 dictorum
1915 3542 1976 3595 il-

396 3630 570 3685 iiusu
602 3630 668 3684 Et
693 3628 841 3700 quid,
873 3642 1023 3699 rogo,
1049 3629 1307 3697 optimum
1340 3630 1469 3685 mihi
1496 3641 1577 3686 est
1598 3631 1797 3702 legere,
1831 3634 1971 3701 quod

404 3732 584 3776 tamen
641 3737 741 3775 una
791 3720 999 3775 valeam
1050 3735 1419 3776 consummare
1474 3724 1815 3792 septimana?
1848 3742 1868 3776 ι
1906 3728 1975 3779 At

406 3811 497 3865 ille
529 3827 541 3863 :
571 3829 591 3862 ι
620 3810 901 3877 Joannem,
952 3811 1141 3881 inquit,
1173 3814 1577 3883 evangelistam.
1609 3834 1628 3868 ι
1665 3816 1758 3871 Est
1792 3828 1972 3872 autem

401 3903 531 3957 mibi
578 3903 746 3958 codex
776 3902 803 3941 ¹³
829 3902 1031 3958 habens
1086 3907 1466 3972 quaterniones
1520 3918 1723 3975 septem
1750 3950 1765 3975 ,
1789 3909 1812 3941 ⁵
1839 3926 1971 3979 quas

2075 3184 2289 3229 tentans
2318 3175 2561 3244 abripere
2592 3175 2759 3244 possit
2779 3189 2987 3228 vereor.

2074 3285 2229 3340 CAP.
2283 3285 2372 3340 IX.
2453 3286 2617 3350 Quam
2684 3284 2891 3339 sedulus
2946 3301 3067 3355 erga
3124 3288 3460 3341 tttittt'sten'um
3515 3291 3650 3343 νενίιῆ

2552 3356 2865 3409 Cudberctus
2892 3358 3157 3410 exstiterit.

2148 3450 2273 3505 Post
2304 3452 2341 3482 “
2370 3449 2573 3505 obitum
2615 3465 2743 3520 ergo
2787 3450 2963 3505 dilecti
2998 3450 3103 3504 Deo
3138 3452 3430 3508 sacerdotis
3465 3454 3642 3509 Boisili

2080 3551 2429 3597 memoratum
2460 3541 2728 3609 υττεροεὶιί
2759 3539 2993 3594 officium
3021 3540 3355 3595 Cudberctus
3386 3546 3647 3613 suscepit,

2077 3642 2132 3687 et
2161 3647 2256 3702 per
2283 3633 2487 3700 aliquot
2525 3646 2696 3685 annos
2743 3631 2993 3701 spiritali,
3034 3641 3089 3685 ut
3122 3642 3363 3686 sanctum
3405 3634 3644 3695 decebat,

2076 3740 2335 3779 exercens
2368 3724 2650 3788 industria,
2688 3730 2712 3759 ε
2744 3738 2848 3777 non
2879 3723 3051 3777 solum
3083 3725 3181 3792 ipsi
3214 3726 3537 3780 monasterio
3567 3742 3649 3779 re-

2074 3816 2273 3886 gularis
2303 3814 2422 3871 vitae
2451 3814 2675 3879 monita,
2726 3814 2885 3869 simul
2932 3824 2987 3870 et
3028 3815 3274 3885 exempla
3308 3814 3648 3881 praeferebat.

2075 3905 2169 3961 sed
2200 3917 2254 3961 et
2298 3906 2488 3976 vulgus
2538 3906 2978 3974 circumpositum
3030 3904 3185 3974 longe
3227 3904 3436 3976 lateque
3477 3922 3506 3961 a
3543 3911 3649 3960 vita

1358 4013 1823 4071 VULGATUBL‘M
1869 4014 2259 4072 VARIANTES
2299 4014 2701 4070 LECTIONES.

484 4107 497 4135 ¹
529 4102 705 4156 Datus.

477 4174 498 4203 ⁸
528 4176 563 4223 .\
578 4191 697 4241 eque
722 4174 859 4226 enim
886 4172 1239 4228 dubitandum.

481 4252 498 4279 ³
529 4242 646 4294 Non
665 4244 962 4309 despexerit.

475 4311 497 4341 ⁸
526 4311 736 4364 Femare
759 4316 1049 4381 apparebat.

477 4383 494 4412 Ι

477 4452 497 4483 ⁸
518 4383 784 4522 gi‘ri’g‘ulos.

2150 4107 2170 4135 ⁷
2196 4105 2249 4158 Μ
2255 4121 2389 4174 agna
2418 4119 2551 4156 cum.

2151 4178 2169 4204 "
2195 4178 2269 4227 Ad
2299 4177 2561 4247 gaudium.

2138 4244 2173 4277 ’⁵⁵
2198 4244 2431 4310 Suo/ilio
2460 4248 2708 4311 futuram.

2154 4315 2196 4346 ¹⁰
2219 4314 2449 4367 Incaute.

2155 4389 2190 4416 ”
2221 4389 2423 4439 Ubitttm
2450 4402 2583 4437 vero.

1720 4542 2069 4596 VARIORUM
2108 4541 2338 4596 ΝΟΤᾹΞ.

1720 4544 1757 4596 V
2026 4542 2069 4596 ii
2137 4543 2148 4556 ‘
2203 4541 2243 4594 Τ
2324 4579 2338 4594 .

398 4613 681 4689 Cudbercti
723 4631 1183 4688 observationibus
1229 4634 1371 4702 apud
1412 4634 1530 4690 Act.
1579 4634 1709 4689 Ben.
1754 4542 2059 4701 eligitur)
2084 4542 2202 4686 ea:
2230 4541 2499 4700 pipositi
2540 4631 2911 4702 Mailrosensis
2926 4628 3159 4684 officium
3192 4630 3445 4702 suscepit.
3478 4640 3531 4686 et
3554 4648 3651 4699 per

403 4722 457 4773 p.
488 4705 611 4767 878,
639 4704 911 4755 affirmans
942 4704 999 4758 S.
1024 4703 1380 4758 Cudberctum
1410 4705 1680 4773 accepisse
1710 4720 1815 4758 non
1846 4704 1978 4759 Sco-

403 4782 582 4836 ticam,
605 4774 697 4826 sed
735 4773 897 4836 Petri,
930 4788 1139 4828 errasse
1166 4774 1391 4837 videtur,
1432 4784 1487 4829 et
1536 4792 1565 4828 e
1590 4782 1775 4828 contra
1805 4775 1977 4828 conti-

404 4855 654 4897 nuatores
708 4843 943 4912 Bullandi
992 4854 1135 4899 recte
1191 4848 1551 4912 suspicantur,
1594 4853 1794 4898 textum
1844 4860 1975 4897 ano-

403 4915 545 4981 nymi
577 4912 663 4980 qui
704 4911 869 4965 Vitam
898 4912 956 4966 S.
984 4913 1259 4967 Cudbercti
1289 4911 1525 4978 scripsit,
1561 4915 1697 4969 idem
1723 4929 1973 4970 asseren-

403 4995 533 5045 tem,
566 4998 630 5035 eo
662 4984 776 5035 loco
804 4982 1177 5049 interpolatum
1207 4999 1345 5037 esse.
1380 4984 1573 5039 Sirmi.

480 5063 502 5088 ⁸
530 5052 711 5105 Boisil.
749 5052 821 5105 De
850 5055 948 5104 hoc
979 5055 1095 5107 vide
1127 5069 1199 5117 ιν,
1226 5054 1315 5117 ‘27,
1347 5066 1400 5108 et
1430 5071 1479 5119 v,
1512 5057 1566 5109 9.
1598 5052 1672 5109 lo.

477 5122 502 5195 ιξ
534 5125 584 5176 lu
620 5122 711 5176 lib.
742 5122 917 5195 Mirac.
949 5123 1007 5195 ξ.
1048 5124 1327 5195 Cuthberti
1359 5140 1478 5195 cap.
1512 5126 1609 5179 ult.
1653 5125 1845 5178 dicitur
1870 5124 1971 5179 iste

400 5194 571 5247 codex
606 5194 657 5244 iu
689 5192 915 5247 ecclesia
950 5193 1289 5248 Dunelmensi
1319 5192 1603 5248 asservari.
1636 5195 1858 5249 MABILL.

479 5274 501 5301 ε
526 5261 783 5316 Pervenit.
812 5262 972 5334 Boisil
1001 5266 1130 5316 obiit
1154 5266 1309 5333 paulo
1340 5275 1457 5334 post
1478 5266 1773 5319 discessum
1807 5267 1972 5319 Eatan

402 5348 734 5405 suorumque
762 5347 789 5384 a
825 5332 1455 5405 lltjipensilnnnasterio,
1485 5337 1571 5405 qui
1607 5336 1799 5390 accidit
1826 5338 1970 5390 circa

403 5418 494 5455 an.
526 5401 656 5464 66!,
678 5402 827 5472 juxta
880 5403 1024 5460 Matt.
1072 5402 1298 5459 Westm.
1335 5406 1463 5460 Vide
1503 5401 1665 5460 etiam
1699 5415 1877 5461 notam
1910 5404 1978 5461 de

406 5482 650 5535 tempore
681 5473 982 5528 donationis
1014 5474 1170 5542 hujus
1203 5476 1510 5531 monasterii
1556 5477 1621 5529 ad
1674 5476 1973 5541 Vilfridum,

402 5558 459 5607 ν,
488 5544 572 5596 19.
608 5544 941 5597 Mabillonius
965 5545 1015 5597 in
1046 5559 1144 5597 suo
1173 5547 1370 5599 saeculo
1391 5560 1429 5599 ιι
1458 5557 1507 5600 et
1534 5545 1769 5600 llollandi
1796 5548 1973 5600 conti-

402 5622 661 5667 nuatores
700 5612 771 5665 ΞΟ
818 5613 989 5668 Martii
1040 5614 1292 5668 Boisilum
1353 5615 1544 5670 frustra
1597 5617 1745 5670 aiunt
1787 5616 1976 5671 defun-

403 5694 550 5739 ctum
575 5698 662 5736 an.
696 5684 820 5737 66b.
851 5686 981 5747 Quia
1011 5698 1126 5748 cap.
1160 5686 1192 5736 9
1222 5694 1339 5752 post
1373 5686 1624 5740 Boisilum
1646 5687 1701 5741 S.
1734 5687 1972 5742 Cudber-

735 5777 1001 5835 l’nnot.
1044 5775 1251 5835 XCIV.

2080 4699 2286 4772 aliquot
2328 4699 2499 4754 annos
2536 4706 2732 4772 tenuit;
2759 4700 2852 4772 sed
2902 4701 3003 4753 hoc
3052 4716 3154 4772 non
3198 4699 3373 4769 potuit
3416 4706 3651 4757 tenuisse

2082 4769 2186 4839 per'
2219 4774 2422 4839 aliquot
2465 4784 2655 4831 annos,
2690 4769 2733 4823 si
2784 4770 2834 4822 id
2884 4769 3205 4829 suscepisset
3257 4785 3343 4823 an.
3400 4772 3539 4833 664;
3583 4790 3648 4823 eo

2078 4844 2220 4897 enim
2252 4844 2367 4909 ipso
2396 4854 2537 4894 anno
2566 4839 2737 4894 iactus
2785 4846 2867 4893 est
2918 4839 3363 4909 Lindisfarnensis
3394 4848 3648 4909 praeped-

2078 4922 2163 4966 tus
2193 4908 2420 4965 abEata
2448 4911 2537 4977 qui
2581 4909 2718 4962 idem
2752 4908 3131 4962 monasterium
3163 4910 3369 4963 abbatis
3393 4908 3517 4976 jure
3539 4923 3646 4965 tum

2080 4982 2235 5039 rexit.
2273 4980 2403 5035 Vide
2432 4994 2550 5048 cap.
2584 4978 2673 5049 i6,
2702 4989 2753 5032 et
2787 4994 2862 5043 ιιι,
2896 4981 2987 5045 26,
3012 4990 3063 5033 et
3095 4980 3237 5033 Flor.
3272 4978 3407 5049 Wig.
3440 4990 3494 5034 et
3515 4981 3646 5037 Sim.

2076 5050 2217 5105 Dun.
2243 5066 2299 5118 p.
2327 5052 2381 5116 5,
2405 5061 2457 5104 et
2483 5065 2552 5114 tv,
2580 5048 2670 5103 27.
2704 5049 2897 5105 Sami.

2146 5121 2174 5159 ά
2205 5117 2357 5174 Anno
2380 5120 2523 5174 circa
2551 5118 2655 5173 664
2682 5131 2735 5174 et
2764 5121 2974 5189 quidem
3009 5135 3037 5170 ν
3068 5117 3187 5173 ldus
3212 5119 3507 5187 Septemb.,
3546 5138 3651 5187 quo

2073 5191 2160 5247 die
2190 5191 2242 5245 in
2292 5190 2462 5244 Fastis
2506 5190 2702 5260 Dened.
2735 5191 3055 5260 celebratur.
3100 5190 3172 5243 De
3221 5205 3287 5244 eo
3315 5193 3443 5260 agit
3489 5193 3647 5247 etiam

2075 5263 2215 5317 Beda
2263 5264 2316 5315 in
2347 5261 2439 5315 lib.
2472 5276 2525 5314 tv
2568 5259 2703 5315 Hist.
2754 5275 2875 5327 cap.
2902 5258 2993 5320 27.
3033 5260 3119 5311 ubi
3165 5259 3347 5315 statuit
3377 5258 3646 5315 'ntonuste-

2073 5335 2206 5386 rium
2232 5331 2447 5385 Mailros
2468 5332 2522 5383 in
2544 5331 2659 5402 ripa
2686 5329 3088 5402 Tuidi/luminis
3108 5334 3331 5400 positum
3357 5332 3407 5385 in
3440 5336 3643 5402 Anglia:

2076 5402 2379 5471 Scotiteque
2428 5401 2718 5463 confiniis,
2773 5401 3287 5471 cujusimonasterii
3343 5401 3546 5469 postea
3577 5409 3641 5457 ai

2077 5470 2460 5529 Cistercieuses
2491 5471 2727 5526 devoluti
2774 5470 2993 5539 vestigia
3041 5471 3285 5538 quaedam
3336 5488 3646 5539 supersunt,

2082 5553 2311 5599 testante
2341 5540 2535 5597 Davide
2563 5542 2882 5598 camerario.
2913 5541 3139 5597 MARILL.

2157 5624 2180 5651 θ
2207 5614 2326 5684 Non
2366 5613 2551 5684 solum.
2585 5609 2775 5666 Totum
2806 5610 2917 5666 [ere
2964 5624 3123 5680 caput
3172 5613 3292 5668 vide
3319 5615 3648 5684 exscriptum

2084 5686 2133 5739 in
2164 5700 2236 5751 tv,
2264 5683 2355 5737 27.
2383 5682 2572 5737 SMITII.
