4220 6452
613 217 713 268 747

1328 222 1523 277 ΒιεζῐὶίΕ
1571 220 2012 276 \‘ENIﬁItABlLlS
2050 221 2195 277 OPP.
2240 221 2410 278 PARS
2449 221 2535 276 IV.
2575 252 2644 264 --
2682 222 3060 278 lilSTOillCA.

3745 218 3851 272 N8

616 333 786 384 slttlltB
813 335 1216 390 consuetudinis
1264 338 1326 388 ad
1357 339 1655 390 (tolestiutn
1697 338 2005 406 gaudiorum
2049 353 2178 391 con-
2209 342 2255 399 Α
2288 353 2416 405 gens
2454 339 2886 392 monasterium‘
2917 337 3056 406 quod
3107 337 3264 390 situm
3304 349 3387 393 est
3428 339 3480 392 in
3522 338 3643 393 loco
3690 355 3852 409 quem

617 435 826 480 vertere
856 429 1077 482 curabat
1118 444 1374 486 amorem.
1408 431 1540 482 Nam
1568 439 1621 484 et
1649 431 1798 485 multi
1830 432 1985 486 Iidem
2027 447 2181 500 quam

621 517 883 570 habebant
937 519 1126 588 iniquis
1175 520 1526 588 profanabant
1575 521 1863 588 Operibus;
1913 532 1964 574 et
2021 520 2183 589 aliqui

625 609 784 661 etiam
827 619 1063 675 tempore
1095 611 1455 677 mortalitatis,
1510 614 1750 680 neglecto
1797 612 1915 664 lidei
1955 626 2059 680 quo
2088 611 2185 663 im-

618 701 727 754 buti
758 712 906 754 erant
926 714 1283 766 sacramento,
1314 704 1377 757 ad
1409 705 1637 759 erratica
1663 714 1687 738 ιι
1721 702 1980 754 idolatria:
2009 701 2182 754 inedi-

616 793 816 844 catnina
847 794 1267 857 concurrebant,
1295 793 1442 864 quasi
1472 797 1685 848 missam
1719 810 1745 846 a
1780 793 1887 846 Deo
1911 793 2185 846 conditore

618 886 817 950 plagam
852 900 946 952 per
995 887 1381 942 incantationes
1411 887 1490 941 vel
1515 884 1894 953 balligaturas,
1944 885 2028 939 vel
2081 885 2180 936 alia

615 977 865 1042 qualibet
915 977 1256 1031 daemoniacte
1301 979 1432 1032 artis
1477 993 1688 1042 arcana,
1743 979 1990 1030 cohibere
2039 978 2180 1029 vale-

615 1079 754 1119 rent.
811 1068 888 1120 Ad
941 1077 1288 1136 utrorumque
1340 1083 1469 1138 ergo
1527 1070 1895 1138 corrigendum
1947 1083 2183 1120 errorem

611 1160 804 1211 crebro
838 1160 949 1228 ipse
981 1160 1048 1213 de
1079 1162 1411 1214 monasterio
1442 1175 1707 1228 egressus,
1739 1159 2022 1228 aliquoties
2049 1175 2185 1226 equo

615 1247 833 1314 sedens,
870 1249 961 1301 sed
993 1251 1190 1317 saspius
1220 1251 1446 1316 pedibus
1479 1250 1750 1310 illCt'dCllS,
1776 1249 2184 1316 circumpositas

616 1339 869 1392 veniebat
891 1339 956 1390 ad
1004 1340 1174 1402 villas,
1207 1349 1261 1392 et
1299 1339 1436 1391 viam
1484 1338 1719 1393 veritatis
1750 1337 2069 1405 praedicabat
2103 1353 2186 1390 er-

618 1430 877 1491 rantibus,
932 1430 1071 1497 quod
1118 1431 1286 1494 ipsum
1337 1429 1492 1481 etiam
1545 1430 1770 1480 lioisdus
1808 1444 1907 1480 suo
1947 1437 2188 1496 tetnpOre

616 1517 793 1572 facere
831 1528 1200 1572 cuiusneverat.
1239 1518 1367 1571 Erat
1407 1520 1600 1586 quippe
1635 1521 1798 1569 moris
1840 1533 1905 1570 eo
1952 1528 2186 1583 tempore

618 1610 825 1676 populis
882 1609 1194 1678 Anglorum,
1248 1620 1301 1662 ut
1347 1611 1593 1662 veniente
1640 1609 1822 1661 villam
1867 1607 2062 1661 clerico
2104 1611 2184 1661 vel

2288 427 2311 464 ⁴¹
2336 427 2523 482 Coludi
2554 430 2734 482 urbem
2760 437 3088 496 nuncupant,
3113 429 3364 498 religione
3395 431 3590 497 pariter
3611 441 3666 485 et
3694 432 3851 484 nobi-

2288 517 2432 570 litate
2461 519 2665 571 cunctis
2686 517 3046 582 honorabilis;
3073 535 3300 588 namque
3322 530 3436 572 erat
3464 536 3616 573 soror
3643 523 3854 575 uterlna

2286 610 2426 675 regis
2467 607 2488 638 ³
2518 609 2700 662 Usvin.
2746 609 2868 662 llaec
2905 608 2968 660 ad
3011 609 3178 662 virum
3213 609 3304 663 Dei
3361 611 3600 675 mittens,
3650 624 3854 681 rogavit

2291 710 2339 750 ut
2374 713 2432 750 se
2457 713 2720 767 suumque
2749 701 3127 752 monasterium
3161 703 3328 769 gratia
3358 702 3743 756 exhortationis
3775 705 3855 754 in-

2287 790 2459 842 visere
2509 791 2834 858 dignaretur.
2888 791 2995 846 Nec
3049 807 3242 860 negare
3281 796 3448 860 potuit
3487 796 3627 863 quod
3670 797 3737 848 ab
3782 812 3849 848 eo

2284 881 2514 932 citaritas
2537 897 2600 934 ex
2631 881 2837 934 ancilla:
2884 882 2972 936 Dei
3009 884 3170 937 corde
3210 885 3464 951 poposcit.
3504 886 3657 939 Venit
3686 888 3852 954 igitur

2285 972 2350 1024 ad
2383 973 2575 1038 locum,
2616 973 2833 1042 diesque
2864 975 3060 1042 aliquot
3097 976 3163 1030 ibi
3198 991 3534 1044 permanens,
3567 979 3703 1032 viam
3729 980 3851 1046 jus-

2289 1063 2415 1115 titi:e
2448 1061 2470 1092 ⁸
2509 1079 2666 1128 quam
2718 1063 3060 1131 praedicabat,
3102 1067 3349 1118 omnibus
3396 1079 3515 1120 actu
3560 1071 3758 1136 pariter
3802 1080 3856 1121 et

2286 1168 2532 1204 sermone
2562 1153 2846 1220 pandebat.

2356 1247 2453 1309 Qui
2486 1261 2604 1298 cum
2642 1261 2790 1300 more
2817 1247 2916 1300 sibi
2941 1248 3098 1300 solito
3127 1247 3521 1315 quiescentibus
3559 1234 3712 1303 noctu
3742 1266 3854 1304 cm-

2287 1336 2412 1387 teris
2452 1336 2516 1387 ad
2562 1337 2854 1390 orationem
2900 1338 3047 1392 solus
3085 1340 3278 1403 exiret,
3308 1351 3360 1392 et
3400 1350 3519 1408 post
3559 1341 3739 1410 longas
3773 1344 3855 1394 iu-

2277 1435 2560 1495 ‘tempestae
2593 1430 2779 1483 noctis-
2800 1431 3002 1499 vigilias
3033 1433 3246 1484 tandem
3280 1433 3506 1486 instante
3546 1436 3673 1486 liora
3703 1448 3850 1488 com-

2288 1522 2462 1574 munis
2490 1537 2753 1590 synaxeos
2784 1524 2998 1576 domum
3033 1525 3262 1590 rediret;
3288 1526 3508 1593 quadam
3537 1536 3689 1580 nocte
3714 1542 3851 1579 unus

2288 1631 2318 1666 e
2367 1614 2616 1668 fratribus
2659 1615 2898 1684 ejusdem
2946 1618 3276 1682 monasterii,
3323 1633 3440 1670 cum
3486 1618 3848 1684 egredientem

618 1699 929 1769 presbytero
958 1701 1134 1754 cuncti
1162 1700 1228 1753 ad
1253 1701 1368 1768 ejus
1395 1700 1674 1766 imperimn
1702 1699 1919 1752 verbum
1956 1700 2184 1752 audituri
2221 1703 2262 1761 Β
2293 1704 2435 1755 illum
2472 1705 2684 1758 silentio
2725 1715 2990 1768 cerneret,
3021 1707 3261 1760 clanculo
3292 1719 3504 1760 secutus
3543 1707 3659 1776 ejus
3688 1709 3853 1760 vesti-

615 1791 968 1853 conllueient,
1019 1793 1246 1845 libenter
1291 1807 1350 1844 ea
1404 1806 1521 1859 quae
1573 1791 1878 1844 dicerentur
1919 1792 2184 1858 audirent,

621 1883 975 1951 libentinsque
1005 1899 1120 1950 quae
1147 1884 1334 1936 audire
1371 1893 1422 1936 et
1472 1883 1767 1949 intelligere
1800 1893 2041 1950 poterant
2063 1899 2190 1951 ope-

621 1973 789 2026 rando
817 1985 1188 2042 sequerentur.
1233 1975 1397 2027 Porro
1426 1973 1725 2027 Cudbercto
1757 1986 1896 2027 tanta
1937 1985 2052 2028 erat
2093 1977 2187 2028 do-

615 2065 770 2118 cendi
818 2066 1028 2132 peritia,
1069 2076 1244 2119 tantus
1293 2080 1440 2117 amor
1472 2066 1823 2134 persuadendi
1855 2082 1974 2136 qua:
2020 2081 2189 2134 caspe-

621 2166 724 2219 rat,
759 2157 858 2210 tale
883 2159 1054 2210 vultus
1080 2157 1300 2226 angelici
1332 2157 1534 2219 lumen,
1568 2169 1620 2210 ut
1649 2158 1824 2210 nullus
1849 2161 2189 2225 przesentiutn

627 2247 862 2301 latebras
919 2249 964 2300 ei
1013 2248 1095 2302 sui
1146 2248 1321 2300 cordis
1369 2250 1544 2302 celare
1595 2259 1960 2314 prazsumeret,
2002 2263 2192 2304 omnes

623 2337 794 2402 palam
818 2353 934 2406 quae
963 2347 1238 2406 gesserant
1263 2337 1566 2391 caulitendo
1593 2337 1914 2404 proferrent,
1933 2336 2068 2406 quia
2107 2341 2190 2392 ni-

621 2429 812 2480 mirum
836 2428 949 2480 haec
969 2430 1154 2481 eadem
1180 2428 1324 2480 illum
1360 2429 1527 2482 latere
1557 2429 1703 2482 nullo
1734 2429 1890 2481 modo
1916 2432 2189 2496 putabant,

617 2529 672 2571 et
694 2518 936 2574 confessa
969 2519 1162 2586 dignis,
1197 2528 1254 2571 ut
1302 2517 1619 2588 imperabat,
1665 2519 1990 2584 ptenitentia:
2021 2518 2191 2573 fructi-

621 2612 720 2664 bus
762 2613 1151 2680 abstergerent.
1193 2611 1410 2666 Solebat
1454 2622 1633 2663 autem
1687 2625 1748 2663 ea
1795 2612 2025 2664 maxime
2077 2611 2191 2666 loca

625 2719 932 2772 peragrare,
966 2703 1068 2756 illis
1100 2702 1392 2771 praedicare
1433 2701 1484 2754 in
1510 2701 1757 2765 vinculis,
1781 2717 1870 2768 qui
1903 2702 1953 2753 in
1985 2703 2192 2765 arduis,

622 2794 935 2862 asperisque
962 2793 1237 2848 montibus
1262 2793 1441 2859 procul
1467 2792 1626 2860 positi
1658 2791 1778 2843 aliis
1807 2791 2014 2844 horrori
2041 2804 2191 2847 erant

623 2887 690 2938 ad
725 2885 1023 2949 visendum,
1049 2895 1100 2936 et
1124 2891 1433 2952 paupeitate
1463 2881 1659 2950 pariter
1681 2894 1744 2934 ac
1779 2882 2072 2935 rustit'itaie
2099 2898 2193 2936 sua

621 2975 902 3028 ductorum
961 2973 1314 3042 prohibebant
1362 2990 1656 3029 accessum.
1689 2977 1832 3044 Quos
1880 2990 2052 3031 tamen
2108 2977 2195 3031 ille

2288 1795 2392 1863 gia,
2423 1812 2526 1864 quo
2561 1797 2658 1861 ire,
2703 1798 2896 1864 quidve
2927 1814 3084 1866 agere
3116 1803 3275 1852 vellet
3303 1800 3614 1869 dignoscere
3643 1818 3854 1868 quer-

2294 1887 2400 1939 bat.
2445 1888 2512 1938 At
2534 1886 2622 1939 ille
2662 1902 2906 1954 egressus
2937 1891 3281 1952 monasterio,
3313 1901 3565 1958 sequente
3600 1893 3856 1960 explora-

2292 1987 2405 2030 tore
2451 1979 2723 2032 descendit
2766 1981 2830 2032 ad
2886 1996 3030 2034 mare
3085 1983 3235 2049 cujus
3284 1985 3414 2051 ripas
3468 1989 3846 2037 monasterium

2291 2067 2430 2120 idem
2479 2071 2866 2137 stiperpositum
2911 2082 3054 2136 erat;
3107 2072 3484 2141 ingressusque
3515 2075 3851 2129 altitudinem

2293 2161 2476 2225 maris,
2515 2159 2684 2213 donec
2726 2163 2789 2214 ad
2822 2164 3015 2216 collum
3062 2179 3228 2232 usque
3255 2181 3316 2219 ac
3357 2167 3569 2221 brachia
3602 2169 3739 2221 unda
3769 2180 3854 2222 tu-

2299 2265 2451 2302 mens
2505 2263 2829 2321 assurgeret,
2884 2257 3172 2323 pervigiles
3217 2257 3440 2311 undison
3467 2273 3492 2312 s
3520 2260 3570 2312 in
3616 2261 3863 2314 laudibus

2295 2341 2542 2395 tenebras
2582 2343 2750 2396 noetis
2787 2347 2979 2412 exegit.
3017 2347 3488 2416 Appropinquante
3518 2358 3694 2403 autent
3723 2353 3863 2404 dilu-

2297 2434 2417 2486 culo
2465 2434 2757 2490 ascendens
2799 2437 2848 2490 iu
2902 2448 3119 2503 terram,
3166 2440 3340 2493 denuo
3385 2443 3544 2509 cmplt
3580 2441 3631 2494 in
3680 2442 3863 2496 littore

2295 2523 2453 2577 ﬂexis
2484 2526 2704 2592 genibus
2749 2542 2924 2579 orare.
2951 2529 3099 2592 Quod
3143 2528 3268 2582 dum
3299 2541 3480 2599 ageret
3515 2545 3707 2584 venere
3733 2545 3864 2584 con-

2301 2614 2448 2667 tinuo
2492 2615 2598 2668 duo
2643 2615 2711 2669 de
2767 2616 3028 2682 profundo
3084 2619 3246 2671 maris
3299 2618 3689 2687 quadrupedis,
3742 2636 3866 2689 qua:

2299 2704 2626 2772 vulgolutrze
2647 2715 2922 2760 vocantur.
2951 2707 3072 2761 llaec
3100 2717 3222 2761 ante
3245 2709 3386 2761 illmn
3416 2719 3576 2761 strata
3601 2711 3652 2763 in
3671 2725 3858 2773 ari-na,

2297 2795 2534 2848 anhelitu
2575 2811 2673 2850 suo
2719 2798 2879 2864 pedes
2918 2797 3032 2866 ejus
3079 2797 3258 2851 fovere
3292 2809 3586 2866 creperum.
3627 2815 3688 2851 ac
3730 2802 3857 2851 villo

2298 2885 2608 2954 satagebant
2644 2897 2950 2956 extergere;
2995 2892 3366 2957 completoque
3396 2891 3707 2954 ministerio,
3743 2906 3862 2956 per-

2299 2989 2451 3043 cepta
2499 2977 2566 3030 ab
2593 2991 2660 3030 eo
2702 2979 3090 3044 benedictione,
3137 2980 3330 3046 patrias
3376 2989 3499 3032 sunt
3529 2980 3733 3047 relapsa
3765 2982 3866 3032 sub

629 3066 716 3134 pio
746 3063 971 3118 libenter
994 3066 1322 3134 mancipatus
1345 3066 1508 3119 labori
1542 3076 1678 3120 tanta
1704 3069 1962 3122 doctrina:
1985 3070 2193 3122 excole-
2226 3052 2270 3113 (ἶ
2306 3071 2494 3123 undas.
2524 3070 2543 3099 ⁸
2575 3069 2691 3137 Ipse
2731 3071 2945 3125 domum
2988 3087 3254 3138 reversus,
3292 3072 3577 3126 canonicos
3611 3088 3728 3125 cum
3761 3073 3872 3126 fra-

628 3153 718 3206 bat
749 3153 1024 3217 industria,
1058 3167 1112 3208 ut
1133 3154 1200 3208 de
1229 3158 1550 3211 monasterio
1579 3160 1880 3228 egrediens,
1903 3175 2046 3229 smpe
2073 3161 2200 3215 lteb-

627 3244 851 3299 domada
891 3245 1117 3315 integra,
1164 3247 1450 3316 siquando
1486 3250 1690 3303 duabus
1718 3253 1800 3304 vel
1843 3253 2031 3318 tribus,
2065 3268 2197 3308 nort-

628 3351 900 3406 nunquam
937 3338 1096 3391 etiam
1148 3353 1335 3392 mense
1377 3340 1535 3408 pleno
1561 3339 1776 3398 domum
1825 3358 1930 3396 non
1972 3343 2192 3408 rediret,

623 3429 717 3482 sed
758 3427 1064 3484 demoratus
1107 3428 1159 3482 in
1194 3434 1460 3484 montanis
1497 3433 1702 3499 plebem
1732 3434 1987 3487 rusticam
2029 3435 2195 3488 verbo

628 3519 1019 3589 pracdicntionis
1058 3521 1216 3575 simul
1261 3531 1314 3576 et
1340 3523 1588 3592 exemplo
1619 3524 1827 3579 virtutis
1854 3525 1920 3579 ad
1959 3527 2196 3582 ccelestia

624 3622 858 3667 vocaret.

621 3742 774 3796 CAP.
802 3741 870 3797 x.
896 3741 1166 3812 Quomodo
1191 3742 1432 3796 animalia
1457 3744 1612 3797 maris
1647 3744 1700 3796 in
1729 3759 1828 3807 quo
1855 3761 2046 3812 pernox
2079 3761 2198 3798 ora-

695 3825 854 3884 verat,
891 3811 910 3842 ⁸
939 3813 1017 3864 illi
1045 3829 1270 3884 regresso
1298 3812 1600 3882 prtebuerint
1630 3811 1938 3882 obsequium,
1968 3825 2017 3867 et
2045 3818 2201 3884 frater

693 3883 777 3950 qui
813 3883 926 3963 [nec
965 3881 1162 3936 videbat
1207 3881 1316 3953 pro:
1364 3885 1544 3936 timore
1583 3881 1933 3954 languescens,
1979 3881 2090 3956 ejus
2134 3890 2197 3940 sit

690 3969 750 4006 01⁵
751 3963 801 4006 at
807 3969 919 4006 ιοηε
945 3963 1220 4007 recreatus.

697 4067 831 4122 Cum
864 4081 993 4122 vero
1020 4076 1240 4123 sanctus
1266 4068 1346 4121 vir
1378 4066 1431 4121 in
1463 4068 1650 4124 eodem
1678 4069 2002 4123 monasterio
2030 4068 2198 4122 virtu-

629 4158 769 4214 tibus
801 4159 1072 4228 signisque
1110 4167 1496 4223 snccresceret,
1545 4159 1787 4228 iarnaque
1816 4174 2037 4226 operum
2085 4160 2202 4226 ejus

625 4254 1037 4320 circumquaque
1076 4250 1460 4314 crebresceret,
1495 4260 1612 4304 erat
1653 4249 2072 4303 sanctimonialis
2128 4252 2203 4303 le-

2311 3160 2481 3214 tribus
2515 3163 2739 3230 hymnus
2788 3163 2914 3215 hora
2947 3172 3280 3232 competen'e
3307 3164 3611 3230 complevit.
3646 3163 3710 3215 At
3761 3163 3872 3215 ira-

2307 3259 2389 3304 ter
2421 3253 2509 3320 qui
2556 3267 2673 3306 eum
2722 3253 2789 3308 de
2836 3255 3064 3320 speculis
3125 3255 3542 3332 praestolabatur,
3600 3258 3873 3323 perculsus

2312 3357 2506 3411 pavore
2556 3345 2753 3413 ingenti
2795 3346 2878 3398 vix
2927 3362 3032 3413 prae
3062 3347 3302 3413 angustia
3353 3355 3624 3415 premente
3651 3346 3866 3398 domum

2307 3440 2528 3487 nutante
2575 3448 2760 3501 gressu
2794 3435 3061 3502 pervenit;
3112 3435 3388 3504 primoque
3418 3451 3571 3488 mane
3610 3435 3871 3488 accedens

2305 3525 2373 3578 ad
2401 3540 2523 3579 eum
2555 3541 2678 3580 sese
2711 3527 2761 3578 in
2789 3538 2980 3580 terram
3004 3528 3214 3590 stravit,
3240 3527 3445 3580 veniam
3468 3526 3532 3580 de
3556 3536 3698 3580 reatu
3722 3528 3874 3578 stulti

2305 3631 2464 3672 ausus
2508 3631 2629 3670 cutn
2681 3618 2930 3688 lacrymis
3003 3616 3286 3686 ﬂagitavit,
3364 3615 3436 3669 nil
3506 3615 3747 3670 dubitans
3811 3616 3876 3670 il-

2308 3706 2414 3760 lum
2467 3721 2624 3760 nosse
2675 3709 2797 3776 quid
2847 3711 2960 3777 ipse
3018 3716 3173 3762 noctu
3215 3707 3382 3772 egerit
3421 3707 3610 3774 quidve
3659 3715 3870 3774 patere-

2309 3807 2412 3853 tur.
2461 3797 2557 3851 Cui
2614 3799 2702 3852 ille
2753 3815 2766 3851 :
2830 3817 2847 3849 ι
2908 3799 3078 3865 Quid,
3139 3799 3343 3866 inquit,
3403 3800 3601 3864 habes,
3669 3798 3880 3852 frater?

2304 3889 2439 3956 Quid
2494 3890 2698 3944 fecisti?
2751 3892 2890 3945 Num
2937 3900 3177 3946 nostrum
3236 3893 3336 3948 iter
3398 3905 3734 3954 nocturnum_
3767 3893 3878 3945 lus-

2307 3987 2496 4040 trando
2539 3988 2822 4056 explorare
2855 3988 3100 4043 tentasti?
3127 3989 3232 4043 Sed
3272 4004 3340 4043 ea-
3366 3989 3539 4043 solum
3569 3987 3875 4041 conditione

2315 4077 2409 4130 tibi
2453 4080 2551 4130 hoc
2582 4077 2828 4147 indulgeo
2856 4079 3222 4145 commissum,
3262 4079 3304 4131 si
3338 4077 3639 4146 pzomiseris
3671 4087 3721 4130 te
3751 4091 3872 4143 qua:

2308 4169 2487 4223 vidisti
2520 4170 2649 4223 nulli
2692 4181 2815 4224 ante
2857 4185 3032 4224 meum
3060 4171 3261 4224 obitum
3291 4184 3410 4224 esse
3437 4170 3717 4222 dicturum.
3766 4184 3785 4216 ι
3821 4168 3873 4218 ln

2308 4275 2414 4328 quo
2455 4261 2706 4314 nimirum
2741 4273 3006 4330 praecepto
3042 4262 3161 4326 eius
3187 4268 3398 4313 secutus
3428 4266 3512 4311 est
3547 4255 3871 4322 exemplum,

627 4347 771 4400 mina
794 4355 846 4400 et
871 4355 1040 4398 mater
1069 4345 1383 4400 ancillarum
1407 4345 1602 4401 Christi
1635 4346 1850 4398 nomine
1880 4355 1901 4382 ο
1920 4345 2090 4410 Abbe,
2120 4361 2205 4399 re-
2237 4342 2285 4400 D
2309 4351 2395 4417 qui
2428 4349 2704 4418 discipulis
2748 4351 2799 4404 in
2845 4361 3027 4405 monte
3056 4365 3166 4405 sua:
3204 4349 3427 4419 gloriam
3467 4347 3756 4418 majestatis
3785 4360 3877 4400 0s-

1589 4435 2058 4492 \’ULGATOBUM
2105 4437 2494 4495 VARIANTES
2537 4441 2934 4496 LEC'I‘IONES.

700 4532 716 4598 ξ
750 4526 843 4582 Illi
867 4543 1087 4598 egresso.

698 4593 718 4622 ²
749 4593 914 4664 Quod
927 4609 1000 4652 est
1030 4599 1082 4653 iu
1112 4598 1248 4652 loco.

697 4666 719 4699 ³
761 4671 953 4724 Osuini.

2379 4529 2401 4560 ‘
2430 4531 2595 4596 Quam
2621 4533 2939 4600 precabatur.

2384 4602 2404 4632 ⁵
2431 4600 2552 4672 Ipse
2571 4617 2766 4671 quoque
2786 4619 2906 4656 mox
2933 4602 3160 4656 domum.

1955 4757 2306 4814 VARIORUH
2347 4757 2575 4812 NOTAE.

699 4867 726 4895 ⁸
749 4855 1038 4910 Idolatriaz.
1074 4853 1165 4909 Sic
1191 4852 1496 4907 scribebant
1528 4851 1716 4906 media:
1772 4851 1944 4904 aetatis
1973 4853 2197 4918 scripto-

630 4944 741 4994 res,
775 4939 1075 4996 quanquam
1107 4925 1417 4996 idololatria:
1441 4922 1805 4996 reponendum
1833 4931 1937 4975 est.
1963 4921 2193 4996 hianna.

697 4991 736 5036 δ’
758 4991 1090 5065 Ᾱιιὰῃαῐυταε.
1125 4994 1430 5060 Alligaturai
1457 5003 1579 5046 sunt
1607 4992 1834 5045 amuleta
1861 4991 2102 5065 quaedam
2125 4991 2194 5043 ad

625 5063 879 5124 arcendos
913 5065 1134 5129 morbos,
1163 5079 1276 5132 qua:
1304 5073 1390 5115 aut
1419 5065 1486 5115 ad
1516 5065 1702 5114 collum
1733 5063 2193 5131 suspendebantur,

625 5153 715 5194 aut
743 5141 879 5192 circa
899 5138 1029 5189 alios
1050 5131 1276 5201 corporis
1303 5145 1469 5199 partes
1486 5133 1855 5202 alligabantur.
1888 5131 2016 5185 \‘ide
2043 5135 2193 5200 plura

623 5213 677 5265 in
709 5208 979 5265 Clossario
1010 5200 1280 5268 Dulresn.,
1315 5218 1442 5256 voce
1471 5200 1753 5272 Ligdturw.
1785 5203 1974 5254 Sin'rn.

698 5291 722 5320 ε
757 5281 910 5333 Abba.
948 5276 1021 5329 De
1053 5276 1148 5328 hac
1173 5284 1225 5327 et
1253 5274 1441 5327 Coludi
1473 5277 1602 5325 urbe
1627 5273 1747 5326 vide
1789 5287 1859 5336 Iv,
1892 5273 1979 5325 19.

694 5349 721 5388 ἀ
753 5348 956 5405 Coludi.
979 5345 1288 5413 Turgottus,
1312 5343 1364 5396 in
1388 5343 1479 5395 lib.
1506 5356 1562 5403 ιι,
1588 5356 1704 5409 cap.
1731 5344 1821 5413 A17,
1851 5339 2191 5413 urbemCol-

624 5421 876 5490 diugham
909 5411 1112 5490 vocat.—
1138 5414 1270 5470 Urbs
1291 5423 1395 5490 est_
1419 5413 1688 5490 hodiernae
1721 5411 1911 5490 Scotia:
1945 5414 1995 5465 in
2048 5411 2186 5464 Mar-

623 5483 749 5546 cbia
773 5505 868 5545 seu
912 5487 1140 5541 Mersia:
1186 5499 1290 5551 quo
1325 5501 1343 5535 ι
1383 5484 1434 5537 in
1479 5485 1598 5538 loco
1625 5483 1848 5536 diversis
1896 5494 2069 5536 tamen
2104 5495 2190 5534 se-

628 5573 824 5629 parata:
863 5555 1266 5629 mansionibus,
1293 5563 1447 5607 erant
1493 5555 1873 5629 monachorum
1903 5552 2195 5629 sanctimo-

627 5622 952 5699 nialiumque
975 5628 1432 5695 congregationes,
1464 5625 1552 5694 qui
1586 5625 1835 5695 paulatim
1882 5639 1909 5676 a
1939 5622 2195 5691 regularis

2302 4850 2595 4917 disciplina:
2621 4855 2763 4917 statu
2795 4845 3126 4917 detinentes,
3147 4844 3426 4917 inhonesta
3457 4841 3678 4896 invicem
3713 4841 3870 4917 fami-

2307 4913 2537 4973 liaritate
2592 4916 2895 4983 decipiendi
2951 4915 3292 4968 occasionem
3350 4913 3569 4967 inimico
3634 4914 3875 4983 praebue-

2298 4999 2511 5044 runt....
2543 4981 2868 5041 Cutltbertus
2920 4985 3211 5054 episCOpali
3252 4983 3568 5037 sublimatus
3594 4981 3871 5054 cathedra,

2299 5074 2368 5113 ne
2387 5059 2469 5114 sui
2493 5059 2578 5113 vel
2610 5067 2900 5124 prarsentes
2925 5053 3004 5110 vel
3035 5054 3195 5109 futuri
3223 5054 3544 5123 quandoque
3575 5053 3663 5105 tali
3692 5067 3876 5124 exem-

2302 5131 2386 5195 plo
2416 5131 2506 5184 Dei
2563 5123 2726 5194 super
2771 5143 2830 5181 se
2873 5127 3007 5180 iram
3063 5123 3749 5195 provocarent,_omne_ab
3794 5137 3875 5175 eis

2302 5192 2642 5255 feminarum
2670 5198 2938 5267 separavit
2984 5198 3388 5267 consortium.)
3443 5192 3878 5267 Legepbservnf

2299 5272 2475 5324 tiones
2505 5261 2748 5335 praevias:
2784 5267 2856 5320 De
2887 5275 3069 5320 sancta
3099 5266 3253 5319 Abbe
3285 5263 3550 5317 abbatissa
3583 5261 3872 5335 Coludensi

2299 5341 2416 5408 lege
2473 5330 2640 5393 Vitam
2699 5350 2896 5392 saneta:
2947 5336 3246 5390 Etltildritze
3275 5335 3340 5387 ad
3373 5351 3521 5408 ann._
3552 5332 3676 5385 679.
3727 5330 3876 5384 Vixit

2297 5405 2605 5482 aliquandiu
2639 5409 2922 5482 Ethildrita
2945 5410 2996 5461 in
3021 5408 3209 5482 eodem
3235 5405 3579 5482 monasterio,
3607 5414 3659 5482 et
3687 5415 3877 5482 saneto

2298 5474 2594 5534 Ctitltberto
2615 5480 2804 5533 stolam
2832 5493 2894 5548 ac
2921 5478 3244 5548 manipulum
3284 5475 3571 5531 donavisse
3598 5474 3793 5529 dicitur
3825 5490 3878 5526 in

2304 5549 2434 5604 Vita:
2465 5551 2694 5620 promite
2721 5563 2836 5619 cap.
2869 5547 2924 5602 9.
