4220 6494
468 241 572 294 749

1145 233 1332 305 SECT.
1379 233 1418 285 1.
1463 263 1531 272 ——
1573 228 2159 286 IIAGIUGRAPIIICA.
2205 255 2270 266 -
2312 226 2471 280 VITA
2512 226 2571 280 S.
2615 223 3025 280 CUTIIBERTI.

3625 220 3728 273 759

468 352 716 413 tendens,
746 349 822 403 ait
852 364 866 401 :
903 346 1107 400 Nemini
1135 346 1364 397 dixeritis
1391 344 1652 404 visionem,
1685 322 1845 394 donec
1878 338 2045 391 Filius
2076 340 2117 396 Α
2152 338 2407 404 flexisque
2436 336 2659 406 genibus
2690 334 2887 397 gratias
2932 338 3155 400 egerunt
3201 328 3329 383 Deo.
3378 328 3517 383 Dixit
3545 341 3722 382 autem

469 441 689 494 hominis
728 455 759 490 a
806 437 1018 490 mortuis
1052 445 1300 501 resurgat.
1336 433 1737 486 i‘romittentem
1772 445 1899 498 ergo
1931 446 2047 497 quae

467 534 704 602 jusserat
732 532 944 584 fratrem
972 527 1262 590 benedixit,
1294 524 1597 592 pariterque
1617 524 1827 589 culpam
1853 531 1906 574 et
1935 537 2047 572 Inn-

472 625 679 678 leStiam
720 634 877 687 quam
914 616 1230 671 temerarius
1273 613 1579 668 incurrebat
1620 612 1909 674 abstersit;
1959 611 2047 679 qui

471 712 723 766 virtutem
757 722 913 778 quam
946 706 1153 760 viderat
1196 706 1310 774 ipso
1336 708 1553 759 vivente
1593 704 1808 758 silentio
1841 712 2046 771 tegens,

476 812 595 871 post
624 799 824 854 obitum
865 799 982 865 ejus
1016 796 1261 862 plurimis
1293 796 1529 850 indicare
1554 804 1580 832 ι
1608 795 1832 848 curavit.

469 912 619 968 CAP.
660 911 753 964 XI.
800 910 1065 975 Quomodo
1095 908 1264 961 nautis
1317 916 1606 972 tempestate
1657 906 1922 975 praelusio
1972 924 2051 958 se-

541 999 716 1036 renum
744 997 883 1032 mare
931 982 998 1031 ad
1028 988 1219 1032 certum
1257 980 1389 1031 dtem
1421 978 1736 1046 prtcdixerit,
1775 988 1823 1031 et
1854 980 2048 1030 orando

539 1054 673 1104 cibos
702 1052 1057 1117 impetraverit.

538 1160 713 1229 Coepit
745 1160 883 1214 inter
930 1161 1027 1213 ista
1067 1158 1147 1214 vir
1179 1158 1270 1212 Dei
1313 1160 1472 1211 etiam
1524 1157 1819 1225 praphctize
1861 1158 2048 1225 spiritu

471 1252 697 1320 pollere,
754 1262 980 1304 ventura
1038 1249 1347 1317 praedicere,
1407 1249 1755 1311 prtesentibus
1810 1249 2046 1301 absentia

471 1343 735 1395 nuntiare.
788 1339 1027 1406 Quodam
1058 1340 1256 1391 etenim
1308 1348 1544 1404 tempore
1574 1352 1803 1406 pergens
1845 1338 1910 1389 de
1950 1351 2050 1389 suo

470 1433 797 1485 monasterio
857 1446 950 1499 pro
988 1433 1003 1463 ¹
1040 1428 1371 1483 necessitatis
1417 1444 1576 1482 causa
1626 1429 1939 1491 accidentis,
1982 1430 2047 1481 ad

472 1531 670 1574 terram
704 1519 966 1572 Pictorum
994 1520 1014 1550 ⁸
1046 1535 1162 1586 quae
1194 1519 1220 1555 ί)
1254 1518 1471 1571 Niduari
1503 1528 1720 1572 vocatur
1752 1520 2048 1586 navigando

474 1610 739 1678 pervenit,
771 1610 1149 1663 comitantibus
1172 1625 1291 1661 eum
1314 1610 1522 1662 duobus
1545 1624 1576 1663 e
1604 1609 1877 1672 fratribus,
1903 1625 2040 1677 quo-

2149 429 2480 482 Cudberctus
2508 446 2519 480 :
2555 445 2573 478 ι
2617 427 2841 490 Videtis,
2876 424 3234 487 dilectissimi,
3263 440 3381 491 qttte
3408 424 3476 477 sit
3506 424 3527 453 ⁸
3558 424 3724 493 gratia

2153 519 2242 573 Dei
2273 519 2559 572 confidenti
2610 529 2664 571 et
2693 518 2927 585 speranti
2976 518 3026 569 in
3058 516 3303 570 Domino.
3342 515 3479 568 Ecce
3506 525 3559 566 et
3586 516 3727 569 ciba-

2151 610 2228 662 ria
2280 608 2491 661 famulis
2544 608 2654 659 suis
2684 607 3020 674 praeparavit,
3054 615 3107 658 et
3136 605 3367 658 ternario
3396 620 3606 673 quoque
3633 620 3720 657 nu-

2153 716 2300 754 mero
2330 706 2461 767 quot
2483 697 2673 752 diebus
2706 697 2789 751 hic
2818 697 3164 751 residendum
3194 696 3261 749 sit
3293 695 3447 748 nobis
3471 694 3725 748 ostendit.

2151 790 2360 845 Sumite
2406 803 2534 858 ergo
2571 802 2791 840 munera
2844 803 2962 856 quae
2994 786 3138 840 misit
3189 786 3342 841 nobis
3373 785 3639 850 Christus,
3674 796 3727 837 et

2149 884 2409 936 abeuntes
2466 880 2767 935 rellciamus
2825 894 2940 943 nos,
2976 892 3395 946 maneamusque
3446 879 3718 944 intrepidi,

2148 971 2443 1027 certissima
2472 970 2616 1023 enim
2648 969 2799 1022 nobis
2824 980 2942 1035 post
2972 969 3204 1022 triduum
3234 968 3493 1022 serenitas
3520 968 3640 1021 cmli
3672 980 3723 1017 et.

2151 1063 2313 1116 matis
2367 1062 2636 1116 adveniet.
2677 1080 2696 1113 ι
2735 1061 2950 1114 Factum
3003 1069 3086 1112 est
3131 1070 3189 1112 ut
3218 1059 3444 1123 dixerat,
3481 1070 3729 1110 manente

2152 1155 2326 1207 triduo
2384 1162 2703 1220 tempestate
2748 1154 2765 1181 "
2800 1151 3090 1219 pervalida,
3143 1160 3332 1216 quarto
3376 1152 3589 1203 demum
3639 1148 3729 1200 die

2152 1244 2510 1312 tranquillitas
2541 1241 2796 1309 promissa
2822 1251 3001 1293 set-uta
3034 1251 3135 1307 est,
3169 1254 3286 1308 quas
3318 1238 3438 1293 illos
3471 1240 3723 1292 εεευιιίιίς

2150 1336 2361 1389 ﬂatibus
2391 1336 2440 1387 in
2474 1333 2699 1402 patriam
2740 1332 2987 1385 referret.

2148 1450 2298 1504 CAP.
2350 1449 2463 1502 XII.
2514 1449 2778 1514 Quomodo
2810 1448 2903 1499 iter
2947 1448 3139 1514 faciens
3182 1448 3243 1497 ab
3272 1447 3448 1513 aquila
3491 1445 3726 1497 ministra

2215 1532 2263 1573 et
2292 1521 2527 1572 viaticum
2572 1530 2921 1587 percepturuttt
2947 1534 2999 1570 se
3034 1533 3138 1569 esse
3172 1517 3490 1583 prwdixerit,
3532 1525 3576 1568 et
3607 1532 3722 1584 pcr-

2216 1591 2420 1656 ceperit.

477 1716 593 1753 rum
635 1716 770 1753 unus
821 1710 1000 1765 postea
1048 1698 1363 1768 presbyterii
1414 1701 1622 1753 functus
1657 1700 1833 1754 ol'licio
1879 1702 2046 1753 virtu—
2082 1701 2127 1759 Β
2223 1699 2455 1766 Quadam
2487 1714 2693 1768 quoque
2721 1698 2805 1751 die
2832 1713 2951 1751 cum
2988 1697 3368 1765 praedicaturus
3406 1697 3559 1762 juxta
3592 1712 3722 1750 con-

471 1802 576 1846 tetn
624 1793 858 1846 miraculi
892 1808 1047 1861 quam
1080 1793 1271 1845 ibidem
1321 1792 1399 1845 vir
1443 1792 1652 1847 Domini
1702 1797 2041 1861 m0ttstravit,

471 1883 758 1937 multorum
786 1882 988 1936 notittte
1016 1882 1282 1950 patefecit.
1314 1883 1583 1937 Venerunt
1607 1893 1783 1938 autem
1817 1885 1907 1937 illo
1931 1896 2051 1952 post

473 1973 675 2029 Natalis
726 1975 976 2028 dominici
1023 1974 1188 2036 diem,
1230 1984 1505 2042 sperantes
1535 1991 1614 2041 se,
1637 1977 1761 2045 quia
1788 1978 2048 2030 undarum

468 2066 628 2119 simul
675 2076 726 2119 et
776 2080 1025 2119 aurarum
1079 2065 1352 2119 arridebat
1399 2068 1702 2134 temperies,
1744 2068 1900 2120 citius
1930 2083 2050 2121 esse

469 2156 767 2221 redituros;
823 2158 1048 2223 ideoque
1097 2173 1195 2209 nec
1232 2157 1428 2209 cibaria
1479 2172 1657 2210 secum
1711 2158 1898 2224 tulere,
1933 2170 2047 2211 tan—

470 2267 628 2319 quam
662 2251 811 2304 ocius
864 2251 1155 2304 reversuri.
1189 2249 1294 2304 Sed
1325 2250 1483 2317 longe
1518 2250 1673 2303 aliter
1714 2266 1870 2318 quam
1900 2261 2050 2318 puta-

468 2343 820 2397 banteveuit.
851 2341 980 2394 Nam
1010 2358 1131 2395 mox
1166 2352 1223 2395 ut
1251 2353 1449 2395 terram
1476 2345 1723 2411 tetigere,
1758 2352 2050 2410 tempestas

472 2435 581 2486 l'era
620 2432 839 2486 suborta
887 2443 986 2497 est,
1020 2449 1137 2501 quae
1168 2431 1267 2485 iter
1293 2434 1371 2485 eis
1399 2446 1561 2486 omne
1589 2434 1860 2486 remeandi
1908 2448 2046 2501 prae-

467 2523 730 2578 cluderet.
775 2522 1014 2591 Cumque
1060 2539 1151 2591 per
1178 2524 1293 2577 dies
1322 2524 1526 2592 aliquot
1557 2525 1752 2577 ibidem
1800 2524 1937 2578 inter
1969 2526 2047 2576 la-

469 2617 568 2668 tuis
594 2624 651 2667 et
679 2615 890 2682 frigoris
918 2616 940 2644 ⁸
974 2615 1203 2683 pericula
1253 2615 1516 2679 taberent,
1559 2630 1665 2682 quo
1701 2629 1875 2668 tamen
1912 2626 2047 2667 tetu-

471 2722 598 2775 pore
653 2707 731 2759 vir
764 2706 855 2760 Dei
906 2721 1009 2760 non
1066 2707 1297 2760 marcida
1345 2707 1477 2761 luxu
1525 2708 1630 2760 Otia
1688 2723 1896 2777 gerere,
1948 2723 2048 2762 nec

466 2798 671 2851 somnis
704 2812 895 2851 vacare
921 2799 1133 2852 volebat
1164 2799 1446 2864 inertibus,
1478 2799 1570 2852 sed
1614 2814 1812 2867 pernox
1850 2802 1901 2852 in
1932 2814 2051 2853 ora-

471 2888 614 2942 tione
673 2901 913 2956 perstare
969 2890 1263 2957 satagebat,
1318 2890 1503 2943 aderat
1552 2891 1911 2945 sacratissima
1955 2892 2050 2945 do-

472 2982 682 3034 minica:
732 2982 1096 3050 Apparitiouis
1126 2983 1257 3036 dies.
1288 2982 1420 3036 Tum
1469 2983 1559 3037 ille
1606 2984 1782 3038 socios
1828 2985 2044 3049 blando,

2151 1792 2486 1845 suetudine'n
2518 1805 2665 1842 suam
2692 1789 2901 1857 populis
2933 1788 2997 1840 de
3030 1788 3352 1840 monasterio
3383 1788 3576 1855 exiret,
3620 1804 3726 1841 uno

2150 1885 2346 1937 comite
2394 1898 2580 1952 puero,
2621 1882 2839 1951 jamque
2891 1883 2980 1935 diu
3011 1881 3305 1951 gradiendo
3336 1882 3570 1950 fatigatis
3623 1899 3726 1935 non

2154 1990 2337 2042 parum
2384 1975 2559 2028 adhuc
2589 1980 2814 2027 restaret
2847 1986 2867 2011 ε
2903 1973 3127 2037 itineris,
3160 1989 3432 2042 quousque
3457 1974 3521 2026 ad
3552 1976 3722 2027 vicum

2152 2082 2257 2133 quo
2290 2064 2582 2119 tendebant
2639 2066 2999 2131 pervenirent,
3046 2066 3117 2116 ait
3148 2065 3212 2116 ad
3266 2079 3484 2131 puerum
3519 2073 3729 2120 tentans

2152 2174 2272 2210 eum
2317 2176 2326 2208 :
2360 2175 2377 2205 ι
2420 2159 2511 2209 Dic
2542 2172 2661 2224 age,
2692 2155 2915 2221 sodalis,
2949 2155 3035 2208 ubi
3071 2155 3227 2208 hodie
3268 2157 3413 2209 reﬁci
3451 2158 3723 2225 disponas,

2151 2264 2216 2301 an
2252 2248 2448 2301 habeas
2486 2248 2711 2313 aliquem
2759 2246 2809 2299 itt
2845 2248 2925 2298 via
2955 2246 3019 2297 ad
3059 2261 3213 2312 quem
3245 2245 3511 2301 divertere
3546 2248 3728 2299 valeas

2155 2340 2458 2409 hospitem?
2488 2343 2551 2392 At
2584 2340 2672 2393 ille
2703 2338 3033 2407 respondens
3061 2356 3072 2389 :
3119 2339 3183 2392 Et
3214 2342 3327 2393 haec
3360 2339 3496 2407 ipsa,
3528 2341 3719 2410 inquit,

2152 2445 2357 2483 mecum
2411 2430 2571 2483 tacito
2603 2430 2653 2482 in
2686 2430 2848 2483 corde
2895 2429 3142 2494 tractavi,
3176 2432 3297 2497 quia
3341 2444 3437 2482 nec
3470 2430 3719 2485 viaticum

2153 2522 2274 2574 ituri
2304 2522 2516 2573 tulimus
2549 2521 2846 2583 nobiscum,
2874 2534 3045 2587 neque
3076 2521 3302 2588 aliquem
3343 2520 3393 2574 in
3418 2519 3604 2576 itinere
3633 2540 3726 2575 no-

2154 2623 2263 2666 tum
2294 2612 2548 2666 habemus
2577 2613 2665 2680 qui
2700 2628 2797 2665 nos
2828 2626 2926 2665 suo
2954 2612 3193 2680 recipere
3226 2612 3351 2664 velit
3394 2612 3645 2681 hospitio,
3676 2627 3730 2664 ct

2152 2718 2255 2758 non
2289 2720 2469 2773 parum
2502 2704 2675 2757 adhuc
2703 2705 2908 2757 itineris
2939 2712 3204 2771 superest,
3234 2704 3375 2770 quod
3401 2705 3567 2772 jejuni
3597 2707 3712 2757 sine

2152 2796 2389 2848 molestia
2412 2795 2680 2862 complere
2713 2795 3042 2862 nequimus.»
3067 2793 3090 2825 ⁸
3120 2793 3214 2847 Cui
3238 2795 3314 2847 vir
3344 2794 3432 2848 Dei
3462 2813 3473 2847 :
3501 2814 3519 2846 ι
3548 2795 3721 2854 Disce.

2155 2885 2349 2954 inquit,
2378 2884 2558 2949 filiole,
2608 2883 2763 2937 ﬁdem
2797 2900 3006 2951 semper
3035 2893 3088 2937 et
3128 2899 3274 2952 spem
3310 2883 3507 2939 habere
3537 2884 3587 2938 in
3620 2884 3723 2937 Do-

2156 2978 2325 3041 mino,
2365 2977 2485 3043 quia
2508 2991 2773 3045 nunquam
2802 2974 2941 3029 fame
2964 2976 3099 3044 perit
3126 2977 3212 3044 qui
3240 2976 3346 3029 Deo
3368 2975 3595 3030 fideliter
3620 2990 3726 3030 ser-

467 3078 527 3123 ut
556 3068 576 3099 ⁸
599 3069 863 3139 jocundus
894 3082 1053 3140 atque
1081 3071 1309 3126 aft'abilis
1352 3085 1487 3139 erat,
1521 3088 1770 3129 sermone
1820 3076 2048 3144 alloqui-

2155 3070 2245 3126 vit.
2289 3089 2307 3121 ι
2345 3071 2406 3124 Et
2458 3080 2739 3138 aspectans
2788 3084 3021 3134 sursum,
3054 3070 3347 3138 vidensque
3394 3070 3624 3138 aquilam
3673 3070 3724 3124 in

468 3170 577 3216 tur:
615 3181 633 3212 ι
670 3162 807 3228 Quid
854 3176 983 3230 rogo
1035 3172 1176 3216 tanta
1227 3163 1433 3230 ignavia
1494 3174 1786 3233 torpemus,
1835 3176 1887 3221 et
1941 3183 2046 3221 non

472 3251 494 3282 ⁸
518 3268 833 3322 quacunque
862 3263 1008 3322 parte
1038 3255 1139 3307 iter
1166 3254 1351 3309 salutis
1383 3256 1737 3324 inquirimus?
1782 3258 1859 3311 En
1893 3260 2048 3314 tellus

472 3342 701 3407 nivibus,
736 3342 943 3397 nebulis
992 3345 1185 3398 cmlum
1239 3344 1520 3411 horrescit,
1574 3361 1667 3399 aer
1699 3347 1911 3401 flatibus
1955 3349 2048 3401 ad-

471 3438 638 3492 versis
667 3439 813 3500 furit,
864 3438 1109 3493 ﬂuctibus
1140 3454 1359 3505 aequor;
1410 3438 1507 3506 ipsi
1540 3439 1713 3507 inopia
1745 3440 2042 3505 deficimus,

469 3544 569 3583 nec
593 3532 747 3583 adest
796 3528 957 3583 homo
996 3531 1082 3598 qui
1130 3530 1354 3583 reﬁciat.
1390 3531 1668 3584 l’ulsemus
1699 3546 1827 3598 ergo
1862 3529 2045 3584 Domi-

468 3634 593 3672 num
619 3620 885 3688 precibus,
918 3622 1004 3688 qui
1037 3635 1134 3674 suo
1160 3620 1426 3688 quondam
1462 3622 1655 3688 pupulo
1687 3624 1851 3675 maris
1879 3623 2043 3678 llubri

468 3710 607 3762 viam
640 3713 868 3778 aperuit,
900 3726 1131 3779 eumque
1179 3713 1229 3764 in
1272 3710 1486 3766 deserto
1535 3713 1849 3766 mirabiliter
1880 3717 2042 3781 pavit,

467 3813 686 3856 orantes
717 3812 775 3855 ut
828 3804 994 3856 nostri
1024 3817 1238 3871 quoque
1286 3804 1600 3857 misereatur
1651 3805 1702 3856 in
1748 3805 2041 3873 periculis.

466 3892 657 3954 Credo,
693 3893 733 3944 si
768 3907 869 3945 non
897 3903 1074 3946 nostra
1119 3893 1252 3947 fides
1284 3894 1494 3959 titubat,
1530 3911 1633 3947 non
1673 3897 1789 3949 vult
1818 3912 1916 3949 nos
1946 3899 2043 3949 lto-

466 3974 648 4034 dierna
684 3982 769 4037 die
796 3985 1010 4050 jejunos
1042 3998 1377 4051 permanere,
1409 3998 1567 4052 quam
1616 3986 1727 4050 ipse
1761 4002 1852 4054 per
1883 3996 1956 4039 tot
1986 4004 2047 4039 ac

468 4084 608 4126 tanta
664 4086 776 4125 sua:
826 4073 1078 4127 miracula
1142 4073 1433 4142 majestatis
1494 4074 1762 4127 illustrare
1813 4075 2042 4139 curavit,

466 4179 760 4234 precorque
804 4181 987 4220 eamus
1010 4167 1203 4221 alicubi
1230 4178 1532 4235 quaerentes
1562 4168 1690 4235 quid
1725 4169 1877 4221 nobis
1911 4184 2043 4236 epu-

464 4256 633 4310 larum
692 4257 741 4309 in
769 4258 1015 4325 gaudium
1067 4272 1176 4310 suae
1224 4258 1525 4311 lestivitatis
1578 4267 1834 4325 przestare
1863 4258 2044 4326 digne-

464 4356 573 4403 tur.
608 4366 628 4399 ι
666 4346 788 4401 Ηωο
816 4348 1024 4413 dicens,
1058 4351 1241 4402 eduxit
1284 4363 1377 4403 eos
1432 4348 1531 4402 sub
1561 4350 1728 4418 ripam
1777 4366 1883 4416 quo
1932 4349 2045 4419 ipse

2149 3163 2255 3215 altu
2284 3164 2547 3216 volantem
2579 3178 2590 3212 :
2623 3178 2641 3210 ι
2674 3160 2882 3223 Cernis,
2918 3159 3107 3227 inquit,
3139 3160 3368 3229 aquilam
3401 3160 3543 3214 illam
3568 3176 3725 3230 porro

2148 3254 2454 3308 volantem?
2504 3253 2674 3307 Etiam
2728 3265 2820 3318 per
2870 3249 3025 3318 hujus
3075 3252 3428 3305 ministerium
3474 3251 3727 3319 possibile

2149 3356 2228 3399 cst
2256 3346 2479 3399 Domino
2509 3361 2602 3398 nos
2633 3344 2789 3396 hodie
2816 3344 3055 3396 reficere.
3091 3361 3108 3392 ι
3145 3342 3292 3394 Talia
3317 3342 3720 3397 conf‘abttlantes

2146 3439 2372 3506 agebant
2414 3438 2511 3491 iter
2559 3436 2704 3505 juxta
2736 3437 2951 3487 fluvium
2984 3436 3290 3503 quemdam,
3319 3444 3370 3487 et
3399 3450 3524 3489 ecce
3553 3437 3729 3490 subito

2148 3530 2331 3583 vident
2381 3529 2608 3594 aquilam
2664 3529 2713 3580 in
2766 3526 2874 3596 ripa
2932 3527 3282 3592 residentem,
3337 3527 3576 3595 dixitque
3636 3532 3718 3581 vir

2152 3621 2240 3675 Dei
2274 3637 2284 3673 :
2316 3640 2333 3671 ι
2368 3619 2527 3672 Vides
2558 3619 2643 3672 ubi
2686 3630 2866 3671 nostra
2916 3634 3072 3685 quam
3108 3618 3325 3685 praedixi
3364 3618 3603 3672 ministra
3635 3634 3722 3671 re-

2147 3711 2318 3765 sidet?
2339 3710 2529 3773 Curre,
2564 3724 2712 3778 rogo,
2744 3721 2796 3763 et
2827 3709 2952 3776 quid
2991 3710 3144 3763 nobis
3188 3710 3464 3774 epularum
3496 3709 3723 3763 Domino

2150 3808 2390 3860 mittente
2444 3807 2681 3859 attulerit
2729 3805 2931 3872 inspice
2960 3813 3014 3858 et
3053 3805 3214 3858 citius
3241 3805 3412 3860 adfer.
3451 3825 3471 3858 ι
3505 3808 3602 3872 Qui
3640 3824 3729 3860 ac-

2150 3912 2373 3951 currens
2397 3898 2573 3950 attulit
2604 3897 2799 3965 piscem
2825 3912 2928 3949 non
2962 3896 3425 3965 modicmn,quem
3449 3898 3535 3951 illa
3564 3915 3717 3964 ttttpct

2148 3990 2214 4042 de
2245 3991 2265 4020 ³
2314 3989 2473 4040 fluvio
2523 3985 2879 4053 prendiderat.
2911 3989 2979 4039 At
3009 3989 3090 4039 vir
3120 3987 3212 4040 Dei
3241 4004 3254 4039 :
3292 4004 3310 4037 ι
3346 3989 3500 4053 Quid,
3535 3988 3723 4057 inquit,

2150 4080 2342 4145 fecisti,
2394 4080 2504 4131 fili?
2551 4079 2725 4145 Quare
2774 4077 3033 4131 ministra:
3069 4091 3218 4131 suam
3254 4088 3455 4145 partem
3486 4094 3588 4131 non
3633 4079 3727 4132 des

2147 4169 2308 4223 distt?
2338 4169 2470 4223 Seca
2503 4169 2663 4222 citius
2710 4169 2969 4231 medium,
3015 4176 3068 4221 et
3099 4168 3172 4221 illi
3213 4178 3416 4237 partem
3441 4184 3599 4238 quam
3629 4185 3728 4223 tto—

2150 4261 2228 4315 bis
2277 4261 2627 4314 ministrando
2658 4271 2892 4314 meretur
2944 4260 3175 4313 remitte.
3216 4279 3234 4310 ι
3272 4259 3419 4314 Fecit
3463 4268 3520 4313 ιιι
3542 4259 3723 4330 jusse-

2148 4362 2248 4419 rat,
2284 4354 2325 4383 ¹⁰
2355 4354 2574 4420 tulitque
2619 4366 2799 4407 secum
2832 4362 3031 4419 partem
3061 4353 3338 4421 reliquam.
3369 4349 3469 4408 Ubi
3516 4364 3729 4422 tempus

465 4451 621 4494 noctu
668 4442 888 4511 pervigil
940 4456 1095 4495 orare
1123 4451 1499 4503 consueverat,
1553 4442 1640 4495 ubi
1695 4443 2041 4497 advenientes
2072 4424 2119 4482 ί)
2148 4446 2417 4500 reficiendi
2451 4446 2659 4510 aderat,
2705 4445 3038 4499 diverteruut
3068 4446 3134 4499 ad
3185 4446 3482 4515 proximum
3528 4449 3725 4508 vicum,

464 4531 781 4586 invenerunt
831 4531 928 4586 tria
960 4529 1129 4587 frusta
1176 4532 1511 4600 delphininm
1556 4532 1733 4586 carnis
1762 4535 1913 4600 quasi
1946 4534 2040 4587 hu-

467 4639 626 4680 mano
674 4626 973 4681 ministerio
1018 4636 1164 4681 secta
1214 4637 1268 4680 et
1297 4635 1588 4696 praeparata
1630 4626 1695 4678 ad
1728 4640 2041 4693 cocturam;

2149 4548 2204 4592 et
2231 4538 2353 4590 dato
2392 4538 2456 4590 ad
2488 4540 2774 4592 assandum
2826 4538 3081 4605 pisciculo
3109 4553 3167 4591 se
3208 4538 3403 4603 pariter
3428 4547 3481 4591 et
3524 4554 3618 4592 eos
3660 4542 3724 4592 ad

2151 4645 2285 4698 quos
2318 4631 2589 4683 intrabant
2618 4629 2925 4698 gratissimo
2956 4628 3262 4682 reficiebant
3289 4628 3558 4694 convivio,
3594 4646 3732 4697 prae—

1435 4714 1900 4773 VULGATORUM
1947 4720 2029 4772 VA
2042 4720 2339 4776 RIANTES
2379 4719 2780 4774 LECTIONES.

540 4811 555 4841 ¹
592 4810 904 4865 Νεεεωῑιαιε
930 4828 1117 4866 onusto.

536 4884 555 4912 '
590 4885 688 4945 Qui
722 4883 938 4934 Niduari
967 4892 1228 4935 uocantur.

536 4951 557 4981 ³
588 4953 824 5005 Pericula
853 4957 1086 5007 laterent.

536 5021 557 5051 ⁸
583 5023 871 5076 Jurundus.

536 5091 559 5124 ⁵
590 5094 896 5157 Quacttnque
919 5095 1034 5146 iter.

539 5162 560 5191 ⁸
586 5161 765 5216 Gratia
787 5165 1074 5233 con/idendi
1103 5174 1150 5218 et
1174 5167 1439 5234 sperandi.

2149 4812 2153 4817 ’
2222 4818 2240 4847 ⁷
2272 4817 2579 4871 Prmvolida.

2224 4888 2244 4916 “
2271 4887 2363 4940 Cui
2388 4889 2461 4941 vir
2494 4886 2717 4940 Domini.

2218 4960 2239 4989 ’
2272 4957 2450 5011 Flavio
2484 4960 2842 5027 pre/tenderet.

2222 5028 2263 5057 ¹⁰
2295 5028 2538 5098 Tuttaque
2575 5044 2745 5081 secum
2792 5034 2931 5096 parte
2961 5028 3248 5098 rel.'qua....
3290 5037 3593 5099 sumptaque
3636 5048 3718 5083 ac-

2151 5113 2354 5153 cum...

1782 5234 2135 5291 VARIORUM
2176 5235 2396 5291 NOTAE.

538 5327 821 5383 ‘Curavit.
872 5328 1213 5384 Praemissum
1259 5330 1453 5383 factum
1509 5330 1676 5382 relatu
1728 5333 2035 5389 multorum,

467 5413 541 5523 ἢ
562 5404 754 5467 quibus
801 5414 884 5457 eSt
912 5401 1116 5454 l’lecull‘
1152 5405 1450 5470 presbyter,
1485 5402 1687 5469 accepit
1731 5407 2040 5470 Anonymns

492 5488 502 5521 ι
546 5507 560 5523 .
587 5486 641 5523 ιι.

492 5486 641 5525 tD.ll.

542 5541 564 5576 δ
618 5542 862 5596 Niduari.
923 5542 1155 5605 Populus
1199 5544 1443 5597 accolens
1490 5542 1631 5610 ripas
1674 5542 1816 5595 fluvii
1863 5540 1958 5594 ΝΜ
1992 5540 2041 5592 in

470 5609 681 5682 Snlway
717 5616 904 5667 fretum
943 5614 1233 5666 inﬂuentis.

544 5692 565 5719 ε
594 5683 824 5739 Ιιέηετὶσ.
878 5684 1208 5756 Anonymus,
1259 5684 1347 5739 lib.
1382 5699 1417 5740 tt
1449 5700 1464 5740 :
1502 5702 1520 5737 ι
1554 5682 1901 5753 Snpradictus
1940 5696 2043 5735 au-

2150 5341 2253 5384 tem
2291 5331 2607 5408 _presbyter_
2637 5328 2769 5408 Tydi
2808 5328 2959 5408 aliud
2981 5326 3329 5408 .miraculum
3363 5324 3514 5408 quod
3544 5324 3726 5380 multis

2150 5401 2418 5463 cognitum
2467 5397 2551 5453 est
2596 5397 2885 5453 indicavit;
2920 5398 3146 5462 scilicet,
3194 5398 3421 5463 quodam
3466 5397 3552 5449 die
3604 5412 3730 5458 pru-

2153 5472 2491 5524 liciscebatur
2527 5472 2676 5539 juxta
2709 5471 2924 5523 fluvium
2977 5470 3199 5536 'l'esgeta
3229 5469 3451 5520 tendens
3483 5470 3531 5517 in
3558 5467 3727 5539 Muri-

2152 5542 2315 5604 diem,
2384 5543 2520 5594 inter
2579 5553 2827 5593 montana
2881 5540 3079 5592 docens
3127 5539 3421 5592 rusticanos
3469 5550 3523 5590 et
3556 5538 3729 5599 bapti-

2152 5614 2327 5679 zabat.
2379 5613 2589 5682 llabcns
2621 5626 2833 5679 quoque
2882 5624 3101 5677 puerum
3133 5610 3185 5664 iu
3218 5612 3511 5675 cantitata,
3560 5620 3664 5661 etii.
3706 5623 3725 5657 ι
