4220 6454
590 166 684 221 75f

1336 168 1534 223 PEDIE
1581 170 2022 226 \‘ENERABILIS
2060 170 2209 225 OPP.
2256 170 2433 229 PARS
2472 172 2558 227 IV.
2602 200 2672 215 -
2710 174 3089 232 IIISTORICA.

3754 196 3782 247 τ
3790 196 3865 250 ΤΓΖ

582 282 794 335 dicante
819 277 1117 333 Cudbercto
1149 277 1365 331 verbum
1413 278 1526 343 Dei,
1556 288 1715 347 atque
1742 280 1856 348 ejus
1896 281 2150 336 beneficia
2183 290 2233 346 Α
2261 282 2500 350 pueritia:
2541 285 2812 343 nutriebat
2854 286 2922 341 ab
2968 289 3142 356 annis,
3183 292 3321 348 unde
3364 304 3416 351 et
3460 308 3631 355 mater
3677 303 3753 357 ab
3794 322 3862 360 eo

581 370 950 433 collaudante;
983 380 1035 422 et
1077 368 1197 435 quia
1227 368 1403 421 beatus
1430 370 1505 420 vir
1550 374 1699 431 cuius
1726 382 1800 424 est
1831 388 2011 425 nomen
2045 371 2157 425 Do-

582 463 708 515 mini
731 477 845 531 spes
869 463 1000 530 ejus,
1023 468 1071 512 et
1094 476 1194 512 non
1216 460 1436 527 respexit
1452 460 1502 513 in
1527 461 1774 513 vanitates
1794 473 1842 516 et
1858 465 1910 516 in
1931 466 2160 518 insanius

581 562 764 630 falsas.
824 562 902 616 Ac
948 562 1023 613 sic
1060 571 1331 628 resumpto
1379 557 1568 611 itinere
1612 553 1681 609 ad
1726 558 2023 613 docendum
2066 571 2159 611 eos

491 680 496 686 δ
580 666 714 719 quos
742 662 1067 720 proposuere
1090 648 1310 716 profecti
1344 658 1489 701 sunt.

580 741 734 796 CAP.
769 741 902 795 ΧΙΙΙ.
962 740 1228 803 Quomodo
1272 740 1554 806 praedicans
1588 738 1789 809 papillis
1832 738 2159 803 fantasticum

645 814 808 866 subito
832 812 996 878 ignem
1038 810 1227 863 diaboli
1271 820 1317 863 et
1359 812 1645 881 prwviderit
1689 820 1972 873 renturum,
1999 819 2044 860 et
2075 822 2159 879 re-

645 883 863 935 nienlem
891 881 1205 934 exstinxerit.

648 972 845 1026 Eodem
878 982 1116 1041 tempore
1143 971 1269 1025 dum
1295 974 1627 1041 congregatis
1652 971 1702 1025 in
1728 971 1951 1040 quadam
1977 971 2153 1024 villula

574 1064 909 1133 perplurimis
946 1066 1165 1117 verbum
1196 1064 1316 1116 vita:
1347 1065 1675 1130 praediciret,
1710 1064 1949 1131 praevidit
1978 1064 2155 1117 subito

573 1159 624 1211 in
661 1157 848 1226 spiritu
893 1156 1165 1224 antiquum
1217 1155 1422 1209 hostem
1471 1155 1535 1207 ad
1590 1156 1963 1209 retardandum
2018 1169 2154 1223 OpttS

570 1248 757 1302 salutis
784 1248 993 1313 adesse,
1025 1261 1251 1314 moxque
1277 1247 1390 1314 ejus
1418 1245 1638 1299 insidias
1668 1260 1798 1315 quas
1835 1244 2038 1298 futuras
2066 1246 2151 1297 in-

572 1338 790 1398 tellexit,
819 1336 1060 1391 docendo
1084 1350 1455 1405 pramccupare
1481 1337 1707 1389 curavit.
1742 1333 1982 1389 Namque
2013 1336 2154 1388 inter

566 1442 630 1482 ea
660 1443 779 1497 qua:
809 1428 1196 1495 disputaverat,
1246 1434 1463 1494 repente
1496 1424 1799 1495 hujusmodi
1846 1426 2040 1478 monita
2067 1425 2151 1477 in—

573 1521 781 1573 seruit:
821 1536 839 1569 t
877 1521 1120 1586 Oportet,
1150 1516 1477 1581 charissimi,
1524 1526 1581 1569 ut
1610 1516 1817 1584 quoties
1844 1516 1993 1568 vobis
2031 1529 2147 1583 my-

571 1609 731 1664 steria
768 1610 913 1678 regni
944 1608 1181 1661 cmlestis
1214 1605 1588 1673 pradicantur,
1621 1606 1824 1659 intento
1854 1606 1965 1657 haec
1990 1606 2152 1657 corde

2270 375 2637 441 cognominari
2661 376 2885 431 solebat.
2918 380 3156 436 Habebat
3183 394 3359 441 autem
3391 389 3599 445 domum
3629 393 3683 449 in
3710 401 3859 451 occi.

2266 464 2467 520 dentali
2497 476 2645 534 parte
2671 466 2697 504 δ
2726 468 2902 535 viculi,
2934 486 3091 539 quam
3120 487 3241 530 cum
3273 479 3353 532 vir
3376 479 3580 536 Domini
3605 486 3855 543 Cudber-

2266 565 2389 608 ctus
2418 559 2635 610 verbum
2659 560 3017 616 seminaturus
3048 563 3286 630 intraret,
3320 584 3537 637 repente
3578 575 3630 627 in
3672 581 3856 631 orien-

2261 647 2351 701 tali
2402 648 2551 717 plaga
2580 649 2819 716 ejusdem
2871 652 2976 706 vici
3025 668 3120 723 per
3163 656 3375 725 culpam
3407 661 3626 718 incuriae
3656 667 3853 722 domus

2261 742 2475 795 incensa
2502 749 2525 782 δ
2555 746 3021 802 vehementissime
3042 752 3204 817 coepit
3229 753 3442 808 ardere.
3474 756 3604 811 Nam
3637 770 3689 813 et
3720 776 3854 814 ven-

2262 842 2343 886 tus
2379 832 2447 886 ab
2482 835 2671 888 eodem
2698 836 2909 892 climate
2936 854 3039 893 non
3071 841 3310 898 modicus
3362 861 3667 917 assurgens,
3698 854 3850 906 abri.

2260 923 2434 991 piebat
2463 924 2652 993 ignitus
2673 928 2693 956 ⁸
2711 928 2844 981 fenei
2869 931 2992 984 tecti
3022 930 3325 1000 fasciculos,
3342 946 3399 991 et
3422 947 3583 991 tutam
3606 940 3845 1008 jactabat

2260 1021 2365 1071 late
2394 1033 2489 1087 per
2518 1020 2719 1073 villam.
2746 1020 3016 1076 lactantes
3048 1038 3236 1089 aquam
3264 1027 3354 1094 qui
3399 1028 3623 1083 aderant
3651 1030 3844 1086 fortior

2255 1107 2465 1163 ﬂamma
2518 1112 2748 1179 repulit,
2800 1113 3111 1184 longiusque
3160 1116 3380 1186 fugavit.
3431 1119 3563 1175 Tum
3618 1124 3841 1191 praefata

2260 1199 2350 1253 Dei
2383 1201 2577 1255 famula
2607 1205 2842 1257 cucurrit
2868 1207 3074 1271 concita
3098 1207 3163 1260 ad
3191 1208 3408 1264 domum
3454 1212 3505 1267 in
3536 1228 3637 1282 qua
3667 1218 3840 1271 virum

2258 1288 2353 1343 Dei
2410 1303 2721 1361 receperat,
2781 1296 3067 1352 obsecrans
3119 1307 3175 1351 ut
3221 1302 3421 1355 orando
3470 1318 3836 1375 succurreret,

2256 1382 2561 1449 priusquam
2590 1383 2781 1438 domus
2810 1385 2973 1453 ipsius
3019 1397 3073 1441 et
3103 1398 3210 1441 tota
3257 1391 3416 1445 simul
3457 1394 3578 1447 villa
3610 1400 3831 1463 periret.

2253 1478 2321 1528 At
2351 1472 2435 1526 ille
2460 1490 2472 1524 :
2500 1489 2517 1522 ι
2550 1472 2624 1528 Ne
2646 1475 2853 1538 timeas,
2879 1477 3065 1545 inquit,
3087 1489 3275 1545 mater,
3298 1482 3641 1552 animmquior
3668 1500 3787 1540 esto
3826 1507 3839 1539 :

2253 1576 2357 1614 non
2408 1564 2549 1618 enim
2593 1564 2685 1620 tibi
2732 1568 2903 1620 tuisve
2943 1569 3056 1622 hate
3082 1573 3373 1639 quamlibet
3418 1591 3578 1630 vorax
3620 1577 3838 1633 ﬂamma

570 1714 623 1756 et
641 1715 800 1756 sensu
817 1658 1027 1767 :crnper
1044 1698 1447 1769 vigilantissimu
1462 1696 1708 1761 audiatis,
1728 1711 1795 1751 ne
1814 1694 1949 1750 forte
1968 1696 2139 1749 diabo-

2256 1658 2487 1713 nocebit.
2523 1676 2542 1711 s
2582 1658 2878 1730 Statimque
2902 1677 3147 1733 egressus
3177 1676 3299 1721 ante
3327 1668 3523 1722 ostium
3545 1669 3566 1700 ⁸
3593 1682 3839 1739 proster-

568 1795 650 1848 lus
690 1796 780 1863 qui
828 1794 971 1847 mille
1023 1792 1246 1846 nocendi
1286 1792 1445 1845 habet
1487 1799 1651 1855 artes,
1680 1788 2020 1857 supervacuis
2055 1802 2150 1842 vos

563 1888 705 1941 curis
753 1886 820 1937 ab
867 1894 1080 1939 attenta:
1129 1883 1313 1937 salutis
1366 1880 1636 1935 auditione
1681 1880 1988 1947 przepediat.
2028 1897 2046 1930 ι
2085 1879 2150 1932 Et

562 1978 679 2031 hzec
706 1977 909 2039 dicens,
941 1975 1114 2028 denuo
1143 1973 1409 2027 sermonis
1452 1986 1611 2040 quem
1662 1970 2023 2024 intermiserat
2053 1985 2146 2023 or-

562 2050 1004 2136 dinem-repetiit,
1024 2064 1309 2133 statimque
1339 2063 1505 2117 hostis
1534 2062 1623 2116 ille
1652 2059 2009 2131 nequissimus
2036 2059 2148 2113 fan-

561 2160 805 2213 tasticum
852 2158 1099 2213 deferens
1128 2156 1328 2225 ignem,
1362 2154 1580 2208 domum
1626 2155 1775 2219 juxta
1807 2152 2028 2221 positam
2062 2152 2146 2205 itt-

559 2251 755 2315 ceudit,
787 2251 857 2304 ita
888 2259 943 2303 ut
986 2248 1290 2301 viderentur
1332 2247 1474 2300 faces
1522 2245 1718 2313 ignium
1756 2252 1919 2298 totam
1963 2244 2146 2298 volare

558 2355 653 2407 per
682 2338 936 2400 \illulam,
962 2348 1024 2389 ac
1047 2333 1268 2404 iuvante
1296 2345 1453 2386 vento
1475 2330 1650 2400 fragor
1677 2346 1800 2386 aera
1830 2339 2143 2384 concutere.

557 2429 691 2482 'fum
737 2427 987 2481 exsiliens
1016 2426 1165 2493 quasi
1196 2423 1260 2476 ad
1294 2422 1736 2492 exstinguendum
1768 2421 1941 2491 ignem
1992 2421 2142 2475 turba

557 2533 692 2587 pene
749 2526 855 2571 tota
903 2530 1062 2584 quam
1105 2514 1354 2582 docebat,
1402 2529 1522 2567 nam
1570 2528 1769 2581 paucos
1820 2514 1931 2581 ipse
1982 2527 2141 2567 manu

558 2610 717 2663 missa
765 2607 1003 2671 retinuit,
1032 2604 1276 2658 certatim
1328 2618 1491 2672 aquas
1532 2602 1788 2672 jactabat,
1840 2618 1939 2657 nec
1964 2612 2139 2656 tamen

555 2702 690 2753 unda
720 2714 841 2753 vera
887 2698 1044 2751 falsas
1078 2697 1248 2764 potuit
1287 2694 1616 2762 restinguere
1645 2694 1910 2759 ﬂammas,
1945 2694 2137 2757 donec,

550 2800 738 2846 orante
769 2793 882 2844 viro
938 2790 1027 2843 Dei
1072 2787 1375 2842 Cudbercto
1414 2786 1621 2855 fugatus
1668 2795 1852 2840 auctor
1900 2785 2138 2841 fallacia-

550 2898 690 2948 rum,
706 2883 824 2935 ficta
846 2896 1029 2936 secum
1056 2878 1300 2933 incendia
1325 2892 1519 2931 vacuas
1548 2888 1846 2947 reportaret
1874 2879 1926 2932 iu
1955 2894 2131 2933 auras.

549 2977 702 3046 Quod
734 2976 921 3030 videns
948 2973 1100 3027 turba
1149 2971 1371 3025 multum
1419 2970 1703 3025 salubriter
1746 2972 1978 3038 erubuit,
2012 2988 2133 3026 rur-

549 3082 745 3137 susque
773 3066 837 3118 ad
870 3067 1039 3117 virum
1093 3060 1182 3117 Dei
1230 3062 1493 3127 ingressa,
1520 3059 1676 3114 ﬂexis
1716 3062 1937 3129 genibus
1966 3063 2131 3117 insta-

550 3160 674 3214 bilis
703 3156 866 3211 animi
897 3155 1106 3210 veniam
1156 3153 1490 3222 precabatur,
1539 3154 1798 3206 conlitens
1840 3167 1899 3207 se
1928 3152 2133 3209 intelle-

553 3254 697 3306 xisse
722 3252 842 3319 quia
873 3248 1115 3303 diabolus
1141 3246 1209 3299 ab
1247 3244 1581 3313 impedienda
1608 3244 1781 3299 salute
1812 3244 2036 3297 humana
2068 3261 2135 3299 ne

545 3348 612 3401 ad
647 3348 829 3401 horam
858 3352 1091 3397 vacaret.
1123 3343 1193 3395 At
1217 3340 1332 3409 ipse
1376 3340 1697 3393 confirmans
1727 3338 2131 3394 ineunsmntiam

542 3437 829 3508 fragilium,
862 3450 1044 3491 rursus
1073 3449 1192 3504 qua:
1232 3441 1469 3503 cmperat
1500 3432 1622 3487 vita:
1652 3433 1852 3487 monita
1880 3432 2131 3502 exsequi-

543 3541 650 3586 tur.

542 3618 694 3672 CAP.
730 3614 866 3672 XIV.
902 3613 1182 3690 Quomodo
1211 3613 1448 3690 ﬂammas
1478 3609 1660 3690 domus
1700 3608 1971 3690 cujusdam
2012 3623 2130 3662 vero

845 3685 962 3754 igne
982 3684 1211 3736 ardentis
1234 3684 1249 3711 ¹
1276 3682 1507 3733 oratione
1526 3682 1833 3732 restinxerit.

610 3778 723 3832 Nec
753 3786 955 3833 tantum
1006 3774 1181 3842 ignem
1226 3770 1585 3834 fantasticum,
1615 3771 1709 3824 sed
1741 3773 1899 3825 etiam
1941 3785 2126 3826 verum

536 3884 705 3939 quem
752 3866 900 3920 tnulti
932 3863 1142 3935 frigidis
1172 3861 1396 3917 fontium
1446 3861 1599 3915 undis
1632 3861 1848 3915 minime
1884 3863 2129 3918 valebant

541 3958 906 4028 exstinguere,
936 3956 960 3987 ³
992 3956 1106 4025 ipSe
1134 3952 1279 4008 solus
1308 3953 1637 4008 ferventibus
1682 3951 2030 4023 lacrymarum
2056 3956 2127 4009 ri-

536 4049 674 4104 vulis
696 4047 1030 4117 compressit.
1079 4044 1357 4115 Siquidem
1402 4044 1527 4099 dum
1569 4058 1718 4099 more
1760 4047 2123 4114 apostolorum

534 4141 702 4211 gratia
733 4140 1020 4194 salutiferae
1044 4136 1416 4192 instructionis
1460 4136 1709 4209 universa
1751 4140 2122 4203 pertransiret,

533 4233 752 4287 devenit
770 4231 859 4285 die
885 4229 1111 4299 quadam
1142 4229 1193 4281 itt
1225 4227 1441 4281 domum
1467 4225 1743 4296 cujusdam
1779 4228 1986 4281 devota:
2016 4227 2124 4283 Deo

537 4334 563 4385 ξι
593 4325 805 4378 feminas
848 4338 1006 4390 quam
1051 4320 1290 4375 crebrius
1346 4320 1576 4373 invisere
1614 4318 1853 4383 curabat,
1905 4322 2027 4390 quia
2068 4332 2121 4376 et

536 4416 693 4470 bonis
725 4425 744 4455 ³
771 4412 976 4466 actibus
1003 4412 1257 4465 intentam
1289 4416 1530 4473 noverat,
1562 4418 1616 4462 et
1647 4409 1756 4476 ipsa
1788 4424 1910 4462 eum
1940 4412 2128 4477 primis
2156 4408 2211 4470 Ι)

2253 1746 2402 1801 nitur
2449 1748 2500 1801 in
2549 1758 2783 1817 terram;
2835 1767 2942 1821 quo
2989 1754 3164 1809 adhuc
3200 1767 3389 1813 orante
3416 1769 3650 1815 mutatur
3681 1763 3841 1819 ﬂatus

2256 1848 2557 1906 ventorum,
2585 1844 2899 1912 spiransque
2927 1847 2995 1899 ab
3020 1860 3213 1901 occasu
3242 1858 3413 1904 totum
3444 1854 3571 1907 tanti
3602 1856 3839 1910 incendii

2254 1929 2555 1996 periculum
2587 1933 2654 1985 ab
2685 1932 2959 1989 invasioue
2986 1936 3181 1991 villulae
3222 1955 3377 2007 quam
3408 1943 3487 1996 vir
3518 1943 3723 2000 Domini
3754 1949 3840 2001 in-

2253 2031 2483 2078 traverat
2513 2024 2718 2093 reiecit.
2744 2025 2940 2098 Sicque
2982 2031 3033 2084 in
3076 2032 3283 2089 duobus
3310 2038 3576 2092 miraculis
3611 2041 3840 2097 duorum

2248 2124 2457 2180 patrum
2487 2125 2570 2169 est
2619 2117 2839 2173 virtutes
2866 2122 3105 2177 imitatus
3137 2140 3150 2175 :
3187 2126 3237 2178 in
3288 2126 3579 2185 fantasticis
3625 2134 3838 2201 quidem

2257 2204 2499 2270 previsis
2524 2211 2875 2263 etevacuatis
2909 2210 3165 2267 incendiis
3210 2214 3458 2272 virtutem
3503 2224 3837 2278 reverendis-

2252 2294 2373 2349 simi
2408 2305 2464 2349 et
2496 2299 2816 2353 sanctissimi
2844 2300 3015 2355 Patris
3043 2312 3065 2341 ο
3092 2304 3385 2374 Benedicti,
3413 2310 3500 2375 qui
3530 2312 3835 2371 simulatum

2253 2385 2325 2439 ab
2347 2385 2564 2457 antiquo
2589 2388 2744 2445 hoste
2783 2392 2933 2460 quasi
2977 2396 3218 2462 coquinae
3255 2399 3489 2455 ardentis
3529 2401 3829 2462 incendium

2242 2478 2313 2532 ab
2340 2480 2507 2533 oculis
2536 2480 2917 2551 discipulorum
2942 2486 3145 2541 orando
3189 2490 3385 2557 pepulit
3409 2506 3424 2556 ;
3454 2492 3504 2545 in
3530 2496 3668 2548 veris
3700 2511 3831 2553 vero

2244 2584 2395 2637 teque
2417 2572 2569 2625 victis
2590 2589 2651 2627 ac
2674 2576 2890 2630 retortis
2917 2576 3113 2645 ignium
3137 2578 3325 2649 globis,
3352 2582 3594 2640 virtutem
3614 2588 3712 2642 viri
3736 2603 3827 2643 ve-

2240 2665 2495 2719 nerabilis
2516 2665 2542 2704 ἀ
2568 2666 2858 2723 Marcellini
2880 2672 3194 2728 Anconitani
3219 2676 3469 2732 antistitis
3493 2680 3580 2746 qui
3607 2682 3830 2736 ardente

2239 2754 2424 2809 eadem
2472 2756 2686 2812 civitate
2742 2757 2854 2826 ipse
2901 2771 3083 2815 contra
3144 2763 3316 2833 ignem
3378 2769 3577 2834 positus
3620 2771 3827 2824 orando

2240 2842 2481 2899 ﬂammas
2506 2849 2857 2914 compescuit,
2880 2865 3013 2918 quas
3037 2861 3177 2906 tanta
3201 2854 3393 2910 civium
3426 2872 3608 2912 manus
3630 2874 3824 2929 aquam

2238 2937 2570 3005 projiciendo
2601 2939 2936 3009 nequiverat.
2988 2944 3093 2998 Nec
3138 2947 3434 3002 mirandum
3482 2951 3740 3018 perfectos
3767 2962 3825 3008 et

2161 3058 2207 3121 ο
2236 3027 2464 3083 fideliter
2508 3031 2617 3085 Deo
2663 3036 2958 3087 servientes
3006 3037 3147 3091 viros
3202 3046 3398 3093 tantam
3458 3054 3638 3097 contra
3711 3048 3821 3099 vim

2236 3118 2566 3174 ﬂammarum
2621 3122 2645 3154 "
2697 3124 2940 3191 accipere
2991 3128 3321 3196 potentiam,
3388 3133 3479 3200 qui
3520 3135 3821 3202 quotidiana

2236 3208 2491 3263 virtutum
2525 3210 2784 3267 industria
2816 3225 2871 3268 et
2913 3217 3174 3271 incentiva
3206 3236 3316 3274 sum
3344 3226 3519 3277 carnis
3548 3225 3819 3291 edomare,

2230 3308 2288 3353 et
2310 3302 2490 3355 omnia
2522 3303 2620 3358 tela
2656 3308 2967 3373 nequissimi
3019 3312 3167 3376 ignea
3217 3325 3409 3367 norunt
3456 3317 3818 3386 exstinguere;

2232 3391 2423 3459 quibus
2454 3394 2732 3462 aptissime
2768 3399 3012 3465 congruit
3056 3401 3182 3454 illud
3236 3404 3640 3471 propheticum:
3689 3406 3820 3462 Cum

2231 3489 2492 3541 transieris
2512 3491 2565 3541 in
2592 3491 2708 3561 igne
2735 3507 2839 3545 non
2864 3492 3191 3559 combureris,
3218 3505 3264 3548 et
3302 3498 3511 3565 ﬂamma
3535 3516 3634 3552 non
3673 3502 3821 3555 arde-

2231 3574 2301 3628 bit
2324 3574 2376 3629 in
2402 3587 2467 3631 te.
2495 3578 2563 3632 At
2592 3593 2691 3647 ego
2720 3588 2773 3634 et
2807 3582 2912 3636 mei
2944 3582 3146 3637 similes
3180 3588 3405 3653 propria:
3436 3587 3737 3659 fragilitatis
3766 3601 3821 3645 et

2231 3665 2433 3719 inertia:
2487 3672 2707 3735 conscii,
2757 3674 2888 3726 certi
2938 3675 3153 3743 quidem
3204 3691 3389 3732 sumus
3436 3682 3603 3748 quia'
3634 3691 3820 3736 cuntra

2228 3758 2403 3827 ignem
2453 3762 2780 3817 tuaterialem
2833 3766 2903 3819 nil
2953 3769 3055 3821 tale
3096 3769 3383 3835 audemus;
3419 3773 3607 3828 incerti
3638 3785 3815 3830 autem

2228 3864 2294 3902 an
2329 3850 2502 3919 ignem
2526 3852 2676 3907 illum
2711 3854 3194 3925 inexstinguibilem
3225 3861 3415 3917 futura:
3454 3867 3818 3934 castigatimiis

2229 3939 2494 3997 immunes
2536 3946 2762 4000 evadere
2791 3962 3067 4015 queamus.
3108 3950 3213 4006 Sed
3246 3966 3433 4015 potens
3466 3967 3545 4009 est
3582 3965 3636 4010 et
3668 3958 3812 4025 larga

2228 4030 2398 4099 pietas
2429 4032 2723 4089 Salvatoris
2773 4039 2962 4103 nostri,
2992 4055 3113 4108 quae
3142 4041 3371 4112 indignis
3412 4045 3564 4100 nobis
3593 4058 3645 4100 et
3672 4063 3812 4100 nunc

2225 4119 2292 4173 ad
2318 4123 2700 4192 exstinguenda
2732 4125 2977 4182 vitiorum
3023 4128 3288 4195 incendia,
3324 4142 3379 4187 et
3404 4134 3467 4187 ad
3513 4137 3817 4190 evadendas

2226 4210 2280 4262 in
2327 4209 2503 4266 futuro
2552 4224 2827 4282 poenarum
2866 4215 3108 4273 ﬂammas
3136 4221 3362 4289 gratiam
3392 4237 3504 4279 sua:
3532 4227 3817 4294 protectio-

2228 4300 2310 4354 nis
2332 4300 2626 4369 impendat.

1498 4495 1977 4554 VULGATORUM
2021 4502 2411 4562 VARIANTES
2453 4508 2855 4570 LECTIONES.

611 4594 625 4622 ¹
655 4592 866 4648 Orando
887 4590 1198 4646 restinxerit.

605 4668 625 4697 ¹
652 4664 676 4717 Ι
687 4682 774 4731 pse
804 4666 948 4717 solis.

608 4736 629 4767 ⁸
658 4736 904 4801 Uperibus
926 4734 1192 4787 intentant.

606 4808 626 4838 "
642 4806 990 4861 Vehementer.

2302 4599 2324 4629 ⁸
2349 4596 2482 4653 Feni
2500 4603 2639 4656 tecti.

2296 4669 2320 4699 ⁶
2344 4669 2627 4726 Sternitur.

2298 4741 2315 4770 ⁷
2338 4739 2576 4811 decipere
2597 4752 2915 4811 potestatem.

2298 4811 2319 4842 ⁸
2342 4809 2445 4863 Per
2460 4809 2655 4881 viguerit.

1855 4891 2212 4952 VARIORUM
2255 4898 2485 4956 NOTAE.

526 4986 530 5002 '
588 4996 608 5018 ⁸
638 4988 893 5043 Feminis.
920 4986 1043 5041 llaec
1070 4994 1255 5040 vocata
1291 4994 1378 5037 est
1400 4982 1665 5051 Kenspid;
1692 4983 2111 5041 sanctimonialis

534 5066 631 5118 fuit
683 5062 836 5114 vidua
887 5074 1005 5127 qua:
1056 5056 1308 5111 enutrivit
1354 5066 1594 5107 sanetum
1642 5054 1995 5127 Cudberctum
2044 5058 2110 5112 ab

532 5144 690 5188 astate
743 5139 866 5184 octo
906 5125 1178 5181 annorum
1231 5140 1396 5191 usque
1554 5133 1764 5203 mtatem
1792 5125 2107 5208 perfectam.

539 5204 666 5256 Vide
695 5204 1032 5270 Anonymum
1076 5199 1388 5270 scriptorem
1423 5194 1564 5270 Alium
1592 5196 1758 5246 sancti
1789 5194 1988 5270 Cudb.,
2014 5198 2107 5252 lib.

532 5275 593 5327 Η
628 5274 765 5340 apud
797 5264 1150 5340 Bollandum,
1175 5268 1246 5321 20
1287 5264 1477 5340 Martii.
1523 5265 1714 5340 Satira.
1742 5292 1814 5303 —
1841 5268 2108 5340 Anonymi

2214 4992 2479 5072 arripuit;
2514 4992 2633 5048 ideo
2662 5009 2891 5076 [tantque
2922 5014 3039 5076 eam
3073 5009 3293 5076 matrem
3314 5004 3627 5076 appellavit,
3658 5022 3803 5076 Stt‘pe

2213 5060 2435 5147 visitatus
2478 5078 2617 5118 eam.
2665 5060 2819 5147 Vettii
2848 5069 3070 5147 quad-ant
3120 5073 3211 5147 die
3245 5074 3323 5147 _ad
3361 5060 3547 5129 ’νῖΙΙδηι
3596 5060 3797 5147 uiuit}

2218 5130 2507 5211 habitabat,
2555 5149 2675 5211 qua:
2727 5130 2927 5191 diettur
2977 5140 3384 5211 llruringaham,
3422 5154 3543 5198 tunc
3582 5130 3803 5205 ardente

2212 5202 2524 5276 dctttt_i_quze
2564 5206 2879 5276 iurextrcma
2916 5221 3063 5276 parte
3094 5202 3212 5275 vici,
3244 5225 3348 5269 etc.
3374 5202 3400 5266 ἰ
3426 5215 3653 5271 Manum.

2287 5276 2312 5308 ο
2351 5270 2540 5329 Viculi.
2592 5275 2808 5333 Viculus
2855 5270 3025 5334 dictus
3072 5291 3155 5337 est
3202 5270 3611 5355 liruringabatn,
3668 5290 3794 5345 ibid.

531 5336 695 5399 verba
725 5358 788 5395 ex
820 5342 910 5394 lib.
952 5355 984 5393 ll
1019 5339 1156 5392 haud
1188 5336 1635 5407 praetermittenda
1657 5344 1815 5407 sunt:
1850 5361 1866 5386 ι
1908 5336 2107 5393 Eodem
2212 5343 2401 5396 Sutrn.

533 5428 772 5481 tempore
813 5413 1063 5488 invitatus
1100 5405 1197 5488 est
1224 5406 1646 5488 sanctusuhomo
1678 5405 1768 5458 Dei
1813 5421 1842 5459 a
1881 5409 2107 5488 quadam

532 5476 754 5538 tmiliere
774 5497 893 5549 qua:
910 5483 1104 5535 dicitur
1126 5476 1582 5559 lictispid,.adltue
1604 5476 1805 5559 vivens,
1828 5479 2111 5559 sanctimo-

533 5556 687 5606 nialis
740 5548 941 5613 vidua,
995 5566 1112 5618 qua:
1168 5548 1422 5604 enutrivit
1464 5560 1592 5629 eum
1648 5548 1716 5599 ab
1771 5554 1894 5630 octo
1953 5550 2108 5630 armis

541 5637 703 5693 usque
749 5624 815 5678 ad
863 5622 1148 5692 perlectam
1180 5630 1409 5686 mtatem,
1462 5619 1516 5675 iu
1565 5632 1667 5687 qua
1714 5620 1984 5673 servitium
2017 5620 2107 5674 Dei

2291 5414 2627 5487 {Benedictt
2656 5417 2729 5471 De
2760 5418 2861 5475 hoc
2888 5422 3058 5476 sancti
3093 5422 3361 5480 Benedicti
3394 5425 3648 5483 miraculo
3677 5432 3796 5487 vide

2217 5481 2554 5551 Bollaudum,
2585 5487 2647 5542 21
2683 5487 2835 5543 Matt.

2287 5554 2311 5589 ά
2342 5552 2650 5611 Marcellini:
2677 5559 2883 5614 (Iolitur
2905 5573 3120 5615 sanctus
3150 5562 3485 5622 Marcellinus
3531 5567 3563 5624 9
3603 5568 3797 5626 Janua-

2219 5624 2303 5692 rii,
2331 5640 2489 5694 quem
2520 5628 2659 5685 diem
2691 5630 2808 5686 vide
2836 5633 2973 5703 apud
3007 5634 3250 5696 Bolland.
3277 5637 3466 5693 Satira.
