4220 6468
379 450 477 507 7ςῶ

1051 449 1243 505 SECT.
1287 450 1328 502 l.
1365 480 1433 491 —
1473 443 2056 503 lI‘AGIOGRAPlIICA.
2100 475 2171 484 --
2214 445 2366 501 VITA
2411 446 2467 502 S.
2511 447 2925 502 CUTIIBERTI.

3528 442 3632 497 755

363 563 443 617 CA
458 562 514 615 Ρ.
550 561 659 616 XV.
693 561 922 627 Quaiiler
945 560 1251 613 dieinoninm
1288 558 1351 611 ab
1374 574 1532 611 umore
1552 557 1798 625 prwfecti,
1825 570 1947 608 nrc-
1980 558 2022 609 Α
2054 552 2353 608 Cudbercto
2382 555 2866 623 appropinquarent
2889 554 3091 616 domui,
3127 553 3257 622 fugit
3285 562 3504 623 repente
3526 553 3640 622 spi—

821 632 941 683 dum
972 634 1244 683 adveniens
1266 633 1486 699 ejecerit.

436 743 633 796 Verum
663 743 781 809 quia
815 742 972 810 paulo
999 741 1240 809 superius
1289 751 1541 809 quantum
1574 737 1741 791 isdem
1785 750 1947 789 vene-

362 836 546 889 rabilis
574 837 906 890 Cudberctus
938 835 1195 889 adversus
1217 834 1557 889 simulatitias
1582 830 1779 887 diaboli
1810 830 1950 884 frau-

369 935 464 982 des
487 928 713 981 valuerit
755 929 1117 995 exposuimus,
1164 942 1303 982 nunc
1328 928 1489 983 etiam
1531 927 1653 996 quid
1695 926 1951 979 adversus

373 1036 559 1073 rerum
588 1030 941 1087 apertumque
966 1021 1084 1087 eius
1107 1021 1338 1075 furorem
1386 1021 1558 1075 valeat
1597 1019 1946 1085 explicemus.

370 1113 494 1164 Erat
521 1112 804 1177 praefectus
848 1111 1078 1180 Ecgfridi
1124 1112 1266 1180 regis
1310 1111 1582 1166 Hildmaer
1607 1111 1844 1177 nomine,
1873 1108 1954 1162 vir

368 1200 624 1270 religiosis
648 1216 767 1255 cum
791 1200 935 1255 omni
961 1202 1122 1256 domu
1151 1216 1245 1257 sua
1268 1202 1481 1257 deditus
1502 1201 1777 1270 operibus,
1805 1200 1953 1255 ideo-

365 1306 518 1359 quea
560 1292 719 1347 bealo
762 1292 1057 1348 Cudbercto
1094 1293 1399 1362 specialiter
1441 1294 1687 1358 dilectus,
1728 1302 1806 1358 et,
1830 1307 1950 1346 cum

368 1380 569 1436 itineris
598 1383 960 1454 propinquitas
987 1395 1324 1453 congrueret,
1355 1384 1544 1439 crebro
1569 1384 1641 1438 ab
1674 1398 1740 1439 eo
1769 1383 1954 1437 visita-

377 1483 480 1529 tus.
504 1472 668 1543 Cujus
695 1489 827 1528 uxor
848 1488 968 1529 cum
1000 1476 1353 1545 eleemosynis
1381 1483 1438 1529 et
1460 1475 1668 1528 exteris
1694 1474 1954 1528 virtutum

370 1565 625 1621 fructibus
673 1574 817 1620 esset
866 1567 1083 1629 intenta,
1117 1566 1300 1620 subito
1349 1576 1594 1634 correpta
1640 1580 1668 1616 a
1711 1568 1957 1620 daemone

365 1657 626 1711 acerrime
654 1658 817 1725 coepit
852 1658 1058 1723 vexari,
1089 1657 1161 1711 ita
1190 1667 1247 1712 ut
1271 1656 1549 1711 stridendo
1570 1656 1841 1721 dentibus,
1861 1670 1956 1708 vo-

365 1761 453 1801 ees
492 1747 821 1803 miserabiles
852 1754 867 1783 ί
895 1747 1225 1812 omittendo,
1276 1747 1492 1801 brachia
1535 1749 1615 1801 vel
1647 1756 1842 1801 caetera
1872 1741 1957 1799 sui

371 1844 611 1909 corporis
641 1842 876 1896 membra
909 1841 960 1895 in
987 1842 1197 1896 diversa
1228 1840 1512 1908 raptanda,
1542 1854 1647 1894 non
1674 1838 1950 1893 minimum

367 1930 573 1984 cunctis
611 1928 934 1984 intuentibus
976 1930 1058 1983 vel
1099 1928 1438 1983 audientibus
1464 1929 1726 1982 incuteret
1759 1930 1945 1981 horro-

368 2035 502 2074 rem.
534 2020 774 2089 Cumque
811 2020 1014 2090 jaceret
1040 2020 1255 2087 explosa
1296 2029 1348 2074 et
1384 2018 1709 2087 jamjamque
1739 2018 1951 2072 videre-

372 2121 458 2163 tur
486 2126 603 2165 esse
631 2113 903 2177 moritura,
932 2111 1177 2166 ascendit
1195 2111 1274 2165 vir
1301 2110 1416 2180 ejus
1445 2125 1663 2179 equum,
1700 2118 1752 2163 et
1779 2107 1960 2163 conci-

367 2209 453 2255 tus
485 2202 624 2255 venit
663 2202 727 2255 ad
755 2201 1021 2255 hominem
1065 2200 1181 2266 Dei,
1220 2210 1570 2270 precatusque
1594 2208 1679 2254 est
1706 2215 1853 2266 eum,
1873 2199 1957 2253 di-

368 2307 495 2348 eens
528 2310 540 2347 :
575 2311 594 2344 ι
623 2292 857 2348 Obsecro
886 2293 1007 2363 quia
1040 2308 1172 2347 uxor
1197 2307 1313 2346 mea
1338 2293 1476 2347 male
1508 2291 1689 2358 habet,
1721 2301 1776 2345 et
1808 2292 1960 2347 vide-

371 2395 461 2440 tur
484 2385 593 2455 jam
634 2386 872 2455 proxima
919 2387 1101 2450 morti,
1147 2396 1202 2440 ut
1252 2386 1429 2440 mittas
1470 2384 1834 2454 presbyterum
1866 2388 1955 2453 qui

373 2476 514 2529 iilam
540 2475 842 2545 priusquam
890 2475 1145 2529 moriatur
1191 2474 1391 2541 visitet,
1439 2473 1594 2543 eique
1635 2475 1877 2544 corporis
1906 2483 1961 2530 et

373 2566 644 2633 sanguinis
673 2565 924 2619 dominici
955 2575 1288 2619 sacramenta
1319 2564 1606 2629 ministret,
1642 2565 1735 2619 sed
1761 2575 1813 2618 et
1840 2580 1960 2619 cor-

371 2671 473 2724 pus
501 2656 666 2724 ipsius
698 2657 783 2710 hic
811 2656 941 2710 locis
967 2655 1166 2709 sanctis
1193 2653 1406 2724 sepeliri
1434 2656 1729 2724 permittas.
1773 2674 1789 2706 I
1829 2657 1959 2709 Eru-

371 2746 620 2800 bescebat
648 2747 793 2799 enim
817 2759 935 2800 eam
977 2745 1217 2799 confiteri
1271 2746 1508 2798 insanam
1541 2761 1700 2814 quam
1746 2747 1824 2798 vir
1853 2747 1963 2801 Do-

368 2838 499 2892 mini
548 2838 780 2892 sobriam
832 2853 1046 2906 semper
1089 2838 1270 2891 videre
1301 2848 1673 2892 consueverat.
1705 2837 1805 2904 Qui
1838 2852 1959 2891 cum

370 2946 656 3000 parumper
684 2930 753 2984 ab
793 2944 860 2986 eo
907 2930 1226 2996 diverteret,
1274 2929 1491 2984 visurus
1535 2946 1693 2999 quem
1726 2931 1961 2984 mitteret

370 3023 738 3092 presbyterum
792 3036 911 3076 cum
946 3022 1054 3085 illo,
1102 3021 1351 3090 cognovit
1402 3033 1624 3089 repente
1667 3022 1719 3075 in
1767 3024 1959 3091 spiritu

366 3114 489 3182 quia
521 3128 623 3166 non
670 3114 941 3167 communi
970 3112 1301 3175 infirmitate,
1350 3110 1441 3165 sed
1472 3114 1496 3143 ³
1518 3111 1782 3166 daemonis
1826 3112 1957 3166 infe-

366 3204 593 3259 statioue
620 3212 949 3272 premeretur
969 3204 1163 3272 coujux
1194 3218 1299 3272 pro
1315 3216 1418 3273 qua
1455 3204 1809 3273 supplicabat.
1849 3206 1956 3260 lte-
1983 3247 2026 3273 μ

367 3310 654 3364 versusque
690 3296 755 3349 ad
804 3310 966 3351 eum:
1006 3314 1024 3347 ε
1063 3297 1209 3361 Non,
1233 3295 1421 3365 inquit,
1453 3296 1476 3328 ³
1505 3296 1669 3350 alium
1721 3298 1953 3364 mittere,

364 3390 458 3442 sed
492 3390 604 3458 ipse
636 3390 705 3443 ad.
730 3389 1043 3444 visitandam
1084 3404 1200 3445 eam
1232 3398 1406 3444 tecum
1439 3406 1659 3460 pergo-re
1685 3391 1879 3445 debeo.
1918 3410 1937 3444 ι

364 3480 601 3549 Curaque
649 3488 869 3548 agerent
892 3481 1012 3545 iter,
1063 3479 1227 3545 carpit
1270 3479 1401 3534 flere
1439 3479 1599 3535 homo
1628 3490 1680 3534 et
1709 3480 1950 3535 dolorem

364 3572 544 3623 cordis
570 3568 954 3637 profluentibus
1004 3570 1056 3623 in
1099 3569 1369 3623 maxillam
1400 3569 1649 3640 lacrymis
1678 3570 1948 3637 prodere;

367 3661 586 3716 timebat
616 3664 757 3715 enim
790 3677 857 3715 ne
898 3676 1020 3714 cum
1067 3676 1184 3714 eam
1233 3660 1620 3715 dtemoniosam
1667 3660 1952 3727 inveniret,

365 3752 609 3806 arbitrari
659 3754 936 3820 inciperet,
982 3751 1105 3821 quia
1150 3767 1255 3805 non
1304 3752 1505 3821 integra
1564 3752 1809 3817 Domino,
1857 3752 1954 3807 sed

368 3848 487 3898 lieta
519 3844 631 3898 llde
651 3845 929 3898 servisset.
958 3844 1124 3910 Quem
1158 3844 1239 3897 vir
1271 3842 1477 3896 Domini
1529 3842 1721 3897 blande
1764 3857 1958 3898 conso-

370 3937 549 3990 latus:
588 3954 609 3987 ι
644 3935 780 4004 Noli,
817 3936 1007 4004 inquit,
1038 3935 1274 4002 plorare,
1321 3936 1469 4002 quasi
1522 3935 1828 3989 inventurus
1854 3937 1959 3990 sim

370 4028 652 4097 eonjugem
684 4038 825 4081 luant
853 4028 1064 4096 qualem
1097 4042 1202 4082 non
1246 4028 1428 4081 velim.
1456 4025 1582 4082 Scio
1624 4026 1768 4082 enim
1819 4027 1955 4097 ipse,

365 4122 603 4187 quamvis
640 4130 692 4174 to
729 4118 910 4173 dicere
942 4119 1160 4188 pudeat,
1207 4118 1335 4187 quia
1380 4117 1645 4172 daemonio
1698 4128 1955 4183 vexatur;

366 4210 478 4264 scio
499 4212 657 4265 etiam
683 4211 804 4280 quia
844 4210 1152 4279 priusquam
1206 4208 1299 4262 illo
1351 4207 1751 4277 pervencrimus
1779 4207 1958 4276 fugato

364 4304 632 4355 daeutouio
679 4302 1010 4368 liberabitur,
1063 4315 1124 4354 ac
1176 4299 1329 4353 nobis
1380 4299 1789 4354 advenientibus
1835 4314 1955 4354 cum

365 4395 563 4464 gaudio
586 4406 894 4456 occurrens,
929 4392 1026 4447 has
1055 4393 1167 4460 ipsa
1197 4391 1430 4443 habenas
1458 4391 1742 4443 sanissima
1774 4400 1957 4445 mente

366 4486 617 4553 excipiet,
651 4498 854 4553 uosque
905 4484 1105 4538 intrare
1144 4483 1302 4537 citius
1352 4481 1666 4547 obsecrans,
1714 4482 1955 4537 ministe-

365 4580 499 4631 rium
530 4575 669 4644 quod
700 4582 1053 4628 consueverat
1101 4573 1253 4627 nobis
1281 4572 1470 4627 sedulo
1518 4572 1820 4642 impendet;
1857 4589 1954 4627 ne-

363 4682 470 4735 que
499 4668 639 4721 enim
673 4667 761 4721 tali
793 4675 1057 4721 tormento
1100 4665 1197 4720 soli
1252 4665 1605 4733 subjiciuntur
1659 4665 1806 4729 mali,
1860 4667 1953 4720 sed

363 4759 574 4812 occulto
625 4759 717 4812 Dei
768 4757 969 4828 judicio
1022 4758 1304 4826 aliquoties
1343 4757 1503 4811 etiam
1546 4756 1859 4810 innocentes
1902 4757 1952 4810 iu

367 4856 467 4904 hoc
493 4851 690 4904 saeculo
718 4866 823 4905 non
857 4860 1057 4905 tantum
1086 4862 1311 4917 corpore
1340 4847 1436 4902 sed
1477 4856 1531 4900 et
1574 4858 1754 4900 mente
1781 4848 1952 4915 capti-

361 4954 557 4995 vantur
582 4958 611 4995 a
640 4941 875 4997 diabolo.
912 4959 931 4993 ι
966 4940 1207 5010 Dumque
1237 4938 1351 4994 hac
1379 4950 1433 4995 et
1464 4938 1762 5007 bujusmodi
1792 4940 1951 4994 verba

364 5035 418 5088 in
448 5033 865 5089 consolationem
915 5042 1074 5104 atque
1113 5032 1467 5089 eruditionem
1498 5032 1638 5086 illius
1670 5042 1952 5097 perorante

2052 644 2183 697 ritus
2210 660 2461 711 nequam,
2490 645 2772 699 adventum
2822 646 3050 714 Spiritus
3072 648 3263 712 sancti,
3294 662 3399 714 quo
3447 647 3634 715 plenus

2050 744 2165 788 erat
2190 735 2275 789 vir
2307 736 2423 801 Dei,
2458 735 2597 789 ferre
2637 752 2740 792 non
2776 739 2975 793 valens.
3008 738 3171 807 Cujus
3197 720 3372 793 soluta
3408 738 3640 793 vinculis

2052 828 2265 890 mulier,
2297 829 2446 897 quasi
2490 830 2636 897 gravi
2668 831 3035 899 expergefacta
3068 833 3134 886 de
3164 848 3373 895 somno,
3405 836 3642 888 surrexit

2052 919 2306 976 continuo
2332 938 2394 975 ac
2422 924 2537 975 viro
2563 924 2650 976 Dei
2678 924 3060 991 gratulabunda
3089 941 3397 990 occurrens,
3419 925 3637 995 jumen-

2056 1023 2162 1065 tum
2194 1026 2300 1082 quo
2326 1012 2545 1068 sedebat
2590 1028 2684 1083 per
2714 1014 2919 1068 frenum
2966 1015 3162 1079 tenuit;
3192 1031 3420 1084 moxque
3449 1015 3513 1069 ad
3548 1016 3634 1068 in-

2052 1109 2258 1171 tegrum
2300 1115 2515 1173 recepto
2547 1107 2727 1173 vigore
2776 1104 2972 1160 mentis
2999 1114 3056 1159 et
3082 1108 3342 1173 corporis,
3376 1122 3495 1161 eum
3532 1107 3640 1159 cito

2054 1197 2401 1267 descendere,
2454 1198 2707 1266 atquead
2751 1198 3169 1254 benedicendam
3221 1200 3436 1254 domum
3487 1215 3639 1255 suam

2056 1290 2371 1356 precabatur
2400 1289 2623 1359 ingredi,
2649 1291 3009 1361 devotumque
3032 1291 3107 1345 illi
3132 1291 3478 1347 ministerium
3508 1309 3643 1361 pias~

2058 1379 2211 1443 hens,
2258 1380 2551 1434 testabatur
2596 1383 2768 1449 palam
2810 1383 3087 1451 quomodo
3129 1382 3194 1435 ad
3242 1385 3465 1451 priumm
3508 1385 3647 1438 freni

2058 1477 2278 1535 tactum,
2308 1472 2454 1524 omni
2500 1486 2561 1526 se
2604 1473 2843 1528 molestia
2888 1475 3077 1543 prisca:
3108 1476 3401 1529 vexationis
3431 1476 3648 1530 absolu-

2061 1568 2167 1612 tam
2198 1561 2473 1614 sensisset.

2120 1672 2272 1729 CAP.
2303 1674 2439 1730 XVI.
2485 1675 2713 1742 Qualiter
2740 1678 2793 1731 in
2825 1658 3235 1746 Lindisfarnensi
3258 1684 3567 1736 monasterio

2573 1749 2753 1801 vixerit
2777 1750 2853 1802 vel
2880 1750 3133 1804 docuerit.

2135 1832 2269 1888 Cum
2304 1850 2434 1905 ergo
2476 1837 2793 1893 venerabilis
2836 1839 3046 1894 Domini
3090 1840 3318 1897 famulus
3368 1844 3560 1896 mnitns
3594 1846 3646 1898 in

2068 1927 2400 1982 Mailrosensi
2454 1930 2782 1985 monasterio
2827 1931 3027 2002 degens
3056 1947 3225 1988 annos
3266 1936 3447 1989 multis
3478 1937 3649 1991 virtu-

2066 2026 2175 2069 tum
2220 2015 2535 2085 spiritalium
2583 2018 2902 2074 claresceret
2932 2020 3116 2088 signis,
3145 2030 3169 2059 ι
3204 2025 3467 2078 transtulit
3515 2042 3639 2080 eum

2066 2107 2536 2163 reverentissimus
2577 2108 2741 2163 abbas
2792 2111 2955 2180 ipsius
3001 2112 3131 2167 Eata
3178 2112 3230 2167 in
3264 2117 3640 2171 menasterium

2062 2199 2289 2268 quodin
2324 2198 2841 2255 Lindisfarnensium
2888 2203 3055 2257 insula
3106 2203 3264 2258 situm
3312 2214 3432 2271 est,
3478 2218 3531 2261 ut
3572 2208 3641 2262 ibi

2061 2305 2276 2360 quoque
2305 2288 2330 2326 δ
2365 2294 2605 2360 regulam
2659 2294 2988 2347 monachicae
3021 2294 3359 2363 perfectimis
3381 2338 3397 2361 ,
3429 2310 3481 2353 et
3510 2315 3647 2368 pre-

2066 2381 2223 2450 positi
2250 2382 2569 2435 auctoritate
2590 2382 2806 2438 doceret
2827 2424 2842 2447 ,
2872 2393 2927 2437 et
2954 2385 3203 2454 exemplo
3230 2386 3439 2442 virtutis
3467 2402 3648 2446 osten-

2061 2472 2247 2539 deret;
2285 2485 2308 2513 α
2351 2489 2472 2528 nam
2506 2482 2560 2527 et
2603 2474 2773 2541 ipsum
2808 2474 2981 2527 locum
3031 2484 3156 2530 tunc
3208 2476 3343 2529 idem
3396 2493 3645 2531 reveren-

2065 2566 2300 2620 tissimus
2330 2577 2479 2636 pater
2526 2565 2736 2619 abbatis
2781 2564 2905 2633 jure
2952 2568 3190 2634 regebat.
3241 2568 3423 2636 Neque
3449 2570 3643 2639 aliquis

2062 2658 2307 2720 iniretur,
2348 2658 2488 2727 quod
2539 2658 2591 2712 itt
2636 2658 2822 2712 eadem
2874 2658 3046 2712 insula
3076 2660 3465 2725 Lindisfarnea,
3516 2680 3638 2718 eum

2063 2747 2374 2818 permodica
2410 2748 2502 2810 sit,
2526 2756 2581 2801 et
2607 2762 2767 2816 supra
2798 2749 3067 2816 episcopi,
3100 2759 3155 2804 et
3183 2766 3321 2804 nunc
3347 2753 3553 2807 abbatis
3579 2771 3641 2809 ac

2062 2839 2446 2893 monachorum
2497 2854 2620 2894 esse
2665 2841 2839 2893 locum
2891 2841 3218 2907 dixerimus;
3268 2858 3451 2899 revera
3499 2847 3644 2899 enim

2064 2928 2135 2982 ita
2167 2938 2272 2983 est.
2313 2928 2552 2994 Namque
2596 2944 2698 2983 una
2744 2928 3040 2998 eademque
3061 2946 3335 2985 servorum
3370 2932 3462 2987 Dei
3496 2936 3644 2989 habi-

2064 3022 2192 3074 tatio
2227 3030 2482 3091 utrosque
2511 3022 2668 3077 simul
2696 3032 2875 3087 tenet,
2903 3025 3009 3077 imo
3031 3040 3217 3078 omnes
3242 3031 3528 3083 monachos
3561 3039 3640 3084 te-

2069 3119 2179 3165 net.
2221 3114 2391 3166 Aidan
2422 3114 2618 3183 quippe
2646 3114 2733 3182 qtti
2784 3115 2987 3181 primus
3028 3116 3267 3181 ejusdem
3302 3117 3397 3170 loci
3428 3120 3638 3186 cpisco-

2063 3221 2159 3273 pus
2203 3204 2335 3271 l'uit,
2381 3207 2674 3260 monachus
2720 3217 2834 3260 erat
2880 3216 2933 3260 et
2976 3209 3343 3261 monachicam
3376 3224 3495 3264 eum
3527 3213 3641 3268 suis

2060 3296 2310 3350 omnibus
2357 3297 2517 3349 vitam
2569 3312 2780 3366 semper
2819 3312 2977 3365 agere
3007 3299 3232 3351 solebat.
3278 3299 3426 3354 Unde
3458 3301 3639 3355 abillo

2058 3400 2247 3439 omnes
2289 3385 2390 3438 loci
2435 3385 2602 3453 ipsius
2649 3386 2916 3441 antistites
2942 3402 3106 3452 usque
3135 3389 3293 3444 hodie
3328 3391 3404 3444 sic
3428 3393 3639 3462 episco-

2060 3476 2179 3545 pale
2240 3485 2494 3530 exercent
2539 3477 2815 3542 oiliciunt,
2876 3485 2935 3529 ut
2989 3490 3206 3549 regente
3254 3483 3637 3537 monasterium

2061 3566 2255 3620 abbate
2304 3582 2458 3634 quem
2503 3566 2602 3635 ipsi
2652 3584 2770 3620 (ψη
2821 3565 3054 3622 consilio'
3097 3571 3317 3624 fratrum
3356 3573 3640 3641 elegerint,

2058 3670 2247 3711 omnes
2278 3656 2603 3726 presbyteri,
2644 3657 2878 3722 diaconi,
2906 3672 3169 3725 cantores,
3198 3660 3444 3729 lectores,
3474 3674 3641 3718 caue-

2059 3749 2213 3817 rique
2253 3748 2447 3817 gradus
2498 3747 2846 3802 ecclesiastici
2897 3751 3267 3804 monachicam
3319 3768 3411 3818 per
3457 3754 3637 3808 omnia

2058 3854 2180 3893 eum
2227 3840 2345 3909 ipso
2386 3839 2641 3910 episcopo
2688 3841 2922 3909 regulam
2957 3851 3189 3895 servent.
3230 3840 3398 3908 Quam
3429 3845 3645 3900 vivendi

2059 3950 2301 3989 normam
2353 3937 2579 3990 ntultum
2629 3951 2687 3991 se
2732 3937 2955 4007 diligere
3004 3938 3246 4007 probavit
3287 3940 3475 3996 beatus
3505 3958 3637 4010 papa

2061 4024 2372 4093 Gregorius,
2397 4042 2520 4081 cum
2552 4025 2572 4055 ⁸
2604 4027 2909 4082 sciscitante
2938 4042 3026 4094 per
3056 4028 3328 4083 litterulas
3347 4022 3642 4100 Augustino

2064 4133 2220 4184 quem
2256 4118 2486 4185 primum
2530 4114 2678 4184 genti
2729 4115 3020 4184 Anglorum
3060 4118 3370 4185 epicopum
3398 4121 3635 4183 miserat,

2054 4208 2286 4277 qualiter
2328 4205 2566 4275 episcopi
2616 4221 2738 4261 cum
2782 4205 2892 4260 suis
2946 4188 3155 4261 ciericis
3198 4210 3502 4263 conversari
3545 4212 3643 4264 de-

2070 4301 2248 4362 beant,
2282 4298 2557 4369 respondit
2591 4299 2730 4351 inter
2756 4298 2856 4351 alia
2886 4315 2897 4350 :
2947 4316 2963 4348 t
2994 4299 3097 4353 Sed
3129 4298 3249 4366 quia
3285 4309 3373 4354 tua
3402 4302 3644 4356 fraterni.

2063 4402 2141 4447 tas
2190 4392 2503 4446 monasterii
2564 4392 2761 4460 regulis
2822 4391 3027 4445 erudita
3079 4408 3324 4447 seorsum
3378 4394 3489 4448 ﬁeri
3540 4412 3641 4449 non

2060 4485 2215 4539 debet
2240 4499 2268 4536 a
2294 4484 2509 4540 clericis
2536 4484 2651 4539 suis
2693 4485 2744 4537 in
2791 4484 3025 4539 Ecclesia
3058 4486 3370 4554 Anglorum,
3400 4502 3522 4556 qua:
3548 4505 3644 4541 au-

1990 4609 2039 4670 D
2064 4586 2213 4630 ctore
2247 4576 2356 4630 Deo
2389 4591 2559 4646 nuper
2586 4577 2761 4631 adhuc
2789 4577 2856 4630 ad
2885 4578 3043 4631 tidem
3078 4578 3331 4645 producta
3360 4589 3473 4644 est,
3502 4579 3641 4635 hanc

2063 4666 2230 4722 debes
2254 4669 2719 4723 conversationem
2753 4668 3055 4731 instituere,
3085 4684 3204 4738 qua:
3235 4668 3388 4725 initio
3420 4685 3645 4725 nascen-

2065 4759 2132 4813 tis
2166 4759 2418 4813 Ecclesia:
2449 4759 2548 4812 fuit
2599 4759 2837 4827 patribus
2887 4758 3116 4825 nostris,
3152 4761 3204 4814 in
3237 4760 3430 4829 quibus
3463 4763 3642 4818 nullus

2063 4866 2248 4905 eorum
2290 4864 2354 4904 ex
2404 4848 2486 4902 bis
2537 4863 2658 4917 qua:
2706 4848 3046 4917 possidebant
3095 4850 3292 4916 aliquid
3342 4867 3496 4906 suum
3522 4868 3644 4907 esse

2061 4942 2308 5009 dicebat,
2360 4940 2454 4994 sed
2502 4948 2657 4995 erant
2704 4940 2811 4994 illis
2858 4941 3034 4995 omnia
3061 4942 3387 4996 communia.
3424 4961 3445 4997 ›
3483 4943 3645 5012 lgitur

2061 5036 2128 5088 ad
2162 5032 2649 5089 Lindisfarnensem
2675 5032 2983 5099 ecclesiam,
3013 5034 3124 5089 sive
3151 5037 3531 5090 monasterium
3562 5038 3642 5091 vir

1326 5122 1804 5182 VULGATORUM
1851 5123 2241 5181 VARIANTES
2281 5125 2679 5181 LECTIONES.

437 5219 454 5250 ί
485 5216 886 5274 Committendo.

444 5289 467 5317 ‘
482 5291 521 5342 Α
543 5291 795 5343 damwue.

2125 5217 2146 5249 ³
2175 5219 2362 5279 Alium,
2388 5220 2495 5268 sed.

2133 5288 2154 5319 "
2195 5289 2513 5343 Sciscilaiiti.

1684 5378 2043 5435 VAItiOﬂUM
2084 5380 2312 5436 NOTIE.

445 5475 471 5503 ⁸
503 5475 811 5529 Transtulit.
841 5474 973 5529 Sim.
1008 5474 1142 5528 Duu.
1167 5516 1180 5538 ,
1214 5490 1250 5541 r,
1290 5472 1342 5539 6,
1379 5475 1513 5528 hanc
1544 5472 1945 5527 translationem

367 5550 563 5603 faetatu
615 5548 805 5598 asserit
847 5560 987 5599 anno
1027 5545 1226 5599 Christi
1258 5546 1384 5609 (itii,
1413 5560 1534 5599 cum
1565 5554 1782 5597 sanctus
1808 5543 1951 5595 Cud-

362 5623 581 5673 berctus
614 5616 667 5668 in
700 5615 1026 5668 monachica:
1059 5617 1183 5667 vita:
1215 5616 1541 5681 perfectione
1574 5629 1771 5668 annum
1796 5613 1943 5667 deci-

364 5704 512 5744 mum
541 5697 787 5755 quartum
816 5695 1019 5755 ageret.
1055 5687 1247 5739 Snt‘rlt.

441 5759 465 5795 υ
515 5754 779 5827 Regulum.
812 5754 979 5821 Quam
1013 5757 1245 5827 regulam
1279 5754 1476 5809 diserte
1522 5754 1771 5827 exprimit
1806 5756 1951 5827 Auto-

365 5824 664 5899 nytnus,'in
717 5826 809 5899 lib.
844 5840 900 5877 Ill
942 5842 953 5877 :
991 5843 1007 5876 t
1049 5826 1240 5879 Vivens
1288 5839 1496 5899 quoque
1524 5826 1615 5899 ibi
1649 5824 1938 5899 semiudum

367 5894 609 5953 sanctam
634 5897 987 5965 Scripturatn,
1007 5895 1468 5964 conlctupiativam
1489 5898 1643 5947 vitam
1675 5896 1723 5948 itt
1748 5894 1936 5947 artuali

2054 5489 2221 5537 agens
2246 5516 2261 5537 ,
2303 5484 2356 5527 et
2386 5474 2540 5527 nobis
2573 5474 2868 5541 regularem
2906 5476 3062 5528 vitam
3093 5490 3419 5541 componens
3447 5482 3640 5535 consti-

2056 5546 2175 5605 tuit,
2210 5559 2365 5613 quam
2397 5558 2562 5612 usque
2590 5544 2747 5597 hodie
2772 5557 2894 5597 cum
2942 5548 3115 5603 regula
3154 5547 3420 5602 Benedicti
3454 5554 3639 5605 obser-

2055 5630 2257 5668 vamus.
2297 5632 2320 5667 ι
2374 5614 2495 5667 ll:ec
2547 5614 2841 5668 monachus
2898 5615 3347 5673 Lindisfarnensis
3394 5634 3633 5678 comvus.

2056 5686 2278 5739 Miteite.

2054 5826 2091 5881 S
2129 5767 2149 5791 ε
2198 5754 2335 5808 Nam
2380 5767 2424 5809 et
2475 5755 2659 5824 ipsum.
2716 5754 2847 5810 Vide
2898 5755 3011 5812 ιλιι-ε
3056 5760 3320 5831 exscripta
3370 5761 3418 5815 iu
3451 5776 3519 5827 tv,
3544 5760 3637 5815 22.

2097 5842 2248 5881 nuru.

2097 5842 2248 5881 .‘llTll.
