4220 6522
583 475 690 530 755

1324 476 1523 531 DED/E
1570 478 2017 536 VENICRABILIS
2055 479 2204 535 OPP.
2250 479 2426 536 PARS
2465 480 2552 536 IV.
2592 511 2662 523 —-
2700 482 3080 540 lllSTORICA.

3761 489 3862 544 756

585 584 796 640 Domini
827 565 1114 640 adveniens
1169 601 1288 639 mox
1333 587 1568 640 instituta
1622 589 1932 642 monachica
1987 588 2167 643 fratri-
2201 594 2244 650 Α
2277 590 2454 644 dinem
2486 590 2587 644 sibi
2620 593 2929 658 psalmodite
2956 609 3018 648 ac
3049 593 3350 663 vigiliarum
3391 595 3698 652 incedendo
3725 599 3862 654 alle-

585 676 684 729 ltus
729 675 956 730 vivendo
1015 676 1213 743 pariter
1253 686 1303 728 et
1342 677 1588 732 docendo
1643 679 1904 732 tradebat.
1967 678 2071 733 Sed
2113 688 2167 732 ct

581 769 994 837 circumquaque
1044 779 1340 821 morantem
1390 770 1530 839 vulgi
1585 772 1998 835 multitudinem,
2054 786 2166 824 mo-

585 877 644 914 re
700 877 799 918 suo
827 861 1013 913 crebra
1045 861 1356 914 visitatione
1405 863 1470 914 ad
1516 864 1752 916 ctelestia
1801 861 2083 931 quaerenda
2115 872 2170 915 et

587 949 936 1018 promerenda
971 951 1352 1005 succendebat.
1393 950 1505 1005 Nec
1539 968 1642 1005 non
1673 954 1832 1005 etiam
1861 954 2033 1020 signis
2055 952 2168 1005 cla-

587 1043 695 1096 t'ior
717 1042 960 1106 eﬂectus,
995 1044 1255 1110 plurimos
1280 1044 1441 1097 variis
1472 1043 1814 1114 languoribus
1843 1053 1899 1096 et
1931 1054 2169 1098 tormen-

587 1135 653 1186 tis
683 1134 1108 1202 comprehensos
1151 1135 1455 1188 orationum
1502 1135 1752 1194 instantia
1785 1137 1973 1203 prisca:
2021 1137 2170 1190 sani-

588 1227 680 1278 tati
714 1227 974 1290 restituit;
1027 1227 1312 1280 nonnullos
1359 1228 1426 1279 ab
1457 1227 1854 1280 immundorum
1886 1227 2170 1295 spirituum

583 1321 891 1386 vexatione,
927 1322 942 1352 ¹
976 1337 1082 1375 non
1107 1323 1282 1377 solum
1318 1337 1556 1390 praesens
1607 1323 1895 1392 tangendo,
1945 1323 2167 1386 orando,

581 1407 926 1480 imperando,
976 1413 1337 1467 exorcizando
1360 1454 1373 1476 ,
1419 1413 1512 1466 sed
1542 1423 1597 1468 et
1627 1414 1824 1468 absens
1853 1415 1934 1466 vel
1968 1421 2169 1468 tantum

582 1504 807 1570 orando,
841 1505 923 1557 vel
951 1515 1096 1557 certe
1123 1520 1306 1558 eormn
1339 1507 1672 1557 sanationem
1707 1505 2046 1571 praedicendo
2071 1518 2170 1557 cu-

586 1596 759 1659 ravit,
811 1598 860 1648 in
911 1597 1106 1664 quibus
1149 1606 1268 1651 erat
1307 1605 1361 1649 et
1394 1597 1476 1648 illa
1511 1597 1746 1666 prazfecti
1794 1612 1926 1650 uxor
1971 1598 2037 1651 de
2067 1611 2169 1665 qua

584 1688 609 1712 ‘
638 1700 798 1755 supra
831 1688 1132 1742 retulimus.

658 1780 828 1833 Erant
875 1788 1056 1833 autem
1108 1779 1326 1848 quidam
1377 1780 1430 1834 in
1475 1781 1802 1834 monasterio
1851 1781 2041 1835 fratres
2081 1782 2168 1850 qui

591 1869 785 1938 priscae
827 1885 938 1922 sua:
989 1871 1398 1934 consuetudini,
1457 1886 1614 1940 quam
1669 1871 1895 1942 regulari
1951 1872 2169 1926 mallent

2283 683 2450 738 vians.
2501 684 2734 753 Denique
2751 703 2974 755 arguere
2998 688 3200 742 solebat
3221 689 3714 757 pusillanimitatem
3747 691 3825 746 fra
3847 723 3859 734 -

2273 779 2413 824 trum
2466 774 2556 841 qui
2605 776 2838 844 graviter
2887 778 3126 844 ferrent,
3169 780 3215 831 si
3262 779 3351 844 qui
3379 794 3438 833 se
3466 792 3744 835 nocturna:
3775 783 3857 836 vel

2271 863 2591 920 meridiana:
2619 867 2814 935 quietis
2845 878 3084 934 tempore
3105 910 3121 934 ,
3155 871 3459 936 importuna
3487 869 3626 927 forte
3652 873 3859 941 inquie-

2274 956 2454 1007 tudine
2498 958 2863 1012 suscitarent:
2903 979 2922 1011 ι
2954 960 3143 1026 Nemo,
3195 962 3478 1032 inquiens,
3521 965 3648 1018 inibi
3680 967 3856 1019 mole-

2271 1046 2428 1098 stiam
2469 1047 2596 1100 facit
2633 1064 2720 1103 me
2749 1053 3033 1105 excitando
3055 1055 3121 1107 de
3148 1070 3361 1119 somno,
3390 1058 3482 1109 sed
3517 1057 3695 1123 potius
3725 1058 3857 1112 laeti-

2274 1140 2396 1190 licat
2436 1154 2522 1192 me
2567 1140 2653 1209 qui
2684 1145 2703 1174 ³
2735 1145 3067 1210 exsuscitat;
3121 1147 3246 1200 facit
3284 1149 3426 1202 enim
3477 1165 3563 1204 me
3615 1151 3857 1205 discusso

2275 1241 2490 1300 torpore
2536 1234 2711 1288 somni
2745 1236 2990 1290 utilitatis
3020 1237 3220 1306 aliquid
3253 1254 3411 1309 agere
3437 1241 3517 1295 vel
3545 1244 3801 1310 eOgitare.
3831 1262 3853 1294 ι

2271 1319 2499 1376 Tantum
2550 1333 2724 1377 autem
2777 1327 3172 1395 compunctioni
3218 1340 3330 1384 erat
3371 1331 3583 1386 deditus
3609 1371 3623 1395 ,
3650 1342 3855 1386 tantum

2271 1413 2581 1467 caelestibus
2611 1415 2834 1470 ardebat
2863 1418 3166 1486 desideriis,
3199 1431 3252 1472 ut
3276 1425 3555 1476 missarum
3585 1423 3848 1476 solemnia

2271 1501 2575 1568 celebrans,
2609 1520 2944 1574 nequaquam
2976 1508 3094 1562 sine
3140 1509 3449 1577 prolusione
3490 1512 3851 1582 lacrymarum

2273 1593 2500 1662 implere
2547 1607 2726 1663 posset
2771 1597 3029 1652 officium.
3092 1597 3197 1653 Sed
3229 1615 3465 1670 congruo
3493 1603 3622 1656 satis
3653 1605 3846 1658 ordine

2270 1685 2397 1739 dum
2423 1688 2690 1754 passionis
2719 1688 3002 1745 dominica:
3027 1693 3278 1762 mysteria
3308 1697 3632 1762 celebraret,
3677 1696 3854 1752 imita-

2271 1787 2419 1830 retur
2450 1777 2562 1845 ipse
2589 1781 2731 1847 quod
2763 1791 2964 1849 ageret,
2995 1783 3230 1851 seipsunt
3257 1825 3274 1849 ,
3321 1787 3605 1852 videlicet,
3649 1789 3758 1842 Deo
3800 1791 3855 1843 in

2270 1869 2452 1920 cordis
2483 1870 2807 1926 contritione
2836 1875 3151 1938 mactanda,
3183 1876 3276 1930 sed
3300 1885 3355 1930 et
3380 1877 3649 1932 adstantes
3682 1894 3850 1948 popu-

584 1959 964 2027 nbtemperare
1013 1959 1292 2013 custodiat.
1351 1959 1496 2025 Quos
1541 1970 1716 2014 tamen
1749 1961 1840 2014 ille
1869 1962 1888 1990 '
1922 1962 2163 2014 modesta
2197 1952 2244 2011 Β
2274 1961 2352 2011 los
2374 1974 2586 2013 sursum
2635 1962 2797 2016 corda
2830 1963 3061 2030 habere,
3109 1975 3163 2020 et
3204 1968 3403 2036 gratias
3429 1983 3586 2039 agere
3619 1969 3850 2024 Domino

586 2051 864 2118 patientia:
913 2065 1022 2104 sum
1059 2052 1252 2105 virtute
1279 2053 1640 2119 superabatet
1667 2053 1976 2121 quotidiano
2015 2070 2168 2108 exer-

587 2143 712 2195 citio
744 2143 997 2210 paulatim
1025 2143 1090 2195 ad
1127 2142 1366 2197 melioris
1395 2142 1650 2214 pro-positi
1697 2151 1892 2198 statum
1939 2157 2166 2198 conver-

582 2234 745 2288 lebat.
807 2233 1049 2303 Denique
1097 2235 1294 2301 saepius
1339 2235 1392 2288 in
1442 2245 1583 2290 coatu
1633 2237 1851 2288 fratrum
1895 2235 1962 2289 de
1987 2237 2167 2304 regula

587 2329 870 2397 disputans
894 2370 910 2394 ,
956 2343 1076 2383 cum
1110 2330 1384 2382 acerritnis
1411 2323 1891 2385 contradicemium
1920 2329 2165 2397 fatigare-

588 2431 672 2473 tur
720 2419 964 2490 injuriis,
1027 2421 1352 2489 exsurgebat
1402 2431 1622 2489 repente
1668 2433 1721 2475 et
1779 2421 1972 2490 placito
2021 2421 2164 2473 vultu

589 2519 751 2580 atque
797 2511 978 2564 animo
1024 2512 1303 2580 egrediens
1353 2511 1652 2566 dimittebat
1695 2521 2060 2574 conventum,
2105 2525 2168 2564 ac

589 2602 840 2671 sequenti
871 2602 1211 2656 nihilominus
1238 2603 1346 2669 die,
1372 2603 1520 2669 quasi
1547 2603 1622 2658 nil
1645 2603 1963 2672 objectionis
1997 2602 2167 2672 pridie

580 2695 956 2759 sitatinuisset,
1001 2696 1191 2750 eadem
1231 2711 1350 2763 qua:
1373 2694 1517 2764 prius
1543 2697 1741 2749 monita
1767 2695 1973 2749 eisdem
2004 2695 2168 2749 dabat

579 2783 953 2857 auditoribus,
1005 2792 1177 2845 donec
1225 2792 1343 2845 illos
1385 2790 1664 2860 paulatim,
1713 2800 1771 2842 ttt
1815 2789 2068 2855 diximus,
2097 2792 2162 2842 ad

578 2899 641 2936 ea
669 2899 786 2952 qua
816 2883 980 2937 vellet
1013 2889 1377 2936 converteret.
1443 2883 1565 2934 Erat
1589 2895 1816 2949 namque
1843 2881 1924 2934 vir
1954 2883 2165 2949 patien-

587 2976 675 3026 tia:
703 2973 900 3027 virtute
945 2974 1264 3040 pratcipuus,
1316 2981 1475 3039 atque
1506 2974 1570 3024 ad
1616 2971 1930 3040 perferenda
1962 2972 2168 3024 fortiter

580 3063 760 3118 omnia
809 3079 928 3133 qua:
976 3066 1056 3118 vel
1108 3063 1288 3118 animo
1335 3065 1419 3118 vel
1463 3063 1674 3132 corpori
1705 3063 1926 3118 adversa
1958 3063 2168 3131 ingere-

584 3153 776 3206 bantur
826 3152 1210 3208 invictissimus
1238 3193 1253 3218 ,
1304 3168 1403 3206 nec
1453 3154 1628 3207 minus
1675 3155 1817 3208 inter
1845 3153 2014 3208 tristia
2045 3168 2164 3222 qua:

582 3241 930 3312 contigissent
981 3243 1168 3296 faelem
1203 3243 1540 3311 praetendens
1573 3244 1796 3298 hilarem
1822 3284 1836 3305 ,
1881 3245 1950 3298 ita
1983 3255 2038 3297 ut
2067 3259 2163 3312 pa-

580 3339 684 3387 lam
715 3335 935 3388 daretur
978 3335 1243 3400 intelligi,
1298 3334 1420 3403 quia
1476 3335 1683 3388 interna
1731 3335 1950 3403 spiritus
1991 3334 2160 3389 sancti

577 3427 953 3482 consolatione
979 3441 1254 3496 pressuras
1281 3437 1648 3480 contemneret
1669 3426 1688 3456 ⁸
1715 3427 2067 3482 extrinsecas.

649 3521 752 3576 Sed
781 3533 831 3576 et
863 3521 1157 3590 vigiliarum
1189 3527 1349 3585 atque
1389 3519 1647 3573 orationis
1676 3518 1698 3549 ⁸
1726 3520 1862 3573 adeo
1886 3519 2161 3574 studiosus

583 3611 885 3676 existebat,
947 3620 1004 3663 ttt
1050 3609 1332 3678 aliquoties
1385 3620 1495 3664 tres
1535 3614 1647 3664 sive
1702 3620 1930 3678 quatuor
1978 3622 2161 3665 noctes

576 3703 855 3756 continuas
891 3700 1115 3769 pervigil
1168 3702 1491 3769 transegisse
1521 3701 1543 3730 ⁵
1569 3700 1845 3765 credatur,
1892 3716 2012 3754 cum
2066 3716 2160 3770 per

582 3807 786 3848 tantum
816 3795 1073 3862 temporis
1113 3806 1287 3860 neque
1335 3793 1400 3846 ad
1449 3794 1645 3846 lectum
1669 3793 1690 3823 ⁸
1715 3795 1983 3863 proprium
2015 3796 2163 3849 veni-

581 3895 681 3948 ret,
709 3899 880 3955 neque
909 3895 1056 3938 extra
1077 3884 1448 3937 dormitorium
1481 3884 1700 3936 fratrum
1730 3885 1903 3936 locum
1931 3884 2161 3951 aliquem

581 3979 632 4033 in
662 3993 768 4046 quo
816 3992 1040 4046 pausare
1072 3984 1250 4046 posset
1278 3976 1519 4030 haberet.
1579 3976 1703 4030 Sive
1745 3975 1885 4029 enim
1924 3977 2054 4032 locis
2077 3993 2156 4032 sc-

576 4070 893 4126 cretioribus
939 4069 1086 4123 solus
1125 4070 1352 4123 orationi
1388 4067 1648 4133 vacabat,
1700 4069 1814 4124 sive
1841 4070 1982 4124 inter
2013 4073 2159 4139 psal~

581 4159 794 4213 lendum
819 4158 841 4192 ’
873 4158 1196 4227 operabatur
1243 4158 1440 4227 aliquid
1511 4158 1759 4212 manibus
1784 4199 1797 4222 ,
1862 4167 2160 4229 torporem-

577 4265 681 4316 que
713 4251 735 4282 ⁸
765 4249 1091 4303 dormitandi
1141 4249 1433 4304 laborando
1479 4251 1834 4318 propellebat,
1886 4267 1982 4306 seu
2010 4262 2160 4308 certe

579 4340 838 4394 circuibat
869 4343 1094 4394 insulam
1123 4381 1137 4406 ,
1192 4342 1460 4410 quomodo
1483 4356 1542 4396 se
1572 4340 1779 4410 singula
1813 4359 2038 4413 quicque
2067 4346 2157 4398 ba-

583 4435 772 4486 bereut
798 4432 912 4499 pius
928 4433 1243 4498 explorator
1275 4432 1546 4500 inquirens
1573 4473 1587 4493 ,
1619 4434 1813 4496 pariter
1839 4443 1894 4486 et
1925 4436 2159 4504 longitu-

2270 2051 2380 2104 Deo
2432 2061 2639 2117 nostro,
2692 2055 2857 2122 magis
2889 2055 3001 2124 ipse
3026 2071 3120 2110 cor
3145 2072 3301 2126 quam
3328 2074 3510 2113 vocent
3537 2061 3850 2114 exaltandoo

2271 2144 2446 2210 potius
2474 2146 2750 2212 gemenda
2780 2161 2936 2213 quam
2966 2150 3207 2202 cauendo
3230 2149 3558 2204 admoneret.
3589 2151 3714 2204 Erat
3733 2153 3852 2206 zelo

2263 2235 2486 2302 iustitia:
2530 2235 2767 2290 fertidus
2792 2238 2856 2290 ad
2885 2241 3216 2306 arguendutn
3250 2252 3549 2308 peccantes,
3595 2251 3711 2294 erat
3737 2242 3849 2309 spi-

2270 2327 2374 2378 ritu
2412 2327 2839 2380 mansuetudinis
2870 2333 3140 2382 modestus
3171 2331 3234 2384 ad
3267 2332 3639 2398 ignoscendum
3673 2334 3848 2398 paeni-

2271 2417 2543 2481 tentibus,
2595 2419 2666 2470 ita
2715 2425 2774 2470 ut
2815 2433 2920 2472 non
2973 2436 3240 2486 nunquam
3271 2420 3297 2457 δ
3332 2424 3704 2477 conlitcntibus
3744 2424 3852 2477 sibi

2271 2517 2484 2575 peccata
2529 2523 2622 2562 sua
2673 2508 2760 2562 Itis
2799 2509 2889 2580 qui
2934 2510 3311 2579 deliquerant,
3361 2513 3501 2582 prior
3550 2516 3660 2582 ipse
3690 2516 3849 2568 mise-

2270 2613 2396 2651 rans
2432 2598 2694 2664 inlirmos,
2729 2601 2993 2672 lacrymas
3020 2602 3297 2665 funderet.
3342 2614 3394 2657 et
3423 2606 3544 2673 qttid
3579 2607 3852 2674 pect'atori

2269 2691 2534 2757 agendum
2563 2703 2709 2746 esset
2736 2692 2849 2760 ipse
2876 2693 3055 2762 justus
3079 2707 3179 2748 suo
3205 2708 3635 2762 praemonstraret
3659 2711 3847 2750 exem-

2272 2785 2379 2851 plo.
2445 2790 2503 2796 W

2348 2871 2692 2928 Vestimentis
2720 2876 2966 2928 utebatur
2991 2877 3393 2943 communibus,
3440 2877 3508 2930 ita
3539 2884 3847 2947 temperan-

2274 2972 2356 3016 ter
2384 2978 2573 3033 agens,
2605 2975 2662 3018 ut
2691 2967 2880 3019 borum
2910 2982 3081 3036 neque
3106 2969 3378 3022 munditiis
3408 2983 3575 3036 neque
3597 2970 3850 3023 sordibus

2270 3066 2416 3110 esset
2452 3057 2727 3112 notabilis.
2775 3059 2923 3113 Unde
2956 3076 3124 3128 usque
3170 3062 3326 3115 ltudie
3358 3063 3406 3114 iu
3437 3063 3625 3115 eodem
3657 3077 3848 3114 mona-

2269 3148 2437 3201 sterio
2486 3149 2736 3217 exemplo
2779 3151 2896 3215 ejus
2940 3151 3276 3215 observatur,
3324 3167 3390 3206 ne
3436 3154 3557 3219 quis
3602 3153 3728 3205 varii
3755 3163 3848 3205 aut

2273 3240 2492 3306 pretiosi
2525 3241 2724 3294 coloris
2759 3240 2950 3295 habeat
2981 3243 3368 3308 indumentum,
3399 3245 3489 3296 sed
3519 3257 3582 3296 ea
3619 3245 3849 3296 maxime

2273 3330 2504 3384 vestium
2533 3333 2713 3401 specie
2739 3333 2847 3386 sint
2875 3333 3133 3395 cantenti,
3184 3348 3338 3402 quam
3365 3335 3619 3387 naturalis
3663 3334 3844 3386 ovium

2271 3422 2389 3475 lana
2417 3423 2706 3478 ministrat.
2749 3424 2841 3476 llis
2877 3434 2931 3476 et
2964 3424 3266 3493 bujusmodi
3317 3425 3642 3494 spiritalibus
3680 3440 3844 3480 εχει-ο

2271 3515 2414 3567 citiis
2441 3513 2522 3566 vir
2551 3514 2870 3566 venerabilis
2900 3557 2914 3578 ,
2961 3525 3011 3568 et
3047 3523 3302 3568 bonorum
3334 3530 3662 3583 quorumque
3692 3517 3757 3567 ad
3786 3530 3849 3567 se

2272 3603 2585 3658 imitandum
2618 3606 2935 3670 proVucabat
2965 3604 3234 3669 alii-ctum,
3264 3614 3318 3657 et
3342 3605 3609 3673 improbos
3631 3619 3845 3672 quoque

2270 3711 2333 3751 ac
2362 3698 2587 3751 rebelles
2617 3697 2740 3750 vita:
2790 3696 2833 3728 ‘°
2862 3701 3116 3766 regularis
3143 3715 3170 3749 a
3203 3699 3489 3766 pertinacia
3519 3700 3596 3751 sui
3626 3712 3846 3752 revoca-

2269 3789 2360 3842 bat
2388 3791 2609 3842 erroris.

2266 3896 2348 3952 CA
2361 3899 2416 3951 P.
2443 3897 2603 3952 XVII.
2631 3907 2670 3936 ιι
2698 3900 2908 3964 Qualem
2929 3899 3024 3951 sibi
3051 3899 3102 3951 in
3129 3899 3298 3952 insula
3327 3898 3511 3952 Farttaa
3538 3897 3693 3967 pulsi:
3735 3901 3846 3951 de-

2625 3972 2854 4023 montbus
2886 3972 3242 4022 habitationem
3273 3971 3466 4037 fecerit.

2342 4063 2419 4116 Ac
2446 4074 2725 4132 postquam
2754 4067 2803 4116 in
2823 4064 3012 4116 eodem
3045 4063 3366 4116 monasterio
3392 4062 3554 4114 multa
3581 4077 3845 4114 annorum

2265 4156 2532 4209 curricula
2565 4169 2586 4194 ο
2619 4155 2873 4222 explevit,
2906 4155 3117 4209 tandem
3151 4155 3237 4209 ditt
3266 4154 3567 4220 concupita,
3596 4153 3839 4221 quaesita,

2267 4263 2329 4302 ac
2359 4247 2520 4316 petita
2548 4247 2847 4301 solitudinis
2869 4257 3098 4308 secreta,
3128 4245 3417 4299 comitante
3447 4242 3649 4312 praefati
3670 4243 3841 4296 abba-

2267 4343 2338 4395 tis
2365 4343 2447 4395 sui
2477 4341 2634 4394 simul
2673 4351 2728 4395 et
2769 4341 2986 4393 fratrum
3017 4338 3204 4408 gratia,
3258 4338 3478 4390 multum
3510 4334 3843 4390 ltetabuudus

2266 4436 2414 4488 adiit.
2462 4433 2741 4486 Gaudebat
2787 4445 3016 4500 namque
3059 4430 3182 4500 quia
3227 4431 3293 4482 de
3337 4431 3487 4498 longa
3515 4428 3843 4498 perfectione

1531 4522 1944 4579 VULGATURU
1957 4525 1997 4578 Μ
2050 4527 2132 4580 VA
2145 4526 2438 4581 lllANTlCS
2479 4522 2887 4578 LEC'I'IONES.

655 4616 670 4643 ¹
713 4613 832 4668 Non
858 4613 1024 4667 solum
1046 4629 1266 4684 prtcsens
1291 4612 1510 4678 orando,
1539 4616 1613 4667 rel
1640 4626 1792 4667 certe.

653 4688 672 4715 ¹
713 4687 984 4738 Ηοάειιὲα.

655 4756 674 4784 ³
717 4755 1067 4809 lt'a‘tt't'uset'us.

656 4827 675 4854 ⁸
715 4827 795 4879 Ita
833 4826 1110 4880 studiosus.

654 4900 674 4925 "
713 4896 1042 4950 Credebatur.

651 4968 673 4998 ⁸⁵
716 4967 1012 5037 l’wprium,
1048 4985 1224 5038 neque.

2321 4620 2341 4649 "
2386 4617 2708 4683 ()perabatur
2730 4615 2986 4666 manibus.

2323 4701 2342 4727 ει
2389 4689 2706 4740 Durtttienut.

2325 4773 2344 4800 ο
2385 4758 2608 4812 Excitat.

2324 4831 2367 4867 ιθ
2411 4830 2668 4896 Ilegulart’.

2328 4903 2368 4930 η
2411 4901 2640 4964 Qualiter
2665 4897 2783 4949 sibi.

1892 5037 2246 5095 \’.\l‘tll)l‘tUM
2287 5032 2517 5090 NOTAE.

654 5137 680 5200 9
719 5134 908 5200 Supra.
945 5133 1129 5199 Capite
1163 5133 1516 5198 praecedente.
1547 5132 1738 5185 Surru.

655 5199 682 5239 δ
717 5199 1076 5258 (Lottl'essionis
1116 5217 1277 5267 utque.
1356 5204 1760 5256 sacrantentalis
1825 5203 2148 5255 tttenliottem

585 5277 822 5345 pluribus
853 5277 903 5328 in
932 5274 1061 5327 locis
1084 5273 1205 5328 facit
1241 5274 1402 5345 lled_a,
1437 5275 1683 5345 nimirum
1713 5273 1932 5345 itt_lltst._
1959 5275 2052 5345 lib.
2079 5288 2154 5338 ιν,

584 5342 701 5415 i-ap.
725 5344 820 5412 ‘25,
853 5354 908 5399 et
940 5346 1030 5397 lib.
1064 5360 1115 5406 ν,
1145 5359 1264 5408 cap.
1291 5342 1356 5396 15
1383 5355 1446 5415 et_
1471 5342 1560 5415 l4,
1590 5343 1715 5415 etin
1747 5343 1862 5410 ejus
1885 5343 2041 5415 dictis
2074 5359 2160 5395 rc-

585 5410 704 5473 latis
734 5419 784 5471 iti
808 5410 980 5469 Cone.
1013 5417 1180 5485 regul.
1202 5453 1219 5478 ,
1249 5429 1368 5482 cap.
1415 5410 1504 5475 5t},
1533 5412 1561 5482 §
1590 5416 1642 5467 6.
1678 5412 1815 5482 Lege
1839 5429 1958 5480 cap.
1986 5413 2040 5477 9,
2071 5429 2161 5465 su-

588 5505 700 5558 pra.
725 5489 954 5542 MARILL.

662 5571 684 5598 ε
730 5558 992 5622 Ιίκριευιε.
1024 5555 1220 5615 Nempe
1244 5566 1412 5607 annos
1459 5552 1741 5606 duodecim
1770 5569 1783 5616 ;
1816 5551 2150 5622 sccrctarigi-

585 5640 672 5683 tur
717 5621 1020 5680 solitudinis
1080 5626 1228 5690 petiit
1275 5641 1362 5677 an.
1414 5624 1517 5677 676
1552 5623 1724 5693 (Flor.
1785 5623 1960 5692 Wig.;
2020 5621 2152 5674 Sim.

593 5708 727 5751 Utttt.
755 5736 770 5760 ,
820 5714 856 5755 ι,
899 5697 964 5760 7;
1003 5697 1141 5748 Eccl.
1201 5694 1332 5748 Hist.
1378 5709 1450 5756 tv,
1492 5693 1604 5761 ‘25).
1653 5693 2156 5756 SatlTII.—-l\‘etnpe

586 5783 756 5822 annos
803 5768 1104 5825 duodecmt,
1138 5766 1221 5818 sic
1256 5768 1395 5818 enim
1438 5766 1728 5832 'l'utgottus
1777 5768 1826 5814 itt
1884 5766 2018 5815 llist.
2054 5762 2157 5812 llu-

588 5842 776 5900 ttelm.,
807 5838 894 5889 lib.
931 5851 969 5899 ι,
1000 5851 1118 5899 cap.
1149 5838 1175 5886 7
1228 5853 1240 5884 :
1297 5853 1314 5884 t
1347 5839 1496 5887 Anno
1537 5839 1602 5885 ab
1655 5836 1758 5885 Inc.
1792 5835 1995 5884 Domini
2029 5832 2152 5893 676,

589 5918 810 5972 qttt;cst
860 5920 1028 5958 annus
1061 5905 1262 5970 imperii
1312 5903 1449 5970 regis
1500 5903 1692 5971 Egltidi
1725 5906 1998 5967 septimus,
2034 5917 2152 5954 cum

593 5994 673 6033 vir
726 5977 930 6032 Domini
974 5976 1294 6030 Cutbbcrtus
1361 5974 1413 6027 itt
1474 5973 1918 6026 Lindislarncusis
1974 5988 2154 6027 mona-

2258 5127 2406 5181 sterii
2453 5125 2686 5193 prioratn
2739 5121 3113 5175 duodecimum
3169 5131 3222 5174 ct
3275 5136 3346 5193 eo
3381 5120 3603 5193 amplius
3639 5136 3834 5193 annum

2261 5191 2626 5264 ttauscgisset,
2655 5195 2866 5246 tandem
2890 5193 3178 5264 comitante
3210 5191 3409 5257 praefati
3432 5192 3637 5245 abbatis
3657 5192 3736 5244 sui
3762 5194 3835 5245 si-

2265 5272 2370 5321 mul
2399 5261 2698 5320 et'l'ratrum
2727 5266 2914 5331 gratia,
2945 5261 3334 5316 anachoretica:
3361 5277 3571 5330 quoque
3596 5271 3835 5315 Contem-

2266 5337 2517 5405 thllOltlS
2535 5345 2736 5387 secreta
2765 5334 2972 5385 silentia
2995 5333 3165 5405 petiit.
3191 5352 3207 5382 ι
3242 5333 3373 5385 llinc
3399 5343 3634 5401 apparet,
3655 5335 3833 5405 ltocce

2265 5403 2512 5477 loquendi
2547 5419 2758 5477 genere
2781 5444 2796 5465 ,
2863 5419 2954 5466 per
3004 5404 3156 5469 longa
3202 5417 3490 5477 annoru_m_
3527 5403 3789 5477 cmriettla
3815 5443 3831 5464 ,

2266 5471 2488 5542 aliisque
2516 5475 2779 5528 similibus
2803 5517 2815 5538 ,
2867 5487 2969 5524 non
3021 5486 3234 5539 semper
3268 5471 3492 5539 exprimi
3521 5475 3596 5538 (ut
3618 5473 3829 5540 quidam

2269 5547 2576 5616 Opinautut')
2623 5559 2958 5616 numerosam
3003 5544 3293 5616 quamdam
3333 5558 3589 5616 annorum
3637 5544 3830 5616 seriem

2268 5611 2405 5686 apud
2436 5617 2625 5670 medim
2655 5615 2827 5666 aetatis
2851 5612 3163 5686 setiptores.
3204 5613 3521 5686 tltimlaicus
3553 5613 3602 5664 in
3637 5611 3830 5679 Regula

2263 5684 2489 5752 solitar.,
2523 5701 2647 5752 cap.
2679 5689 2728 5750 -l,
2760 5684 2942 5735 scribit
2973 5689 3184 5735 beatum
3217 5684 3492 5736 Arnull'utu
3524 5691 3641 5745 post
3670 5687 3830 5733 tnulta

2263 5775 2522 5812 attnorum
2568 5756 2827 5809 curricula
2869 5755 2922 5805 in
2971 5769 3153 5806 eremo
3187 5765 3371 5808 exacta
3401 5753 3712 5810 decessisse,
3751 5760 3833 5802 ta-

2267 5829 2421 5881 tuetsi
2454 5825 2707 5880 Arttull'us
2753 5841 2840 5876 \‘tx
2891 5829 3122 5890 integros
3151 5825 3332 5877 decem
3363 5838 3530 5875 annos
3559 5823 3609 5873 itt
3637 5823 3831 5874 solitu-

2262 5901 2386 5951 diue
2430 5898 2586 5951 vixit.
2648 5896 2901 5951 Mittimus
2941 5895 3180 5961 exempla
3233 5895 3282 5946 id
3340 5907 3506 5962 genus
3553 5905 3827 5945 sexcenta.

2264 5971 2482 6023 MautLL.
