4220 6458
412 422 519 475 757

1084 413 1279 471 SECT.
1323 412 1361 465 Ι.
1404 440 1471 452 -
1512 402 2089 465 IIAGIOGRAI‘IIICA.
2134 431 2199 442 —
2247 400 2404 454 VITA
2448 402 2503 456 S.
2548 399 2962 455 CU'I‘IIBEIKTI.

3567 392 3670 443 758

414 528 845 584 conversationis
877 525 1061 580 activa:
1093 526 1158 579 ad
1188 524 1354 578 otium
1389 522 1579 577 divina:
1607 516 1990 589 speculationis
2021 523 2063 578 Α
2096 523 2333 584 possmt,
2389 528 2486 568 nec
2512 514 2666 581 longe
2694 516 2761 566 ab
2789 529 2850 567 ea
2881 514 2995 564 fons
3024 512 3333 565 eorunnlom
3367 514 3547 566 usitus
3580 529 3668 563 ac-

412 622 520 690 jam
551 630 849 675 mereretur
890 617 1216 681 ascendere;
1264 616 1537 669 laetabatur
1582 614 1645 665 ad
1693 626 1877 665 eorum
1932 623 1991 662 se

418 720 617 764 sortem
669 710 971 779 pertingere
995 749 1010 773 ,
1061 707 1129 761 de
1174 708 1368 775 quibus
1414 707 1623 760 canitur
1653 704 1705 757 in
1740 702 1989 770 psalmo:

422 802 436 831 ¹
466 800 807 853 Ambulabunt
854 801 1022 855 sancti
1063 802 1125 853 de
1170 802 1351 853 virtute
1393 798 1443 851 in
1467 799 1720 860 virtutem,
1747 793 1991 848 videbitur

424 889 558 945 Deus
601 892 811 945 deorum
854 892 909 944 in
963 891 1113 946 Sion.
1175 892 1241 945 Et
1294 891 1507 960 quidem
1553 890 1604 942 in
1649 889 1832 954 primis
1876 889 1994 941 vita:

424 984 679 1037 Solitariaa
712 983 1029 1038 rudimentis
1056 986 1277 1038 secessit
1304 982 1368 1036 ad
1398 983 1571 1037 locum
1594 980 1874 1050 quemdam
1907 979 1994 1045 qui

424 1074 473 1126 in
506 1074 860 1128 exterioribus
891 1075 1008 1142 ejus
1030 1075 1180 1129 cellze
1209 1074 1444 1142 partibus
1469 1074 1726 1127 secretior
1750 1080 1991 1140 apparet.

424 1165 491 1216 At
520 1179 637 1218 cum
668 1164 863 1219 ibidem
892 1166 1194 1233 aliquandiu
1223 1165 1488 1219 solitarius
1532 1180 1651 1218 cum
1684 1166 1832 1217 hoste
1862 1164 1997 1217 invi-

423 1255 563 1309 sibili
591 1258 793 1310 orando
820 1272 882 1312 ac
922 1258 1215 1326 jejunando
1238 1267 1468 1313 certaret
1494 1301 1507 1323 ,
1557 1258 1770 1312 tandem
1798 1258 1997 1325 majora

429 1364 754 1415 prmsnmens
784 1391 799 1411 ,
854 1350 1275 1420 longinquiorem
1324 1365 1386 1404 ac
1434 1352 1777 1403 remotiorem
1808 1350 1875 1401 ab
1901 1351 2001 1403 ho-

430 1442 664 1495 minibus
693 1446 863 1495 locum
884 1444 1192 1497 certaminis
1220 1443 1389 1510 petiit.
1416 1442 1587 1496 Farne
1609 1440 1800 1495 dicitur
1828 1442 1998 1494 insula

433 1531 608 1585 medio
638 1531 689 1584 in
733 1532 867 1585 tnari
920 1533 1112 1599 posita,
1156 1548 1275 1600 qua:
1306 1547 1410 1585 non
1438 1532 1574 1584 sicut
1602 1531 2006 1586 Lindisfarnen-

432 1622 565 1673 sium
599 1620 890 1674 incolarum
936 1623 1083 1689 regio
1111 1663 1124 1684 ,
1162 1622 1243 1675 bis
1294 1622 1534 1689 quotidie
1561 1622 1849 1675 accedente
1871 1632 2002 1675 aestu

432 1710 643 1770 Ureani.
693 1726 851 1779 quem
898 1711 1120 1764 rheuma
1167 1722 1359 1764 vocant
1390 1711 1584 1775 Graeci,
1614 1712 1673 1764 fit
1710 1711 1899 1774 insula,
1926 1710 2007 1764 bis

434 1800 707 1853 renudatis
762 1801 994 1855 abeunte
1073 1802 1352 1855 rheumate
1422 1802 1687 1854 littoribus
1757 1803 2002 1873 contigua

2095 607 2426 663 conunodus.

2096 738 2247 793 CAP.
2279 736 2460 794 XVIII.
2494 739 2758 801 Quomodo
2786 740 3014 805 precibus
3044 758 3226 806 aquam
3258 742 3355 793 de”
3380 744 3523 794 arida
3550 762 3671 809 pro.

2171 810 2372 891 duxerit
2398 851 2413 873 ,
2470 811 2545 863 vel
2592 812 2809 877 qualiter
2854 811 2961 878 ipse
3002 812 3055 862 in
3091 814 3388 865 auat/torni
3437 817 3673 884 profece—

2170 891 2233 933 ηι
2240 919 2254 932 .

2174 994 2237 1045 At
2268 1005 2398 1044 vero
2428 993 2540 1059 ipsa
2588 992 2703 1059 ejus
2751 994 2954 1048 mansio
3004 1010 3155 1063 aqua:
3203 1006 3319 1051 erat
3363 998 3564 1068 indiga,
3621 1009 3677 1054 ut

2102 1092 2224 1151 pote
2254 1082 2305 1134 in
2338 1082 2618 1137 durissima
2648 1091 2701 1137 et
2725 1098 2891 1151 prope
2939 1098 3099 1137 saxea
3129 1102 3260 1151 rupe
3288 1090 3523 1145 condita.
3573 1090 3681 1146 Ac-

2102 1172 2220 1225 citis
2248 1186 2377 1241 ergo
2407 1173 2489 1223 vir
2535 1172 2739 1227 Domini
2775 1172 3047 1234 fratribus,
3098 1177 3323 1230 necdum
3356 1179 3497 1232 enim
3526 1194 3583 1234 se
3611 1180 3678 1233 ab

2105 1264 2497 1316 advenientium
2528 1265 2820 1318 st-cluserat
2861 1266 3200 1333 aspectibus:
3240 1285 3258 1317 ι
3291 1266 3539 1333 Cernitis,
3592 1271 3677 1324 in-

2105 1358 2239 1423 quit,
2287 1357 2408 1424 quia
2439 1357 2597 1410 fontis
2629 1358 2780 1425 inops
2827 1361 2896 1413 sit
2944 1363 3149 1414 mansio
3195 1377 3350 1431 quam
3380 1364 3481 1417 adii
3518 1381 3532 1417 :
3582 1367 3675 1419 sed

2107 1463 2375 1516 rogemus,
2392 1450 2636 1514 obsecro,
2656 1450 2802 1503 illum
2831 1452 2919 1517 qui
2942 1452 3203 1505 convertit
3226 1454 3450 1508 solidam
3474 1466 3677 1525 petram

2108 1537 2160 1589 in
2192 1546 2433 1606 stagnum
2466 1554 2635 1607 aqua},
2683 1550 2738 1593 et
2769 1556 2928 1607 rupes
2984 1544 3034 1596 in
3068 1544 3244 1597 fontes
3292 1561 3570 1614 aquarum,
3627 1558 3684 1601 ut

2111 1630 2424 1697 nonnobis,
2477 1630 2569 1683 sed
2623 1632 2820 1683 nomini
2865 1646 2961 1685 suo
3015 1632 3149 1685 dans
3195 1634 3437 1703 gloriam,
3489 1636 3555 1691 de
3586 1638 3688 1691 hac

2110 1740 2323 1793 quoque
2354 1739 2483 1792 rupe
2511 1739 2701 1779 saxosa
2732 1725 2883 1778 nobis
2912 1741 3097 1779 venam
3142 1726 3301 1782 fontis
3331 1730 3539 1797 aperire
3568 1731 3684 1798 dig-

2113 1828 2286 1871 netur.
2333 1816 2620 1871 Fodiamus
2651 1818 2703 1870 in
2735 1817 2907 1871 medio
2938 1818 3293 1886 tuguriuneuli
3325 1821 3463 1886 mei;
3495 1826 3681 1889 credo,

434 1903 590 1945 ⁸⁸³⁸1⁸³⁸
620 1893 878 1953 reddituro
909 1895 1000 1947 58d
1032 1894 1232 1961 antluOl
1271 1895 1504 1949 “limbus
1536 1910 1784 1962 Passum"
1812 1894 1879 1947 εὶ)
1907 1895 2004 1947 hac
2040 1882 2085 1939 Β
2114 1918 2349 1963 torrente
2382 1909 2663 1976 voluptatis
2691 1925 2800 1963 sua:
2830 1911 3023 1979 potabit
3062 1926 3177 1965 nos.
3222 1930 3239 1963 ι
3276 1912 3534 1968 Fecerunt
3561 1931 3689 1985 ergo

433 1985 736 2038 semiinsnla
770 1987 835 2039 ad
870 1986 1068 2039 Eurum
1122 1996 1329 2039 secreta
1355 2025 1371 2050 ,
1414 1995 1466 2040 et
1491 1987 1615 2039 hinc
1644 1986 1927 2049 altissimo,
1957 1993 2010 2039 et

433 2075 555 2129 inde
603 2075 806 2129 infinito
843 2076 1109 2129 clauditur
1153 2076 1386 2128 Oceano.
1442 2074 1624 2127 Nullus
1678 2075 1813 2128 hanc
1855 2072 2010 2129 facile

434 2168 451 2196 ²
471 2175 594 2219 ante
621 2166 871 2219 famttlttm
901 2166 1108 2219 Domini
1141 2165 1494 2219 Cudberctum
1527 2166 1675 2218 solus
1703 2165 1902 2219 valebat
1928 2164 2010 2218 in-

436 2257 673 2309 habitare
718 2257 958 2322 colonus,
994 2271 1190 2325 proper
1222 2256 1468 2310 videlicet
1516 2256 1907 2310 demorantium
1940 2256 2009 2309 ibi

438 2348 741 2413 phantastas
785 2348 1130 2414 daemonum;
1174 2363 1357 2402 verum
1407 2348 1637 2401 intrante
1676 2362 1794 2402 eam
1841 2348 2012 2401 milite

437 2440 632 2494 tlhristi
685 2452 891 2495 armato
934 2441 1083 2511 galea
1111 2441 1336 2504 salutis,
1386 2449 1539 2493 scuto
1570 2442 1713 2504 fidei,
1756 2449 1806 2493 et
1833 2438 2011 2507 gladio

434 2532 653 2592 spiritus
678 2573 693 2599 ,
732 2532 873 2602 quod
916 2543 998 2586 est
1029 2533 1247 2586 verbum
1300 2530 1431 2595 Dei,
1477 2543 1529 2585 et
1561 2532 1738 2585 omnia
1789 2533 1886 2585 tela
1920 2547 2012 2586 ne-

434 2624 676 2692 quissimi
709 2625 859 2693 ignea
904 2627 1162 2680 exstincta
1192 2667 1206 2691 ,
1258 2636 1313 2680 et
1346 2626 1458 2694 ipse
1490 2627 1846 2694 nequissimus
1888 2640 2009 2679 cum

436 2717 578 2769 omni
630 2716 921 2771 satellitum
980 2733 1196 2773 suorum
1248 2719 1397 2772 turba
1446 2732 1604 2787 porro
1674 2717 1883 2787 fugatus
1931 2728 2014 2771 est

438 2809 626 2863 hostis.

506 2897 607 2965 Qui
638 2899 886 2955 videlicet
916 2901 1069 2955 miles
1097 2899 1314 2968 Christi,
1348 2910 1405 2953 ut
1425 2898 1635 2954 devicta
1665 2908 2012 2969 tyrannorum

436 2994 552 3046 acie
580 2994 900 3047 monarchus
932 3004 1085 3048 terra:
1127 3010 1282 3061 quam
1316 2994 1519 3047 adierat
1551 2992 1720 3047 factus
1747 3001 1848 3052 est,
1881 3006 2013 3044 con-

437 3086 571 3141 didit
598 3087 866 3142 civitatem
897 3104 995 3144 suo
1024 3100 1204 3156 aptam
1249 3090 1493 3154 imperio,
1529 3100 1580 3141 et
1610 3089 1800 3142 domos
1830 3089 1881 3141 in
1916 3088 2015 3142 hac

440 3194 589 3249 :I‘qtte
614 3180 816 3234 civitati
859 3195 1124 3249 congruas
1156 3181 1349 3235 erexit.
1401 3181 1495 3234 Est
1521 3187 1698 3233 autem
1731 3180 2011 3233 aedilicium

440 3271 543 3323 situ
579 3286 714 3339 pene
738 3272 1052 3339 rotundum,
1083 3287 1111 3325 a
1154 3287 1307 3325 muro
1333 3286 1496 3339 usque
1526 3272 1589 3323 ad
1628 3287 1833 3324 murum
1867 3286 2014 3322 men-

441 3378 561 3417 sura
590 3375 815 3430 quatuor
846 3364 1011 3419 ferme
1041 3366 1151 3417 sive
1190 3364 1423 3432 quinque
1453 3363 1772 3430 perticarum
1815 3360 2019 3414 disten-

442 3463 591 3517 tum;
627 3468 809 3508 murus
838 3454 951 3522 ipse
995 3453 1197 3508 deforis
1246 3453 1401 3507 altior
1448 3454 1777 3519 longitudine
1826 3452 2018 3506 stantis

447 3546 717 3600 hominis:
768 3561 889 3599 nam
939 3546 1262 3601 intrinsecus
1309 3547 1478 3599 vivam
1526 3544 1782 3598 ca-dendo
1834 3559 2015 3609 rupem

451 3638 616 3691 multo
644 3638 787 3691 illum
822 3638 945 3692 fecit
981 3639 1248 3703 altiorem,
1281 3647 1544 3707 quatenus
1572 3639 1635 3691 ad
1667 3638 2017 3693 cnhibendam

448 3727 723 3784 oculorum
753 3728 911 3785 simul
954 3740 1007 3785 et
1036 3730 1361 3799 cogitantum
1390 3729 1678 3791 lasciviam,
1710 3731 1774 3781 ad
1807 3732 2019 3797 erigen-

447 3826 572 3879 dam
598 3827 649 3880 in
682 3840 909 3894 superna
932 3826 1194 3882 desideria
1227 3836 1391 3879 totam
1424 3824 1615 3879 mentis
1648 3823 2018 3886 intentionem,

448 3918 563 3984 pius
607 3915 777 3970 incola
809 3917 879 3969 nil
909 3918 975 3970 de
1013 3930 1109 3969 sua
1141 3915 1415 3969 mansione
1446 3922 1636 3983 prmter
1675 3913 1868 3966 coelum
1904 3926 2021 3979 pos-

444 4017 525 4062 sit
556 4008 769 4062 intueri.
815 4008 984 4073 Quem
1033 4007 1277 4061 videlicet
1310 4023 1549 4068 murum,
1581 4006 1600 4035 ³
1632 4021 1737 4058 non
1772 4017 1916 4056 secto
1946 4003 2024 4055 Ιει-

451 4097 594 4162 pide,
623 4098 709 4151 vel
742 4096 908 4152 latere
955 4106 1011 4151 et
1038 4107 1322 4159 cannento,
1377 4096 1470 4150 sed
1522 4096 1773 4163 impolitis
1805 4110 2022 4163 prorsus

450 4186 715 4253 lapidibus
754 4195 810 4241 et
850 4186 1074 4253 cespite,
1107 4201 1263 4255 quem
1306 4185 1373 4239 de
1400 4185 1575 4239 medio
1623 4186 1725 4237 loci
1774 4184 2023 4239 fodiendo

448 4274 663 4344 tulerat,
694 4278 1015 4345 composuit.
1070 4276 1111 4329 E
1159 4276 1350 4346 quibus
1401 4276 1615 4344 quidam
1667 4286 1828 4330 tanta:
1873 4285 2027 4329 erant

446 4367 760 4435 granditatis
792 4378 849 4421 ut
877 4370 963 4422 vix
993 4382 1023 4421 a
1053 4377 1281 4436 quatuor
1304 4366 1431 4420 viris
1454 4366 1762 4421 viderentur
1786 4370 2025 4435 potuisse

449 4459 631 4522 levari,
660 4473 792 4526 quos
822 4466 999 4513 tamen
1035 4458 1151 4526 ipse
1171 4458 1413 4528 angelico
1439 4456 1651 4525 adjutus
1678 4458 1877 4511 auxilio
1904 4458 2026 4511 illuc

449 4550 692 4604 attulisse
721 4548 955 4615 aliunde,
1005 4560 1058 4603 et
1090 4566 1241 4603 muro
1288 4549 1602 4617 imposuisse
1632 4561 1872 4618 repertus
1918 4561 2015 4605 est.

452 4640 588 4694 [nias
618 4639 668 4693 in
700 4640 973 4694 mansione
1004 4639 1236 4692 habebat
1288 4640 1497 4701 domos,
1550 4641 1843 4692 oratorium
1876 4641 2019 4693 sciti-

449 4740 534 4783 eet
570 4739 626 4784 et
648 4730 789 4783 aliud
817 4730 880 4781 ad
912 4744 1221 4785 communes
1252 4746 1379 4785 usus
1426 4742 1604 4798 aptum
1639 4732 2017 4784 habitaculum.

450 4824 684 4885 Quorum
713 4822 942 4890 parietes
987 4823 1200 4890 quidem
1233 4823 1299 4876 de
1348 4823 1574 4876 naturali
1608 4832 1744 4875 terra
1800 4824 2018 4875 multum

452 4912 590 4964 intus
618 4912 851 4980 forisque
880 4912 1356 4977 circutiih-diendo,
1412 4914 1525 4967 sive
1556 4912 1807 4966 caedendo
1837 4917 2022 4965 conte—

450 5006 539 5069 rit,
572 5004 802 5058 culmina
833 5020 956 5057 vero
983 5005 1048 5056 de
1080 5003 1233 5069 lignis
1261 5004 1576 5056 informibus
1600 5012 1654 5055 et
1684 5002 1805 5056 fctio
1835 5018 2023 5066 supcr-

454 5096 647 5161 posuit.
686 5095 849 5148 l’orro
879 5094 898 5123 ⁸
930 5096 994 5147 ad
1027 5104 1233 5162 portum
1268 5094 1454 5147 insula:
1474 5094 1641 5160 major
1671 5103 1785 5146 erat
1808 5094 2019 5154 domus,

454 5202 503 5239 ιιι
537 5204 636 5256 qua
685 5187 957 5242 visitantes
1001 5203 1120 5241 cum
1170 5185 1359 5239 fratres
1400 5184 1593 5252 suscipi
1646 5193 1699 5235 ct
1743 5184 2020 5248 quiest-ere

2113 2000 2340 2063 foveam,
2392 2015 2547 2067 quam
2600 2001 2649 2053 in
2677 2001 2966 2054 crastinum
3015 2011 3301 2058 emanante
3347 2005 3415 2058 ab
3465 2005 3688 2059 internis

2112 2090 2249 2143 nuda
2283 2092 2535 2153 repletam
2585 2092 2921 2145 invenerunt.
2971 2090 3121 2145 Unde
3152 2092 3367 2145 dubiant
3418 2109 3519 2147 non
3551 2105 3686 2162 erat,

2113 2183 2249 2236 hanc
2293 2180 2621 2237 orationibus
2651 2182 2745 2235 viri
2778 2182 2870 2235 Dei
2910 2182 2976 2236 de
3005 2182 3028 2214 ⁸
3070 2182 3369 2236 aridissitna
3422 2199 3482 2237 ac
3507 2188 3685 2239 duris-

2112 2278 2247 2329 sima
2283 2275 2427 2341 prius
2460 2286 2599 2329 terra
2649 2276 2878 2330 elicitam
2928 2275 3092 2332 fuisse
3119 2293 3329 2346 aquam.
3382 2279 3512 2345 Qua:
3545 2278 3694 2332 vide-

2112 2365 2236 2419 licet
2265 2381 2397 2435 aqua
2449 2368 2639 2419 mirum
2674 2366 2725 2419 in
2780 2368 2993 2421 modum
3047 2370 3230 2437 primis
3259 2379 3505 2423 contenta
3538 2370 3691 2439 ripis,

2114 2472 2210 2510 nec
2240 2457 2378 2509 foras
2410 2457 2710 2509 ebulliendo
2739 2458 3101 2524 pavimentum
3129 2459 3402 2523 invadere,
3439 2475 3534 2514 nec
3562 2461 3691 2511 han-

2112 2548 2297 2604 riendo
2328 2550 2473 2601 novit
2499 2550 2748 2611 deiicere,
2800 2550 2868 2602 ita
2919 2552 3228 2604 moderante
3259 2552 3425 2620 gratia
3476 2552 3690 2621 largito-

2117 2644 2211 2705 ris,
2242 2652 2297 2694 ιιι
2328 2656 2426 2693 nec
2459 2640 2762 2694 necessitati
2813 2643 3126 2709 accipientis
3174 2643 3545 2711 superflueret,
3594 2658 3693 2698 nec

2115 2732 2477 2791 suSteatandae
2503 2730 2805 2785 necessitati
2832 2735 2981 2801 Copia
3013 2735 3261 2797 deesset“

2188 2822 2347 2875 Facta
2399 2836 2527 2889 ergo
2571 2821 2880 2889 juvantihus
2925 2838 2982 2874 se
3032 2822 3291 2877 fratribus
3328 2824 3603 2878 mansione
3632 2840 3696 2879 ac

2119 2915 2366 2967 domibus
2398 2912 2653 2981 prmfatis,
2702 2914 2883 2983 incipit
2917 2913 3158 2968 habitare
3193 2915 3340 2969 solus
3370 2917 3450 2969 vir
3484 2916 3693 2969 Domini

2116 3004 2467 3057 Cudberctus.
2501 3003 2561 3057 Et
2594 3004 2765 3070 primo
2786 3003 2996 3071 quidem
3027 3005 3364 3059 venientibus
3390 3006 3456 3060 ad
3495 3022 3553 3060 se
3580 3004 3697 3058 fra-

2122 3094 2292 3147 tribus
2318 3095 2385 3147 de
2408 3093 2429 3123 τ
2462 3108 2555 3146 sua
2585 3094 2773 3147 cellula
2798 3095 2975 3161 egredi
3006 3096 3195 3162 eisque
3227 3096 3526 3149 ministrare
3554 3098 3698 3151 sole-

2123 3185 2232 3238 bat.
2289 3186 2523 3248 Quorum
2557 3183 2680 3236 dum
2732 3185 2891 3250 pedes
2919 3199 3051 3251 aqua
3100 3185 3273 3239 calida
3304 3187 3531 3240 devotus
3559 3188 3702 3240 lava-

2133 3285 2234 3338 ret,
2282 3286 2499 3328 coactus
2545 3285 2625 3327 est
2669 3274 2950 3340 aliquoties
2981 3275 3045 3327 ab
3075 3277 3152 3329 eis
3199 3277 3357 3329 etiam
3402 3284 3461 3331 Se
3510 3277 3703 3330 discal-

2122 3380 2298 3429 ccare,
2354 3378 2584 3430 suosque
2616 3365 2775 3431 pedes
2824 3364 2923 3420 illis
2969 3365 3035 3418 ad
3086 3366 3403 3419 abluendum
3437 3370 3699 3435 prtebere.

2122 3456 2359 3522 Namque
2387 3455 2437 3508 in
2469 3464 2669 3507 tantum
2702 3470 2732 3508 a
2762 3456 2905 3508 cultu
2952 3456 3032 3508 sui
3062 3458 3304 3521 corporis
3335 3458 3569 3511 animum
3602 3474 3696 3511 su-

2122 3546 2365 3611 atulerat,
2421 3554 2580 3613 atque
2606 3546 2669 3597 ad
2701 3546 2890 3598 anima.-
2936 3546 3101 3600 solius
3145 3550 3345 3600 cultum
3375 3549 3697 3612 contulerat,

2124 3646 2181 3688 ut
2224 3636 2387 3690 semel
2421 3636 2688 3690 calceatus
2734 3636 2976 3690 li'tbl‘ﬂCIS
3007 3638 3032 3665 ⁸
3063 3651 3197 3705 quas
3232 3638 3466 3705 pellicias
3498 3640 3695 3693 habere

2127 3727 2356 3791 solebat,
2399 3726 2477 3779 sic
2512 3741 2722 3780 nit-uses
2754 3726 3067 3793 perduraret
3095 3728 3351 3798 integros.
3403 3729 3703 3798 Aliquando

2122 3816 2287 3867 etiam
2319 3814 2585 3868 calceatus
2613 3815 2664 3868 in
2700 3814 2923 3882 I‘asclta,
2956 3832 3061 3869 non
3091 3818 3190 3870 nisi
3244 3827 3362 3884 post
3392 3833 3586 3873 artuum
3621 3837 3704 3873 re-

2124 3906 2320 3959 deunte
2350 3904 2568 3958 Pascha:
2599 3914 2857 3973 tempore,
2913 3914 3130 3973 propter
3160 3908 3477 3962 lavationem
3512 3909 3703 3976 pedum

2124 4012 2241 4064 qua:
2271 3997 2322 4049 in
2348 4011 2499 4049 caena
2530 3997 2735 4049 Domini
2781 3997 2892 4051 fieri
2920 3998 3077 4063 solet,
3110 4000 3131 4026 "
3159 4014 3216 4052 se
3246 3999 3569 4054 discalccare
3618 4001 3705 4054 di-

2125 4097 2297 4138 catur.
2332 4084 2484 4140 Unde
2522 4087 2591 4139 ob
2621 4086 2837 4140 crebras
2868 4103 3053 4155 preces
3082 4088 3586 4157 incurvationesque
3616 4108 3706 4161 ge-

2129 4190 2290 4227 nuutn
2322 4190 2453 4242 quas
2499 4176 2768 4230 calceatus
2795 4178 3112 4243 exercebat,
3162 4180 3357 4233 callum
3412 4182 3702 4248 oblongum

2126 4282 2227 4320 nec
2273 4268 2465 4320 exilem
2511 4269 2561 4321 in
2588 4268 2821 4322 conlinio
2853 4269 3041 4337 pedum
3075 4280 3128 4324 ct
3158 4271 3407 4326 tibiarum
3458 4274 3707 4331 habuisse

2126 4361 2495 4425 deprehensus
2526 4369 2629 4412 est.
2684 4361 2881 4414 Deinde
2934 4361 3265 4417 increscente
3308 4362 3485 4419 studio
3530 4366 3708 4433 perfe-

2126 4452 2318 4505 ctionis
2346 4452 2631 4505 includitur
2662 4451 2710 4505 in
2743 4466 2843 4505 suo
2871 4456 3218 4518 monasterio,
3246 4464 3405 4525 atque
3436 4458 3502 4510 ab
3532 4460 3705 4511 homi-

2130 4559 2254 4597 num
2282 4553 2522 4597 remotus
2552 4544 2876 4611 aspectibus,
2910 4544 3201 4598 solitariam
3236 4546 3285 4599 in
3308 4546 3547 4615 jejuniis,
3590 4566 3709 4603 ora-

2133 4635 2366 4689 tionibus
2412 4647 2465 4689 et
2497 4637 2686 4703 vrgiliis
2716 4634 2875 4689 discit
2902 4652 3059 4705 agere
3091 4638 3273 4701 vitam,
3311 4655 3431 4691 raro
3463 4655 3584 4693 cum
3617 4645 3709 4695 atl-

2130 4727 2464 4781 venientibus
2492 4726 2559 4780 de
2608 4728 2750 4779 intus
2779 4727 2977 4779 habens
3007 4728 3353 4797 colloquium,
3402 4741 3456 4784 et
3484 4730 3581 4785 hoc
3615 4748 3707 4801 per

2129 4822 2416 4871 fenestram
2444 4835 2455 4868 :
2490 4832 2593 4885 qua
2624 4816 2864 4884 primitus
2887 4826 3068 4885 aperta
3100 4830 3154 4872 et
3184 4818 3349 4874 videri
3381 4834 3409 4872 a
3441 4820 3710 4889 fratribus,

2129 4923 2180 4963 et
2210 4913 2401 4964 fratres
2446 4924 2579 4978 quos
2628 4909 2996 4978 alloquebatur
3048 4910 3160 4976 ipse
3191 4913 3373 4968 videre
3402 4916 3705 4984 gaudebat:

2130 5004 2248 5055 exin
2278 5000 2595 5068 procedente
2621 5010 2856 5068 tempore
2883 5011 2936 5055 et
2966 5001 3131 5070 ipsam
3160 5006 3406 5070 occlusit,
3438 5021 3534 5059 nec
3562 5008 3583 5041 '
3609 5010 3706 5059 nisi

2136 5095 2219 5146 vel
2251 5093 2439 5145 danda:
2471 5092 2875 5159 benedictionis,
2903 5096 2979 5143 vel
3005 5094 3225 5146 alterius
3247 5095 3529 5162 cujuslibet
3549 5114 3710 5152 Ct)le

2130 5182 2464 5235 necessitatis
2493 5184 2534 5221 ιο
2567 5182 2734 5249 gratia
2767 5192 3017 5248 poscente
3050 5185 3336 5237 reserabat.

1416 5293 1451 5346 \'
1465 5294 1499 5347 υ
1512 5292 1809 5347 [.GATURI
1823 5291 1885 5345 ιΜ
1928 5290 2316 5345 VAIlIANTI'ZS
2357 5288 2753 5343 LECTIUNI‘.S.

526 5388 541 5418 ¹
584 5386 924 5441 Ambulabunt
951 5387 1033 5439 dc.

524 5450 543 5526 ξ
585 5460 714 5511 Aule
739 5458 1065 5526 faiitulotnm.

524 5517 546 5606 ξ
580 5528 695 5606 Non
727 5517 789 5581 de
816 5538 971 5581 arcto.

523 5601 546 5679 λ
581 5601 652 5679 iit!
680 5606 895 5678 portam.

584 5668 793 5719 luxerit.

2210 5380 2229 5409 ⁸
2262 5383 2558 5431 ,νινιιιὶδδιηιη
2584 5381 2745 5445 prius.

2208 5452 2224 5477 τ
2260 5451 2367 5501 Sita
2395 5452 2541 5501 cella.

2210 5524 2227 5545 "
2263 5535 2287 5567 δ
2304 5540 2327 5567 ρ’
2353 5520 2709 5571 discnlcrasse.

2206 5595 2225 5624 9
2264 5589 2374 5641 Nisi
2407 5593 2609 5642 tiam/(2’.

2210 5664 2249 5693 “’
2278 5662 2450 5711 (initia
2480 5660 2753 5712 reserabat.

1768 5754 2119 5809 VAIHOIiUM
2162 5752 2389 5807 NUTJ‘I.

530 5852 552 5882 ⁸
588 5850 640 5903 ld
665 5858 767 5916 est,
803 5845 1087 5911 tibialibus,
1116 5860 1243 5913 quas
1274 5845 1407 5898 (λιιι
1436 5854 1723 5910 nostrates,
1752 5846 1909 5903 etiam
1939 5860 2076 5899 nunc
2117 5846 2202 5897 des
2237 5846 2480 5897 lricouscs
2506 5844 2793 5912 appellant.
