4220 6462
550 365 650 420 τῦυ

1273 368 1467 421 REDJL'
1514 370 1961 425 \‘liNlJlABlLlS
1998 370 2144 424 Ol’l'.
2192 366 2366 421 PARS
2406 370 2489 422 IV.
2532 399 2599 410 —
2642 369 3022 424 lllSTURlCA.

3701 372 3810 425 760

550 484 703 541 CAI‘.
732 482 874 539 XIX.
909 484 1139 551 Qualibr
1176 503 1205 537 ιι
1253 503 1409 538 messe
1446 502 1594 551 quant
1622 502 1713 538 sua
1743 502 1897 539 manu
1935 496 2124 539 several
2156 492 2198 545 Α
2232 486 2401 539 fuerat
2428 485 2491 539 ad
2536 484 2790 540 fabricam
2832 486 2939 538 nidi
2968 499 3061 539 ore
3092 482 3234 540 ferre
3256 486 3609 551 conspiceret,
3638 501 3774 541 coer

1009 556 1153 608 verbo
1180 558 1399 608 volucres
1425 557 1663 625 abegerit.

627 664 690 717 Et
718 667 943 733 primum
972 665 1181 731 quidem
1215 667 1575 733 permodicum
1608 669 1675 721 ab
1699 668 1775 722 eis
1804 684 1993 738 panem
2021 684 2126 739 quo

553 766 855 810 vescerctur
894 757 1209 823 accipiebat,
1243 772 1305 809 ac
1350 772 1446 811 suo
1469 758 1683 813 bibebat
1713 775 1742 814 e
1771 760 1949 814 fonte;
1986 777 2029 827 pi
2052 772 2127 813 st-

557 848 765 901 tuodnm
795 864 920 901 vero
961 851 1179 918 proprio
1205 866 1455 906 manuum
1484 854 1669 908 labore
1705 854 1856 923 juxta
1883 857 2123 924 exempla

553 950 756 1003 patrum
786 940 962 993 vivere
1014 942 1183 1010 magis
1214 952 1393 1009 aptum
1426 944 1674 1001 ducebat.
1730 946 1953 1014 Rogavit
1998 964 2126 1017 ergo

549 1027 726 1082 afferri
753 1029 856 1083 sibi
908 1030 1257 1086 instrumenta
1284 1034 1476 1102 quibus
1504 1044 1699 1089 terram
1729 1050 2025 1102 exerceret,
2073 1048 2127 1092 et

551 1118 783 1172 triticum
824 1121 963 1188 quod
995 1132 1222 1176 sereret.
1252 1124 1355 1177 Sed
1388 1125 1643 1179 seminata
1672 1142 1837 1179 verno
1887 1137 2125 1195 tempore

550 1220 688 1264 terra
722 1212 827 1264 null
849 1228 895 1264 )s
928 1226 1094 1278 usque
1122 1213 1185 1265 ad
1220 1214 1454 1268 medium
1501 1217 1701 1269 aistatis
1753 1218 1987 1271 reddidit
2016 1218 2126 1271 fru-

548 1315 686 1357 ctus.
744 1304 893 1357 Unde
924 1306 1259 1358 visitanlibus
1306 1320 1365 1358 se
1409 1305 1557 1374 juxta
1599 1322 1802 1360 morem
1851 1308 2123 1371 fratribus,

546 1396 720 1450 aiebat
743 1399 820 1448 vir
852 1396 979 1449 Dei:
1026 1414 1043 1446 ι
1085 1395 1326 1450 Forsitan
1378 1406 1470 1450 aut
1516 1398 1723 1452 telluris
1771 1399 1990 1466 hujusce
2025 1417 2123 1452 na-

550 1501 684 1553 tura,
713 1499 806 1543 aut
837 1489 1082 1542 voluntas
1110 1488 1201 1542 Dei
1247 1504 1348 1542 non
1378 1500 1483 1558 est,
1514 1498 1568 1542 ut
1616 1491 1715 1543 hoc
1743 1491 1795 1544 in
1828 1492 1945 1545 loco
1993 1493 2122 1545 mihi

548 1581 781 1635 triticum
815 1588 1096 1633 nascatur:
1151 1578 1337 1633 afferte
1379 1595 1508 1647 rogo
1561 1580 1839 1643 hordeum,
1896 1581 1940 1635 si
1989 1580 2125 1634 forte

552 1675 629 1727 vel
658 1673 784 1726 illud
818 1674 1044 1725 fructum
1078 1671 1251 1724 facere
1285 1674 1468 1738 possit.
1496 1670 1647 1735 Quod
1680 1672 1722 1725 si
1752 1685 1849 1725 nec
1878 1670 1949 1725 illi
1986 1671 2124 1725 Deus

549 1765 935 1816 incrementum
964 1759 1091 1813 dare
1123 1759 1369 1824 \olnerit,
1411 1760 1577 1811 satius
1604 1770 1685 1813 est
1723 1775 1807 1815 me
1844 1760 1909 1813 ad
1938 1774 2123 1815 emno-

2224 576 2335 630 cuit
2376 590 2471 630 eos
2515 576 2619 630 levi
2667 574 3011 644 protensione
3044 573 3299 638 dexterae,
3346 585 3504 642 atque
3546 592 3574 628 a
3606 576 3803 631 laesura

2228 667 2445 721 fratrum
2491 666 2599 737 jam
2649 683 2860 721 cessare
2906 667 3175 736 prtecepit.
3228 668 3246 699 ¹
3300 667 3801 739 Spernentibusque

2226 762 2529 829 imperium,
2584 781 2602 814 ι
2640 762 2692 816 In
2746 763 2981 827 nomine,
3029 763 3218 831 inquit,
3266 763 3390 817 Jesu
3420 764 3615 819 Christi
3656 765 3803 819 abite

2224 854 2557 922 quantocius,
2589 868 2761 920 neque
2791 856 2839 906 in
2869 854 2985 907 loco
3013 868 3171 923 quem
3200 852 3388 909 lmditis
3413 855 3545 909 ultra
3579 871 3801 911 manere

2227 944 2583 1012 prtcsumatis.
2614 962 2633 994 ι
2694 943 2792 996 Vix
2826 942 2984 996 verba
3011 944 3389 1011 compleverat,
3434 954 3485 998 et
3515 945 3798 999 cnnfestim

2226 1036 2402 1089 tristes
2426 1036 2627 1090 abiere.
2674 1035 2895 1098 Peracto
2924 1044 3099 1089 autem
3147 1036 3323 1090 triduo
3362 1052 3495 1091 unus
3522 1054 3553 1092 e
3591 1039 3801 1093 duobus

2225 1126 2402 1189 rediit,
2432 1134 2485 1179 et
2514 1122 2802 1179 fodientem
2829 1124 3104 1193 reperiens
3127 1124 3380 1180 famulum
3407 1125 3624 1193 Christi,
3654 1144 3791 1195 spar-

2223 1218 2297 1271 sis
2341 1215 2749 1270 latnentabiliter
2783 1217 2994 1285 pennis,
3040 1227 3091 1271 et
3114 1217 3381 1273 submisso
3406 1217 3470 1272 ad
3500 1222 3659 1288 pedes
3684 1221 3801 1288 ejus

2223 1307 2419 1377 capite,
2451 1315 2610 1376 atque
2638 1306 2913 1361 humiliata
2936 1322 3088 1371 voce,
3134 1309 3326 1377 quibus
3354 1310 3560 1364 valebat
3590 1310 3799 1366 iudiciis

2225 1402 2431 1454 veniam
2463 1411 2485 1439 ι
2510 1401 2825 1467 precabatur
2853 1398 3095 1453 admissi.
3126 1398 3279 1465 Quod
3310 1399 3609 1468 intelligens
3635 1416 3797 1455 vene-

2226 1491 2409 1546 rabilis
2436 1490 2597 1546 Pater
2625 1491 2771 1546 dedit
2799 1489 3102 1545 facultatem
3148 1491 3440 1547 remeandi.
3491 1494 3559 1546 At
3590 1495 3677 1548 ille
3701 1493 3796 1547 im-

2224 1590 2427 1650 petrata
2472 1580 2728 1635 redeundi
2761 1582 2997 1646 licentia,
3044 1596 3165 1634 mox
3211 1581 3445 1637 sodalem
3474 1584 3797 1638 adducturus

2224 1676 2369 1729 abiit.
2389 1674 2495 1729 Nec
2524 1688 2694 1736 mora,
2718 1674 2942 1728 redeunt
2962 1674 3140 1738 ambo,
3166 1682 3219 1727 et
3247 1672 3271 1705 ⁸
3298 1690 3476 1729 secum
3507 1676 3659 1744 digna
3683 1692 3800 1730 mna

2224 1782 2351 1823 nera
2394 1767 2595 1833 ferunt,
2638 1765 2917 1819 dimidiam
2948 1764 3194 1819 videlicet
3244 1767 3525 1834 axungiam
3560 1776 3585 1803 ι
3619 1768 3796 1833 porci-

550 1854 691 1907 bimn
741 1851 935 1906 reverti
985 1866 1144 1918 quam
1195 1849 1367 1903 alieno
1401 1850 1485 1903 hic
1534 1850 1713 1904 labore
1762 1854 2071 1905 sustentari.
2101 1868 2121 1902 ι
2161 1850 2201 1907 Β
2232 1876 2395 1925 nam;
2423 1873 2581 1926 quam
2614 1858 2693 1912 vir
2732 1856 2941 1911 Domini
2982 1857 3390 1911 adventantibus
3414 1868 3597 1929 postea
3622 1858 3800 1913 fratri-

549 1945 885 2011 Allatumqtze
934 1941 1190 1995 hordeum
1241 1940 1364 1994 dum
1414 1942 1547 1995 ultra
1590 1956 1751 1996 omne
1800 1950 2010 2009 tempus
2035 1957 2122 1995 se-

550 2031 720 2094 rendi,
768 2033 901 2084 ultra
938 2044 1149 2083 omnem
1178 2043 1324 2096 spem
1373 2029 1725 2082 frucziticandi
1779 2040 1933 2083 terrze
1974 2045 2124 2084 eom-

550 2122 847 2187 mendarct,
896 2136 1017 2174 mox
1069 2120 1403 2173 abundanter
1434 2130 1679 2173 exortum
1727 2118 1851 2173 fecit
1897 2120 2124 2175 fructmn

548 2212 846 2283 copiosum.
898 2209 997 2277 Qui
1043 2210 1168 2263 dum
1212 2219 1575 2263 maturescere
1614 2210 1884 2277 cmpisset,
1934 2226 2129 2263 venere

549 2305 790 2357 volucres
819 2312 873 2358 et
902 2302 1021 2357 huic
1044 2302 1381 2370 depascenda
1406 2303 1649 2355 certatim
1676 2301 2007 2355 insistebant.
2046 2301 2123 2354 Ad

548 2412 683 2464 quos
714 2396 980 2465 piissimus
1004 2394 1198 2449 Christi
1227 2410 1412 2449 servus
1455 2392 1797 2463 appropians,
1832 2393 1969 2446 sicut
2009 2401 2128 2459 post

551 2510 662 2559 ipse
693 2494 979 2555 referebat,
1030 2492 1235 2545 sohhat
1276 2491 1419 2545 enim
1461 2505 1624 2559 sa‘pe,
1667 2490 1787 2559 quia
1818 2489 1921 2543 lani
1953 2490 2127 2543 vultus

549 2598 597 2639 ιιι
626 2584 849 2638 affabilis
874 2592 1007 2647 erat,
1056 2586 1120 2635 ad
1168 2582 1586 2637 confirmandam
1619 2580 1773 2635 fidem
1802 2580 2126 2635 audientium

553 2678 723 2746 aliqua
746 2676 909 2730 etiam
939 2674 1006 2729 de
1034 2677 1113 2729 eis
1141 2689 1263 2743 quae
1309 2676 1423 2743 ipse
1454 2672 1721 2727 credendo
1744 2671 2033 2725 obtinuerit
2076 2670 2127 2723 in

554 2770 783 2824 medium
814 2766 1053 2837 proferre
1083 2784 1097 2818 :
1122 2769 1130 2777 ‘
1154 2784 1173 2817 ι
1205 2766 1339 2831 Quid
1370 2764 1608 2833 tangitis,
1639 2763 1832 2832 inquit,
1866 2775 1979 2815 sata
2010 2778 2129 2829 qua:

553 2881 655 2918 non
688 2860 927 2923 seruistis
953 2859 977 2911 ?
1022 2862 1102 2911 An
1134 2859 1271 2912 forte
1302 2870 1396 2910 vos
1426 2857 1548 2926 plus
1572 2871 1656 2909 me
1700 2856 1782 2909 his
1804 2871 1938 2923 opus
1969 2856 2130 2909 habe-

556 2956 665 3009 tis?
692 2952 747 3007 Si
781 2963 957 3005 tamen
987 2965 1017 3004 a
1044 2950 1153 3003 Deo
1180 2948 1446 3003 licentiam
1472 2946 1771 3015 accepistis,
1804 2946 1959 3000 facite
1983 2946 2123 3014 quod

554 3053 664 3114 ipse
694 3043 970 3116 permisit:
1003 3044 1085 3096 sin
1136 3051 1337 3107 autem,
1382 3038 1638 3102 recedite,
1692 3053 1863 3104 neque
1905 3036 2128 3090 ulterius

554 3140 723 3193 aliena
756 3134 980 3189 lcedatis.
1014 3152 1032 3185 ›
1070 3132 1305 3199 Dixerat,
1337 3139 1391 3185 et
1419 3128 1485 3183 ad
1512 3129 1736 3198 primam
1766 3127 2000 3196 jubentis
2030 3141 2127 3179 vo-

553 3246 666 3285 eem
695 3270 709 3294 ,
742 3228 987 3281 universa
1020 3226 1293 3279 volucrum
1344 3222 1631 3277 multitudo
1678 3219 1918 3283 recessit,
1962 3235 2124 3287 seque
2154 3214 2202 3278 C

558 3339 647 3387 per
694 3322 869 3375 omnia
915 3320 1170 3385 deinceps
1217 3318 1283 3371 ab
1326 3316 1564 3385 ejusdem
1615 3315 1808 3369 messis
1854 3315 2130 3369 invasione

563 3413 843 3467 continuit.
895 3410 961 3465 Et
991 3410 1076 3465 hic
1101 3423 1314 3480 quoque
1342 3406 1661 3462 venerabilis
1681 3406 1879 3461 Christi
1903 3406 2131 3461 famulus

558 3526 604 3561 ιη
631 3507 836 3561 duobus
880 3504 1151 3560 miraculis
1189 3503 1413 3557 duorum
1445 3510 1655 3573 patrum
1696 3511 1777 3555 est
1806 3501 1940 3554 facta
1970 3516 2127 3555 seen-

554 3610 677 3655 tus:
730 3600 781 3652 in
828 3613 962 3666 aqua
991 3596 1238 3651 videlicet
1281 3593 1457 3647 elicita
1484 3593 1552 3646 de
1579 3607 1709 3661 rupe
1752 3593 1947 3647 factum
1994 3594 2129 3647 beati

557 3692 729 3746 Patris
757 3688 1047 3753 Benedicti,
1076 3688 1165 3756 qui
1188 3686 1325 3741 idem
1352 3700 1489 3754 pene
1517 3693 1572 3739 et
1603 3685 1789 3739 eodem
1822 3686 1983 3739 modo
2007 3686 2132 3755 legi-

556 3798 639 3839 tur
663 3784 852 3838 fecisse
877 3781 1185 3835 miraculum
1212 3796 1226 3843 ;
1257 3778 1352 3834 sed
1383 3778 1578 3831 idcirco
1604 3778 1835 3838 uberius,
1865 3779 1981 3845 quia
2016 3781 2132 3847 plu-

556 3888 642 3927 res
668 3873 942 3940 erantqui
986 3885 1137 3940 aqua!
1179 3869 1355 3937 inopia
1402 3868 1725 3922 laborarent.
1778 3867 1943 3922 Porro
1972 3869 2022 3923 in
2048 3885 2134 3921 ar-

556 3981 618 4019 i-e
648 3965 763 4018 sitis
792 3979 818 4015 a
851 3978 1025 4017 messe
1047 3960 1354 4017 volatilibus
1378 3962 1790 4015 reverentissimi
1823 3970 1875 4015 et
1902 3962 2132 4015 sanctis-

559 4056 675 4108 simi
710 4056 875 4124 patris
903 4053 1121 4107 Antonii
1148 4055 1470 4120 sequebatur
1496 4050 1819 4118 exemplum,
1859 4051 1949 4120 qui
1978 4066 2007 4107 a
2041 4051 2129 4105 lte-

558 4150 704 4200 sione
747 4146 942 4199 hortuli
981 4159 1136 4214 quem
1187 4144 1299 4213 ipse
1349 4142 1696 4212 plantaverat,
1747 4157 1853 4197 uno
1902 4157 2132 4215 onagros

559 4250 806 4291 sermone
832 4235 1181 4302 compescuit.

561 4348 711 4402 CAP.
744 4346 863 4401 XX.
918 4346 1186 4410 Quomodo
1230 4347 1364 4399 torvi
1393 4347 1639 4407 iniuriam
1684 4362 1835 4410 quam
1883 4346 1991 4399 viro
2040 4343 2133 4399 Dei

755 4417 1054 4481 intulerant,
1096 4417 1323 4483 precibus
1350 4428 1394 4468 et
1425 4432 1624 4468 munere
1646 4416 1933 4484 purgariut.

645 4506 791 4559 Libet
835 4506 993 4559 etiam
1043 4504 1304 4572 quoddam
1356 4504 1494 4557 beati
1540 4502 1821 4557 Cudbercti
1873 4503 1922 4555 in
1954 4516 2133 4556 exem-

2228 1953 2325 2007 bus
2369 1951 2563 2019 sa‘pius
2609 1948 2897 2003 ostendere
2924 1988 2941 2014 ,
2984 1960 3144 2016 atque
3191 1950 3256 2003 ad
3294 1950 3561 2017 ungendas
3606 1952 3803 2022 caligas

2230 2043 2465 2111 praebere
2492 2042 2737 2104 solebat;
2788 2047 3099 2096 contestans
3138 2040 3216 2095 eis
3257 2050 3454 2110 quanta
3499 2041 3799 2098 hominibus

2227 2133 2564 2198 obedientire,
2593 2143 2786 2201 quanta
2818 2134 2885 2185 sit
2906 2146 3029 2184 cura
3058 2130 3370 2185 humilitatis
3392 2132 3649 2197 habenda,
3672 2149 3797 2189 cum

2227 2230 2340 2278 avis
2368 2222 2744 2293 superbissima
2776 2222 3023 2290 injuriam
3050 2230 3072 2261 ι
3100 2238 3255 2291 quam
3287 2223 3489 2277 homini
3531 2224 3799 2292 intulerat,

2230 2314 2499 2383 precibus,
2528 2312 2777 2366 lamentis
2805 2320 2858 2365 et
2882 2312 3189 2365 muneribus
3209 2319 3229 2348 ⁸
3262 2311 3533 2367 festinaret
3559 2312 3797 2369 abluere.

2232 2406 2472 2474 Denique
2520 2404 2588 2458 ad
2641 2404 2873 2457 dandum
2927 2402 3232 2457 hominibus
3277 2406 3576 2475 exemplum
3622 2420 3800 2460 corre-

2229 2497 2445 2562 ctionis,
2491 2496 2688 2550 multos
2716 2495 2969 2563 deinceps
3008 2510 3175 2548 annos
3209 2496 3260 2548 in
3290 2495 3399 2563 ipsa
3426 2496 3590 2550 insula
3620 2508 3803 2549 mane-

2232 2588 2358 2641 bant
2387 2595 2443 2642 et
2484 2586 2845 2651 nidificabant,
2899 2599 3069 2653 neque
3093 2590 3114 2619 ⁸
3143 2584 3342 2653 aliquid
3390 2584 3649 2639 molestias
3687 2587 3801 2640 cui-

2230 2694 2387 2748 quam
2420 2680 2657 2748 irrogare
2704 2678 2991 2733 audebant.
3043 2678 3178 2731 Nulli
3224 2689 3399 2732 autem
3447 2678 3683 2732 videatur
3707 2681 3801 2733 ab-

2231 2770 2453 2823 surdum
2482 2783 2512 2822 a
2545 2768 2847 2821 volatilibus
2888 2769 3108 2821 fortnam
3154 2769 3368 2822 discere
3401 2768 3631 2837 virtutis,
3679 2784 3800 2823 cum

2231 2862 2485 2917 Salomon
2514 2861 2689 2914 dicat:
2724 2858 2868 2913 Vade
2894 2860 2959 2911 ad
2990 2858 3289 2923 formicam,
3317 2860 3363 2912 υ
3393 2858 3564 2932 piger,
3593 2868 3648 2915 et
3674 2874 3800 2913 con-

2229 2954 2405 3010 sidera
2437 2954 2550 3007 vias
2574 2953 2711 3020 ejus,
2740 2962 2793 3005 et
2818 2950 2967 3005 disce
2991 2950 3323 3019 sapientiam.

2229 3071 2382 3129 CAP.
2412 3069 2555 3125 XXI.
2616 3068 2848 3135 Qualiter
2890 3070 3002 3138 ejus
3044 3065 3421 3121 necessitatibus
3464 3064 3619 3119 etiam
3661 3080 3801 3119 utare

2894 3139 3039 3192 servit
3054 3142 3140 3192 rit.

2299 3211 2412 3266 Non
2453 3210 2626 3263 solum
2658 3219 2832 3263 autem
2864 3209 3002 3262 acris
3026 3251 3040 3274 ,
3074 3215 3094 3245 τ
3134 3207 3227 3263 sed
3257 3215 3312 3261 et
3340 3205 3499 3260 maris
3528 3204 3797 3267 animalia,

2232 3306 2338 3359 imo
2366 3314 2419 3358 et
2450 3302 2621 3371 ipsum
2653 3314 2819 3364 mare,
2852 3298 2991 3351 sicut
3019 3307 3072 3351 et
3098 3312 3190 3351 aer
3212 3305 3267 3352 et
3297 3297 3452 3367 ignis,
3478 3295 3626 3363 juxta
3656 3294 3797 3363 quod

2230 3395 2282 3449 in
2314 3393 2339 3433 ι’
2368 3392 2731 3462 superioribus
2778 3391 3157 3458 exposuimus,
3186 3390 3297 3441 viro
3344 3386 3631 3441 venerabili
3662 3399 3796 3454 pra-

2230 3486 2395 3541 buere
2419 3484 2753 3551 obsequium.
2784 3480 2883 3547 Qui
2912 3484 3050 3534 enim
3082 3480 3285 3533 auctori
3317 3478 3559 3531 omnium
3588 3484 3794 3530 creatu-

2232 3592 2407 3631 rarum
2459 3575 2685 3628 fideliter
2714 3584 2767 3626 et
2801 3574 3009 3639 integro
3041 3571 3207 3625 corde
3254 3570 3555 3631 famulatur,
3586 3581 3688 3619 non
3716 3573 3799 3619 est

2233 3670 2529 3723 mirandum
2560 3670 2603 3721 si
2635 3668 2749 3735 ejus
2783 3666 3020 3733 imperiis
3066 3678 3128 3718 ac
3171 3664 3307 3717 votis
3350 3660 3524 3715 omnis
3554 3668 3792 3713 creatura

2231 3761 2515 3815 deserviat.
2564 3761 2631 3814 At
2657 3774 2754 3813 nos
2779 3758 3090 3827 plerumque
3122 3756 3319 3810 idcirco
3348 3752 3603 3822 subjecta:
3644 3751 3794 3804 nobis

2231 3867 2488 3911 creaturae
2510 3855 2802 3909 dominium
2834 3854 3128 3922 perdimus,
3160 3852 3282 3918 quia
3316 3848 3543 3901 Domino
3564 3852 3618 3899 et
3644 3843 3801 3897 Crea-

2234 3951 2336 4004 tori
2366 3951 2601 4003 omnium
2634 3948 2731 4018 ipsi
2763 3947 2968 4000 servire
2999 3942 3329 4013 negligimus.
3380 3940 3447 3992 Et
3475 3939 3643 4006 ipsum
3669 3978 3683 4001 ,
3718 3936 3795 3988 in-

2233 4057 2389 4110 quam
2416 4080 2433 4105 ,
2481 4053 2631 4094 mare
2680 4046 2980 4108 promptum
3027 4033 3222 4087 famulo
3260 4030 3463 4085 Christi
3490 4027 3622 4081 'ubi
3669 4038 3802 4093 opus

2235 4133 2418 4187 habuit
2445 4130 2786 4200 impendebat
2812 4126 3068 4182 ofﬁcium.
3094 4124 3415 4192 Disponebat
3443 4132 3666 4181 namque
3687 4129 3801 4182 par-

2236 4222 2409 4277 vulam
2464 4221 2563 4275 sibi
2614 4220 2667 4275 in
2715 4234 2815 4274 suo
2864 4216 3217 4277 monasterio,
3247 4214 3340 4267 sed
3391 4221 3445 4267 et
3479 4206 3801 4280 quotidianis

2236 4312 2648 4370 necessitatibus
2700 4319 2876 4377 aptam
2924 4307 3153 4363 condere
3182 4306 3411 4360 casulam
3433 4343 3448 4366 ,
3479 4302 3564 4357 cui
3594 4317 3623 4354 a
3657 4311 3801 4367 parte

2238 4408 2423 4472 maris,
2444 4421 2546 4474 qua
2576 4404 2847 4458 alluvione
2878 4400 3235 4467 frequentium
3264 4398 3528 4466 gurgitum
3551 4402 3797 4446 excavata

2240 4513 2397 4566 rupes
2429 4496 2746 4550 altissimum
2797 4507 2893 4547 nec
2938 4493 3155 4545 brevem
3188 4488 3383 4541 fecerat
3413 4485 3634 4546 hiatum,
3666 4480 3807 4533 basis

572 4598 712 4664 plum
742 4594 943 4665 prtefati
990 4558 1161 4647 Pa'tris
1191 4593 1457 4646 Benedicti
1497 4593 1689 4646 factum
1730 4608 1944 4648 narrare
1973 4593 2133 4646 mira-
2167 4558 2213 4615 ι)
2245 4589 2591 4659 supponenda
2638 4595 2774 4650 erat,
2808 4594 2862 4639 et
2908 4584 3021 4637 hac
3065 4583 3211 4650 juxta
3259 4580 3586 4632 latitudinem
3638 4574 3807 4626 hiatus

570 4688 768 4750 c-ulum,
802 4687 852 4739 in
875 4700 978 4752 quo
1008 4684 1183 4737 avium
1210 4684 1507 4738 obedientia
1531 4694 1583 4738 et
1614 4681 1929 4749 humilitate,
1962 4684 2133 4752 palam

574 4778 906 4831 contumacia
937 4787 987 4830 et
1014 4775 1260 4844 superbia
1284 4776 1663 4830 condemnatur
1691 4776 1939 4829 lunnana.
1974 4775 2135 4828 Erant

573 4869 833 4935 siquidem
856 4868 1001 4922 corvi
1027 4868 1190 4920 multo
1213 4881 1276 4920 ex
1305 4876 1542 4935 tempore
1561 4865 1799 4934 ejusdem
1846 4865 2031 4919 insula:
2054 4879 2137 4918 se-

564 4962 721 5015 dibus
750 4960 944 5014 assueti
971 4977 983 5013 :
1030 4973 1164 5025 quos
1191 4974 1309 5012 cum
1340 4958 1428 5013 die
1452 4960 1678 5025 quadam
1710 4960 1790 5011 vir
1835 4958 1922 5011 Dei
1955 4957 2138 5009 nidifi-

571 5059 772 5115 eantes,
808 5048 1143 5117 hospitiolum
1173 5046 1419 5108 fratrum,
1466 5048 1535 5100 de
1572 5062 1679 5117 quo
1719 5047 1969 5117 praefatus
1998 5063 2136 5110 sum,

570 5148 744 5194 rostro
790 5140 1048 5204 lacerare,
1099 5137 1409 5205 ablatosque
1456 5137 1661 5190 culmos
1707 5137 1900 5206 quibus
1941 5145 2136 5190 tectum

2242 4681 2524 4735 duodecim
2561 4679 2756 4748 pedum
2800 4676 2976 4744 longa.
3004 4673 3227 4741 Rogavit
3261 4686 3390 4739 ergo
3422 4668 3609 4721 fratres
3637 4665 3721 4732 qui
3749 4679 3807 4717 se

2245 4771 2507 4826 visitaturi
2533 4769 2887 4829 advenerant,
2910 4775 2968 4819 ut
2995 4780 3115 4818 cum
3158 4764 3332 4817 redire
3361 4761 3582 4824 vellent,
3614 4758 3806 4826 lignum

2244 4866 2341 4918 sibi
2374 4860 2717 4931 longitudinis
2743 4857 3023 4913 duodecim
3057 4854 3248 4925 pedum
3292 4854 3357 4905 ad
3388 4850 3681 4905 faciendam
3711 4846 3808 4899 do-

2244 4953 2504 5007 munculae
2526 4950 2694 5005 basim
2724 4947 3025 5009 deferrent;
3054 4946 3141 5014 qui
3168 4943 3523 5013 promiserunt
3550 4955 3608 4992 se
3640 4939 3810 4991 liben-

2250 5045 2455 5097 tissime
2499 5042 2731 5095 facturos
2760 5043 2897 5107 quod
2932 5037 3100 5106 petiit.
3147 5036 3251 5088 Sed
3289 5034 3376 5087 ubi
3406 5042 3621 5098 accepta
3651 5029 3717 5081 ab
3744 5042 3813 5081 eo

2250 5131 2618 5187 benedictione
2643 5130 2861 5183 domum
2890 5127 3091 5183 reversi
3118 5134 3266 5193 sunt,
3301 5121 3429 5194 fugit
3461 5129 3690 5175 mentem
3722 5133 3812 5186 pc-

1525 5247 1560 5295 κ·
1573 5247 1702 5302 ULG
1716 5248 1894 5301 ATOR
1906 5248 1995 5303 lilii
2038 5248 2120 5302 VA
2135 5247 2428 5302 RHNTES
2470 5245 2865 5301 LECTIONES.

645 5349 657 5377 '
695 5346 798 5398 Sed
820 5344 923 5397 illis
944 5340 1293 5409 spernentibus
1319 5338 1605 5407 imperium.

650 5420 667 5447 ²
698 5414 1026 5467 Precabatur.
1062 5416 1231 5478 Quod.

657 5487 673 5517 ³
696 5486 771 5535 Ad
795 5501 848 5535 se
870 5484 1045 5547 digna.

651 5556 670 5585 ‘
699 5557 863 5618 Quam
894 5542 998 5605 viro
1034 5553 1123 5606 Dei
1144 5550 1409 5604 intulerat.

2322 5340 2339 5367 "
2375 5335 2675 5390 Festinavit.
2706 5366 2773 5377 —
2794 5338 2896 5389 bat.

2324 5410 2341 5437 τ’
2369 5409 2523 5459 Aliud
2546 5410 2807 5461 ntolestiw.

2322 5480 2337 5505 ⁷
2370 5478 2475 5529 Sed
2496 5487 2719 5543 accepta.

2317 5548 2337 5578 ⁸
2372 5546 2469 5600 Ubi
2495 5549 2722 5601 domum.

1882 5635 1912 5687 ν
1929 5632 2231 5690 AlllOllUll
2273 5634 2497 5688 NOTAE.

651 5744 673 5770 η
710 5734 759 5786 Id
790 5742 869 5787 est
893 5732 1125 5795 sagimeu
1156 5731 1453 5799 porcinum,
1486 5729 1670 5781 axibus
1694 5726 1968 5789 ungendis,
2005 5726 2142 5778 unde

581 5805 819 5860 voeabuli
852 5814 1064 5870 etytnon
1093 5801 1332 5854 adhiberi
1364 5804 1594 5854 solitum.
1630 5800 1854 5851 illituum.

2322 5725 2346 5763 δ
2380 5726 2761 5793 Superioribus.
2794 5725 2958 5793 Capp.
2993 5725 3043 5787 5,
3086 5724 3163 5787 l0,
3205 5722 3281 5783 l5,
3317 5721 3397 5775 Ii.
3427 5718 3613 5771 Sami.
