4220 6456
364 388 462 443 761
1051 384 1242 438 SECT.
1286 384 1325 439 Ι.
1366 414 1436 425 -—
1476 385 2062 440 llAGlOGllAPlllCA.
2104 415 2171 426 —
2215 385 2371 441 VITA
2415 386 2474 441 S.
2516 385 2933 442 CUTHBEIKTI.
3537 392 3639 446 7M

360 499 479 550 titio
520 496 715 550 Patris.
773 493 1105 563 Reversique
1151 493 1237 548 die
1282 495 1462 549 debito
1507 499 1574 551 ad
1622 511 1780 561 eum,
1831 511 1937 550 non
1969 508 2017 561 Α
2045 496 2263 553 ciuntur
2292 498 2552 567 imperiis,
2587 500 2652 551 ad
2680 500 2796 567 ejus
2822 500 3105 554 arbitrium
3137 510 3328 556 cuncta
3357 502 3638 574 vigilandi,

321 589 591 681 \attulere
621 587 760 658 quod
814 588 1159 656 rogabantur.
1195 586 1401 653 Quibus
1432 588 1523 643 ille
1562 588 1947 659 benignissime
2052 589 2263 654 orandi,
2289 590 2588 659 jejutiandi,
2612 602 2771 661 atque
2800 594 3054 662 operandi
3086 603 3325 662 tempora
3348 595 3635 651 moderan-

334 678 593 755 ireceptis
621 689 670 732 et
701 679 943 732 oratiouna
983 678 1139 732 solita
1174 678 1282 733 Deo
1327 682 1754 734 commendatis:
1786 699 1803 731 t
1848 679 1947 735 Ubi

363 781 462 835 est,
489 770 679 839 inquit,
707 770 901 838 lignum
925 772 1066 838 quod
1098 786 1193 825 vos
1220 772 1412 827 afferre
1443 772 1733 841 rogabam?
1763 791 1781 825 ι
1810 772 1944 828 Tum

363 862 435 916 illi
462 863 872 916 reminiscentes
903 862 1217 930 petitionem
1239 863 1378 932 ejus,
1407 877 1666 933 suamque
1690 864 1949 919 confiten-

367 962 447 1006 tes
476 952 819 1017 oblivioiietn,
846 954 1060 1008 veniam
1096 956 1166 1010 de
1199 955 1436 1009 admisso
1467 958 1844 1025 precabantur.
1878 960 1946 1011 At

368 1047 451 1099 vir
467 1044 783 1098 mitissimus
806 1045 1003 1098 blando
1025 1045 1150 1100 illos
1169 1061 1423 1101 sermone
1442 1047 1751 1102 consolatus
1777 1063 1945 1118 usque

366 1135 431 1188 ad
465 1149 620 1188 mane
652 1134 702 1187 in
734 1134 907 1189 inania
937 1150 1156 1190 manere
1198 1146 1251 1191 et
1289 1137 1629 1205 requiescere
1672 1139 1946 1207 praicepit,

368 1220 591 1285 dicens;
621 1242 639 1274 ι
670 1224 845 1279 Credo
871 1230 996 1293 quia
1043 1226 1183 1281 Deus
1231 1242 1337 1281 non
1372 1234 1389 1263 ι
1421 1225 1770 1283 obliviscatur
1812 1244 1947 1283 mete

369 1316 655 1370 voluntatis
681 1325 736 1371 et
765 1316 1121 1371 necessitatis.
1154 1335 1174 1368 ›
1205 1316 1472 1373 Fecerunt
1515 1328 1571 1373 ut
1620 1318 1867 1384 dixerat;
1897 1328 1952 1373 et

370 1417 715 1478 exsurgentes
744 1422 898 1462 mane
927 1409 1206 1473 viderunt,
1238 1412 1361 1475 quia
1407 1418 1700 1466 nocturnus
1748 1412 1946 1465 Oceani

368 1510 551 1565 astus,
599 1500 796 1568 lignum
846 1512 1153 1553 memoratas
1204 1501 1544 1567 longitudinis
1589 1500 1786 1566 attulit,
1815 1501 1948 1555 etin

369 1592 484 1657 ipso
512 1590 728 1659 insuper
758 1591 876 1645 loco
904 1592 1173 1660 deposuit,
1200 1593 1287 1646 ubi
1317 1592 1369 1647 in
1398 1594 1683 1647 aedilicium
1715 1594 1950 1661 desuper

288 1728 291 1729 ν
369 1692 482 1735 erat
512 1682 913 1750 imponendum.
966 1682 1220 1738 Videnles
1266 1694 1445 1738 autem
1492 1699 1615 1739 mox
1646 1692 1703 1738 et
1730 1683 1831 1738 viri
1863 1699 1950 1738 ve-

371 1772 621 1828 nerabilis
648 1776 985 1829 sanctitatem
1011 1775 1364 1838 mirabantur,
1383 1776 1469 1829 cui
1496 1777 1657 1829 etiam
1680 1776 1945 1830 elementa

2051 688 2136 733 tur
2161 694 2426 747 :quorutu
2460 680 2717 748 plurimos
2757 684 2880 737 novi
2928 698 3099 738 meam
3134 687 3447 753 parvitatem
3482 688 3639 755 longe

2049 781 2105 825 et
2151 772 2411 825 munditia
2457 773 2655 827 meritis
2700 782 2751 828 et
2795 775 3029 830 culmine
3069 776 3255 846 gratia:
3304 778 3634 846 proplietalis

2048 862 2278 916 anteire.
2310 862 2349 915 E
2373 862 2567 931 quibus
2594 873 2676 917 est
2704 865 3021 919 venerabilis
3048 875 3103 920 et
3129 881 3250 920 cum
3281 868 3429 923 omni
3462 868 3631 923 hono-

2050 953 2314 1007 riﬁcentia
2366 954 2725 1008 nominandus
2774 969 2963 1011 servus
3015 954 3217 1012 Christi
3267 957 3519 1027 Boisilus,
3550 958 3641 1028 qui

2053 1060 2138 1099 me
2168 1044 2221 1098 in
2250 1045 2584 1101 Mailrosensi
2628 1050 2957 1102 monasterio
2997 1051 3268 1118 quondam
3298 1067 3464 1107 senex
3512 1053 3644 1107 adoc

2054 1134 2347 1189 lesceiitem
2396 1136 2702 1201 nutriebat,
2735 1147 2791 1191 et
2821 1137 2842 1167 ⁸
2872 1138 3012 1192 inter
3059 1139 3414 1195 erudiendum
3454 1156 3641 1197 cuncta

2052 1237 2175 1293 qua:
2203 1225 2335 1278 Inibi
2361 1235 2515 1280 erant
2534 1237 2757 1281 ventura
2780 1230 3092 1297 praplietica
3118 1230 3342 1286 veritate
3370 1236 3639 1301 praedixit:

2052 1326 2106 1370 et
2133 1331 2297 1371 unum
2329 1322 2700 1374 tantummodo
2732 1329 2899 1375 restat
2937 1336 3002 1376 ex
3031 1324 3280 1378 omnibus
3319 1326 3388 1378 ab
3418 1339 3484 1379 eo
3514 1325 3645 1379 mihi

2052 1408 2342 1477 praedictis,
2386 1411 2528 1477 quod
2574 1414 2775 1465 utinam
2808 1426 3080 1481 nunquam
3132 1415 3477 1483 impleatur.»
3530 1417 3645 1473 Hoc

2052 1508 2235 1554 autem
2264 1500 2497 1569 dicebat,
2526 1504 2646 1570 quia
2679 1504 2931 1571 praefatus
2961 1505 3157 1559 Christi
3177 1506 3406 1562 famulus
3431 1509 3643 1578 episco-

2056 1602 2206 1654 patus
2236 1607 2360 1645 eum
2390 1593 2556 1661 gradu
2584 1592 2923 1663 significabat
2962 1609 3085 1650 esse
3116 1598 3448 1663 functorum,
3489 1600 3646 1667 cujus

2056 1684 2458 1751 perceptionem
2500 1685 2616 1753 ipse
2655 1699 2762 1739 non
2790 1701 2975 1753 parum
3013 1687 3283 1743 desiderio
3313 1690 3435 1744 vita:
3461 1704 3644 1747 secre-

2059 1780 2211 1834 tioris
2240 1780 2513 1835 horrebat.

368 1864 669 1917 servirent:
696 1874 750 1919 et
780 1880 892 1919 sua:
927 1865 1120 1919 mentis
1149 1866 1673 1963 tarditateuidebito
1704 1882 1826 1921 cum
1853 1882 1946 1934 pu-
1978 1864 2025 1922 B
2055 1890 2208 1945 CAP.
2250 1890 2437 1945 χχιιι.
2481 1891 2747 1956 Quomodo
2815 1892 3014 1962 Αειρεά
3064 1895 3325 1948 abbatissa
3370 1905 3419 1949 ει
3466 1898 3644 1963 pum“

369 1954 498 2011 dore
525 1956 829 2025 culpabant,
859 1959 879 1988 ²
909 1973 1044 2026 quos
1085 1959 1244 2011 etiam
1273 1956 1590 2011 insensibile
1619 1959 1949 2012 elementum

369 2062 523 2113 quam
550 2051 615 2100 sit
644 2049 844 2102 sanctis
872 2049 1352 2114 obtemperandum
1381 2050 1619 2103 doceret.

368 2136 520 2190 CAP.
555 2138 718 2192 XXII.
757 2139 1020 2204 Quomodo
1072 2141 1243 2192 multis
1283 2142 1350 2192 ad
1372 2156 1425 2193 se
1472 2140 1787 2193 venientibus
1835 2143 1945 2193 νηοὶ

444 2211 551 2281 uita
582 2213 710 2281 dam
739 2210 949 2275 salutis,
982 2210 1190 2279 [rogites
1227 2214 1513 2281 exposuerit
1553 2213 1748 2281 antiqui
1791 2211 1952 2265 hostis

441 2280 670 2332 insidias.

438 2367 738 2424 Veniebaiit
762 2380 938 2424 autem
985 2372 1135 2425 multi
1179 2371 1246 2426 ad
1290 2371 1461 2426 virum
1495 2371 1610 2441 Dei,
1645 2388 1749 2428 non
1779 2373 1949 2427 solum

369 2460 436 2515 de
468 2462 725 2529 proximis
758 2462 1277 2517 Lindisfarnensium
1323 2462 1539 2527 finibus,
1565 2464 1657 2517 sed
1692 2464 1853 2517 etiam
1885 2466 1951 2517 de

371 2553 745 2605 remotioribus
777 2551 1063 2606 Britannia:
1086 2554 1347 2621 partibus,
1381 2553 1518 2607 fama
1550 2554 1802 2607 nimirum
1836 2557 1950 2608 vir-

370 2647 538 2691 tutum
579 2638 696 2709 ejus
747 2640 1055 2709 accitizqui
1108 2641 1187 2695 vel
1237 2656 1333 2695 sua
1383 2657 1503 2710 quae
1552 2643 1951 2696 commisissent

369 2740 544 2783 errata
572 2775 586 2798 ,
621 2731 705 2786 vel
754 2732 1058 2788 dminonutn
1108 2749 1228 2803 quae
1260 2742 1571 2803 paterentur
1624 2744 1950 2790 teiitatiienta

374 2823 833 2890 profitentes,vel
875 2837 1021 2880 certe
1063 2828 1364 2880 communia
1409 2827 1712 2881 mortalium
1759 2827 1951 2896 quibus

373 2911 733 2982 afﬂigerentur
747 2915 966 2970 adversa
994 2917 1395 2985 patefacieiites,
1413 2934 1440 2969 a
1458 2918 1478 2948 ³
1493 2929 1639 2972 tanto
1653 2920 1951 2973 sanctitatis

372 3005 487 3058 viro
517 3020 576 3058 se
602 3006 956 3060 consolandos
984 3008 1293 3077 sperabant.
1325 3009 1434 3063 Nec
1462 3024 1554 3063 eos
1584 3010 1776 3063 fefellit
1803 3025 1946 3077 spes.

371 3098 606 3164 Namque
640 3096 815 3150 nullus
858 3098 926 3152 ab
954 3114 1019 3152 eo
1060 3101 1177 3152 sine
1207 3100 1398 3168 gaudio
1424 3102 1808 3156 consolationis
1839 3103 1952 3155 abi-

369 3184 486 3250 bat,
521 3188 723 3240 nullum
753 3188 905 3241 dolor
933 3191 1093 3242 animi
1126 3207 1283 3259 quem
1316 3192 1406 3245 illo
1436 3192 1693 3245 attulerat
1719 3193 1947 3247 redeun-

371 3284 475 3328 tem
504 3278 790 3330 comitatus
820 3290 924 3331 est.
974 3279 1207 3332 Noverat
1249 3282 1446 3350 quippe
1492 3291 1712 3336 llltDSlOS
1743 3284 1825 3350 pia
1854 3299 1951 3336 ex-

370 3368 668 3423 hortatione
712 3370 976 3436 refovere,
1005 3371 1209 3424 sciebat
1250 3373 1564 3441 angustiatls
1605 3373 1797 3442 gaudia
1827 3375 1950 3427 vita:

368 3460 602 3512 coalesus
632 3460 697 3513 ad
730 3460 1042 3513 memoriam
1089 3476 1362 3526 revocare,
1395 3462 1601 3530 fragilia
1632 3462 1814 3516 saeculi
1846 3462 1947 3516 hu-

367 3548 451 3617 jtis
481 3558 533 3602 et
567 3564 822 3620 prospera
849 3551 1004 3604 simul
1037 3565 1089 3605 et
1119 3553 1343 3608 adversa
1374 3569 1678 3612 monstrare
1706 3575 1717 3609 :
1748 3555 1950 3611 didice-

370 3650 452 3692 rat
483 3644 696 3707 tetitatis
731 3642 1046 3697 itiultil‘arias
1072 3647 1271 3714 antiqui
1303 3648 1471 3701 hostis
1502 3650 1737 3717 pandere
1765 3664 1949 3702 versu-

371 3734 493 3796 tias,
524 3732 716 3799 quibus
740 3733 894 3787 facile
924 3748 1201 3802 Caperetur
1226 3738 1455 3803 animus,
1486 3740 1574 3807 qui
1602 3740 1686 3791 vel
1712 3721 1961 3792 fraterno,

373 3826 452 3877 \cl
499 3825 679 3879 divino
720 3841 903 3881 amore
946 3830 1178 3882 nudatus
1207 3831 1495 3905 existeret;
1528 3841 1580 3884 at
1628 3834 1716 3900 qui
1750 3833 1949 3901 integra

376 3916 475 3968 lide
506 3917 784 3970 roboratus
817 3918 1124 3983 incederet,
1156 3920 1376 3974 insidias
1406 3923 1695 3976 adversarii
1731 3923 1952 3977 Domino

371 4008 660 4061 auxiliante
705 4010 856 4077 quasi
885 4024 1065 4062 casses
1096 4011 1349 4065 transiret
1376 4027 1608 4067 aranem.
1645 4031 1661 4063 ι
1704 4013 1945 4079 Quoties,

376 4103 564 4169 inquit,
596 4106 858 4170 meipsnm
899 4103 965 4156 de
995 4105 1100 4157 alia
1140 4120 1271 4173 rupe
1319 4121 1414 4175 per
1445 4122 1682 4174 praeceps
1716 4107 1953 4162 misere?

372 4193 580 4257 quoties
606 4194 755 4261 quasi
781 4195 845 4247 ad
869 4195 1297 4269 interficiendum
1324 4214 1408 4251 iiie
1431 4198 1635 4266 lapides
1658 4199 1954 4267 jactahant?

373 4284 476 4337 Sed
519 4295 572 4338 et
612 4287 731 4339 aliis
776 4286 1000 4356 aliisque
1031 4285 1051 4316 ⁸
1081 4286 1424 4341 fantasiarutn
1479 4292 1820 4344 tentatneiitis
1870 4306 1954 4344 me

374 4383 689 4442 appetentes
736 4377 1029 4443 deterrere,
1062 4392 1125 4431 ac
1164 4378 1230 4431 de
1275 4380 1392 4431 loco
1440 4379 1597 4448 bnjus
1643 4383 1954 4436 certaminis

374 4464 709 4519 tonabatilur
737 4466 1036 4532 eliininare,
1071 4485 1166 4522 nec
1213 4480 1389 4522 tamen
1422 4470 1688 4524 ullatenus
1720 4475 1799 4527 vel
1832 4490 1952 4526 cor-

2126 1965 2238 2032 ejus
2267 1979 2356 2032 per
2382 1979 2565 2015 zonam
2592 1965 2752 2029 ipsius
2782 1965 2800 1994 ⁷
2826 1967 2926 2016 sint
2949 1968 3010 2016 ab
3033 1966 3331 2032 inﬁrmitate
3352 1979 3570 2022 satiatis.

2125 2072 2310 2142 Neque
2340 2088 2468 2127 vero
2495 2075 2783 2128 sanitatum
2813 2074 3068 2128 miracula
3102 2090 3196 2142 per
3223 2075 3499 2131 hominem
3524 2077 3641 2145 Dei,

2056 2166 2270 2219 tatnctsi
2298 2165 2455 2234 longe
2479 2165 2545 2219 ab
2576 2165 2881 2220 hominibus
2912 2174 3164 2234 positum,
3199 2166 3309 2221 fieri
3340 2169 3643 2222 cessabant.

2054 2255 2330 2323 Siquidem
2379 2256 2699 2309 venerabilis
2748 2256 2935 2309 ancilla
2985 2256 3182 2311 Christi
3212 2260 3238 2286 “
3267 2256 3494 2325 Aelﬂed,
3523 2274 3640 2328 qute

2055 2346 2195 2398 inter
2212 2348 2404 2414 gaudia
2430 2347 2747 2416 virginitatis
2766 2363 2871 2401 non
2898 2350 3081 2415 paucis
3105 2348 3422 2403 famularum
3445 2347 3643 2404 Christi

2053 2438 2352 2506 agminibus
2401 2448 2659 2492 maternae
2709 2438 2919 2507 pietatis
2965 2454 3150 2492 curam
3202 2441 3531 2506 adhibebat,
3574 2456 3639 2494 ac

2055 2531 2248 2597 regalis
2272 2539 2553 2583 stemmata
2579 2529 2873 2584 nobilitatis
2897 2530 3087 2600 potiori
3116 2530 3392 2585 nobilitate
3413 2546 3637 2585 summa:

2056 2621 2266 2673 virtutis
2296 2622 2689 2685 accumulabat,
2721 2623 2889 2676 multo
2918 2623 3089 2677 virum
3121 2622 3214 2677 Dei
3238 2637 3451 2692 semper
3479 2637 3639 2678 exco-

2055 2712 2196 2765 lebat
2225 2728 2428 2767 amore.
2475 2714 2600 2768 Haec
2624 2729 2691 2768 eo
2734 2724 2995 2783 tempore,
3024 2718 3163 2769 sicut
3189 2714 3300 2783 ipsa
3336 2724 3514 2784 postea
3544 2731 3633 2770 re-

2056 2803 2430 2856 verentissimo
2496 2804 2948 2859 Lindisfarnensis
3016 2806 3269 2861 Ecclesia:
3328 2807 3639 2877 presbytero

2054 2895 2355 2959 Herefrido,
2379 2909 2430 2949 et
2465 2895 2551 2951 ille
2584 2896 2713 2950 itiihi
2744 2898 3198 2966 referebat,gravi
3234 2913 3481 2967 percussa
3516 2897 3628 2951 lan-

2051 3003 2218 3057 guore
2259 3003 2323 3042 ac
2352 2989 2442 3041 diu
2477 3000 2703 3056 vexata,
2748 3005 2883 3057 pene
2930 2989 3040 3043 visa
3082 2997 3165 3042 est
3218 3003 3523 3057 pervenisse
3576 2989 3643 3041 ad

2054 3092 2306 3135 mortem.
2334 3079 2429 3133 Cui
2451 3096 2570 3135 cum
2598 3082 2671 3134 nil
2692 3082 2986 3136 curationis
3012 3087 3034 3118 ⁸
3061 3077 3351 3135 valuissent
3380 3080 3639 3135 adbibere

2057 3172 2267 3238 medici,
2291 3175 2467 3227 subito
2497 3174 2676 3227 divina
2710 3174 3030 3229 intrinsecus
3060 3177 3226 3243 gratia
3259 3184 3481 3227 curante
3506 3189 3639 3243 pan-

2056 3264 2201 3315 larini
2234 3264 2394 3316 morti
2419 3266 2689 3317 subtracta
2729 3276 2832 3329 est,
2879 3279 2976 3318 nec
3023 3274 3201 3318 tamen
3245 3270 3401 3333 plene
3431 3275 3639 3320 satiata.

2054 3356 2185 3406 Nam
2239 3354 2392 3409 dolor
2434 3356 2646 3424 quidem
2695 3355 3092 3409 interaueorutn
3132 3356 3417 3423 absceSsit,
3465 3371 3636 3409 mein-

2059 3446 2273 3500 brorum
2300 3449 2448 3517 vigor
2490 3449 2683 3515 rediit,
2711 3450 2805 3502 sed
2850 3447 3073 3503 facultas
3114 3448 3289 3501 standi
3335 3449 3419 3503 vel
3461 3450 3642 3501 ambu-

2056 3544 2197 3597 laudi
2229 3539 2250 3569 ⁹
2284 3556 2505 3609 prorsus
2551 3542 2741 3605 abfuit,
2768 3540 2891 3610 quia
2937 3555 3036 3593 nec
3077 3540 3142 3593 ad
3189 3540 3437 3593 standum
3482 3539 3638 3607 erigi,

2056 3650 2154 3688 nec
2182 3632 2282 3686 nisi
2305 3633 2610 3702 quadrupes
2640 3633 2850 3685 valebat
2873 3631 3096 3700 ingredi.
3120 3632 3292 3697 Coepit
3319 3646 3447 3699 ergo
3472 3632 3638 3685 tristis

2056 3737 2307 3779 :etertiani
2341 3726 2533 3779 timere
2580 3725 2909 3777 debilitatem
2935 3762 2953 3791 ,
2982 3738 3102 3776 nam
3134 3723 3281 3776 etde
3308 3724 3635 3777 medicorum

2056 3819 2254 3872 auxilio
2282 3817 2327 3852 ιο
2351 3817 2457 3887 jant
2481 3817 2685 3885 pridem
2712 3816 2882 3870 fuerat
2901 3816 3035 3869 facta
3061 3816 3384 3882 deSperatio.
3403 3814 3497 3867 Cui
3518 3828 3636 3866 cuni

2056 3912 2144 3965 die
2186 3911 2415 3981 quadam
2470 3912 2606 3963 inter
2654 3910 2925 3976 angustias
2971 3907 3202 3961 tristium
3254 3905 3637 3973 cogitationum

2058 4004 2270 4058 veniret
2297 4003 2350 4056 iti
2380 4012 2614 4057 mentem
2649 4001 2803 4055 beata
2832 4010 2885 4054 et
2914 4004 3091 4068 quieta
3119 4002 3457 4052 conversatio
3485 4012 3639 4051 reve-

2057 4092 2348 4149 retitissimi
2375 4094 2546 4145 l’atris
2571 4091 2903 4144 Cudbercti:
2930 4107 2947 4139 t
2988 4090 3220 4151 Utiiiatii,
3253 4089 3443 4155 inquit,
3478 4087 3642 4140 habe-

2058 4201 2169 4239 rem
2210 4184 2405 4252 aliqtiid
2429 4182 2498 4235 de
2545 4183 2704 4236 rebus
2745 4179 3182 4243 Cudbercti'inei,
3215 4179 3328 4231 scio
3351 4186 3390 4215 η
3418 4186 3563 4231 certe
3588 4186 3645 4231 et

2057 4276 2269 4329 confido
2297 4277 2348 4328 iii
2374 4275 2600 4329 Domitio
2629 4276 2747 4343 quia
2779 4275 2885 4327 cito
2913 4288 3154 4325 sanarer.
3192 4290 3209 4322 ι
3242 4270 3307 4323 At
3338 4284 3443 4323 non
3476 4272 3643 4323 multo

2060 4378 2178 4437 lost
2205 4369 2422 4422 advenit
2450 4372 2538 4437 qui
2569 4367 2617 4420 ei
2659 4382 2845 4421 zonam
2878 4367 3073 4421 lineam
3101 4366 3169 4418 ab
3197 4380 3264 4419 eo
3294 4368 3515 4418 missam
3549 4364 3644 4416 de-

2062 4465 2241 4516 terret.
2268 4464 2398 4528 Quae
2420 4463 2641 4515 multum
2666 4460 2845 4528 gavisa
2872 4460 2938 4513 de
2967 4473 3207 4521 munere,
3233 4467 3287 4512 et
3315 4455 3640 4511 desiderium

331 4563 339 4571 '
375 4568 470 4621 pus
497 4571 671 4609 nicutn
705 4558 893 4609 laisura
917 4559 1114 4626 aliqua,
1146 4562 1227 4614 vel
1276 4574 1509 4615 utentem
1546 4564 1737 4615 timore
1766 4576 1950 4616 conta-

2058 4568 2211 4605 suuin
2244 4558 2357 4604 viro
2383 4562 2569 4604 sancto
2589 4552 2695 4617 jam
2723 4551 2936 4604 cmlitus
2964 4551 3286 4619 patefactum
3319 4548 3639 4616 intelligens,

374 4647 575 4699 initiare
603 4647 867 4701 valebant.
902 4667 920 4697 ι

444 4736 556 4790 lloc
602 4754 813 4807 quoque
861 4739 1113 4795 fratribus
1152 4742 1360 4796 solebat
1404 4743 1648 4799 crebrius
1678 4745 1947 4813 intimare,

373 4843 440 4881 ne
460 4831 923 4885 conversationem
946 4833 1062 4901 ejus
1091 4836 1241 4903 quasi
1265 4835 1284 4864 ⁵
1309 4835 1653 4902 singulariter
1680 4837 1949 4889 excelsam

376 4924 714 4985 mirarentur,
747 4925 866 4989 quia
914 4926 1233 4992 contemptis
1278 4925 1625 4980 saecularibus
1674 4928 1818 4979 curis
1861 4943 1951 4980 se-

374 5024 551 5066 cretus
583 5016 759 5069 vivere
790 5016 988 5070 mallet.
1021 5034 1039 5066 i
1068 5014 1174 5070 Sed
1196 5018 1337 5083 jure,
1376 5018 1563 5085 inquit,
1596 5027 1677 5071 est
1705 5019 1952 5071 eienobi-

375 5112 546 5158 tarum
588 5108 690 5159 vita
733 5106 991 5171 miranda,
1015 5107 1106 5174 qui
1149 5108 1356 5161 abbatis
1414 5122 1508 5174 per
1554 5110 1733 5161 oniiiia
1779 5108 1956 5177 subji-

2061 4646 2322 4700 succiiiitit
2352 4661 2410 4700 se
2453 4646 2541 4698 illa
2570 4663 2580 4696 :
2608 4654 2661 4697 ιιι
2690 4661 2845 4699 mane
2896 4660 3018 4697 mox
3065 4654 3242 4698 erecta
3273 4644 3339 4695 ad
3370 4645 3643 4706 standum,

2063 4738 2217 4789 tertia
2248 4751 2374 4789 Vero
2412 4735 2499 4789 die
2546 4736 2699 4802 plene
2745 4746 2825 4787 est
2863 4735 3063 4788 reddita
3111 4733 3346 4787 sanitati.
3380 4732 3504 4786 Post
3529 4732 3645 4787 dies

2061 4837 2239 4881 autem
2270 4842 2463 4894 paucos
2493 4828 2657 4893 carpit
2686 4837 2950 4894 aegrotare
2979 4825 3221 4894 quaedam
3253 4824 3321 4878 de
3349 4824 3643 4891 virginibus

2064 4920 2367 4974 monasterii
2389 4917 2554 4983 ipsius
2572 4916 2760 4969 dolore
2780 4916 2971 4984 capitis
3002 4916 3345 4970 intolerabili.
3372 4916 3499 4980 Quae
3521 4931 3641 4968 cum

2064 5014 2468 5080 ingravescente
2517 5012 2703 5065 morbo
2733 5028 2828 5082 per
2857 5014 2971 5064 dies
3003 5012 3273 5067 videretur
3316 5028 3436 5066 esse
3480 5014 3641 5064 mori-

2057 5117 2195 5172 tura,
2245 5108 2461 5159 intravit
2488 5105 2553 5159 ad
2602 5107 2918 5161 visitandaiu
2948 5124 3065 5162 eam
3103 5106 3143 5135 ”
3173 5105 3491 5161 venerabilis
3526 5104 3643 5173 ejus

1342 5196 1811 5253 VULGATUHUM
1861 5197 2248 5255 VABiANTES
2291 5195 2688 5251 LEC'HUNES.

448 5288 461 5316 ¹
497 5286 849 5341 Ubliaiscetur.

446 5360 465 5386 ¹
501 5361 651 5420 Quod
680 5370 854 5411 etiam.

447 5426 469 5456 ³
499 5431 693 5482 'I'antte.

446 5496 467 5526 ⁸
504 5499 866 5551 Fantasiarum
895 5498 1224 5551 testamentis.

452 5566 471 5593 ⁵
499 5569 844 5637 δεηραιανέιεν
873 5572 1079 5621 celsum.

450 5639 471 5666 ⁸
492 5638 633 5692 Inter
662 5640 1019 5693 muniendum
1042 5648 1246 5695 cuncta.

2129 5287 2149 5319 "
2182 5288 2297 5341 Sint
2328 5298 2545 5340 mnatre.

2135 5360 2155 5387 "
2183 5357 2395 5409 Possent
2426 5359 2687 5411 adhibere.

2132 5432 2152 5461 θ
2186 5428 2405 5480 Prorsus
2427 5430 2611 5495 defuit.

2139 5501 2178 5530 ¹⁰
2206 5500 2327 5550 Jum
2357 5499 2477 5565 ﬁdei
2509 5498 2696 5565 fuerat.

2140 5575 2176 5604 ¹¹
2210 5572 2351 5622 Certe
2380 5579 2425 5618 et
2454 5572 2601 5619 credo
2629 5579 2673 5619 et
2700 5568 2927 5634 Conﬁdo.

2141 5647 2183 5676 ι’
2221 5641 2235 5689 l
2263 5639 2530 5690 t‘llt'rll'ﬂub'
2550 5635 2823 5691 abbatissa.

1727 5729 2081 5783 \‘AlllUliUll
2124 5728 2349 5783 NCT/1‘}.

451 5832 471 5859 ι
498 5825 713 5896 Aci/led.
765 5823 837 5881 De
879 5823 975 5880 hac
1007 5822 1121 5879 vide
1150 5839 1224 5890 iii,
1257 5821 1347 5877 :14.
1378 5822 1581 5877 Colitur
1629 5822 1737 5876 haec
1782 5824 1813 5874 8
1849 5822 2138 5893 Februarii.
2181 5823 2367 5878 Satru.
