4220 6454
640 409 747 464 765

1347 402 1547 456 BEDJE
1584 399 2033 454 VENERABILIS
2067 397 2218 449 OPP.
2276 391 2446 447 PARS
2485 393 2571 447 iV.
2612 422 2683 435 -
2724 394 3100 449 HISTORICA.

3788 384 3901 439 τδς

639 523 930 579 abbatissa.
967 519 1204 585 Cumque
1241 533 1356 570 eam
1390 516 1620 583 graviter
1648 514 1899 567 afflictam
1927 509 2204 574 conSpice-
2235 515 2282 568 Α
2312 506 2488 557 lomun
2522 523 2533 557 ε
2567 506 2627 559 Si
2649 508 2796 559 annis
2822 508 2996 560 muttis
3020 507 3199 560 vixerit
3228 511 3408 570 homo,
3447 520 3499 563 et
3524 510 3577 562 in
3615 511 3697 563 his
3728 511 3895 563 omni-

643 624 742 679 ret,
765 613 881 667 tulit
905 622 1245 664 memoratam
1274 608 1368 659 viri
1393 607 1480 658 Dei
1506 620 1716 667 zonam,
1739 613 1791 655 et
1814 603 1911 655 hac
1942 600 2014 652 illi
2048 607 2207 664 caput

641 706 1006 773 circumligare
1035 702 1239 755 curavit
1265 716 1278 751 :
1306 713 1421 767 qua:
1469 697 1660 752 eodem
1691 710 1812 747 mox
1845 693 1931 746 die
1979 692 2208 743 abeunte

642 807 658 836 ¹
689 799 872 852 dolore
924 804 1107 849 sanata
1150 802 1255 856 est,
1288 790 1585 851 tollensque
1613 801 1798 840 zonam
1829 800 1921 837 sua
1968 781 2211 836 condidit

638 889 689 940 in
720 901 894 954 capsa.
930 884 1097 953 Quam
1129 898 1248 936 cum
1297 894 1413 949 pom
1444 879 1557 932 dies
1586 878 1786 944 aliquot
1822 875 2087 926 abbatissa
2121 888 2205 923 re-

635 976 890 1043 quireret,
907 991 1077 1043 neque
1100 976 1151 1027 in
1170 987 1326 1039 capsa
1344 970 1549 1035 eadem,
1568 984 1739 1037 neque
1761 968 1963 1031 uspiam
1991 980 2208 1033 prorsus

634 1066 807 1132 potuit
848 1064 1093 1117 inveniri.
1136 1064 1286 1128 Quod
1336 1061 1514 1113 divina
1564 1058 1961 1126 dispensatione
2013 1058 2204 1109 factum

635 1153 962 1220 intelligitur,
996 1153 1244 1206 videlicet
1292 1158 1347 1203 ιιι
1396 1166 1487 1216 per
1517 1150 1624 1202 duo
1663 1148 1906 1200 sanitatis
1951 1148 2204 1199 miracula

636 1242 747 1298 Deo
776 1242 953 1295 dilecti
985 1243 1151 1294 Patris
1179 1243 1429 1293 sanctitas
1456 1245 1734 1305 appareret
1770 1236 2130 1297 credentibus,
2154 1246 2208 1290 et

637 1334 890 1397 deinceps
920 1331 1192 1385 dubitandi
1234 1330 1300 1383 de
1330 1337 1612 1382 sanctitate
1648 1327 1787 1381 illius
1813 1326 2023 1379 occasio
2056 1328 2206 1381 tolle-

637 1432 781 1472 retur
800 1419 1101 1473 incredulis.
1122 1418 1177 1474 Si
1204 1418 1344 1470 enim
1367 1415 1553 1470 eodem
1582 1430 1715 1468 zona
1737 1430 1949 1481 semper
1971 1416 2204 1481 adesset,

635 1523 850 1578 semper
896 1510 959 1561 ad
1005 1511 1140 1561 hanc
1186 1522 1508 1561 concurrere
1557 1507 1850 1559 voluissent
1892 1507 2076 1574 aegroti
2111 1518 2207 1562 :et

637 1598 760 1651 dum
790 1600 980 1667 aliquis
1011 1603 1031 1632 ⁸
1062 1614 1123 1650 ex
1157 1599 1239 1651 his
1269 1598 1406 1650 forte
1436 1611 1539 1649 non
1570 1596 1852 1650 meruisset
1880 1612 1907 1648 a
1939 1612 2031 1648 sua
2059 1595 2206 1649 infir-

638 1688 821 1740 mitate
863 1688 1367 1754 curari,derogaret
1414 1684 1741 1753 impotentia:
1782 1702 1885 1738 non
1929 1687 2202 1759 salvaniis,

636 1793 757 1831 cum
788 1779 900 1845 ipse
926 1778 1096 1845 potius
1118 1787 1262 1831 esset
1286 1777 1470 1829 salutis
1492 1776 1756 1844 indignus.
1787 1777 1934 1829 Unde.
1962 1779 2198 1844 provida,

2311 598 2402 649 bus
2433 598 2577 651 la‘tus
2606 600 2780 666 fuerit,
2810 600 3095 651 meminisse
3121 599 3262 652 debet
3291 601 3540 654 tenebrosi
3570 606 3814 668 temporis
3841 610 3903 654 er

2309 690 2506 739 dierum
2535 694 2810 741 multorum
2826 703 2842 752 ;
2871 689 2959 756 qui
2987 705 3101 741 cum
3121 692 3360 754 venerint,
3391 691 3633 744 vanitatis
3660 707 3893 760 arguun-

2309 787 2394 831 tur
2436 784 2721 844 prteterita;
2770 789 2968 846 quanto
3017 779 3181 846 magis
3231 780 3274 832 is
3316 779 3399 832 cui
3446 778 3474 817 δ
3525 780 3684 833 unius
3712 780 3903 833 solum

2308 870 2430 919 anni
2474 870 2577 920 vita
2621 878 2882 935 superest,
2924 868 3069 921 brevi
3113 869 3325 922 videtur
3365 880 3611 938 tempore
3661 872 3888 935 vixisse,

2311 955 2395 1009 ubi
2428 971 2571 1010 mors
2599 958 2827 1010 aStiterit
2872 957 2924 1011 in
2952 959 3165 1025 januis?
3197 959 3318 1013 lla-c
3354 960 3574 1014 audiens
3621 962 3705 1015 illa
3756 962 3893 1016 fusis

2310 1045 2559 1114 lacrymis
2609 1046 2863 1115 prmsagia
2909 1047 3023 1099 dira
3072 1048 3324 1113 deﬂebat,
3369 1062 3688 1120 extersaque
3728 1055 3887 1119 facie,

2309 1150 2495 1188 rursus
2539 1135 2758 1191 audacia
2812 1137 3038 1190 feminea
3089 1139 3353 1206 adjuravit
3403 1155 3498 1208 per
3552 1142 3901 1209 maiestatem

2308 1239 2534 1279 summa:
2565 1226 2889 1289 Divinitatis,
2918 1238 2977 1282 ut
3006 1228 3209 1283 déceret
3240 1245 3397 1297 quem
3430 1231 3705 1285 habiturus
3743 1245 3891 1287 es-et

2309 1318 2575 1372 ltazredem
2606 1320 2776 1387 regni,
2804 1335 2925 1373 cum
2960 1319 3106 1373 Fibis
3145 1332 3354 1375 careret
3392 1331 3446 1375 et
3482 1321 3751 1377 fratribus.
3782 1325 3888 1389 Qui

2309 1423 2493 1476 parum
2521 1409 2687 1463 silens
2719 1427 2732 1463 :
2765 1427 2784 1460 ι
2820 1410 2917 1476 Ne,
2950 1410 3141 1478 inquit,
3179 1410 3327 1465 dicas
3370 1412 3492 1480 quia
3516 1415 3543 1447 ⁸
3567 1422 3741 1478 caret;
3789 1416 3891 1468 ba-

2309 1499 2458 1553 bebit
2497 1500 2644 1555 enim
2692 1515 3080 1568 successorem,
3112 1519 3271 1569 quem
3311 1520 3560 1575 germana
3605 1515 3663 1560 ut
3706 1508 3884 1575 ipsum

2313 1591 2619 1658 Ecgfridum
2660 1591 2943 1647 dilectione
2975 1594 3363 1660 complectaris.
3398 1612 3416 1645 ι
3455 1597 3523 1648 At
3545 1595 3631 1649 illa
3666 1614 3679 1648 :
3713 1615 3735 1648 ι
3772 1598 3884 1652 0b~

2308 1696 2485 1746 secro,
2518 1682 2711 1749 inquit,
2742 1683 2889 1736 dicas
2928 1685 3121 1751 quibus
3169 1684 3222 1738 in
3270 1683 3402 1739 locis
3451 1686 3519 1740 sit
3567 1686 3692 1742 ille!
3726 1706 3747 1740 ι
3783 1690 3887 1757 Qui

2309 1771 2384 1824 ait
2416 1788 2431 1824 :
2468 1789 2488 1823 ε
2524 1772 2711 1827 Cernis
2742 1773 2843 1828 hoc
2870 1790 3018 1829 mare
3044 1790 3294 1842 maguum
3322 1785 3377 1832 et
3408 1780 3724 1845 spatiosum,
3755 1793 3887 1851 quot

639 1878 695 1919 ut
724 1867 921 1920 dictum
951 1876 1056 1930 est,
1099 1867 1493 1930 dispensatione
1520 1882 1765 1932 superum
1796 1868 2025 1934 pietatis,
2055 1878 2198 1933 post-
2235 1851 2281 1911 Β
2309 1862 2540 1916 abundet
2560 1864 2778 1916 insulis?
2801 1858 2976 1919 Facile
3012 1875 3095 1919 est
3119 1866 3226 1919 Deo
3254 1868 3320 1921 de
3349 1867 3522 1937 aliqua
3561 1868 3748 1924 harum
3781 1872 3882 1926 sibi

635 1973 792 2024 quam
835 1958 964 2012 fides
995 1957 1321 2011 credentium
1352 1957 1663 2010 confirmata
1690 1966 1800 2021 est,
1843 1972 1963 2010 mox
1994 1958 2206 2014 invidia:

637 2048 953 2113 perfidorum
993 2049 1212 2100 materia
1239 2046 1553 2100 detrahendi
1581 2056 1662 2100 est
1693 2060 1912 2115 prorsus
1934 2048 2133 2102 ablata.

632 2154 787 2211 CAP.
829 2156 991 2210 XXIV
1060 2157 1198 2222 Quid
1230 2157 1507 2211 sciscitanti
1543 2158 1703 2209 eidem
1736 2157 1993 2224 Aelﬂedte,
2019 2158 2081 2210 de
2106 2160 2206 2212 vita

756 2226 993 2298 Ergfritii
1039 2228 1192 2296 regis,
1225 2238 1270 2279 et
1313 2230 1609 2297 episcopatu
1634 2244 1726 2279 suo
1758 2230 2071 2293 praedixerit.

704 2317 724 2334 ‘
752 2320 871 2371 Alio
903 2328 1139 2386 tempore
1172 2318 1315 2371 misit
1340 2320 1525 2373 eadem
1576 2320 2007 2373 reverentissima
2057 2323 2206 2391 virgo

633 2420 688 2465 et
719 2418 889 2464 mater
913 2411 1175 2480 virginum
1219 2411 1421 2465 Christi
1471 2411 1728 2476 Aellleda,
1780 2414 2092 2481 rogavitque
2132 2414 2208 2467 vi-

635 2518 749 2556 rum
783 2503 873 2556 Dei
899 2504 1149 2571 adjurans
1179 2506 1227 2555 in
1260 2504 1476 2557 nomine
1508 2502 1740 2566 Domini,
1775 2512 1829 2554 ut
1870 2518 1993 2556 eum
2026 2504 2207 2557 videre

631 2603 686 2646 et
721 2594 787 2647 de
828 2594 1139 2647 necessariis
1180 2603 1474 2647 mereretur
1511 2593 1746 2660 adloqui.
1796 2592 1819 2623 ‘
1855 2595 1953 2657 Qui
1986 2608 2207 2648 ascensa

636 2700 758 2737 cum
790 2684 1044 2739 fratribus
1070 2683 1213 2747 navi,
1244 2684 1388 2737 venit
1412 2684 1477 2736 ad
1510 2682 1736 2736 insulam
1765 2699 1881 2749 quae
1914 2693 1938 2720 ⁸
1971 2684 2205 2750 COqticdi

629 2775 867 2831 fluminis
894 2776 1034 2829 ostio
1063 2774 1374 2843 prmjacens,
1407 2775 1475 2826 ab
1500 2774 1688 2826 eodem
1719 2773 1741 2803 ⁸
1768 2775 1971 2841 accepit
1997 2788 2208 2842 cogno-

631 2882 778 2932 men,
827 2874 883 2920 et
929 2866 1043 2932 ipsa
1093 2864 1472 2918 monachorum
1521 2863 1745 2917 ctetibns
1792 2862 2033 2931 insignis.
2074 2864 2203 2917 Nam

634 2956 848 3024 praefata
876 2956 1142 3009 abbatissa
1174 2954 1285 3008 ill0'
1311 2968 1433 3008 eum
1460 2954 1561 3005 sibi
1590 2953 1611 2983 ³
1641 2967 1925 3007 occurrere
1950 2955 2200 3022 rogabat;

632 3046 785 3114 cujus
817 3044 982 3115 potita
1007 3044 1307 3111 colloquiis,
1337 3058 1457 3097 cum
1492 3042 1654 3095 multa
1684 3045 1749 3094 ab
1776 3057 1843 3096 co
1870 3057 1989 3111 quia
2017 3044 2204 3097 scisci-

633 3139 843 3191 tabatur
869 3138 1098 3201 audiret,
1126 3150 1254 3192 ecce
1284 3147 1503 3205 repente
1534 3136 1585 3189 in
1619 3135 1794 3189 medio
1824 3151 2072 3190 sermone
2101 3137 2199 3190 ad-

628 3230 805 3282 voluta
840 3228 1061 3299 pedibus
1098 3231 1232 3297 ejus,
1264 3229 1527 3296 adjuravit
1552 3244 1671 3281 eum
1704 3243 1799 3295 per
1833 3243 2027 3283 nomen
2072 3229 2199 3283 illud

630 3320 867 3374 terribile
910 3334 975 3374 ac
1023 3319 1324 3374 venerabile
1361 3320 1579 3388 superni
1623 3319 1780 3387 Regis
1809 3329 1860 3371 et
1890 3321 2197 3389 angelorum

627 3407 766 3477 ejus,
798 3420 853 3462 ut
899 3409 1101 3464 diceret
1147 3410 1226 3463 illi
1274 3423 1433 3478 quam
1480 3408 1638 3476 longo
1685 3420 1924 3473 tempore
1967 3412 2200 3466 victurus

625 3509 771 3555 esset
802 3501 1077 3569 Ecgfridus
1118 3500 1280 3554 frater
1321 3500 1484 3568 illius,
1531 3509 1585 3553 et
1613 3499 1853 3566 Regnum
1878 3500 2202 3567 gubernatu-

627 3607 718 3645 rus
763 3590 1080 3659 Anglorum.
1136 3609 1152 3638 ι
1193 3589 1316 3644 Scio
1362 3591 1524 3655 enim,
1566 3589 1756 3656 inquit,
1803 3590 1923 3657 quia
1974 3590 2203 3658 prophe-

627 3685 762 3734 tim'
791 3682 982 3745 spiritu
1013 3695 1117 3748 quo
1164 3678 1425 3745 abundas,
1458 3681 1619 3734 etiam
1669 3679 1771 3732 hoc
1814 3680 1991 3734 dicere
2031 3691 2199 3746 potes,

627 3771 673 3824 si
703 3771 803 3825 vis.
842 3788 862 3822 ι
896 3773 963 3823 At
1008 3771 1100 3823 ille
1128 3783 1397 3839 expavens
1446 3768 1512 3822 ad
1558 3770 1941 3837 juramentum,
1974 3784 2075 3824 nec
2121 3782 2197 3824 ta-

626 3873 751 3913 men
798 3869 981 3927 aperte
1030 3859 1217 3913 volens
1258 3860 1400 3928 quod
1446 3860 1721 3928 petebatur
1750 3860 1987 3915 revelare
2028 3875 2206 3916 secre-

628 3960 782 4004 tum:
819 3969 838 4002 ι
877 3950 1084 4017 Mirum,
1118 3953 1307 4020 inquit,
1353 3966 1518 4021 quare
1563 3958 1779 4021 sapiens
1825 3952 2016 4007 femina
2061 3963 2116 4008 et
2152 3956 2204 4009 in

628 4044 826 4098 sanctis
855 4044 1062 4098 erudita
1096 4039 1406 4110 scripturis,
1460 4046 1610 4113 longa
1657 4059 1850 4099 vocare
1898 4044 2029 4099 velis
2074 4057 2207 4099 tem-

628 4148 757 4201 pora
778 4135 900 4190 vita:
930 4136 1193 4198 humanae,
1221 4135 1433 4188 dicente
1474 4135 1752 4190 Psalmista
1796 4135 1918 4206 quia
1948 4138 2083 4191 Anni
2108 4154 2203 4191 no-

623 4227 715 4279 stri
744 4228 876 4281 sicut
906 4244 1097 4282 aranea
1127 4229 1538 4292 meditabantur;
1575 4238 1630 4284 et
1673 4245 1793 4284 cum
1846 4241 2055 4285 moneat
2105 4234 2203 4288 Sa-

2310 1951 2594 2019 providere
2641 1969 2800 2022 quem
2844 1970 3008 2023 regno
3037 1956 3289 2022 prteficiat
3315 1958 3630 2027 Anglorum.
3663 1978 3684 2012 ι
3719 1960 3881 2016 Intel-

2308 2044 2437 2097 lexit
2481 2059 2609 2113 ergo
2654 2046 2779 2113 quia
2829 2045 2898 2099 de
2944 2045 3186 2100 Aldfrido
3227 2046 3450 2112 diceret,
3484 2049 3573 2114 qui
3612 2047 3886 2105 ferebatur

2309 2136 2448 2191 lilius
2477 2136 2639 2191 fuisse
2668 2137 2831 2206 patris
2861 2138 3025 2203 illius,
3051 2149 3104 2191 et
3145 2149 3271 2193 tune
3299 2140 3350 2192 in
3385 2142 3572 2195 insulis
3598 2140 3881 2196 Scotorum

2308 2232 2377 2283 ob
2404 2228 2639 2283 studium
2670 2229 2966 2284 litterarum
2996 2230 3291 2285 exsulabat.
3321 2230 3535 2287 Sciebat
3561 2247 3737 2287 autem
3758 2235 3883 2303 quia

2309 2333 2632 2389 proponeret
2674 2319 2952 2389 Ecgfridus
3000 2336 3123 2375 eum
3173 2322 3498 2377 constituere
3549 2324 3885 2392 episcopum,

2307 2414 2603 2482 volensque
2629 2412 2945 2483 dignoscere
2976 2414 3021 2469 si
3054 2413 3383 2483 propositum
3414 2426 3729 2485 sequeretur
3757 2417 3886 2471 effe-

2307 2513 2448 2571 ctus,
2492 2502 2564 2557 ita
2596 2505 2889 2571 quaerendo
2917 2519 3103 2558 exorsa
3133 2514 3218 2560 est
3248 2523 3259 2558 :
3299 2525 3319 2558 α
3350 2505 3393 2561 Ο
3428 2523 3582 2572 quam
3613 2511 3757 2562 varia
3805 2512 3886 2563 in-

2310 2595 2545 2647 tentione
2572 2594 2881 2647 dividuntur
2917 2597 3079 2648 enrda
3114 2597 3452 2651 mortalium!
3485 2600 3708 2664 Quidam
3752 2602 3886 2653 ade-

2310 2685 2413 2750 ptis
2440 2685 2461 2717 ⁹
2492 2684 2723 2753 gaudent
2760 2685 2978 2751 divitiis,
3012 2686 3099 2738 alii
3146 2697 3384 2740 amantes
3433 2688 3642 2741 divitias
3669 2704 3886 2757 semper

2307 2781 2497 2843 egent;
2530 2782 2584 2826 tu
2609 2774 2833 2842 gloriam
2861 2775 3065 2841 mundi,
3089 2778 3332 2844 quamvis
3354 2775 3629 2842 offeratur,
3653 2782 3883 2847 respuis,

2307 2866 2514 2916 etiamsi
2562 2865 2629 2917 ad
2681 2864 3049 2933 episcopatum
3093 2869 3393 2935 pertingere
3435 2868 3626 2935 possis,
3656 2884 3760 2936 quo
3789 2885 3883 2922 suo

2307 2952 2521 3006 blimius
2546 2953 2685 3020 apud
2706 2953 2748 2984 "
2772 2955 3024 3008 mortales
3052 2955 3250 3024 aliquid
3292 2972 3395 3010 non
3427 2967 3530 3022 est,
3560 2959 3601 2989 “
3635 2960 3708 3011 tui
3739 2960 3888 3012 clau-

2304 3049 2414 3094 stra
2444 3042 2640 3095 deserti
2670 3042 2791 3097 huic
2817 3043 2999 3111 gradui
3034 3044 3076 3075 “
3107 3044 3347 3113 praefers.
3383 3065 3402 3098 i
3438 3047 3625 3102 Atille
3656 3064 3668 3099 :
3708 3066 3727 3098 σ
3765 3048 3892 3101 Seio

2308 3149 2417 3196 me,
2451 3135 2645 3204 inquit,
2679 3142 2825 3188 tanto
2850 3137 3017 3204 gradu
3041 3136 3259 3205 dignum
3290 3154 3392 3191 non
3416 3152 3554 3203 esse,
3582 3154 3678 3193 nec
3706 3147 3885 3192 tamen

2303 3220 2561 3292 judicium
2585 3225 2799 3289 superni
2821 3223 3206 3280 Gubernatoris
3228 3229 3432 3293 uspiam
3456 3227 3687 3296 effugere
3708 3244 3891 3297 queo;

2308 3315 2396 3383 qni
2427 3315 2470 3367 si
2503 3327 2652 3369 tanto
2691 3317 2840 3370 oneri
2874 3333 2958 3370 me
2995 3317 3382 3388 subjiciendum
3413 3319 3693 3388 diSposuit,
3721 3323 3890 3376 credo

2308 3407 2430 3472 quia
2480 3415 2598 3472 post
2640 3408 2907 3461 modicum
2953 3408 3178 3462 liberum
3229 3408 3273 3439 ⁸³
3318 3409 3528 3476 reddat,
3568 3417 3624 3463 et
3661 3411 3891 3465 fortaSse

2313 3511 2418 3549 non
2451 3497 2682 3565 amplius
2714 3514 2871 3564 quam
2900 3498 3110 3553 duobus
3138 3501 3293 3554 annis
3319 3501 3521 3555 exactis
3559 3502 3768 3554 solitam
3801 3517 3892 3556 me

2311 3600 2442 3640 mea:
2487 3586 2789 3642 solitudinis
2840 3587 2885 3620 “
2940 3589 3177 3643 remittat
3212 3590 3276 3643 ad
3317 3590 3572 3658 quietem.
3636 3589 3895 3657 Pra-cipin

2305 3687 2481 3733 autem
2531 3682 2624 3733 tibi
2677 3684 2727 3734 in
2780 3683 2992 3735 nomine
3038 3682 3244 3737 Domini
3284 3693 3337 3738 et
3365 3684 3659 3738 Salvatoris
3688 3684 3893 3748 nostri,

2310 3786 2374 3823 ne
2404 3772 2488 3825 cui
2516 3780 2639 3825 ante
2670 3787 2845 3826 meum
2877 3773 3079 3825 obitum
3118 3788 3239 3839 quae
3286 3789 3316 3827 a
3362 3788 3451 3829 me
3500 3774 3695 3829 audisti
3742 3774 3898 3828 refe-

2307 3876 2413 3916 ras.
2454 3880 2473 3914 ι
2524 3861 2765 3930 Cumque
2805 3863 2880 3918 illi
2931 3860 2979 3896 ¹⁵
3027 3865 3193 3917 multa
3244 3871 3297 3916 et
3337 3864 3439 3917 alia
3478 3878 3598 3932 qua:
3622 3863 3897 3932 qumrebat

2310 3964 2626 4022 exponeret,
2678 3964 2839 4023 atque
2886 3970 3004 4009 eam
3044 3954 3112 4009 de
3152 3955 3349 4025 quibus
3377 3969 3512 4023 opus
3559 3954 3784 4009 habebat
3814 3955 3897 4008 iu-

2313 4055 2567 4105 strueret.
2602 4061 2846 4100 reversus
2874 4047 2939 4098 ad
2974 4046 3199 4098 insulam
3229 4055 3281 4099 et
3309 4047 3687 4099 monasterium
3714 4059 3895 4099 suum.

2312 4139 2607 4192 Solitariam
2660 4151 2715 4190 ut
2762 4145 2999 4203 cmpetat
3048 4135 3236 4205 agebat
3284 4137 3503 4189 sedulus
3553 4134 3731 4189 vitam.
3786 4134 3899 4187 Dec

2313 4230 2482 4282 nmlto
2534 4237 2651 4293 post
2696 4238 3014 4295 congregata
3063 4236 3086 4264 ε
3136 4224 3343 4295 synodo
3397 4240 3502 4279 non
3550 4238 3734 4294 parva,
3794 4224 3899 4276 sub

1586 4340 1619 4394 κ
1636 4340 2060 4398 ULGATORUM
2107 4344 2497 4400 VARIANTES
2535 4340 2822 4397 LECTION
2834 4340 2939 4394 ES.

698 4432 714 4461 ¹
770 4430 955 4482 Dolore
983 4441 1156 4482 curata
1185 4439 1277 4484 est.

695 4494 713 4522 ³
747 4498 825 4552 Et:
851 4500 931 4551 Itis
960 4516 1057 4552 non
1091 4511 1376 4553 mereretur.

693 4561 715 4640 ξ
743 4572 853 4622 Alia
883 4571 998 4623 item
1023 4579 1265 4640 tempore.

693 4634 713 4663 ‘
745 4642 874 4706 Quae
898 4634 1162 4694 adscensu.

693 4707 711 4780 ξ
748 4712 942 4765 Nomen
964 4711 1176 4780 accepit.

692 4778 712 4806 ⁶
743 4781 1020 4834 Occurrere
1042 4778 1327 4848 rogaverat.

690 4853 706 4881 ⁷
743 4851 939 4915 Spiritu
966 4869 1067 4920 quo
1096 4853 1274 4916 polles.

691 4921 712 4951 ⁸
743 4920 920 4986 Cares,
954 4923 1174 4976 habebis.

2377 4437 2397 4465 '
2427 4431 2666 4484 Cundens
2689 4430 2899 4483 divitiis.

2383 4503 2426 4533 ¹⁰
2461 4501 2703 4554 Mortales
2733 4501 2866 4553 nihil
2895 4511 2989 4553 est.

2381 4573 2419 4603 “
2451 4572 2544 4625 Cui
2569 4574 2813 4624 claustra.

2380 4642 2422 4674 ¹²
2456 4641 2760 4712 Prtrferres.

2382 4715 2424 4744 ¹³
2459 4714 2672 4765 Iieddet.

2379 4784 2422 4816 “
2453 4781 2687 4836 Remittet
2716 4783 2783 4835 ad
2809 4783 3055 4846 requirm.

2381 4855 2422 4885 "
2454 4853 2582 4907 Μαι
2610 4863 2657 4907 et
2679 4855 2836 4906 multa
2859 4856 2984 4905 alia.

1966 5015 2322 5071 \‘ARIORUM
2364 5012 2592 5068 NOTAE.

690 5118 716 5147 ιι
747 5106 1298 5179 Coquedi.Coqnedns
1342 5107 1395 5161 fl.
1442 5118 1587 5179 secat
1625 5111 1933 5164 comitatum
1981 5110 2196 5163 hodier—

622 5195 745 5235 num
775 5176 1187 5241 Nortltutnbiim,
1224 5192 1275 5231 et
1325 5180 1412 5230 ubi
1457 5176 1709 5235 miseetur
1757 5185 1991 5245 Oceano,
2025 5180 2195 5233 insula

622 5251 792 5306 vicina
815 5258 896 5301 est
923 5247 1163 5315 ejusdem
1195 5247 1441 5301 nomini-3
1474 5250 1669 5305 Sutrtt.

690 5321 716 5359 ³³
749 5316 933 5373 Unius.
969 5317 1077 5370 Hoc
1096 5331 1223 5384 ergo
1246 5318 1497 5373 Aelflcdat
1520 5324 1661 5373 collo
1682 5322 1841 5381 inium
1865 5334 1987 5375 cum
2010 5331 2198 5373 sancto

620 5390 923 5444 Cudbercto
970 5385 1158 5440 incid.t
1204 5389 1254 5440 in
1304 5404 1393 5443 an.
1437 5388 1561 5441 68ft.
1615 5390 1887 5458 Ecgfridus
1932 5391 2074 5445 enim
2106 5404 2197 5442 rex

623 5461 913 5513 trucidatus
941 5467 1025 5511 est
1050 5471 1139 5511 an.
1173 5459 1435 5525 proximo,
1469 5475 1536 5522 tv,
1568 5462 1660 5515 ‘26.
1693 5462 1767 5515 lo.

696 5543 717 5568 ο
752 5528 983 5596 Synodo.
1034 5528 1191 5586 lietla,
1242 5532 1292 5579 in
1340 5528 1473 5584 Hist.
1523 5531 1611 5583 lib.
1662 5546 1740 5592 tv,
1787 5544 1906 5595 cap.
1938 5529 2028 5590 28,
2064 5528 2203 5580 hunc

625 5596 799 5650 locum
830 5599 1078 5669 explicat.
1118 5614 1137 5645 ι
1165 5597 1402 5662 Contigit
1432 5608 1488 5653 ut
1516 5610 1836 5668 congregata
1866 5600 2071 5669 synodo
2099 5613 2203 5649 non

625 5681 784 5737 parva
806 5668 905 5719 sub
927 5671 1211 5737 praestantia
1237 5684 1373 5727 regis
1400 5670 1597 5737 ngridi
1619 5672 1767 5737 juxta
1792 5668 2006 5721 fluvium
2032 5670 2203 5729 Alunt,

625 5736 677 5788 in
715 5740 830 5787 loco
859 5736 948 5801 qui
981 5736 1169 5805 dicitur
1198 5736 1699 5805 Atltwifnril.i,mt0tl
1725 5741 1981 5804 significat
2007 5743 2073 5789 ml
2102 5742 2205 5788 du-

624 5812 745 5873 plex
782 5806 988 5868 vadum,
1029 5804 1109 5857 cui
1160 5806 1326 5860 beata:
1365 5804 1635 5864 memoria:
1685 5812 1993 5866 'l‘ltcodnrus
2026 5809 2208 5869 praesi—

2305 5107 2484 5166 debat.
2516 5116 2618 5160 etc.
2651 5104 2765 5158 Non
2799 5114 2973 5157 tamen
3010 5106 3189 5157 statim
3236 5103 3498 5156 ordinata)
3527 5101 3756 5160 decreta,
3792 5103 3885 5152 sed

2306 5186 2516 5245 peracta
2567 5177 2743 5229 bieme
2784 5190 2903 5242 qua:
2944 5175 3274 5245 imminebat,
3308 5174 3358 5245 in
3401 5174 3514 5242 ipsa
3545 5172 3887 5245 solemnitate

2308 5241 2538 5310 paschali
2567 5247 2841 5310 (nimirum
2877 5261 2945 5298 vtt
2977 5244 3200 5298 Kalend.
3234 5243 3426 5310 April.,
3455 5253 3512 5294 ut
3542 5253 3681 5294 recte
3728 5241 3888 5292 habet

2262 5314 2265 5317 ’
2305 5317 2615 5379 'l‘nrgottus,
2646 5316 2697 5368 iit
2722 5315 2811 5367 lib.
2844 5331 2882 5380 ι,
2912 5331 3031 5381 cap.
3054 5316 3111 5370 9i
3140 5318 3402 5381 completa
3432 5323 3506 5365 ρει
3539 5311 3755 5363 Eboraci
3785 5312 3887 5381 Sub

2314 5388 2591 5452 praesentia
2647 5389 2847 5450 pt-mlati
2897 5380 3034 5453 regis
3088 5385 3285 5455 ngridi
3335 5380 3885 5455 convettie_ntibus_:ul

2311 5450 2768 5510 corisecratiopem
2818 5450 3177 5522 ejus—septem
3232 5455 3537 5524 episcopis,
3591 5452 3642 5524 in
3693 5450 3885 5524 quibus

2311 5525 2481 5579 beata:
2512 5529 2780 5578 memoria:
2808 5526 3125 5580 Theodorus
3156 5521 3439 5593 primatum
3478 5522 3735 5593 tepebat.
3766 5521 3887 5593 Ele-

2311 5607 2429 5645 eius
2454 5606 2528 5648 est
2557 5605 2733 5648 autem
2768 5599 2936 5660 primo
2978 5596 3028 5649 iu
3060 5590 3421 5662 episcopatum
3455 5590 3888 5662 Hagustaldensis

2314 5666 2566 5718 licvit-sia:
2596 5680 2692 5735 pro
2720 5665 3042 5719 Tumbercto
3069 5666 3157 5733 qui
3185 5661 3256 5716 ab,
3276 5665 3578 5735 episcopatu
3603 5661 3765 5735 fuerat
3788 5662 3890 5735 ile-

2315 5738 2535 5800 pontus.
2568 5728 2613 5787 δ’
2638 5736 2670 5788 d
2705 5739 2950 5801 quoniam
3004 5728 3120 5791 inse
3163 5737 3278 5802 plus
3316 5728 3740 5811 vl.itul_isl'arnensi
3782 5728 3891 5811 fic~

2311 5807 2483 5858 ClCSlil:
2539 5807 2588 5858 in
2639 5823 2735 5874 qua
2788 5818 3133 5860 conversatus
3187 5809 3376 5865 fuerat,
3429 5803 3616 5856 dilexit
3668 5801 3888 5867 pra-tiri,
