4220 6412
429 398 531 452 765

1106 395 1295 451 SECT.
1341 397 1379 450 I.
1422 428 1486 439 -ρ-
1530 397 2110 452 ΠΑΟΙΟΟΠᾹΡῘΗΩΛ.
2155 429 2222 439 υ-
2261 401 2418 454 ἭΤᾹ
2461 401 2519 454 S.
2562 399 2970 456 Cli'l‘llBEllTl.

3564 407 3680 462 766'

427 511 707 578 prtesentia
739 507 960 570 piissimi
990 520 1052 560 ac
1085 507 1192 560 Deo
1221 507 1398 562 dilecu
1441 509 1579 578 regis
1612 508 1862 577 Ecgfridi,
1905 509 1988 562 cui
2023 523 2059 572 Α
2099 514 2194 566 bus
2241 514 2422 565 flatum
2475 513 2684 566 trahere
2731 514 2961 566 videtur.
2997 531 3015 564 ι
3051 513 3147 578 Qui
3175 513 3454 568 confestim
3500 518 3664 572 bene-

427 605 594 656 beatae
624 603 894 656 memoria:
923 601 1234 653 Theodorus
1275 600 1704 668 archiepiscopus
1745 601 1992 667 praeside-

426 693 536 750 bat.
568 693 820 742 unanimo
844 689 1076 744 omnium
1102 704 1366 744 consensu
1409 691 1473 744 ad
1504 692 1864 760 episcopatum
1897 691 1998 745 Ec-

424 781 602 834 clesiae
658 780 1104 833 Lindisfarnensis
1132 781 1334 833 electus
1386 792 1486 832 est.
1518 782 1614 846 Qui
1657 796 1775 834 cum
1817 782 1994 834 tnultis

429 877 695 945 legatariis
719 890 778 928 ac
810 876 998 928 litteris
1027 873 1094 929 ad
1123 889 1179 928 se
1207 875 1493 942 praemissis
1529 891 1855 944 nequaquam
1900 890 1996 927 suo

427 966 544 1019 locv)
575 975 748 1032 posset
779 965 914 1028 erui,
946 965 1154 1017 tandem
1206 980 1296 1017 rex
1328 965 1440 1030 ipse
1471 966 1718 1030 praefatus
1747 982 1844 1018 una
1875 979 1994 1019 cum

428 1056 767 1108 sanctissimo
813 1057 1046 1107 antistite
1093 1055 1413 1116 Trumviue,
1467 1070 1564 1107 nec
1619 1071 1722 1107 non
1782 1065 1834 1108 et
1881 1055 1997 1107 aliis

428 1144 835 1214 quamplurimis
868 1144 1128 1212 religiosis
1153 1159 1214 1198 ac
1245 1145 1546 1213 potentibus
1586 1146 1713 1197 viris
1744 1145 1806 1197 ad
1850 1147 1997 1198 insn-

428 1239 529 1290 lam
578 1236 844 1301 navigavit
895 1252 908 1285 :
957 1234 1315 1303 genuﬂectunt
1363 1248 1570 1294 omnes,
1617 1234 1860 1300 atljurant
1904 1251 2000 1301 per

434 1329 736 1388 Dominum,
773 1329 1032 1394 lacrymas
1062 1325 1304 1386 fundunt,
1328 1326 1605 1378 obsecrant.
1635 1326 1803 1376 donec
1828 1326 1999 1385 ipsum

432 1433 643 1484 quoque
669 1419 916 1487 lacrymis
943 1418 1152 1480 plenum
1179 1416 1421 1468 dulcibus
1443 1414 1734 1468 extrahunt
1765 1417 1999 1479 latebris,

432 1520 593 1575 atque
624 1508 687 1559 ad
717 1507 979 1575 synodum
1012 1505 1338 1572 pertrahunt.
1372 1507 1485 1569 Quo
1514 1506 1636 1557 dum
1670 1505 2000 1572 perveniret,

433 1599 673 1664 quamvis
705 1601 924 1651 multum
968 1597 1222 1661 renitens,
1266 1599 1514 1650 unanima
1545 1598 1778 1648 omnium
1811 1597 2000 1648 volun-

436 1703 542 1745 tate
572 1699 870 1758 superatur,
919 1700 1077 1756 atque
1117 1688 1182 1742 ad
1224 1689 1614 1756 suscipiendum
1664 1690 2001 1753 episcopatus

433 1781 666 1834 oflicium
695 1781 892 1834 collum
923 1779 1236 1832 submittere
1272 1780 1628 1842 compellitur.
1673 1778 1781 1831 Nec
1829 1788 2000 1831 tamen

2095 603 2228 655 dixit
2256 619 2464 670 aquam,
2495 613 2547 655 et
2575 601 2718 655 dedit
2749 603 2992 656 ministro
3019 606 3229 658 comitis
3267 609 3481 660 nomine
3512 608 3668 660 Balti-

2097 695 2313 757 lielmo,
2363 695 2452 762 qui
2503 708 2642 745 nunc
2682 708 2844 759 usque
2889 705 3170 762 Superest,
3222 705 3278 748 et
3324 699 3375 749 in
3427 697 3665 751 Ecclesia

2100 789 2515 843 Lindisfarnensi
2563 789 2584 818 ⁸
2632 789 2940 857 presbyterii
2985 791 3204 857 gradum
3249 790 3425 845 officio
3481 803 3668 846 tenens

2099 879 2333 931 moribus
2381 879 2586 945 implet,
2636 878 2960 943 virtutesque
3005 880 3102 931 viri
3155 879 3243 932 Dei
3282 881 3487 932 cunctis
3531 881 3668 934 scire

2100 971 2400 1022 volentibus
2445 968 2644 1020 referre
2691 968 2847 1020 melle
2896 969 3098 1020 dulcius
3131 969 3308 1036 habet,
3342 970 3426 1037 qui
3456 980 3508 1024 et
3538 971 3666 1022 mibi

2101 1059 2201 1112 lioc
2250 1060 2421 1125 ipsum
2471 1059 2608 1125 quod
2659 1058 2833 1110 rel'ero
2876 1057 3185 1110 miraculum
3237 1060 3486 1114 narravit.
3538 1058 3670 1112 Huic

2100 1165 2226 1213 Ergo
2274 1150 2404 1199 dans
2452 1163 2638 1214 aquam
2689 1146 3015 1199 benedictam
3043 1146 3121 1198 vir
3161 1147 3251 1200 Dei
3287 1165 3298 1196 :
3337 1163 3356 1197 ι
3400 1147 3560 1210 Vade,
3589 1150 3668 1200 itt-

2101 1243 2233 1306 quit,
2267 1251 2318 1292 et
2341 1243 2653 1308 gustandam
2681 1241 2857 1308 pra'be
2886 1240 3171 1306 languenti.
3216 1258 3234 1290 ι
3270 1239 3366 1304 Qui
3395 1239 3548 1290 dictis
3577 1254 3668 1305 pa-

2103 1347 2226 1382 rens
2269 1331 2442 1384 attulit
2486 1347 2672 1397 aquam
2706 1331 2978 1396 :rgrotanti
3012 1347 3025 1380 :
3058 1346 3214 1398 quam
3245 1331 3368 1382 dum
3403 1331 3556 1383 tertio
3589 1331 3667 1380 ori

2103 1426 2218 1488 ejus
2249 1425 2570 1483 infunderet.
2603 1421 2855 1474 continuo
2883 1430 3065 1473 contra
3113 1437 3312 1472 murem
3345 1435 3402 1473 se
3427 1423 3664 1484 quietum

2104 1516 2302 1569 dimisit
2328 1517 2378 1568 in
2405 1528 2674 1582 soporem.
2704 1514 2828 1566 Erat
2849 1514 2988 1566 enim
3013 1513 3120 1580 jam
3151 1515 3170 1544 ⁸
3202 1516 3494 1580 vespertina
3520 1515 3669 1564 liora.

2106 1605 2204 1668 Qui
2253 1603 2410 1656 etiam
2455 1603 2666 1656 silentio
2715 1604 2968 1670 transegit
2999 1613 3228 1662 noctem.
3263 1615 3315 1656 et
3350 1604 3585 1655 visitauti
3614 1619 3672 1657 se

2108 1694 2332 1746 Domino
2357 1708 2453 1746 suo
2483 1694 2658 1745 salvus
2696 1707 2852 1745 mane
2880 1697 3140 1760 apparuit.

2247 1783 2396 1837 CAP.
2433 1781 2616 1835 XXVI.
2653 1781 2882 1848 Qualiter
2909 1783 2959 1834 in
2997 1783 3291 1849 episcopatu
3319 1781 3516 1834 uixerit.

433 1875 610 1927 statim
641 1872 922 1932 ordinatio,
973 1870 1064 1922 scd
1117 1879 1323 1933 peracta
1374 1869 1548 1922 hieme
1594 1885 1708 1936 quse
1764 1869 2002 1921 immiiee-
2043 1872 2082 1929 Β
2185 1871 2502 1935 Susceptum
2527 1881 2701 1923 autem
2729 1871 3063 1938 epiSCOpatus
3085 1874 3326 1923 ordinem
3355 1870 3676 1924 venerabilis

435 1964 554 2023 bat,
606 1961 812 2028 expleta
845 1971 946 2015 est.
982 1959 1152 2027 Atque
1193 1967 1249 2010 ut
1300 1958 1474 2012 verbis
1516 1958 1631 2026 ejus
1682 1960 2004 2027 propheticis

432 2073 527 2126 per
558 2056 732 2107 omnia
765 2053 1066 2114 satisfieret,
1101 2051 1376 2118 Ecgfridus
1422 2062 1538 2114 post
1588 2067 1780 2103 annum
1830 2051 2004 2103 l’icto-

436 2164 551 2200 rtnn
603 2146 774 2215 gladio
825 2145 1132 2203 trucidatur,
1174 2151 1229 2196 et
1259 2141 1527 2196 Aldl'ridus
1557 2141 1607 2194 in
1648 2157 1864 2201 regnum
1899 2140 2006 2192 fra-

435 2249 515 2290 ter
563 2238 678 2303 ejus
716 2239 910 2289 nothus
955 2234 1306 2295 substituitur,
1337 2233 1423 2298 qui
1475 2248 1578 2285 non
1625 2233 1805 2293 paucis
1855 2241 2005 2283 antra

437 2329 761 2394 ιοιιιιιοτὶὺιιε
791 2326 840 2379 iu
885 2326 1188 2393 regionibus
1220 2323 1500 2377 Scotorum
1535 2323 1742 2376 lectioni
1789 2338 2004 2389 operam

435 2422 613 2482 dabat,
647 2423 663 2453 ι
697 2418 811 2485 ipse
837 2419 904 2470 ob
933 2431 1166 2469 amorem
1197 2414 1469 2482 sapientiae
1497 2423 1844 2484 spontauemu
1893 2427 2009 2480 pas-

432 2526 524 2563 sus
553 2510 816 2566 exsilium.

433 2621 584 2674 CAP.
633 2619 792 2673 XXV.
839 2617 988 2680 Quod
1009 2619 1195 2670 electus
1222 2617 1290 2669 ad
1318 2617 1658 2681 episcopatum
1699 2634 1896 2670 servum
1924 2631 2012 2669 co-

587 2693 718 2742 mitis
751 2691 1067 2758 languentem
1097 2690 1116 2718 ³
1143 2705 1273 2755 aqua
1302 2687 1560 2738 benedicta
1587 2692 1855 2740 curaverit.

509 2780 638 2834 Cum
667 2795 796 2849 ergo
826 2781 1026 2833 electus
1057 2778 1120 2832 ad
1151 2779 1509 2844 episcOpatum
1538 2781 1615 2830 vir
1638 2779 1840 2830 Domini
1869 2778 2010 2831 Cud-

438 2874 650 2926 berctus
682 2886 831 2923 suam
864 2880 1154 2923 remeasset
1197 2870 1260 2920 ad
1293 2869 1542 2931 insuam,
1575 2877 1732 2936 atque
1777 2869 2013 2934 aliquan-

438 2965 602 3016 tulum
653 2961 910 3026 temporis
957 2974 1014 3012 se
1051 2968 1193 3010 retus
1246 2957 1469 3010 Domino
1526 2958 1679 3011 solita
1737 2958 2015 3012 devotione

441 3050 709 3113 militaret,
757 3050 998 3100 evocavit
1040 3061 1162 3099 eum
1213 3047 1534 3100 venerabilis
1581 3049 1861 3114 episcopus
1901 3050 2015 3114 ejus

441 3141 593 3202 Eata,
626 3151 783 3209 atque
811 3140 875 3192 ad
903 3155 1054 3192 suum
1083 3138 1404 3205 colloquium
1437 3138 1647 3190 Mailros
1677 3140 1858 3192 venire
1883 3155 2014 3204 pra:-

437 3233 598 3301 i-epit.
642 3232 758 3298 Quo
805 3232 1018 3295 extilcto
1062 3229 1354 3295 colloquio,
1409 3228 1530 3280 dum
1573 3228 1791 3281 domum
1841 3229 2013 3281 redire
2043 3211 2087 3270 (ἶ

439 3323 707 3387 etepisset,
738 3320 973 3374 occurrit
1001 3321 1074 3372 illi
1111 3319 1134 3346 ³
1162 3333 1341 3371 comes
1387 3320 1601 3384 quidam
1651 3317 1874 3385 Ecgfridi
1930 3334 2009 3370 re-

440 3416 541 3481 gis,
574 3415 886 3484 rogavitque
921 3413 1113 3464 obnixe
1145 3419 1201 3464 ut
1230 3410 1294 3462 ad
1338 3411 1753 3462 bent-dictionem
1786 3408 2012 3460 dandam

443 3509 495 3560 iu
544 3506 778 3558 villulam
829 3519 978 3557 suam
1035 3503 1357 3570 domumque
1405 3503 1713 3554 diverteret.
1751 3501 1864 3565 Quo
1893 3515 2010 3551 cum

446 3600 817 3668 pervenisset,
860 3608 911 3652 et
961 3598 1201 3666 gratifico
1255 3595 1490 3650 Omnitttu
1545 3602 1822 3660 susceptus
1873 3601 2015 3646 esset

440 3689 635 3750 officio,
669 3687 923 3740 indicavit
975 3687 1021 3739 ei
1072 3687 1151 3739 vir
1197 3684 1264 3738 de
1310 3683 1617 3738 infirmitate
1661 3682 1838 3735 famuli
1881 3682 2008 3736 sui:

448 3799 466 3830 (
507 3781 632 3840 Deo,
663 3777 928 3846 inquiens.
953 3778 1145 3845 gratias
1168 3790 1285 3842 ago,
1312 3775 1645 3828 sanctissime
1669 3772 1840 3834 Pater,
1874 3773 2012 3842 quod

444 3884 539 3922 nos
571 3869 751 3923 videre
783 3879 1126 3935 nostramque
1155 3866 1370 3919 deruunt
1421 3864 1618 3917 intrare
1663 3863 1905 3932 dignatus
1933 3878 2010 3926 es,

443 3969 496 4011 et
526 3973 652 4012 vere
699 3958 966 4011 credimus
1008 3957 1128 4026 quia
1179 3956 1465 4008 maximum
1525 3953 1675 4009 nobis
1720 3955 1920 4007 lucrum
1963 3962 2016 4008 et

445 4049 636 4101 utentis
665 4058 719 4102 et
745 4050 986 4117 corporis
1019 4060 1136 4100 tuus
1168 4054 1386 4115 priestet
1415 4045 1690 4099 adventus.
1721 4043 1813 4098 Est
1839 4055 2014 4098 autem

446 4138 596 4190 nobis
641 4136 871 4191 famulus
916 4139 1138 4204 pessima
1166 4137 1365 4190 diutius
1392 4136 1696 4189 inlirmitate
1727 4137 2013 4198 cruciatus,

446 4241 497 4279 et
542 4227 591 4280 in
626 4237 829 4281 tantum
875 4227 1080 4282 doloris
1127 4227 1282 4281 hodie
1330 4227 1629 4294 perductus,
1675 4237 1730 4280 ut
1771 4228 2014 4280 morienti

447 4323 670 4377 similior
694 4338 851 4390 quam
881 4323 902 4354 ⁸
935 4321 1201 4390 languenti
1246 4330 1446 4389 pareat.
1495 4321 1740 4374 Extrema
1789 4335 2015 4389 namque

2110 1967 2190 2014 vir
2239 1961 2443 2015 Domini
2483 1961 2811 2014 Cudberctus
2854 1961 3001 2028 juxta
3049 1970 3305 2029 praecepta
3341 1968 3397 2016 et
3433 1963 3670 2028 exempla

2110 2055 2398 2118 apostolica
2432 2053 2685 2106 virtutum
2735 2054 2961 2105 ornabat
3009 2053 3277 2120 Operibus.
3322 2052 3673 2104 Commissam

2111 2161 2338 2210 namque
2367 2145 2464 2198 sibi
2495 2145 2700 2212 plebem
2745 2151 2800 2196 et
2842 2143 3176 2196 orationibus
3203 2141 3511 2210 protegebat
3537 2141 3674 2192 assi--

2109 2235 2265 2298 tluis,
2311 2243 2366 2288 et
2411 2232 2858 2286 admonitionibus
2903 2232 3265 2284 saluberrimis
3312 2232 3376 2282 ad
3435 2233 3672 2285 C(Bleslia

2111 2327 2369 2390 vocabat,
2413 2333 2466 2378 et
2515 2326 2653 2394 quod
2703 2325 2932 2378 maxime
2979 2323 3226 2376 ἀπίοι-νε
3252 2322 3431 2390 juvat,
3459 2337 3517 2375 ea
3559 2337 3674 2388 qua:

2111 2417 2313 2482 agenda
2343 2417 2566 2470 ducebat
2586 2455 2600 2478 ,
2646 2415 2758 2480 ipse
2810 2416 2951 2482 prius
2981 2413 3186 2478 agundo
3219 2427 3480 2480 praenitens
3508 2414 3678 2464 rabat.

2114 2509 2384 2575 Eripiebat
2414 2507 2623 2572 inopem
2655 2506 2721 2558 de
2752 2521 2906 2556 manu
2940 2503 3173 2557 fortioris
3205 2502 3341 2571 ejus,
3364 2518 3588 2570 egenum
3621 2513 3676 2554 et

2115 2613 2399 2666 pauperem
2433 2612 2461 2650 a
2486 2596 2814 2663 rapientibus
2831 2594 3195 2646 eum.Tristes
3220 2607 3281 2644 ac
3310 2593 3673 2656 pusillanimes

2113 2689 2373 2739 consolari
2397 2728 2411 2749 ,
2444 2687 2580 2738 male
2625 2696 2801 2738 autem
2839 2685 3130 2750 gaudentes
3169 2685 3232 2736 ad
3268 2685 3533 2736 tristitiam
3563 2700 3680 2750 quze

2125 2782 2416 2835 sicuudum
2449 2779 2614 2831 Deum
2658 2787 2742 2830 est
2784 2792 3034 2830 revocare
3073 2779 3306 2829 curabat.
3335 2777 3553 2828 Solitum
3582 2776 3682 2828 sibi

2120 2873 2502 2940 pal‘ClIltlilIiaIll
2529 2870 2744 2922 sedulus
2773 2883 3040 2932 exercere,
3083 2877 3134 2920 et
3167 2866 3304 2921 inter
3337 2867 3681 2934 frequentiam

2122 2964 2398 3015 turbarum
2436 2961 2758 3014 monachicae
2798 2959 2920 3012 vita:
2959 2959 3186 3026 rigorem
3217 2957 3474 3010 sollicitus
3504 2957 3687 3009 obser-

2118 3068 2240 3104 vare
2290 3053 2440 3120 gaudi
2466 3052 2571 3104 bat.
2624 3050 2992 3102 lt‘sutientibus
3037 3049 3288 3102 alimenta
3315 3089 3331 3113 ,
3377 3047 3682 3100 indumenta

2128 3144 2394 3208 prmbebat
2421 3142 2738 3207 algentibus,
2769 3143 3081 3206 caeterisque
3111 3140 3230 3190 vitae
3257 3138 3572 3204 pontilicalis
3602 3138 3680 3188 iti-

2119 3234 2354 3301 siguibus
2383 3233 2482 3285 rite
2510 3235 2792 3284 decoratus
2820 3228 3114 3281 incedebat.
3150 3227 3313 3295 Cujus
3345 3226 3598 3288 internis,
3631 3225 3682 3278 id

2119 3336 2217 3385 εμι,
2245 3324 2432 3376 anima:
2462 3321 2766 3380 virtutibus.
2791 3335 2849 3371 ea
2873 3335 3080 3387 quoque
3100 3316 3124 3350 ⁸
3145 3318 3336 3386 quibus
3364 3317 3500 3368 foras
3530 3316 3686 3370 ell'ul-

2117 3416 2276 3481 gebat
2317 3415 2694 3466 miraculorum
2740 3413 2889 3480 signa
2941 3409 3300 3463 testimonium
3351 3407 3565 3460 dabant.
3611 3408 3682 3460 Ex

2119 3507 2308 3572 quibus
2341 3507 2511 3573 aliqua
2546 3505 2775 3556 breviter
2810 3502 3083 3555 memoria:
3120 3498 3494 3553 commendare
3523 3513 3682 3551 cura-

2123 3597 2313 3650 vimus.

2113 3707 2264 3761 CAP.
2303 3706 2510 3759 XXVII.
2561 3705 2827 3770 Quomodo
2873 3705 3136 3757 interitum
3177 3701 3409 3766 Eco/‘ridi
3459 3701 3609 3771 regis,
3640 3708 3688 3751 et

2186 3780 2377 3830 militia:
2405 3779 2561 3840 ipsius
2593 3793 2737 3845 quem
2757 3777 2773 3805 ⁷
2801 3775 3105 3845 ρνίιλάὶπεναι
3149 3774 3377 3840 futurum
3417 3773 3471 3823 in
3508 3771 3691 3841 spiritu

2190 3849 2367 3899 viderit
2395 3847 2594 3899 absens.

2193 3961 2352 4029 Igitur
2388 3963 2512 4013 dum
2549 3959 2826 4027 Ecgfridus
2857 3973 2946 4011 rex
2999 3971 3127 4010 ausu
3171 3955 3450 4008 temerario
3497 3952 3696 4008 exerci-

2125 4062 2234 4105 tum
2268 4054 2318 4103 iit
2344 4051 2515 4104 Pictos
2536 4051 2752 4102 duceret
2783 4045 2808 4082 ι)
2838 4047 2859 4077 ⁸
2889 4060 3182 4111 eorumque
3212 4060 3371 4111 regna
3401 4043 3566 4096 atroci
3596 4057 3696 4095 sa:-

2127 4143 2246 4197 vitia
2271 4145 2609 4206 devastaret;
2635 4143 2813 4194 serens
2831 4139 2908 4191 vir
2925 4137 3133 4191 Domini
3158 4136 3485 4188 Cudberctus
3508 4135 3697 4186 adesse

2125 4243 2333 4300 tempus
2364 4233 2429 4288 de
2455 4247 2561 4300 quo
2589 4247 2730 4285 anno
2775 4230 3045 4297 prteterito
3080 4225 3420 4292 interroganti
3460 4223 3574 4292 ejus
3602 4237 3692 4275 so-

2123 4331 2229 4380 rori
2264 4324 2600 4393 praedixerat,
2628 4339 2732 4376 non
2764 4339 2884 4376 eum
2918 4321 3142 4388 amplius
3171 4334 3327 4388 quam
3351 4321 3370 4350 θ
3395 4333 3498 4372 uno
3520 4318 3690 4369 solum

450 4418 688 4483 corporis
719 4424 869 4483 parte
907 4423 1244 4482 praemortua,
1275 4412 1632 4482 permodicum
1660 4427 1753 4466 ore
1792 4425 1844 4465 et
1875 4416 2014 4467 nari-
2052 4408 2102 4466 D
2137 4434 2276 4470 anno
2321 4433 2444 4473 esse
2484 4418 2782 4481 victurum,
2818 4415 2961 4469 venit
2986 4413 3052 4467 ad
3085 4423 3107 4451 ε
3143 4409 3479 4481 Lugubaliam
3511 4409 3697 4463 civita-

1399 4504 1808 4560 VULGATORU
1821 4507 1867 4560 Μ
1915 4507 2302 4567 VARIANTES
2344 4509 2742 4566 LECTIONES.

520 4605 532 4632 ¹
568 4600 646 4654 Ibi
671 4601 754 4656 ob.

518 4674 536 4702 ¹
573 4681 711 4739 Aqua
736 4686 824 4735 per
848 4687 901 4723 se
927 4670 1204 4723 benedicta.

517 4742 536 4769 ³
572 4741 850 4808 Lurtguenti
878 4749 1140 4811 appareat.

517 4811 536 4879 ξ
571 4811 876 4879 Presbyteri.

516 4875 536 4904 ⁵
583 4881 635 4933 γι
649 4875 813 4951 spera.

2204 4604 2223 4633 ⁸
2257 4605 2452 4668 Quibus
2483 4605 2626 4668 foris.

2203 4674 2223 4703 "
2260 4667 2593 4735 Prwdixerat,
2625 4673 2802 4722 absens
2834 4669 3012 4722 viderit
3033 4670 3082 4719 in
3109 4667 3318 4729 spiritu.

2203 4752 2221 4778 ε
2260 4745 2442 4796 Eorum
2473 4758 2627 4810 regna
2648 4741 2810 4792 atroci
2840 4755 2899 4790 ac
2927 4741 3081 4807 feroci
3104 4738 3312 4788 sterilia.

2203 4815 2222 4844 ’
2258 4813 2369 4866 lino
2396 4829 2529 4866 anno
2552 4827 2675 4864 esse.

1788 4969 2147 5024 VARIORUM
2191 4965 2419 5020 ΝΟΤεΕ.

447 5065 642 5137 placuit
662 5074 739 5127 ut,
764 5065 887 5121 Eata
917 5080 1131 5137 reverso
1158 5065 1221 5117 ad
1247 5065 1426 5137 sedem
1461 5062 1709 5137 Et-ctesire
1740 5062 2022 5137 Hagustal-

449 5132 651 5200 densis,
673 5137 756 5189 cui
782 5135 1022 5204 regendae
1055 5138 1225 5199 primo
1256 5135 1425 5188 fuerat
1456 5135 1753 5199 ordinatus,
1787 5132 2025 5185 Cudber-

451 5215 568 5259 ctus
617 5205 868 5260 Ecclesia:
901 5205 1345 5258 Lindisfarnensis
1376 5204 1731 5271 gubernacula
1780 5204 2018 5266 suscipe-

455 5285 556 5331 ret.
595 5295 614 5327 ι
652 5276 817 5328 Porro
839 5275 1171 5329 Cudberctus
1202 5276 1474 5327 ordinatus
1497 5284 1579 5326 est
1612 5273 1727 5338 ipso
1751 5287 1889 5324 anno
1920 5286 2024 5337 quo

452 5349 612 5399 liuent
661 5347 783 5397 vitae
831 5345 1033 5413 accepit
1083 5359 1172 5397 rex
1222 5344 1500 5410 ngridus,
1550 5342 1737 5413 eodem
1784 5353 2021 5402 anetore,

449 5430 566 5481 cap.
601 5415 670 5468 27
698 5414 937 5484 ejusdem
961 5410 1119 5478 'libri,
1165 5415 1262 5466 ltoc
1300 5425 1381 5468 est
1427 5428 1567 5467 anno
1595 5410 1699 5465 (38:3
1728 5426 1794 5464 ex
1834 5423 2024 5464 notan-

451 5485 533 5538 dis
563 5485 718 5539 infra.
743 5485 963 5538 MARILL.

525 5562 547 5589 °
593 5555 788 5608 Comes.
823 5555 1153 5622 Anonymus,
1183 5553 1234 5606 in
1283 5553 1376 5606 lib.
1423 5569 1492 5612 iv,
1525 5551 1741 5606 Sibham
1777 5552 2027 5605 comitem

453 5635 626 5689 vocat,
655 5625 804 5693 juxta
837 5621 1050 5678 ﬂuvium
1082 5621 1249 5687 Opide
1280 5622 1628 5693 habitantem:
1661 5623 1734 5674 lu.

527 5694 552 5731 ιι
588 5713 604 5745 ι
639 5689 792 5748 Ᾱηηο
823 5695 1103 5747 dominicze
1128 5693 1508 5746 incarnationis
1533 5691 1657 5753 GM,
1693 5690 1861 5757 inquit
1890 5689 2025 5742 Beda

459 5761 509 5816 iu
544 5764 635 5817 lib.
667 5779 716 5816 tv
750 5764 886 5816 Ilist.
919 5777 1036 5829 cap.
1064 5762 1154 5824 9.6,
1180 5760 1424 5827 ngridus
1455 5775 1543 5813 rex
1577 5761 2028 5814 Nortbauvmbro-

465 5847 578 5888 rum
609 5836 771 5888 misso
801 5834 851 5887 in
884 5833 1187 5886 Hiberniam
1217 5846 1336 5884 cum
1371 5831 1600 5883 exercitu
1630 5831 1766 5885 duce
1799 5830 1990 5883 licrlbo
2010 5869 2024 5894 ,

2132 5062 2356 5111 vastavit
2388 5059 2583 5110 misere
2611 5066 2819 5124 gentem
2853 5055 3192 5110 innoxiam...
3225 5057 3376 5107 Anno
3415 5062 3531 5117 post
3560 5052 3696 5124 hunc

2128 5132 2390 5196 proximo,
2419 5144 2538 5182 eum
2573 5122 2770 5183 temere
2815 5127 3104 5180 exercitum
3147 5125 3210 5175 ad
3264 5122 3692 5196 vastat_idam_l’i-

2126 5192 2329 5252 irtorum
2360 5200 2679 5266 provinciam
2712 5197 2951 5250 duxisset
2975 5237 2989 5255 .
3019 5196 3240 5266 multum
3291 5192 3691 5266 prohibentibus

2125 5270 2330 5332 amicis,
2360 5263 2409 5321 et
2438 5272 2665 5320 maxime
2690 5269 2854 5320 beatae
2883 5265 3150 5318 memoriae
3173 5265 3462 5317 Ciittiberto
3483 5263 3568 5329 qui
3597 5277 3694 5312 titt-

2131 5354 2225 5406 per
2255 5339 2427 5392 fuerat
2454 5338 2726 5390 ordinatus
2757 5337 3064 5406 episcopus,
3116 5350 3235 5385 cum
3285 5335 3516 5385 maxima
3551 5345 3698 5406 parte

2133 5403 2402 5474 copiarum
2435 5423 2562 5469 quas
2594 5407 2885 5459 adduxerat
2934 5404 3195 5474 extinctus
3238 5415 3317 5456 est
3361 5419 3498 5464 anno
3528 5403 3702 5474 a-tatis

2133 5471 2244 5530 sua!
2278 5495 2363 5537 xc.
2397 5477 2543 5542 regni
2569 5486 2744 5530 autem
2778 5491 2864 5539 xv,
2900 5475 2986 5528 die
3014 5489 3102 5526 χιιι
3139 5473 3491 5528 Kalendarum
3522 5471 3704 5526 lunia-

2136 5563 2271 5601 rum.
2306 5567 2320 5597 ι
2353 5546 2579 5599 Mum.

2213 5627 2233 5654 ο
2271 5617 2623 5684 Lugubaliam.
2655 5614 2978 5682 Capgravius
3023 5616 3211 5668 scribit
3260 5613 3315 5667 S.
3345 5612 3702 5684 Cudberctum

2134 5687 2236 5741 hoc
2258 5688 2308 5740 in
2330 5683 2443 5740 luco
2463 5684 2929 5753 congregationem
2949 5685 3453 5738 sanctituunialinm.
3470 5691 3522 5735 et
3546 5683 3704 5732 abba-

2132 5763 2311 5810 tissam
2333 5759 2626 5817 ordinasse,
2649 5765 2701 5807 ct
2718 5754 2926 5805 scholas
2942 5757 3281 5806 constituisse
3308 5771 3402 5805 :an
3421 5768 3560 5809 vere,
3583 5765 3705 5799 nec,—

2135 5844 2219 5893 nc,
2248 5831 2407 5881 lector
2429 5825 2646 5895 judicet.
2677 5824 2749 5877 De
2779 5825 2874 5876 bac
2908 5824 3023 5879 vide
3055 5828 3196 5895 plura
3222 5826 3271 5879 in
3307 5840 3375 5890 iv,
3399 5824 3487 5876 9.0,
3512 5823 3704 5873 simu,
