4220 6494
527 430 628 487 7G7

1245 425 1447 482 BEDIE
1492 427 1944 483 VENERABILIS
1981 426 2130 480 (ΜΨ.
2179 425 2349 479 PARS
2389 424 2476 480 IV.
2518 454 2588 465 —
2627 422 3011 477 IIISTORICA.

3670 430 3776 482 76!

528 556 654 607 tem,
680 560 799 612 qum
822 559 850 597 a
875 543 1081 613 populis
1112 542 1399 612 Anglorum
1423 552 1673 612 corrupte
1696 544 1821 597 Luel
1849 553 2086 602 vocatur,
2120 549 2161 597 Α
2196 551 2308 607 post
2342 541 2452 593 haec
2492 539 2793 604 aliquandiu
2837 539 3034 605 epulis,
3067 536 3440 605 exsultationi,
3472 556 3534 595 ac
3584 544 3773 598 tabulis

527 649 585 691 ut
608 626 964 703 alloquerctu‘r
986 644 1011 672 ⁸
1041 634 1297 701 reginam,
1323 651 1443 701 qua:
1468 637 1658 687 ibidem
1684 635 1735 689 in
1769 637 2097 689 monasterio

526 743 638 779 suae
689 727 889 778 sororis
944 734 1190 777 eventum
1218 726 1362 779 .belli
1401 729 1417 759 ί
1456 734 1765 794 exspectare
1813 729 2091 793 disposoit.

529 819 744 871 Postera
772 827 948 869 autem
982 818 1066 869 die
1095 818 1477 871 deducentihus
1506 834 1629 871 eum
1658 818 1864 872 civibus
1884 859 1899 878 .
1930 829 1987 871 ut
2011 820 2094 872 vi-

528 906 674 958 deret
700 906 893 958 tumnia
917 907 1165 970 civitatis,
1193 905 1217 943 δ
1243 907 1545 974 fontemque
1569 909 1622 959 in
1643 923 1703 960 ea
1721 910 1741 938 ¹
1767 910 1902 961 niiro
1923 925 2096 975 quon-

520 996 639 1047 datn
667 995 1024 1049 Romanorum
1048 1011 1209 1063 opere
1229 1006 1575 1055 exstructum,
1598 1006 1819 1062 repente
1847 998 2092 1050 turbatus

519 1087 741 1153 spiritu,
791 1097 845 1138 ttt
894 1087 1067 1139 stabat
1116 1102 1281 1153 super
1313 1087 1556 1140 baculum
1583 1128 1598 1151 ,
1629 1098 1872 1141 mtestam
1906 1089 2093 1144 facient

522 1176 745 1231 deﬂexit
793 1178 859 1230 ad
905 1188 1133 1240 terram,
1164 1193 1484 1245 rursumque
1509 1179 1716 1246 erigens
1744 1195 1802 1232 se
1842 1190 2001 1244 atque
2029 1183 2092 1234 ad

519 1270 716 1323 cmlum
761 1269 945 1320 oculos
993 1270 1275 1332 attollens,
1325 1270 1582 1337 ingemuit
1620 1272 1871 1337 graviter,
1907 1283 1957 1326 et
1992 1288 2093 1326 non

519 1360 705 1427 grandi
756 1375 918 1422 voce,
948 1361 1062 1413 ait:
1100 1378 1119 1411 ι
1162 1360 1319 1413 Forte
1352 1362 1511 1415 modo
1554 1362 1844 1418 discrimen
1899 1367 2091 1420 factum

519 1461 602 1504 est
629 1450 954 1505 certaminis.
997 1470 1015 1503 ι
1052 1458 1120 1505 At
1143 1455 1422 1522 presbyter
1444 1456 1530 1521 qui
1556 1456 1765 1507 astabat
1789 1456 2092 1526 intelligens

519 1544 585 1595 de
614 1559 719 1611 quo
744 1545 966 1606 diceret,
1000 1545 1206 1597 incauta
1238 1546 1520 1599 velocitate
1573 1547 1764 1600 dus-tus
1794 1552 2090 1617 respondit,

520 1641 574 1685 et
600 1632 733 1686 dixit
764 1650 776 1685 :
816 1651 833 1683 ι
870 1630 1022 1687 Unde
1049 1634 1191 1687 scis?
1226 1654 1244 1683 ι
1281 1635 1474 1688 Nolens
1513 1647 1690 1689 autent
1736 1640 1825 1693 ille
1864 1642 2094 1705 amplius

521 1723 588 1776 de
617 1723 698 1775 bis
728 1738 846 1789 qua:
891 1724 992 1775 sibi
1041 1734 1193 1777 erant
1222 1726 1454 1777 revelata
1488 1726 1822 1792 patefacere:
1858 1748 1877 1779 ι
1911 1729 2095 1784 Nonne

522 1818 712 1871 videtis
733 1858 746 1880 ,
798 1819 994 1885 inquit,
1038 1834 1194 1885 quam
1236 1820 1370 1871 mire
1406 1830 1640 1873 inuitatus
1672 1837 1730 1874 ac
1762 1823 2002 1875 turbatus
2027 1824 2095 1877 sit

2200 631 2626 698 indttlgeremtts,
2680 644 2862 682 rursus
2908 629 3195 682 admonere
3237 630 3405 697 cmpi,
3463 641 3518 682 ut
3557 633 3773 688 solliciti

2198 724 2547 775 existeremtts
2576 722 2627 775 in
2658 721 2986 774 orationibus
3013 729 3067 773 et
3094 720 3325 789 vigiliis,
3355 732 3516 789 atque
3541 726 3607 776 ad
3647 740 3769 778 om-

2200 827 2295 864 nes
2328 813 2676 864 tcntationum
2708 811 2950 863 incursus
2991 812 3178 875 parati.
3220 811 3284 865 Et
3316 811 3388 866 illi
3425 830 3437 865 :
3470 812 3649 878 Bene,
3688 816 3776 868 in-

2159 914 2265 985 )qu
2292 912 2405 965 unt,
2438 910 2493 954 et
2531 903 2732 969 optime
2756 902 2939 955 doces.
2980 902 3082 954 Sed
3128 912 3300 955 tamen
3332 902 3455 972 quia
3498 905 3773 958 abundant

2199 990 2682 1061 diesjejuniorum,
2711 994 2991 1055 orationis,
3017 1003 3071 1045 et
3100 993 3422 1059 vigiliarum,
3455 995 3612 1048 hodie
3639 1010 3769 1065 gau-

2197 1085 2414 1137 deamus
2443 1083 2495 1135 in
2529 1084 2772 1136 Domino.
2798 1084 2928 1137 Nam
2951 1095 3002 1136 et
3020 1087 3241 1152 angelus
3265 1096 3518 1141 nascente
3542 1088 3779 1143 Domino

2197 1175 2591 1242 evangelizabat
2639 1176 2934 1240 pastoribus
2980 1177 3228 1244 gaudium
3283 1192 3574 1246 magnum,
3623 1182 3763 1247 quod

2197 1280 2337 1320 esset
2364 1268 2511 1320 omni
2555 1269 2750 1335 populo
2782 1267 3185 1320 celebrandum.
3212 1268 3277 1321 Et
3304 1283 3400 1335 ego
3427 1286 3438 1320 :
3468 1268 3641 1334 Bene,
3680 1270 3766 1324 in-

2199 1374 2357 1426 quam
2381 1399 2397 1422 ,
2440 1358 2700 1411 faciamus
2731 1360 2829 1411 sic.
2860 1359 2963 1412 Sed
3009 1373 3128 1410 cum
3169 1359 3506 1425 epulantibus
3534 1361 3685 1415 nobis
3713 1373 3771 1416 et

2197 1450 2336 1503 diem
2363 1449 2542 1502 laetum
2573 1449 2888 1503 ducentibus
2920 1450 3075 1502 tertio
3111 1449 3347 1516 ejusdem
3388 1450 3765 1505 admonitionis

2198 1542 2357 1592 verba
2410 1548 2744 1607 repeterem,
2796 1541 3105 1594 intellexere
3151 1543 3221 1595 illi
3266 1543 3385 1605 quia
3436 1556 3539 1594 non
3572 1542 3765 1596 frustra

2200 1630 2311 1683 lucc
2334 1641 2438 1682 tam
2468 1631 2703 1683 studiose
2734 1645 3105 1698 suggereret";
3147 1637 3199 1683 et
3238 1641 3649 1697 expavescentes
3682 1632 3763 1684 di-

2198 1723 2418 1775 cebant:
2448 1722 2726 1776 Faciamus
2756 1732 2811 1777 ut
2840 1723 3035 1787 doces,
3073 1724 3193 1790 quia
3241 1724 3532 1777 necessitas
3575 1738 3775 1793 magna

2200 1812 2350 1865 nobis
2375 1813 2657 1876 incumbit,
2686 1820 2741 1864 ιιι
2764 1821 2950 1866 contra
2980 1813 3199 1867 insidias
3236 1813 3468 1878 diaboli,
3500 1822 3556 1867 et
3585 1815 3762 1867 omnia

519 1912 643 1963 aer?
691 1912 754 1963 Et
796 1914 914 1975 quis
958 1913 1261 1963 mortalium
1309 1910 1503 1964 sufficit
1532 1912 1855 1979 invesugare
1892 1913 2090 1982 judicia
2128 1892 2170 1949 Β

2128 1892 2170 1949 Β
2200 1915 2521 1958 tentameuta
2568 1921 2783 1974 semper
2837 1909 3057 1961 accincti
3106 1909 3419 1976 spiritaliter
3466 1911 3773 1981 vigilemus-

521 2003 648 2056 Dei?
682 2020 700 2053 ι
740 2005 983 2056 Attamen
1032 2004 1309 2055 confestim
1365 2002 1581 2055 intravit
1621 2003 1683 2055 ad
1721 2005 1992 2071 reginam,
2038 2017 2094 2058 et

516 2102 730 2146 secreto
778 2108 894 2146 eam
946 2092 1224 2161 alloquens
1250 2137 1265 2159 ,
1325 2103 1439 2145 erat
1485 2105 1659 2147 autem
1690 2094 1804 2148 dies
1835 2095 2041 2149 sabbati
2075 2113 2090 2149 :

524 2200 542 2233 ι
589 2182 748 2247 Vide,
778 2184 985 2250 inquit,
1016 2192 1223 2236 mature
1254 2183 1599 2238 illucescente
1621 2186 1855 2239 secunda
1885 2186 2090 2239 sabbati

517 2274 771 2327 ascendas
797 2289 1034 2338 currum,
1067 2275 1188 2342 quia
1218 2274 1307 2328 die
1339 2275 1613 2331 Dominico
1659 2290 1818 2330 curru
1867 2275 1945 2331 ire
1987 2292 2091 2331 non

517 2364 662 2426 licet,
685 2364 950 2431 vadasque
970 2373 1023 2417 et
1042 2366 1241 2433 regiam
1264 2365 1531 2418 civitatem
1554 2365 1812 2419 citissime
1830 2366 2086 2431 introeas,

519 2469 586 2507 ne
617 2452 752 2507 forte
781 2454 990 2508 occisus
1016 2453 1086 2508 sit
1109 2469 1221 2506 rex.
1256 2453 1367 2522 Ego
1398 2464 1575 2506 autem
1601 2455 1723 2521 quia
1748 2455 1978 2508 crastina
2007 2456 2094 2510 die

517 2546 583 2599 ad
614 2546 844 2599 vicinum
893 2547 1276 2601 monasterium
1326 2546 1394 2601 ob
1440 2546 1790 2601 dedicandam
1820 2548 1889 2602 ibi
1924 2550 2095 2603 eccle-

519 2638 650 2691 siam
677 2640 859 2692 veuire
890 2647 1104 2706 rogatus
1125 2654 1265 2705 sunt,
1294 2638 1502 2706 expleta
1529 2638 1864 2693 dedicatione
1889 2648 1939 2693 te
1966 2655 2096 2694 con-

526 2730 672 2782 tinuo
702 2732 1018 2799 subsequor.
1055 2746 1074 2780 ι

599 2819 854 2873 Veniente
885 2828 1060 2871 autem
1089 2818 1174 2872 die
1197 2816 1475 2871 Dominico
1496 2857 1511 2881 ,
1544 2819 1838 2886 prmdicans
1873 2822 2091 2872 verbum

529 2908 622 2962 Dei
654 2910 905 2962 fratribus
931 2909 1170 2975 ejusdem
1212 2911 1554 2974 monasterii,
1590 2911 1739 2963 linito
1768 2926 2014 2965 sermone
2044 2923 2096 2967 et

523 2996 820 3052 faventibus
868 2999 1072 3052 cunctis
1119 3000 1205 3065 qui
1251 3000 1502 3063 aderant,
1528 3000 1547 3030 ³
1580 3014 1763 3054 rursus
1792 3003 1857 3053 ita
1888 3004 2049 3069 coepit
2079 3020 2092 3055 :

528 3087 810 3149 tlibsecro,
827 3089 1333 3157 dilectissimi,juxta
1358 3090 1593 3156 Apostoli
1613 3091 1809 3143 monita
1834 3093 2091 3159 vigiletis,

521 3176 673 3231 stetis
704 3178 756 3231 in
788 3178 922 3242 lide,
955 3177 1179 3231 viriliter
1224 3179 1426 3247 agatis,
1476 3188 1529 3233 et
1570 3179 1979 3247 conforteuiini,
2026 3197 2093 3237 ne

2197 1995 2319 2048 Ilaec
2348 1996 2552 2061 dicens,
2591 2013 2690 2065 ego
2723 1999 3020 2051 nesciebam
3050 1999 3187 2052 sicut
3215 2016 3309 2054 nec
3341 1999 3414 2054 illi
3446 2000 3641 2069 aliquid
3671 2018 3768 2055 no-

2194 2087 2275 2140 bis
2320 2102 2662 2141 occnrsurum
2713 2103 2861 2142 novae
2911 2090 3255 2145 tenta-inuis:
3284 2093 3386 2147 sed
3430 2104 3631 2148 tantmn
3677 2097 3764 2148 in-

2194 2178 2385 2230 stinctu
2403 2181 2593 2232 mentis
2610 2180 3039 2234 adinnnitussum
3072 2183 3327 2237 adversus
3356 2186 3557 2239 subitas
3586 2194 3757 2239 tenta~

2196 2271 2398 2323 tionum
2430 2271 2687 2337 procellas
2716 2281 2912 2326 statum
2953 2274 3127 2327 cordis
3151 2290 3361 2342 semper
3380 2290 3499 2331 esse
3520 2278 3760 2333 munien-

2195 2360 2346 2414 dum.
2377 2366 2445 2414 At
2488 2362 2577 2416 ubi
2624 2366 2827 2417 reversi
2878 2380 2909 2419 a
2953 2381 3058 2433 me,
3093 2382 3249 2420 tuane
3278 2367 3343 2420 ad
3374 2384 3552 2432 suum,
3581 2369 3631 2420 id
3660 2380 3776 2432 estr

2205 2450 2642 2507 Lindisfarnense
2673 2455 3051 2508 monasterium
3083 2457 3385 2521 redierunt,
3428 2472 3553 2511 ecce
3580 2475 3765 2525 quem-

2195 2542 2314 2596 dam
2336 2544 2401 2595 de
2427 2545 2536 2597 suis
2559 2546 2745 2597 morbo
2776 2547 3086 2612 pestilentia:
3108 2549 3306 2603 obiisse
3330 2560 3639 2618 repererunt
3665 2566 3680 2601 :
3710 2561 3769 2602 et

2197 2645 2473 2687 crescente
2503 2652 2563 2687 ac
2590 2638 2843 2689 saeviente
2869 2651 2961 2703 per
2991 2638 3137 2702 dies,
3166 2640 3275 2692 imo
3299 2640 3456 2693 etiam
3496 2656 3588 2707 per
3615 2656 3771 2695 meno

2198 2744 2282 2781 ses
2305 2736 2359 2780 et
2385 2744 2582 2781 annum
2612 2744 2743 2794 pene
2773 2740 2937 2781 totum
2969 2730 3154 2784 eadem
3179 2731 3365 2796 clade,
3403 2733 3769 2787 nobilissimus

2200 2819 2287 2870 ille
2314 2828 2518 2884 patrum
2553 2820 2881 2886 fratrumque
2922 2831 3093 2874 cretus
3133 2822 3447 2885 spiritalium
3481 2838 3615 2889 pene
3645 2823 3768 2875 titti-

2199 2924 2383 2961 versus
2414 2910 2657 2977 migravit
2684 2909 2747 2963 ad
2786 2911 3087 2963 Dominum.
3119 2912 3181 2965 Et
3209 2927 3347 2965 nunc
3373 2927 3529 2980 ergo,
3555 2913 3765 2976 fratres,

2196 3001 2411 3065 vigilate
2439 3013 2493 3054 et
2515 3016 2607 3054 vos
2636 3002 2687 3055 in
2722 3003 3075 3066 orationibus,
3109 3006 3230 3057 utsi
3266 3004 3387 3071 quid
3423 3006 3570 3058 vobis
3600 3006 3767 3059 tribu-

2200 3092 2409 3144 lationis
2439 3092 2723 3161 ingruerit,
2752 3108 2846 3147 vos
2879 3095 2899 3124 ⁸
2928 3094 3035 3160 jam
3067 3105 3277 3161 paratos
3305 3096 3558 3148 inveniat.
3594 3114 3611 3146 ι
3641 3097 3765 3149 llaec

2199 3182 2407 3235 dicente
2433 3182 2719 3235 venerabili
2750 3184 2985 3236 antiSiite
3029 3184 3356 3247 Cudbercto,
3392 3188 3666 3252 rebantur,
3710 3198 3771 3240 ut

523 3270 655 3321 torte
683 3268 1064 3331 superveniens
1095 3268 1266 3336 aliqua
1300 3269 1525 3321 tentatio
1552 3284 1647 3322 vos
1683 3270 1969 3335 imparatos
2007 3272 2090 3324 in-
2119 3239 2167 3301 ο
2200 3271 2448 3339 prtefatus
2470 3287 2608 3335 sum,
2635 3274 2755 3340 quia
2784 3273 2850 3325 de
2875 3273 3043 3326 reditu
3073 3274 3388 3341 pestilentia:
3410 3278 3628 3329 diceret.
3655 3277 3761 3328 Sed

523 3360 696 3412 veniat
726 3376 737 3410 :
768 3359 859 3411 sed
892 3374 1158 3413 memores
1190 3362 1367 3425 potius
1412 3375 1626 3425 semper
1666 3362 1805 3415 illius
1832 3362 2090 3417 Dominici

525 3452 794 3518 praecepti,
817 3452 1027 3521 vigilate
1049 3462 1099 3504 et
1117 3463 1265 3505 orate
1292 3467 1357 3505 ne
1379 3452 1587 3506 intretis
1610 3452 1662 3505 in
1688 3455 2049 3506 tentationem.
2067 3472 2086 3506 ι

524 3543 781 3596 Putabant
808 3556 982 3596 autem
1012 3544 1131 3611 quia
1165 3558 1268 3595 non
1302 3545 1465 3595 multo
1493 3553 1617 3597 ante
1648 3544 1963 3607 pestilentize
1984 3546 2093 3598 cla-

524 3634 616 3685 des
637 3643 691 3686 et
711 3648 805 3687 eos
835 3645 887 3685 et
917 3634 1112 3686 multos
1140 3633 1553 3701 circumquaque
1586 3635 1690 3687 lata
1720 3638 1863 3688 cmde
1885 3647 2092 3690 strave-

521 3736 623 3789 rat,
652 3741 771 3780 eunt
798 3728 864 3777 de
895 3714 1194 3792 huiusmodi
1230 3726 1377 3791 plaga
1420 3723 1531 3792 jatn
1557 3726 1793 3779 reditura
1824 3726 1983 3779 fuisse
2015 3727 2094 3780 lo-

521 3829 723 3874 cutum.
745 3822 808 3872 At
834 3818 920 3872 ille
942 3833 1126 3871 rursus
1149 3829 1417 3882 assumpto
1438 3833 1686 3871 sermone
1714 3835 1726 3869 :
1749 3836 1767 3868 ι
1792 3818 2089 3885 Quondam,

524 3910 709 3977 inquit,
743 3926 861 3963 cum
890 3909 1063 3963 adhuc
1095 3910 1144 3961 in
1177 3924 1295 3963 mea
1327 3910 1638 3962 demorarer
1690 3908 1858 3962 insola
1904 3910 2091 3961 solita-

525 4002 653 4068 rius,
678 4008 937 4054 venerunt
964 4002 1027 4052 ad
1059 4016 1143 4054 me
1169 4000 1382 4068 quidam
1413 4000 1478 4053 de
1512 4000 1763 4053 fratribus
1797 4000 1883 4054 die
1906 4010 2094 4053 sancto

527 4090 802 4143 dominicae
833 4089 1144 4153 nativitatis,
1166 4091 1528 4159 rogabantque
1570 4100 1629 4144 ut
1656 4092 1721 4145 de
1752 4105 1866 4144 mea
1913 4090 2093 4143 casula

525 4190 578 4233 et
607 4179 881 4234 mansione
908 4181 1227 4247 egrediens,
1259 4182 1550 4235 solemnem
1584 4195 1703 4235 cum
1732 4183 1809 4234 eis
1836 4190 1892 4235 et
1919 4181 2091 4234 laetum

524 4270 663 4322 diem
697 4278 855 4323 tanta:
886 4270 1247 4323 venerationis
1271 4273 1641 4337 transigerem,
1675 4273 1697 4302 ⁵
1725 4288 1947 4340 quorum
1973 4287 2094 4341 pre-

524 4364 675 4415 cibus
702 4362 908 4415 devotis
934 4364 1276 4429 acquiescens
1306 4365 1638 4432 egrediebar,
1671 4375 1725 4418 et
1753 4367 2094 4420 consedimus

524 4452 588 4503 ad
620 4452 825 4519 epulas.
854 4457 921 4506 At
951 4454 1001 4506 in
1035 4454 1207 4508 media
1244 4454 1381 4508 forte
1405 4456 1692 4511 relectiOue
1724 4458 1830 4508 dixi
1862 4457 1926 4510 ad
1955 4473 2052 4511 eos
2078 4477 2088 4509 :

525 4543 781 4609 Obsecro,
812 4541 1021 4607 fratres,
1053 4554 1205 4597 caute
1238 4560 1455 4611 agamus
1486 4560 1583 4597 nos
1610 4556 1662 4599 et
1693 4545 1992 4615 vigilanter,
2025 4561 2089 4601 ne

528 4650 623 4701 per
652 4634 903 4687 incuriam
938 4634 1071 4689 forte
1098 4646 1152 4688 et
1175 4637 1516 4689 securitatem
1552 4636 1865 4689 inducantur
1898 4638 1946 4688 in
1977 4646 2091 4689 ten-

531 4724 805 4779 tationem.
838 4727 907 4778 At
948 4725 1022 4777 illi
1072 4727 1495 4793 reSponderunt,
1542 4728 1896 4780 Obsecramus
1944 4728 2098 4779 hodie

528 4814 703 4867 lzetum
734 4829 950 4882 agimus
976 4816 1114 4869 diem
1141 4855 1157 4879 ,
1197 4816 1316 4884 quia
1360 4818 1533 4869 natale
1557 4828 1638 4869 est
1674 4816 1880 4869 Domini
1934 4817 2099 4870 nostri

527 4904 650 4956 .Iesu
679 4904 897 4959 Christi.
919 4905 983 4957 Et
1005 4921 1104 4974 ego
1127 4923 1136 4958 :
1161 4905 1271 4969 Sic,
1297 4907 1531 4975 inquam,
1555 4907 1830 4961 faciamus.
1856 4908 2100 4976 Cumque

2198 3374 2310 3429 post
2344 3376 2501 3414 unimt
2532 3362 2670 3413 diem
2712 3363 3004 3416 adveniens
3050 3363 3136 3423 qui
3187 3363 3392 3432 fugerat
3422 3380 3452 3417 e
3478 3366 3645 3430 bello,
3675 3380 3767 3420 oc-

2194 3452 2334 3504 culta
2366 3453 2463 3505 viri
2494 3452 2585 3505 Dei
2627 3451 2871 3504 vaticinia
2916 3453 3124 3505 miseris
3168 3454 3467 3518 exponebat
3517 3456 3761 3521 eloquiis.

2196 3542 2591 3610 Probatumque
2622 3555 2696 3595 εει
2729 3544 2841 3607 ipsa
2873 3543 2958 3595 die
2987 3543 3281 3610 eademque
3313 3546 3439 3596 liora
3461 3584 3475 3605 ,
3504 3558 3605 3612 qua
3645 3546 3769 3598 viro

2198 3633 2287 3685 Ilei
2335 3632 2486 3699 juxta
2534 3644 2746 3699 puteum
2798 3635 2955 3685 stanti
3009 3635 3299 3687 revelatum
3345 3645 3457 3699 cst,
3488 3642 3641 3687 czrsis
3665 3637 3766 3688 cir-

2194 3723 2600 3787 rutntutoribus,
2629 3739 2806 3791 regem
2864 3724 3039 3776 hostili
3086 3726 3261 3792 gladio
3294 3728 3451 3780 fuisse
3480 3736 3503 3765 ο
3531 3738 3766 3795 prostra~

2198 3824 2327 3866 tum.

2194 3924 2345 3979 CAP.
2375 3922 2605 3977 XXVIII.
2641 3923 2904 3987 Quomodo
2925 3919 2949 3959 δ
2983 3922 3286 3975 Herebercto
3311 3923 3619 3975 anaehoritm
3657 3924 3767 3975 obi—

2266 4007 2369 4047 tum
2396 4010 2540 4064 suum
2567 3996 2875 4058 prtrdtxerit,
2902 3994 3296 4064 comitatumque
3321 3994 3462 4046 illius
3488 4011 3517 4046 a
3546 3991 3765 4045 Domino

2266 4066 2494 4134 precibus
2515 4062 2536 4093 ‘
2562 4065 2854 4116 obtinuerit.

2268 4176 2380 4229 Non
2430 4176 2597 4228 multo
2642 4182 2759 4241 post
2809 4184 3080 4240 tempore,
3121 4173 3262 4226 idem
3303 4173 3527 4227 famulus
3557 4174 3762 4227 Domini

2196 4264 2523 4318 Cudberctus
2552 4264 2616 4316 ad
2647 4265 2887 4317 eamdem
2931 4263 3273 4329 Lugubaliam
3304 4266 3570 4317 civitatem
3613 4280 3765 4331 roga-

2199 4368 2283 4410 tus
2307 4359 2542 4418 advenit,
2571 4367 2830 4425 quatenus
2860 4340 3052 4409 ibident
3078 4357 3384 4409 sacerdotes
3414 4372 3727 4411 consecrare
3746 4401 3761 4422 ,

2196 4449 2288 4501 sed
2315 4457 2368 4501 et
2397 4449 2563 4515 ipsam
2597 4451 2834 4516 reginam
2862 4447 2993 4500 dato
3020 4447 3195 4498 babitu
3232 4456 3432 4501 sancta}
3478 4463 3766 4501 Conversa-

2197 4539 2354 4591 tionis
2382 4537 2695 4591 benedicere
2718 4538 2958 4590 deberet.
2986 4536 3111 4589 Erat
3133 4547 3306 4590 autem
3340 4536 3616 4605 presbyter
3639 4536 3762 4588 vita

2203 4632 2517 4685 venerabilis
2561 4631 2777 4697 nomine
2811 4629 3165 4681 Ilereberctns
3191 4628 3498 4695 jamdudum
3533 4629 3643 4681 viro
3675 4627 3765 4681 llei

2206 4725 2505 4777 (Iudbercto
2532 4721 2790 4787 spiritalis
2819 4720 3067 4773 amicitiai
3098 4719 3297 4772 findere
3322 4719 3622 4788 copulatus.
3664 4718 3767 4784 Qui

2205 4818 2255 4868 iu
2287 4817 2454 4868 insula
2479 4814 2649 4883 stagni
2682 4813 2825 4866 illius
2853 4811 3162 4880 pergrandis
3197 4810 3265 4864 de
3295 4826 3399 4879 quo
3432 4820 3454 4847 ε
3493 4810 3769 4864 Diorwen.

2206 4906 2362 4959 tionis
2390 4903 2533 4958 ﬂuvii
2563 4902 2854 4971 primordia
2881 4910 3167 4969 erumpunt
3190 4941 3206 4966 ,
3257 4901 3418 4955 vitam
3470 4901 3767 4956 solitariam

1453 5038 1926 5095 VULGA'I‘URUM
1970 5037 2362 5095 VARIANTES
2400 5037 2801 5093 LECTIONES.

600 5133 615 5163 ¹
654 5128 998 5196 Exspectant,
1029 5130 1300 5199 disposuit.

598 5204 616 5232 ³
655 5200 785 5253 Miro
807 5201 1044 5262 quodam.

602 5272 620 5301 ³
655 5271 719 5325 Ut
746 5273 832 5324 ille
857 5288 1057 5324 rursus.

2269 5128 2294 5161 ⁸
2322 5133 2548 5194 Quorum
2568 5145 2661 5197 ego
2692 5128 2941 5197 precibus.

2272 5202 2291 5231 ⁸
2324 5201 2487 5252 Etiam
2521 5211 2747 5266 paratos.

2270 5271 2290 5301 ‘
2323 5272 2605 5322 Ubtinuerit
2629 5270 2736 5321 sine
2765 5286 2926 5324 mora.

1872 5383 2225 5438 VARIORIJM
2262 5383 2490 5438 NOTAE.

603 5484 624 5541 τ*
659 5472 922 5541 Reginam.
948 5472 1357 5539 Ermenbnrgam
1380 5470 1597 5524 dictam.
1619 5472 1809 5528 Sttt'rtt.

605 5540 630 5577 ι)
669 5540 901 5596 Fontem.
934 5543 1279 5595 Ductissimus
1308 5542 1556 5595 (Zaeiliol.
1593 5545 1754 5607 episc.
1800 5546 2092 5598 llomanttm

539 5609 639 5665 Iioc
665 5627 795 5677 opus
818 5615 964 5679 juxta
988 5613 1265 5664 ecclesiam
1297 5612 1655 5664 CillIlClItaIeI“
1688 5629 1901 5666 manere
1921 5615 2094 5668 adhuc

539 5683 820 5732 videndum
840 5685 1136 5751 suspicatur
1164 5699 1174 5732 ε
1205 5681 1394 5734 fatetur
1418 5695 1611 5746 tamen,
1644 5686 1779 5749 quod
1806 5698 1889 5735 res
1918 5686 2091 5751 vulga-

543 5766 613 5801 ris
644 5764 745 5800 non
772 5751 864 5820 _sit,
895 5750 1092 5803 [οηιιιιιι
1117 5754 1253 5801 bunc
1279 5752 1474 5802 servari
1501 5768 1655 5814 posse
1685 5764 1786 5803 tant
1808 5750 2087 5820 integrum,

539 5836 653 5871 cum
683 5818 869 5872 civitas
902 5821 1008 5885 ipsa
1059 5838 1085 5869 a
1142 5820 1295 5872 Dnuis
1337 5821 1447 5873 solo
1490 5820 1597 5874 fere
1628 5822 1693 5873 sit
1739 5818 1959 5890 aequata.
2015 5822 2085 5877 lo.

2277 5486 2297 5512 ε
2340 5474 2673 5529 Prostrntum.
2711 5477 2810 5527 Au.
2836 5475 2972 5537 685;
3005 5492 3076 5540 tv,
3104 5476 3192 5528 26.
3224 5474 3298 5531 In.

2271 5544 2294 5580 ἀ
2334 5544 2653 5596 Herebercto.
2691 5549 2761 5599 De
2786 5546 2883 5599 hoc
2912 5549 3030 5597 vide
3052 5562 3123 5609 tv,
3156 5548 3245 5600 '29.
3274 5547 3346 5599 In.

2273 5625 2294 5650 ο
2328 5614 2727 5668 θίονιυεηιίυηιδ.
2757 5620 2920 5670 Aliter
2962 5617 3321 5669 Druieutiouis
3346 5631 3435 5668 seu
3468 5614 3767 5669 Dortw’ntr’n-

2199 5685 2297 5745 uis,
2328 5687 2413 5750 qui
2450 5686 2641 5736 lluvins
2664 5688 2984 5754 provinciam
3019 5688 3091 5739 Cu
3119 5688 3281 5737 altrim
3310 5687 3533 5743 alluens.
3566 5690 3613 5739 ιιι
3644 5706 3757 5743 uia-

2199 5772 2253 5809 re
2284 5754 2618 5809 llibernicutn
2650 5758 2965 5810 devolvitur.
3005 5757 3156 5809 Muri
3179 5773 3223 5809 L.
