4220 6454
360 203 460 261 769

1008 201 1211 260 SECT.
1254 202 1294 255 Ι.
1336 229 1403 240 -
1445 195 2029 254 llAGlOGRAPHlCA.
2070 223 2141 236 —
2180 194 2341 249 VITA
2386 194 2444 251 S.
2488 193 2899 249 CUTIIDERTI.
3510 194 3573 247 77

346 314 576 373 ducens,
608 311 763 364 annis
791 308 1012 378 singulis
1043 310 1112 363 ad
1141 324 1265 364 eum
1296 310 1514 377 venire,
1545 316 1602 363 et
1632 308 1833 363 monita
1865 304 1932 357 ab
1961 308 2012 366 Α
2039 303 2253 359 devenit
2298 305 2362 357 ad
2408 304 2642 358 villulam
2674 306 2951 375 cujusdam
2982 307 3195 360 comitis
3220 348 3233 371 ,
3283 308 3436 375 cujus
3481 324 3613 361 uxor

348 420 423 458 eo
468 412 744 472 perpetuae
775 401 963 454 salutis
1008 402 1251 468 accipere
1280 409 1655 455 consueverat.
1692 398 1788 451 llic
1816 412 1937 450 cum

355 496 592 548 audisset
635 508 757 547 eum
810 493 897 546 illa
949 492 1003 545 in
1033 492 1251 546 civitate
1286 493 1619 547 demoratum
1647 533 1661 554 ,
1697 492 1842 544 venit
1870 506 1938 544 ex

354 601 510 639 inore
537 584 759 653 cupiens
789 583 1109 637 salutaribus
1131 583 1248 651 ejus
1272 582 1729 637 exhortationibus
1755 582 1820 635 ad
1849 599 1938 635 su-

359 691 522 743 perna
549 674 817 729 desideria
842 675 1008 741 magis
1031 674 1303 743 magisque
1325 672 1663 725 inflammari.
1690 672 1787 737 Qui
1812 672 1936 725 dunt

357 783 477 822 sese
521 768 835 821 alterutrum
883 765 1117 818 cmlestis
1164 765 1446 833 sapientia:
1489 766 1692 831 poculis
1731 764 1942 817 debria-

359 868 500 924 rent,
530 856 663 908 dixit
694 855 831 907 inter
864 854 968 907 alia
1000 853 1330 907 Cudberctus
1358 871 1369 905 :
1406 870 1424 903 ι
1466 853 1749 919 Memento,
1781 853 1942 906 frater

361 948 703 1007 llerebercte,
731 954 787 997 ut
818 943 975 997 modo
1004 944 1255 1011 quidquid
1288 959 1422 1010 npus
1456 944 1622 998 habes
1654 959 1738 998 me
1771 945 1940 997 inter-

363 1054 538 1107 roges,
566 1053 879 1105 mecumque
912 1036 1184 1104 loquaris,
1218 1038 1339 1101 quia
1374 1046 1653 1105 postquam
1702 1036 1769 1089 ab
1798 1037 1941 1089 iovi-

359 1145 477 1184 cem
502 1127 734 1198 digressi
768 1125 1047 1191 fuerimus,
1078 1142 1180 1179 non
1210 1127 1345 1179 ultra
1380 1142 1476 1179 nos
1506 1126 1731 1180 invicem
1760 1128 1811 1178 in
1843 1130 1942 1180 hoc

359 1219 557 1273 saeculo
603 1219 814 1272 carneis
862 1216 1032 1271 oculis
1069 1217 1391 1270 videbimus.
1421 1218 1612 1270 Certus
1651 1231 1767 1269 sum
1796 1219 1941 1271 enim

359 1315 485 1378 quia
538 1317 749 1374 tempus
800 1323 934 1361 mete
986 1307 1325 1361 resolutionis
1365 1308 1558 1372 instat,
1593 1316 1649 1360 et
1677 1307 1829 1359 velox
1863 1315 1945 1361 est

370 1401 633 1470 depositio
664 1401 990 1454 tabernaculi
1016 1401 1137 1454 mei.
1161 1417 1181 1450 ι
1216 1400 1314 1465 Qui
1344 1401 1456 1453 INPC
1482 1399 1724 1462 audiens,
1754 1415 1946 1466 provo-

364 1494 505 1547 lutus
529 1494 646 1561 ejus
670 1492 909 1559 pedibus,
936 1488 1064 1543 fusis
1091 1506 1210 1544 cum
1235 1491 1431 1559 gemitu
1463 1490 1744 1559 lacrymis:
1781 1507 1800 1540 ι
1837 1491 1944 1543 Ub-

370 1599 545 1647 secro,
572 1585 763 1653 inquit,
792 1598 885 1650 per
911 1580 1214 1647 Dominum,
1248 1599 1315 1637 ne
1342 1599 1428 1637 tne
1453 1574 1815 1651 derelinquas,
1846 1583 1940 1637 sed

363 1676 439 1730 tui
469 1650 671 1728 sodalis
700 1673 1027 1736 memineris,
1060 1687 1324 1742 rogesque
1350 1687 1635 1741 supernam
1664 1650 1938 1737 pietatem,
1975 1650 2020 1710 Β

365 1773 421 1818 ιιι
450 1766 533 1818 cui
566 1764 762 1831 pariter
790 1764 841 1817 in
870 1763 1026 1817 terris
1054 1764 1398 1828 servivitnus,
1424 1765 1490 1817 ad
1529 1764 1644 1832 ejus
1668 1764 1944 1817 videndam

364 1860 661 1916 claritatem
693 1860 893 1927 pariter
924 1867 1259 1914 transeamus
1296 1858 1360 1911 ad
1401 1859 1591 1912 cmlos.
1621 1857 1769 1912 Nosti
1805 1858 1946 1911 enim

363 1954 484 2022 quia
516 1952 581 2005 ad
618 1952 691 2006 tui
721 1952 831 2005 oris
861 1952 1139 2018 imperium
1169 1966 1384 2021 semper
1406 1951 1587 2005 vivere
1635 1952 1811 2005 studui
1840 1992 1856 2016 ,
1893 1960 1950 2006 et

364 2043 619 2113 quidquid
652 2043 951 2112 ignorantia
983 2044 1065 2097 vel
1098 2042 1380 2112 fragilitate
1410 2044 1647 2113 deliqui,
1686 2060 1838 2113 teque
1879 2041 1945 2098 ad

367 2146 471 2190 tua:
495 2134 782 2188 voluntatis
805 2134 1086 2188 arbitrium
1115 2134 1379 2203 caSIigare
1404 2136 1607 2188 curavi.
1649 2154 1667 2186 ι
1706 2135 1945 2189 Incubuit

368 2228 614 2297 precibus
642 2226 950 2295 episcopus,
984 2228 1271 2293 statimque
1298 2226 1520 2278 edoctus
1545 2226 1595 2277 in
1626 2225 1815 2293 spiritu
1850 2225 1950 2278 im-

369 2328 607 2386 petrasse
629 2332 687 2371 se
709 2316 849 2385 quod
875 2318 1099 2385 petierat
1119 2333 1146 2368 a
1175 2316 1398 2369 Domino
1430 2333 1443 2368 :
1482 2333 1500 2366 ι
1536 2315 1725 2384 Surge,
1756 2317 1947 2385 inquit,

367 2413 532 2465 frater
554 2413 648 2476 nti,
673 2420 725 2463 et
758 2408 867 2463 noli
897 2410 1130 2477 plorare,
1156 2409 1249 2462 sed
1270 2407 1465 2477 gaudio
1488 2408 1679 2477 gaude,
1709 2409 1831 2477 quia
1855 2410 1952 2462 do-

370 2504 515 2556 navit
536 2501 689 2556 nobis
709 2516 937 2569 superna
968 2500 1246 2555 clementia
1268 2501 1406 2567 quod
1435 2501 1736 2569 rogavimus
1755 2515 1894 2554 eam.
1927 2519 1946 2552 ι

369 2593 530 2663 Cujus
560 2595 576 2625 ι
611 2593 1017 2661 promissionem
1065 2600 1119 2646 et
1166 2592 1460 2660 prophetia:
1500 2595 1814 2653 veritatem,
1866 2607 1951 2645 se-

372 2699 541 2754 quens
572 2699 749 2739 rerum
800 2684 921 2737 finis
972 2683 1201 2739 astruxit
1227 2699 1240 2736 :
1265 2684 1284 2712 ¹
1315 2684 1436 2751 quia
1484 2682 1850 2753 digredientes
1882 2682 1952 2735 ab

373 2780 597 2835 invicem
652 2794 757 2833 non
803 2777 1031 2847 amplius
1079 2793 1137 2832 se
1175 2777 1525 2846 corporaliter
1569 2776 1847 2840 viderunt,
1899 2783 1954 2829 et

376 2871 535 2924 unius
580 2868 930 2938 ejusdemque
976 2877 1247 2922 momento
1289 2866 1542 2934 temporis
1565 2866 1897 2935 egredientes
1922 2880 1954 2919 e

373 2973 597 3028 corpore
642 2960 859 3029 spiritus
905 2972 1090 3013 eorum
1122 2973 1242 3013 mox
1272 2958 1425 3013 beata
1476 2958 1702 3012 invicem
1749 2957 1952 3010 visione

372 3053 644 3122 conjuncti
687 3062 831 3118 sunt,
859 3062 1019 3121 atque
1043 3052 1285 3120 angelico
1328 3051 1623 3104 ministerio
1654 3051 1851 3119 pariter
1881 3051 1947 3103 ad

372 3158 592 3213 regnum
623 3143 840 3199 cteleste
868 3148 898 3177 ⁸
930 3144 1190 3197 translati.
1238 3142 1345 3198 Sed
1374 3142 1731 3198 llereberctus
1752 3144 1953 3198 diutina

376 3239 521 3304 prius
579 3234 888 3291 infirmitate
927 3236 1259 3304 decoquitur,
1310 3237 1394 3288 illa
1440 3236 1683 3291 fortassis
1729 3237 1945 3302 dispen-

376 3327 581 3399 satione
609 3324 893 3381 dominica:
921 3327 1163 3395 pietatis,
1199 3335 1257 3380 ut
1300 3327 1343 3379 si
1391 3328 1514 3395 quid
1562 3331 1739 3380 minus
1787 3326 1953 3379 babe-

378 3430 458 3474 ret
482 3419 504 3450 ³
534 3419 710 3475 meriti
740 3435 770 3474 a
792 3420 947 3476 beato
967 3419 1301 3486 Cudbercto,
1334 3420 1606 3488 suppleret
1633 3418 1791 3473 dolor
1821 3435 1955 3473 con-

379 3509 556 3563 tinuus
600 3510 770 3577 longae
796 3509 1164 3578 aegritudinis:
1197 3520 1459 3577 quatenus
1502 3520 1743 3580 aequatus
1782 3512 1957 3580 gratia

381 3614 474 3654 sun
503 3600 878 3667 intercessori,
904 3601 1042 3657 sicut
1068 3617 1175 3656 uno
1197 3602 1218 3632 ⁸
1248 3603 1545 3672 eodemque
1570 3603 1676 3658 diei
1714 3613 1958 3674 tempore

384 3707 504 3746 cum
551 3706 617 3746 eo
660 3692 726 3747 de
776 3706 1002 3760 corpore
1044 3692 1265 3762 egredi,
1317 3694 1385 3747 ita
1434 3694 1594 3748 etiam
1644 3709 1744 3748 una
1801 3706 1962 3764 atque

383 3784 683 3840 indissimili
714 3785 840 3841 sede
866 3795 1135 3856 perpetuat
1179 3785 1520 3842 beatitudinis
1546 3796 1846 3842 mereretur
1876 3803 1961 3843 re-

385 3876 511 3945 cipi.

386 3984 532 4042 CAP.
575 3985 766 4042 XXIX.
810 3987 1076 4051 Quomodo
1103 4004 1313 4042 uxorem
1342 3988 1541 4041 comitis
1568 4005 1659 4057 per
1686 3988 1949 4059 presbyte-

650 4075 767 4111 rum
794 4075 943 4111 suum
972 4075 1107 4123 aqua
1137 4063 1395 4112 benedicta
1423 4063 1695 4113 sanaverit.

460 4148 696 4215 Quadam
715 4162 891 4203 autem
912 4151 998 4203 die
1019 4149 1145 4204 dunt
1172 4151 1479 4219 parochiam
1503 4166 1652 4205 suam
1676 4152 1965 4215 circuiens,

386 4241 584 4295 monita
626 4240 815 4296 salutis
852 4242 1103 4296 omnibus
1130 4244 1150 4274 ⁸
1180 4243 1393 4296 ruribus
1419 4283 1435 4307 ,
1483 4244 1621 4297 casis
1652 4254 1705 4298 et
1734 4244 1964 4299 vinculis

2041 395 2180 448 male
2211 394 2413 448 habens
2444 393 2598 462 quasi
2628 397 2783 449 morti
2818 397 3055 463 proxima
3091 395 3321 465 jacebat.
3371 397 3465 451 Cni
3503 397 3613 466 jam

2039 485 2273 538 venienti
2308 500 2599 538 occurrens
2628 489 2741 551 ipse
2769 484 2795 523 1³
2820 502 3021 551 comes,
3053 488 3203 542 flexis
3234 492 3455 555 genibus
3484 506 3610 558 gra—

2043 577 2143 630 tias
2170 579 2274 645 egit
2310 577 2539 631 Domino
2565 577 2632 630 de
2660 579 2893 632 adventu
2943 580 3117 643 illius,
3168 592 3222 634 et
3269 582 3616 635 ιιιιιοόυιτοιιε

2040 684 2161 722 eum
2195 668 2427 737 benigno
2456 668 2657 734 recepit
2704 668 2955 737 hospitio.
3011 671 3250 736 Cumque
3301 672 3423 724 Iutis
3470 689 3619 727 more

2041 760 2415 829 hospitalitatis
2448 761 2693 814 inanibus
2720 778 2781 813 ac
2809 763 3028 828 pedibus
3058 766 3344 817 resedisset
3371 767 3616 831 antistes,

2044 852 2208 918 coqtit
2241 854 2438 904 referre
2468 852 2539 904 illi
2570 852 2648 903 vir
2668 853 2734 904 de
2757 852 3010 918 languore
3041 856 3279 922 conjugis
3300 858 3620 923 desperatae,

2043 944 2331 995 obsecrans
2362 950 2416 994 ut
2442 941 2507 994 ad
2534 943 2554 974 ⁸
2576 944 2960 1011 aspergendam
3007 960 3121 996 eam
3169 962 3357 1013 aquam
3392 946 3621 999 benedi-

2043 1044 2207 1086 ceret.
2244 1050 2262 1083 ι
2297 1034 2490 1097 Credo,
2528 1032 2734 1101 inquit,
2780 1036 2901 1101 quia
2948 1050 3070 1087 mox
3115 1044 3207 1087 aut
3250 1040 3462 1088 sanitati
3512 1037 3621 1089 Deo

2042 1126 2279 1180 donante
2308 1128 2641 1192 restituatur,
2686 1133 2778 1178 aut
2807 1130 2851 1180 si
2882 1128 3140 1180 moritura
3187 1136 3289 1192 est,
3314 1138 3621 1195 perpetuam

2043 1218 2110 1271 de
2162 1230 2333 1271 morte
2365 1226 2600 1272 transeat
2648 1219 2715 1272 ad
2764 1220 2970 1284 vitam,
3026 1219 3290 1285 citiusque
3341 1221 3622 1273 moriendo

2044 1308 2418 1376 compendium
2454 1320 2557 1362 tam
2606 1311 2930 1364 miserabilis
2974 1326 3037 1363 ac
3079 1312 3298 1363 diutina:
3330 1313 3626 1365 vexationis

2044 1399 2293 1467 accipiat.
2331 1418 2349 1451 ι
2395 1400 2591 1455 Adnuit
2617 1400 2926 1467 deprecanti
2958 1403 3035 1455 vir
3060 1402 3175 1469 Dei,
3206 1412 3260 1455 et
3286 1403 3500 1456 all-tam
3536 1403 3630 1455 bc-

2047 1490 2303 1543 nedicens
2348 1504 2538 1557 aquam
2574 1492 2719 1544 dedit
2750 1502 2770 1526 ε
2801 1492 3113 1558 presbytero
3140 1534 3154 1555 ,
3204 1491 3522 1560 prtecipiens
3570 1502 3628 1545 ut
3694 1510 3701 1518 ·

2047 1594 2209 1647 super
2242 1579 2545 1648 languidam
2575 1592 2906 1647 aspergeret.
2954 1584 3051 1643 Qtti
3087 1583 3444 1653 introgressus
3475 1583 3627 1634 cubi-

2053 1674 2233 1725 culum
2264 1672 2314 1723 in
2344 1688 2449 1739 quo
2478 1672 2564 1724 illa
2592 1673 2820 1725 exanimi
2852 1672 3118 1726 simillima
3144 1672 3377 1740 jacehat,
3404 1674 3633 1739 aSpet-sit

2054 1761 2224 1829 ipsam
2273 1771 2328 1815 et
2377 1762 2631 1815 lectulum
2665 1760 2822 1830 ejus:
2875 1762 2967 1815 sed
3016 1775 3069 1815 et
3117 1778 3177 1815 os
3219 1762 3359 1816 illius
3391 1766 3633 1829 aperiens

2052 1864 2266 1921 gustum
2293 1852 2552 1906 salutifeti
2584 1853 2806 1905 haustus
2836 1853 3074 1906 immisit.
3111 1853 3216 1907 Res
3246 1856 3377 1905 inira
3403 1865 3457 1907 et
3482 1856 3637 1908 vehe-

2055 1954 2265 1998 menter
2293 1944 2551 2008 stupenda
2579 1944 2591 1997 Ξ
2637 1959 2759 1996 mox
2792 1954 2848 1995 ut
2879 1959 2998 1995 eam
3026 1959 3161 2010 aqua
3196 1944 3475 1996 benedicut
3504 1959 3635 1996 eon-

2056 2036 2173 2101 tigit
2204 2036 2562 2103 languentem,
2592 2044 2645 2087 et
2673 2035 2796 2103 quid
2830 2049 2952 2101 erga
2988 2050 3104 2087 eam
3134 2036 3151 2064 ⁷
3176 2050 3456 2100 gereretur
3484 2052 3634 2102 pror-

2053 2141 2144 2181 sus
2196 2127 2523 2194 ignorantem
2550 2165 2564 2187 ,
2619 2126 2690 2177 ita
2741 2125 2954 2192 plenam
2996 2134 3048 2177 et
3090 2127 3283 2176 mt‘ttlis
3314 2136 3367 2177 et
3394 2126 3637 2190 corporis

2057 2224 2343 2275 sanitatem
2377 2224 2575 2286 recepit
2599 2258 2614 2282 ,
2661 2226 2717 2271 ut
2746 2218 3027 2271 confestim
3059 2218 3379 2285 resipiscens
3410 2217 3632 2270 benedi-

2054 2322 2202 2367 ceret
2231 2312 2533 2373 Domitium,
2568 2312 2874 2377 gratiasque
2906 2306 3129 2362 referret
3157 2324 3202 2359 et
3236 2310 3323 2373 qui
3357 2307 3488 2361 tales
3520 2318 3637 2361 tati-

2061 2414 2248 2472 tosqtte
2283 2402 2519 2467 hospites
2565 2403 2629 2453 ad
2672 2412 2731 2451 se
2760 2398 3077 2451 visitandani
3109 2398 3507 2464 curandamque
3543 2399 3640 2449 de-

2057 2496 2264 2547 stinare
2294 2492 2542 2560 dignatus
2563 2500 2665 2542 est.
2706 2488 2811 2543 Nec
2843 2504 2990 2541 mora
3019 2500 3335 2556 exsurgens,
3367 2486 3495 2554 ipsis
3529 2500 3640 2538 sua:

2058 2584 2300 2638 sanitatis
2324 2582 2580 2635 ministris
2603 2581 2953 2634 ministerium
2981 2595 3109 2632 sana
3130 2577 3374 2646 praebuit,
3393 2578 3644 2645 pulchro-

2057 2692 2161 2745 que
2190 2674 2505 2743 spectaculo
2549 2676 2658 2742 ipsa
2706 2675 2872 2741 prima
2903 2674 2968 2725 de
3002 2681 3111 2724 tota
3143 2673 3272 2723 tanti
3305 2672 3403 2723 virt
3438 2667 3637 2722 familia

2058 2769 2310 2834 episcopo
2342 2777 2530 2835 potum
2563 2765 2874 2820 refectionis
2905 2765 3136 2829 obtulit,
3185 2779 3304 2832 qua:
3351 2778 3445 2830 per
3473 2762 3644 2831 ipsius

2059 2860 2486 2915 benedictionem
2520 2856 2765 2924 poculum
2798 2857 2987 2910 mortis
3015 2855 3219 2907 evasit:
3254 2866 3435 2908 secuta
3465 2844 3673 2909 exem-V

2061 2952 2206 3017 plum
2238 2964 2425 3003 socrus
2456 2947 2685 3017 apostoli
2718 2945 2898 3009 Petri,
2951 2962 3067 3012 qua:
3110 2953 3291 2998 curata
3337 2960 3366 2996 a
3412 2943 3648 2997 febribus

2060 3057 2154 3111 per
2188 3042 2506 3103 Dominum,
2548 3040 2803 3094 continuo
2834 3051 3063 3108 surgens
3096 3037 3433 3095 ministrabat
3480 3034 3551 3088 illi
3596 3043 3650 3086 et

2060 3130 2338 3199 discipulis
2363 3132 2503 3197 ejus.

2059 3244 2215 3301 CAP.
2256 3241 2420 3299 XXX.
2466 3243 2735 3309 Quomodo
2765 3241 2989 3305 puellam
3022 3241 3134 3291 oleo
3169 3252 3463 3299 perunctum
3490 3256 3521 3291 a
3551 3241 3646 3290 do-

2398 3318 2504 3368 lore
2532 3314 2715 3382 capitis
2744 3313 3015 3376 laterisque
3046 3327 3187 3362 curat
3205 3319 3320 3361 el‘J.

2133 3431 2316 3501 Neque
2347 3429 2470 3484 huic
2496 3426 2759 3483 dissimile
2800 3424 3041 3480 sanitatis
3074 3424 3390 3478 miraculum
3423 3439 3451 3477 a
3482 3439 3642 3479 vene-

2063 3522 2233 3577 rabile
2270 3520 2511 3575 antistite
2541 3517 2844 3572 Cudbercto
2876 3515 3071 3569 factum
3099 3555 3113 3577 ,
3166 3513 3316 3566 tnulti
3360 3514 3449 3580 qui
3496 3529 3648 3582 prae-

2064 3628 2246 3671 sentes
2295 3614 2443 3666 fuere
2489 3610 2665 3664 testati
2712 3618 2871 3661 sunt:
2917 3622 2948 3660 e
2990 3607 3180 3674 quibus
3226 3614 3309 3658 est
3355 3606 3637 3673 religiosus

2068 3707 2345 3778 presbyter
2370 3703 2394 3742 δ
2421 3700 2684 3757 r‘Edilvald
2733 3710 2857 3753 tunc
2906 3697 3153 3751 minister
3182 3697 3278 3749 viri
3324 3696 3416 3748 Dei
3443 3736 3458 3759 ,
3506 3710 3646 3750 nunc

2066 3810 2241 3853 autem
2274 3796 2439 3850 abbas
2467 3792 2697 3849 cmnobii
2730 3790 3113 3844 Mailrosensis.
3163 3787 3296 3841 Dum
3325 3789 3466 3841 enim
3497 3804 3647 3841 more

2067 3906 2165 3945 suo
2196 3887 2587 3959 pertransiret'
2608 3889 2886 3939 universos
2912 3882 3178 3946 docendo,
3205 3882 3415 3934 devenit
3444 3882 3494 3933 itt
3525 3886 3548 3912 '
3576 3882 3651 3933 vi-

2068 3958 2523 4048 cumiquemdam,
2552 3978 2605 4030 in
2632 3991 2737 4044 quo
2759 3981 2914 4027 erant
2940 3958 3152 4025 femina:
3176 3973 3196 4003 ’
3219 3969 3651 4023 sanctimoniales

2072 4086 2178 4124 non
2213 4069 2417 4131 multas,
2443 4068 2637 4135 quibus
2668 4066 2856 4117 timore
2887 4062 3148 4115 barbarici
3180 4063 3449 4113 exercitus
3476 4075 3505 4112 a
3536 4075 3644 4112 mo-

2074 4161 2312 4215 nasterio
2357 4173 2455 4213 suo
2504 4156 2774 4226 profugis,
2822 4153 3020 4207 ibidem
3068 4151 3315 4206 manendi
3360 4152 3542 4203 δεύρω
3575 4154 3656 4204 vir

2072 4252 2280 4307 Domini
2311 4249 2470 4320 paulo
2498 4258 2621 4301 ante
2647 4247 2957 4299 donaverat.
2990 4244 3223 4309 Quarum
3251 4256 3509 4308 una,quaa
3536 4249 3654 4293 erat

388 4334 687 4401 largiretur.
737 4349 838 4388 nec
870 4350 975 4388 non
1006 4334 1167 4388 etiam
1202 4350 1372 4403 nuper
1401 4334 1682 4403 baptizatis
1719 4337 1785 4391 ad
1815 4340 1961 4393 acci-
2000 4364 2049 4424 υ
2072 4352 2298 4414 cognata
2329 4336 2535 4412 praefati
2565 4337 2861 4393 sacerdotis
2891 4334 3207 4400 Edilvaldi,
3227 4334 3545 4403 gravissimo
3574 4344 3656 4386 te-

390 4426 634 4494 piendam
663 4424 899 4494 Spiritus
930 4427 1099 4481 sancti
1127 4427 1354 4496 gratiam
1386 4441 1603 4480 manum
1634 4428 1965 4502 imponeret;

2080 4438 2305 4492 nebatur
2348 4434 2605 4502 languore
2647 4431 2936 4501 depressa;
2987 4444 3081 4498 per
3114 4428 3380 4497 integrum
3428 4441 3659 4495 namque

1324 4536 1798 4597 VULGATORUM
1838 4542 2234 4606 VARIANTES
2276 4544 2685 4601 LECTIUNES.

460 4632 473 4661 ¹
520 4631 771 4689 Promisst
800 4644 870 4686 et.

460 4709 481 4739 ²
524 4705 656 4770 Quia
685 4713 751 4756 et.

460 4777 481 4807 ³
522 4774 694 4827 Meriti
721 4776 885 4826 beato.

462 4848 480 4877 ⁸
523 4845 814 4912 Εοςίεηιᾳιιε
844 4852 1087 4911 tempore.

460 4923 482 4953 ⁸
523 4916 668 4971 Ruri.

2148 4646 2168 4675 “
2208 4638 2585 4706 Spargendam.

2144 4711 2162 4739 "
2207 4697 2471 4805 liberetur.

2148 4780 2169 4805 I
2215 4780 2231 4805 Ι
2263 4783 2454 4805 uina..-“

2148 4780 2169 4808 '
2213 4780 2474 4832 Univrrsa.

2149 4852 2169 4881 ⁹
2211 4847 2373 4901 Erant
2403 4844 2837 4899 sanctimoniam.

1746 5007 2104 5068 VARIORUM
2146 5013 2375 5069 NOTAE.

379 5084 387 5114 δ
464 5115 487 5143 ⁸
522 5125 542 5163 ι
577 5106 695 5160 Uno
732 5104 1028 5172 eodemque
1066 5105 1194 5167 die,
1244 5104 1416 5173 inquit
1459 5103 1600 5158 Beda
1646 5102 1698 5156 in
1747 5104 1841 5157 lih.
1895 5119 1968 5171 Iv,

394 5191 509 5243 cap.
533 5178 625 5239 29,
650 5178 751 5229 hoc
776 5187 857 5229 est
882 5175 1233 5229 Kalendarum
1264 5177 1525 5242 Aprilium
1559 5176 1714 5229 tertia
1738 5175 1969 5240 decima,

396 5248 741 5317 egredientes
769 5264 799 5297 e
827 5260 1093 5317 corpore,
1137 5246 1361 5317 spiritus
1409 5261 1592 5299 eorum
1644 5259 1764 5317 mos
1818 5244 1970 5299 beata

396 5315 619 5370 invicem
648 5315 855 5369 visione
878 5315 1147 5384 conjuncti
1178 5324 1332 5379 sunt,
1373 5326 1531 5385 atque
1578 5315 1823 5383 angelico
1870 5317 1975 5369 mi-

399 5387 639 5453 nisterio,
670 5396 776 5440 etc.
804 5404 822 5437 ι
860 5386 1213 5439 Hereberctus
1245 5387 1525 5457 presbyter
1554 5388 1744 5438 eodem
1774 5400 1881 5457 quo
1910 5388 1969 5441 S.

397 5458 726 5511 Cuthbertns
752 5458 838 5510 die
865 5457 1038 5509 Fastis
1070 5456 1428 5510 Benedictinis
1458 5457 1787 5510 inscribitur.
1832 5456 1969 5511 Man.

470 5527 495 5565 δ
526 5529 723 5580 Comes.
773 5524 991 5580 Heunna
1024 5530 1270 5593 nomine,
1311 5526 1362 5582 in
1393 5527 1609 5596 regione
1634 5542 1753 5596 quac
1781 5525 1973 5581 dicitur

403 5593 609 5652 [lenitis
637 5598 900 5652 habitans.
941 5596 1134 5652 Sumt.

2152 5116 2173 5177 ῗ
2207 5108 2531 5177 Presbytero.
2562 5108 2660 5173 Qui
2692 5114 2911 5159 vocatus
2940 5114 3020 5157 est
3049 5104 3196 5177 fleta.
3226 5102 3311 5177 in.

2146 5173 2173 5213 δ
2202 5173 2495 5232 Afdiltiald.
2549 5179 2621 5232 De
2667 5177 2769 5230 hoc
2814 5177 2932 5229 vide
2980 5191 3029 5239 v,
3082 5174 3168 5229 12.
3221 5173 3409 5227 Surrn.
3451 5201 3510 5213 —
3556 5173 3657 5227 Alii

2077 5246 2476 5304 Ethelwoldnm
2532 5260 2769 5309 vocant,
2829 5248 2917 5314 qni
2967 5262 3025 5297 m
3082 5247 3273 5296 abbate
3326 5243 3655 5296 Mailrosensi

2076 5331 2286 5375 creatus
2309 5332 2391 5373 est
2415 5317 2863 5373 Lindisfarnensis
2886 5318 3166 5385 episcopus
3191 5325 3309 5384 post
3332 5314 3652 5366 Eadbertutn

2076 5406 2123 5446 et
2151 5390 2479 5451 Eadfridnm,
2503 5392 2557 5445 S.
2584 5389 2859 5442 Cntnhcrti
2892 5401 3252 5445 successores,
3282 5394 3336 5437 ct
3366 5386 3416 5437 in
3444 5398 3657 5439 saneto-

2081 5479 2197 5517 rttm
2229 5465 2471 5524 catalotzo
2504 5462 2676 5512 locum
2710 5460 2903 5509 habere.
2932 5458 3146 5511 meruit.
3189 5458 3415 5511 Manum.

2156 5542 2179 5570 ε
2221 5532 2415 5585 Virum.
2450 5532 2580 5587 Scil.
2614 5529 2903 5597 Bedrsfrld.
2934 5525 3128 5583 Sutru.
