4220 6464
597 213 695 266 771

1317 202 1514 259 ΒΕῐὶιΕ
1556 195 2006 253 VENEIMBILIS
2042 193 2190 249 OPP.
2233 189 2412 244 PARS
2450 187 2537 242 IV.
2576 215 2647 227 -—
2686 183 3061 239 liISTORICA.

3757 183 3866 236 πει

600 342 798 382 aountn
828 321 1147 380 intolerabili
1181 320 1392 382 capitis,
1439 326 1494 369 et
1537 315 1697 368 totius
1735 312 1915 365 lateris
1958 307 2178 360 alterius
2211 307 2256 362 Α
2283 301 2349 353 de
2380 298 2779 367 circumpositis
2833 298 2936 350 late
2987 293 3180 346 villulis
3218 301 3524 361 congregalt
3551 337 3564 357 ,
3615 305 3636 332 ε
3670 295 3867 362 quibus

601 420 789 472 dolore
819 423 1040 475 vexata,
1091 410 1327 463 funditus
1372 423 1399 458 a
1452 405 1673 458 medicis
1717 411 1834 456 erat
1875 401 2178 460 desperata.

604 509 968 562 lndieautibus
996 515 1173 558 autem
1202 503 1268 556 de
1296 501 1384 553 illa
1415 501 1528 551 viro
1557 498 1672 556 Dei.
1700 507 1748 549 et
1785 511 1878 560 pro
1906 492 2185 546 sanatioiie

603 603 720 667 ejus
750 596 1154 650 obsecrantibus
1186 594 1266 646 his
1293 594 1382 661 qui
1409 599 1667 644 venerant
1697 603 1815 640 cum
1849 602 1932 646 eo,
1962 585 2184 636 misera-

605 701 688 743 tus
735 691 822 742 ille
864 688 1111 740 miseram
1145 685 1299 737 unxit
1327 684 1448 736 oleo
1482 681 1782 734 bent-dicto.
1835 678 1965 742 Quae
1996 676 2061 726 ab
2097 675 2184 725 illa

607 796 731 832 mox
764 779 891 831 hora
922 777 1192 830 meliorari
1221 775 1499 841 incipiens,
1530 782 1646 840 post
1667 771 1781 823 dies
1809 783 2004 836 paucos
2029 765 2184 832 plena

605 870 860 937 sospitate
889 867 1181 920 convaluit.

605 959 758 1013 CAP.
799 957 988 1011 XXXI.
1037 956 1304 1022 Quomodo
1346 971 1436 1020 per
1471 969 1647 1019 panem
1687 950 1747 1003 ab
1787 967 1844 1002 eo
1872 948 2186 1002 benedictum

1107 1028 1337 1092 inﬁrmus
1369 1028 1430 1077 sit
1460 1040 1691 1076 sanaius.

681 1122 788 1176 Nec
815 1122 1030 1176 silentio
1064 1120 1493 1188 praetereundum
1525 1121 1846 1169 arbitramur
1873 1114 2185 1167 miraculum

611 1215 751 1284 quod
798 1215 1038 1281 ejusdem
1075 1216 1170 1264 viri
1202 1211 1522 1264 venerabilis
1555 1209 1768 1266 virtute,
1802 1208 2047 1273 quamvis
2076 1205 2193 1271 ip~o

614 1309 866 1365 absente,
901 1313 1163 1371 patratum
1193 1299 1560 1370 eognoviuius.
1619 1299 1958 1353 Meminimus
1983 1306 2007 1331 ει
2031 1310 2190 1361 supra

618 1395 874 1449 Ilildtueri
899 1395 1156 1464 pr:el'e0ti.
1181 1393 1334 1462 cujus
1357 1406 1576 1444 uxorem
1604 1391 1685 1441 vir
1712 1389 1802 1441 Dei
1831 1388 1896 1438 :tb
1920 1387 2196 1439 immundo

615 1491 802 1558 spiritu
850 1489 1178 1541 liberaverit.
1222 1489 1240 1518 ί
1269 1487 1409 1539 ldent
1457 1494 1634 1536 autem
1683 1481 1967 1548 βιέιιίεειιιε
2012 1486 2198 1547 postea

614 1579 636 1611 ³
663 1579 861 1632 decidit
906 1580 955 1629 in
989 1577 1351 1629 infirmitatem
1382 1573 1786 1641 gravissimam,
1832 1570 1967 1623 adeo
1995 1579 2049 1622 ut
2079 1583 2198 1621 cre-

2287 406 2478 444 manus
2508 398 2624 443 erat
2654 389 3000 456 imponenda.
3044 385 3152 439 Nec
3185 394 3360 437 tamen
3395 387 3444 437 in
3476 385 3747 440 monilibus
3776 401 3867 442 ec-

2286 484 2447 538 clesia
2479 483 2562 535 vel
2599 483 2744 534 locus
2778 479 3003 533 inveniri
3050 479 3217 545 potuit
3247 489 3401 541 aptus
3431 477 3518 544 qui
3552 476 3868 546 pontiﬁcem

2289 589 2408 626 eum
2463 588 2560 624 suo
2602 571 2858 624 comitatu
2891 570 3208 638 susciperet.
3259 567 3626 622 Tetenderunt
3654 585 3786 638 ergo
3815 572 3867 625 ei

2293 663 2520 716 tentotia
2557 663 2605 713 in
2640 663 2719 713 via
2742 701 2755 722 ,
2797 670 2852 713 et
2881 661 3033 712 etesis
3062 661 3129 712 de
3159 659 3336 712 vicina
3365 659 3493 711 silva
3527 661 3864 726 ramusculis,

2287 756 2387 806 sibi
2418 752 2616 820 quique
2645 749 2979 804 tabernacula
3005 749 3068 800 ad
3097 748 3417 802 manendum
3444 750 3616 816 qualia
3649 761 3870 816 potuere

2292 845 2544 896 fixerunt.
2601 843 2698 896 Ubi
2746 843 2874 894 dum
2920 839 3313 893 conﬂuentibus
3361 839 3426 892 ad
3475 855 3532 891 se
3580 841 3750 894 turbis
3789 846 3874 895 vit‘

2289 936 2384 988 {)et
2423 937 2646 990 verbum
2700 933 2861 987 biduo
2911 934 3268 1002 praedicaret,
3317 946 3381 985 ac
3426 931 3656 1001 Spiritus
3701 936 3868 987 Sanesi

2292 1025 2512 1093 gratiam
2546 1040 2712 1092 nuper
2745 1024 3076 1090 regeneratis
3107 1023 3157 1075 iti
3187 1020 3402 1074 Christo
3432 1039 3524 1090 per
3557 1039 3745 1076 manus
3774 1026 3875 1076 itii-

2295 1117 2611 1184 positionem
2664 1115 3036 1177 ministraret,
3091 1128 3218 1166 ecce
3269 1113 3449 1166 subito
3508 1127 3874 1181 apparuerunt

2296 1209 2546 1260 mulieres
2576 1206 2807 1259 ferentes
2840 1208 2888 1257 iit
2921 1205 3178 1271 grabbato
3209 1203 3484 1271 juvenem,
3513 1204 3683 1273 longa:
3713 1207 3838 1272 aegri
3858 1234 3872 1244 -

2298 1299 2493 1351 tudinis
2524 1299 2816 1350 acerbitate
2849 1296 3169 1348 labefactum
3191 1338 3204 1361 ,
3240 1304 3607 1364 ponentesque
3640 1297 3690 1348 iii
3721 1297 3867 1350 exitu

2299 1391 2469 1451 silvae,
2504 1390 2768 1442 tniseruot
2800 1387 2864 1440 ad
2892 1389 3226 1456 episcopum,
3260 1401 3512 1453 rogantes
3545 1399 3600 1441 ut
3629 1389 3694 1442 ad
3730 1395 3873 1442 acci-

2303 1479 2549 1549 piendam
2584 1479 3015 1532 benedictionem
3048 1478 3112 1530 ad
3161 1492 3218 1530 se
3253 1478 3395 1532 hunc
3425 1479 3601 1532 afferri
3653 1481 3872 1547 permit-

2307 1584 2461 1626 teret.
2493 1573 2661 1638 Quetn
2691 1586 2810 1624 cum
2844 1572 2908 1622 ad
2940 1585 2998 1624 se
3032 1571 3343 1638 perductum
3374 1573 3637 1624 acerrime
3665 1583 3684 1612 σ
3709 1589 3876 1627 vexa-

622 1679 812 1722 scente
839 1683 934 1734 per
963 1667 1078 1719 dics
1103 1675 1122 1704 ³
1147 1665 1385 1717 molestia
1418 1672 1749 1716 sterneretur
1780 1660 1832 1712 ill
1866 1662 2056 1713 lectum
2079 1698 2094 1721 .
2147 1668 2201 1710 Cl
2238 1659 2278 1716 Β
2309 1675 2416 1717 tum
2450 1668 2819 1731 conspiceret,
2848 1664 3008 1728 jussit
3035 1677 3222 1715 omnes
3250 1663 3502 1717 secedere
3535 1664 3763 1731 longius.
3819 1666 3878 1718 Et

621 1760 890 1814 videretur
913 1760 1021 1827 jant
1049 1757 1266 1826 jamque
1292 1770 1410 1808 esse
1437 1755 1748 1806 moriturus.
1782 1753 2016 1805 Adi-rant
2044 1751 2194 1803 multi

618 1851 934 1912 amicorum,
953 1849 1039 1915 qui
1064 1848 1127 1899 ad
1151 1845 1534 1899 consolandum
1560 1854 1814 1897 venerant
1839 1845 2196 1910 languentem.

619 1941 859 2008 Cumque
889 1941 1025 1994 lecto
1052 1938 1281 2006 jacentis
1311 1935 1642 1997 assiderent,
1691 1942 1908 2000 repente
1942 1948 2076 1984 unus
2103 1949 2198 1984 eo-

629 2049 745 2086 rum
779 2031 984 2096 intuLt,
1029 2031 1148 2099 quia
1181 2045 1364 2083 secum
1413 2029 1624 2079 haberet
1673 2043 1860 2094 panem
1894 2041 2050 2092 quem
2097 2025 2196 2076 sibi

576 2154 578 2156 τ
631 2139 798 2192 nuper
847 2123 930 2175 vir
983 2121 1190 2174 Domini
1221 2121 1551 2174 Cudberctus
1600 2117 1988 2170 benedictionis
2029 2118 2197 2184 gratia

621 2224 643 2252 δ
666 2218 856 2268 daret:
890 2231 910 2266 ι
945 2212 1012 2266 Ει
1038 2214 1218 2275 credo,
1253 2211 1440 2278 inquit,
1482 2211 1601 2276 quia
1635 2208 1792 2272 hujus
1820 2219 1976 2274 gustu
2009 2207 2199 2274 possit,

620 2309 663 2362 si
693 2318 870 2360 tamen
902 2305 1022 2358 fidei
1055 2315 1251 2357 nostra:
1286 2302 1506 2355 tarditas
1537 2317 1643 2354 non
1674 2300 1902 2361 obsistit,
1936 2297 2197 2351 medelam

626 2401 864 2466 recipere
903 2397 1108 2452 salutis.
1148 2416 1166 2447 ι
1224 2394 1392 2448 Erant
1440 2404 1614 2445 autem
1669 2392 1782 2444 laici
1837 2405 2047 2451 onmes,
2103 2389 2197 2440 sed

624 2488 881 2558 religiosi.
928 2484 1180 2540 Conversi
1231 2485 1389 2554 igitur
1428 2485 1492 2535 ad
1540 2483 1766 2534 invicem
1807 2483 2202 2533 confitebantur

623 2579 812 2646 singuli
863 2582 984 2645 quia
1034 2576 1238 2643 absque
1289 2576 1392 2626 ulla
1447 2573 1715 2624 dubietate
1764 2571 2048 2624 crederent
2106 2586 2201 2637 pt-r

623 2666 865 2738 ejusdem
915 2664 1176 2718 benedicti
1224 2663 1377 2732 panis
1420 2661 1852 2715 communionem
1883 2677 2002 2712 eum
2038 2675 2194 2728 posse

630 2758 828 2812 sanari.
899 2755 1294 2825 Itnpletttcsque
1347 2769 1481 2821 aqua
1535 2754 1804 2817 ealieetn,
1864 2753 2200 2805 ittttttiserunt

630 2848 974 2919 pauxillulum
1004 2847 1153 2915 panis
1181 2845 1341 2908 illius,
1366 2853 1419 2896 et
1449 2845 1712 2896 dederunt
1734 2845 1781 2896 ei
1809 2844 2008 2896 bibere.
2034 2844 2202 2910 Cujus

632 2939 812 2995 statim
841 2951 896 2993 ut
925 2941 1124 2991 viscera
1156 2947 1342 3006 gustus
1371 2935 1460 2989 ille
1485 2949 1634 3003 aquae
1664 2949 1755 3003 per
1788 2950 1975 3002 panem
2005 2937 2200 2988 sancti-

637 3036 826 3088 ﬁcaius
853 3032 1047 3100 attigit,
1079 3033 1207 3099 fugit
1239 3030 1390 3082 dolor
1422 3031 1817 3082 iuteraneorum
1845 3029 2039 3090 omnis,
2068 3028 2200 3096 fttgit
2230 3020 2276 3080 C

633 3127 962 3182 exteriorum
1007 3123 1246 3176 tabitudo
1288 3121 1668 3174 membrorum.
1719 3120 1827 3174 Nec
1853 3136 1998 3172 mora
2031 3136 2199 3190 expe-

629 3221 796 3275 dittittt
829 3235 856 3272 a
889 3218 1142 3287 languore
1169 3217 1336 3269 virum
1364 3217 1506 3269 salus
1533 3214 1816 3268 subsecuta
1843 3213 2197 3279 continuavit,

629 3327 790 3386 atque
829 3316 892 3368 ad
933 3312 1246 3367 laudandam
1280 3311 1466 3364 famuli
1501 3311 1696 3365 Christi
1726 3313 2063 3366 sanetitatem
2089 3354 2105 3377 ,
2152 3299 2205 3365 et

629 3406 991 3460 admirandam
1017 3404 1138 3457 fidei
1163 3418 1268 3455 non
1294 3403 1427 3456 fictae
1451 3404 1718 3467 virtutem,
1740 3403 1930 3456 merito
1950 3413 2003 3456 et
2029 3403 2202 3470 ipsum

629 3510 686 3554 et
721 3516 907 3554 otnnes
935 3499 1024 3567 qtti
1071 3497 1401 3552 celeritatem
1449 3506 1554 3550 tam
1601 3499 1884 3567 in0pinata:
1914 3502 2204 3554 sanatione

629 3594 810 3646 videre
838 3591 916 3642 vel
944 3587 1162 3642 audiere
1189 3589 1424 3642 sustulit.

627 3703 781 3758 CAP.
809 3699 1021 3753 XXXII.
1067 3698 1298 3762 Qualiter
1324 3698 1547 3749 ablatura
1571 3699 1668 3751 sibi
1694 3699 1745 3750 in
1769 3700 1948 3752 itinere
1965 3701 2204 3770 juvenem

864 3773 1166 3821 moriturum
1196 3771 1392 3821 orando
1422 3783 1675 3822 revocaret
1701 3777 1766 3821 ad
1798 3772 1970 3822 vitam.

707 3861 948 3926 Quodam
979 3874 1188 3928 quoque
1217 3869 1456 3925 tempore
1480 3861 1604 3911 duttt
1635 3861 1997 3916 sanctissimus
2029 3865 2210 3934 gregis

632 3953 884 4008 dominici
920 3962 1097 4019 pastor
1127 3967 1220 4003 sua
1254 3951 1527 4004 lustrando
1553 3951 1576 3989 ιι
1601 3953 1852 4006 circuiret
1881 3957 2043 4009 ovilia
2065 3997 2080 4020 ,
2112 3960 2209 4009 de-

634 4044 777 4098 venit
815 4041 867 4096 itt
909 4054 1160 4096 ttionlana
1207 4052 1261 4094 et
1299 4045 1526 4110 agrestia
1559 4041 1707 4108 loca,
1757 4045 1842 4099 tibi
1879 4050 2023 4100 multi
2055 4057 2207 4100 erant

2304 1754 2368 1806 ad
2411 1755 2564 1806 solita
2607 1755 2867 1804 otationis
2912 1766 3062 1804 arma
3107 1751 3442 1820 confugiens,
3491 1753 3610 1805 data
3658 1755 3876 1807 benedi-

2299 1849 2478 1901 ctione
2528 1847 2731 1915 pepulit
2781 1856 3024 1913 pestem,
3076 1859 3238 1913 quam
3290 1845 3514 1898 sollicita
3549 1847 3877 1900 medicorum

2303 1957 2492 1995 manus
2526 1942 2917 2009 pigmentorum
2965 1940 3354 2008 compositione
3384 1940 3718 2002 nequiverat.
3773 1942 3875 1995 De-

2303 2033 2465 2100 nique
2496 2034 2680 2085 eadem
2712 2031 2840 2084 hora
2873 2046 3096 2099 surgens
3128 2041 3180 2084 et
3212 2042 3430 2098 accepto
3461 2031 3582 2084 cibo
3611 2031 3875 2086 conforta-

2304 2131 2407 2186 tus,
2444 2122 2646 2175 reddita
2680 2121 2789 2175 Deo
2820 2122 3109 2189 gratiarum
3139 2121 3372 2186 acti-me,
3405 2137 3676 2198 regressus
3705 2133 3784 2178 est
3813 2125 3879 2180 ad

2301 2229 2393 2268 eas
2423 2229 2543 2283 quin
2586 2230 2643 2267 se
2685 2224 3032 2283 portaverant
3062 2215 3304 2268 feminas.
3358 2214 3551 2283 Sicque
3582 2218 3772 2271 factum
3801 2233 3879 2270 est.

2310 2318 2365 2360 ut
2395 2323 2512 2376 qure
2545 2323 2664 2361 eum
2699 2309 2790 2360 illo
2820 2309 2998 2361 tristes
3033 2309 3336 2376 languidum
3367 2308 3730 2374 advexerant,
3763 2326 3879 2363 cum

2301 2399 2381 2452 eis
2424 2397 2547 2451 inde
2589 2398 2953 2466 gaudentibus
2997 2408 3049 2452 et
3095 2398 3210 2468 ipse
3249 2413 3435 2467 sospes
3467 2414 3526 2453 ac
3557 2399 3886 2454 laetabundus

2303 2489 2518 2541 domum
2554 2487 2776 2541 rediret.

2390 2603 2544 2656 CAP.
2587 2601 2822 2655 XXXIII.
2866 2601 3133 2667 Quomodo
3186 2611 3410 2666 tempore
3464 2602 3792 2655 mortalitatis

2470 2675 2767 2725 morientem
2797 2689 3010 2742 pnemm
3037 2674 3188 2724 matri
3214 2689 3396 2724 sanum
3428 2674 3722 2724 restituerit.

2378 2783 2577 2836 Eodem
2613 2795 2850 2850 tempore
2882 2782 3186 2849 pestilentia
3218 2781 3394 2833 subito
3437 2789 3620 2833 exorta
3672 2780 3776 2833 illis
3835 2781 3886 2833 iit

2304 2873 2542 2942 partibus
2571 2872 2882 2940 gravissima
2913 2887 3042 2925 nece
3087 2872 3325 2924 incubuit
3347 2912 3361 2934 ,
3393 2872 3460 2923 ita
3495 2879 3553 2924 ut
3583 2871 3633 2923 in
3679 2874 3886 2939 magnis

2305 2965 2571 3034 quondam
2604 2963 2924 3032 refertisque
2954 2965 2974 2994 ⁶
3010 2963 3393 3015 habitatoribus
3421 2961 3558 3014 villis
3587 2975 3646 3014 ac
3678 2976 3887 3028 posses-

2308 3056 2552 3110 sionibus
2578 3097 2593 3118 ,
2622 3056 2708 3108 vix
2743 3069 2919 3123 parva:
2969 3068 3209 3121 ramique
3253 3053 3491 3118 reliquiae
3526 3064 3580 3105 et
3623 3054 3887 3107 interdum

2314 3148 2473 3201 nullae
2505 3145 2830 3200 residerent.
2870 3142 3019 3198 Unde
3051 3143 3420 3196 sanctissimus
3463 3143 3615 3196 Pater
3654 3144 3891 3198 Cudber-

2312 3251 2429 3294 ctus
2457 3237 2870 3307 diligeutissime
2899 3250 3048 3289 suam
3083 3236 3317 3300 lustrans
3351 3236 3655 3302 parochiam
3682 3275 3697 3299 ,
3729 3234 3749 3264 "
3780 3235 3886 3286 eis-

2310 3335 2432 3386 dem
2492 3330 2820 3400 parvissimis
2864 3344 2981 3396 qua:
3019 3326 3330 3396 superfuere
3371 3327 3608 3395 reliquiis
3651 3325 3889 3379 ministe-

2314 3424 2450 3476 rium
2483 3421 2632 3473 verbi
2675 3427 2728 3474 et
2776 3419 3094 3470 necessaria:
3137 3417 3516 3469 consolationis
3557 3430 3710 3482 opem
3753 3415 3891 3468 fi-tre

2318 3528 2421 3565 non
2451 3509 2628 3564 desiit.
2655 3510 2956 3563 Adveniens
2987 3516 3164 3559 autem
3191 3507 3240 3559 iu
3266 3505 3290 3543 ἀ
3318 3506 3543 3559 viculum
3571 3506 3851 3574 quemdam
3872 3547 3888 3570 ,

2316 3603 2616 3669 ibidemque
2645 3601 2895 3651 omnibus
2924 3612 3058 3664 quos
3091 3597 3363 3649 invenerat
3405 3595 3600 3647 auxilio
3640 3597 3893 3646 exhorta-

2322 3692 2480 3746 tionis
2507 3690 2767 3753 adhibito,
2797 3689 2933 3741 dixit
2962 3689 3027 3739 ad
3062 3697 3084 3723 °
3116 3687 3480 3756 presbyterum
3512 3701 3662 3738 suum
3692 3703 3702 3736 :
3739 3703 3758 3735 ‹
3785 3685 3887 3738 Ρη-

2320 3796 2472 3838 tasne
2502 3791 2746 3851 superest
2771 3779 3034 3848 quispiam
3068 3779 3148 3831 his
3181 3779 3232 3832 in
3265 3779 3394 3832 locis
3422 3778 3505 3831 cui
3556 3789 3733 3829 nostra
3766 3776 3890 3829 visi—

2320 3876 2519 3930 tatione
2545 3883 2598 3927 et
2625 3872 2943 3925 allocutione
2981 3885 3118 3938 opus
3157 3871 3260 3935 sit,
3300 3885 3364 3923 an
3409 3872 3612 3922 cunctis
3638 3868 3725 3935 qni
3755 3869 3892 3920 male

2320 3966 2585 4019 habebant
2641 3963 2768 4016 visis
2820 3962 2926 4030 jam
2989 3961 3213 4015 transire
3258 3961 3324 4014 ad
3372 3961 3506 4014 alios
3554 3961 3712 4013 licet?
3745 3979 3763 4012 ι
3791 3961 3889 4025 Qui

2319 4055 2762 4124 circumspiciens
2789 4051 2969 4105 omnia
2995 4091 3011 4118 ,
3051 4051 3183 4106 vidit
3210 4052 3487 4106 mulierem
3515 4051 3720 4106 eminus
3746 4058 3892 4104 stan-

1589 4155 2054 4217 VULGATORUM
2099 4165 2488 4225 VARIANTES
2527 4168 2924 4223 LECTIONES.

702 4255 721 4286 ⁸
765 4251 906 4304 Idem
939 4265 1081 4318 ergo.

702 4330 724 4360 ί
767 4319 971 4394 l_)_rcidit_
994 4317 1044 4372 in
1075 4321 1290 4394 lectum,
1315 4317 1615 4394 gravissima
1647 4336 1848 4394 pressus
1878 4326 2201 4394 inﬁrmitate.

705 4399 728 4433 ³
772 4390 1004 4443 Molestia
1033 4406 1122 4458 per
1145 4392 1272 4451 dies,
1295 4391 1614 4458 jantjantque
1644 4393 1912 4448 videretur.

704 4463 729 4494 ⁸
769 4463 1014 4514 Dedisset.
1623 4469 1640 4490 ‘

2454 4261 2664 4315 Vexari.

2388 4325 2407 4354 °
2451 4333 2498 4384 11
2507 4331 2886 4384 abitationibus.

2387 4397 2406 4426 ⁷
2449 4402 2654 4456 Eisdem
2682 4403 2922 4458 minimis.

1987 4558 2340 4615 VARIORUM
2380 4555 2613 4611 NOTJE.

705 4657 731 4685 ⁸
761 4648 953 4712 Supra.
987 4645 1116 4712 Cap.
1274 4644 1460 4698 Sim-tt.

705 4717 731 4756 δ
760 4719 1024 4771 Circuiret.
1055 4734 1072 4765 ‹
1108 4716 1455 4787 Proficisceos
1485 4716 1549 4768 ab
1580 4716 1986 4787 llagustaldese,
2020 4724 2209 4775 tende-

637 4793 725 4846 bat
752 4790 817 4842 ad
844 4788 1110 4841 civitatem
1156 4802 1272 4850 quae
1309 4785 1400 4838 Vel
1444 4787 1636 4840 dicitur
1659 4785 1682 4851 ;’
1711 4795 1915 4842 mansio
1947 4799 2121 4845 tamen
2162 4798 2210 4845 in

639 4861 810 4914 inedia
845 4862 923 4910 via
965 4857 1099 4909 facta
1143 4865 1226 4909 est
1268 4856 1318 4908 in
1364 4859 1576 4925 regione
1621 4861 1705 4911 ubi
1750 4862 1943 4912 dicitur
1975 4864 2150 4917 Alise.
2189 4882 2205 4911 ι

642 4931 767 4984 Vide
794 4932 1060 4998 Anonytn.
1091 4927 1377 4995 Scriptoris
1406 4928 1534 4980 Vitae
1574 4931 1630 4982 S.
1670 4931 1955 4985 Cudbercti
2001 4933 2093 4987 lib.
2136 4949 2209 4985 tv.

639 5003 715 5056 lo.

712 5085 732 5110 ε
765 5070 960 5138 Quibus
1001 5085 1138 5122 man.
1168 5085 1212 5123 e.
1242 5070 1433 5138 import.
1489 5071 1800 5138 Anonymus
1848 5083 2042 5138 prmter
2088 5088 2202 5126 ma-

638 5158 798 5196 nuum
847 5139 1234 5208 impositionein
1276 5143 1525 5202 exprimit
1565 5140 1722 5192 etiam
1767 5142 2069 5196 unctionem
2111 5159 2204 5196 seu

640 5213 1104 5282 chrismationem,
1150 5213 1201 5265 iit
1230 5210 1652 5264 coolirtnationis
1681 5224 2015 5282 sacratttento
2048 5213 2203 5265 adhi-

643 5283 752 5336 beri
799 5283 1031 5334 solitam.
1088 5281 1157 5333 Ita
1205 5284 1344 5336 enim
1393 5284 1482 5332 III).
1513 5297 1603 5333 tv:
1639 5299 1656 5330 ι
1691 5281 1943 5347 Quodam
1963 5292 2201 5346 tempore

641 5352 925 5419 episeopns
971 5365 1185 5404 sanctus
1234 5351 1576 5418 proficiscens
1624 5353 1690 5402 ab
1742 5351 2196 5419 flagttstaldense,

643 5424 896 5476 tendebat
936 5421 1000 5474 ad
1031 5422 1298 5475 civitatem
1329 5436 1449 5488 qu:e
1482 5420 1572 5475 Vel
1602 5420 1794 5475 dicitur
1821 5438 1833 5473 :
1869 5423 2076 5474 mansio
2120 5432 2198 5475 ta~

647 5508 769 5546 ineo
813 5493 864 5546 in
908 5491 1080 5545 inedia
1108 5492 1190 5544 via
1218 5494 1353 5546 facta
1383 5501 1501 5555 est,
1551 5493 1603 5544 itt
1651 5495 1864 5557 regione
1897 5492 2206 5545 uhi'dicitur

652 5565 815 5616 Alise.
880 5563 1116 5628 Namque
1164 5572 1484 5631 congregato
1541 5563 1734 5628 populo
1782 5563 1848 5614 de
1898 5566 2203 5623 montanis,

649 5648 860 5684 manum
894 5647 1094 5701 ponens
1123 5647 1283 5702 seper
1310 5635 1478 5702 capita
1507 5634 1858 5702 singulorum,
1891 5631 2081 5686 Iiniens
2109 5647 2205 5686 ua-

2324 4651 2503 4705 ctione
2535 4657 2846 4702 consecrata
2887 4662 3046 4715 quam
3091 4649 3438 4704 henedixerat
3465 4693 3480 4714 ,
3528 4650 3748 4704 verbum
3795 4651 3888 4707 Dei

2327 4720 2620 4784 prazdieans
2670 4729 2940 4771 tttansetat
2988 4719 3058 4772 ibi
3098 4721 3231 4773 duos
3276 4721 3410 4772 dies.
3466 4719 3668 4774 Interea
3715 4724 3889 4787 itaque

2325 4800 2582 4847 venerunt
2608 4789 2860 4842 mulieres
2907 4799 3176 4854 portantes
3218 4791 3498 4854 quemdam
3540 4791 3791 4858 juvenem
3838 4796 3890 4846 iu

2325 4863 2545 4930 grabato
2586 4859 2892 4930 iacentem,
2938 4869 3044 4912 etc.
3079 4878 3097 4910 ι
3158 4861 3292 4930 Ergo
3321 4877 3475 4927 supra
3516 4878 3632 4925 cap.
3664 4859 3754 4922 29,
3803 4863 3890 4915 ttbi

2328 4929 2494 4984 Solam
2527 4944 2777 4982 manuum
2810 4929 3201 4996 itnpositionem
3237 4929 3371 4983 Beda
3405 4941 3694 4993 memorat,
3729 4933 3887 4985 etiam

2328 5002 2759 5055 chrismationem
2790 5001 3142 5066 subintellige.
3197 5000 3354 5054 Certe
3402 5001 3539 5054 istud
3581 5017 3888 5054 sacramen-

2315 5080 2425 5125 tum
2449 5112 2462 5132 ,
2510 5071 2930 5124 confirmationis
2968 5073 3219 5133 scilicet,
3269 5086 3646 5138 nonnunquam
3683 5081 3890 5124 veteres

2310 5141 2552 5194 absolute
2597 5154 2838 5191 manuum
2885 5141 3261 5207 impositionem
3312 5153 3525 5194 vocant.
3576 5142 3887 5208 Quanquam

2309 5212 2434 5263 olim
2463 5210 2654 5264 alicubi
2689 5224 2786 5260 usu
2821 5211 2993 5272 venit,
3029 5220 3085 5262 ut
3111 5211 3532 5278 obsignationem
3561 5226 3654 5264 seu
3684 5212 3891 5264 tinctio-

2315 5296 2432 5334 nem
2465 5280 2655 5334 frontis
2699 5279 2994 5347 presbyteri
3038 5281 3316 5348 baptizatis
3350 5283 3682 5346 imponerent
3708 5320 3723 5341 ,
3773 5285 3888 5333 sola

2315 5366 2564 5404 manuum
2597 5349 2935 5413 impositioue
2991 5349 3253 5416 episcopis
3299 5362 3602 5404 reservata:
3655 5349 3702 5402 id
3748 5355 3888 5416 quod

2313 5422 2452 5487 apud
2482 5420 2696 5472 (irate-os
2721 5417 2898 5490 etiam
2949 5435 3088 5472 nunc
3134 5422 3401 5490 actitatur.
3460 5419 3600 5488 Lege
3640 5421 3886 5490 Gregorii

2318 5491 2488 5558 Magni
2524 5490 2683 5555 epist.
2713 5488 2746 5542 9
2773 5497 2826 5540 et
2857 5490 2941 5550 It),
2977 5491 3068 5543 lib.
3101 5505 3175 5542 ttt.
3219 5489 3450 5543 MABILL.

2388 5562 2413 5598 ά
2464 5559 2720 5612 Viculunt.
2754 5559 2854 5623 Qui
2886 5561 3079 5612 dicitur
3110 5561 3427 5628 Medilpong.
3461 5562 3651 5614 Sttmt.

2394 5647 2416 5668 υ
2459 5629 2834 5697 Presbyterum.
2869 5631 2985 5685 Tidi
3025 5634 3256 5686 nomine.
3292 5633 3364 5683 lo.
