4220 6468
445 223 548 278 773

1129 220 1320 276 SECT.
1364 221 1402 274 l.
1447 249 1514 259 —
1553 216 2143 275 HAGIOCRAPIIICA.
2184 246 2254 258 —
2295 218 2456 273 VI'I'A
2497 219 2556 274 S.
2600 216 3012 274 CUTilBERTl.

3593 217 3698 278 77.5

445 353 574 405 tem,
599 352 736 405 quin,
761 331 1028 389 exstincto
1058 333 1214 399 paulo
1240 340 1364 386 ante
1388 331 1514 392 filio,
1541 331 1757 385 fratrem
1779 331 1894 398 ejus
1916 331 2024 399 jam
2054 335 2102 391 Α
2132 327 2422 398 Respondit
2454 346 2466 381 :
2502 347 2521 380 ς
2556 328 2628 384 De
2680 337 2768 382 tuo
2819 327 3166 383 monasterio.
3201 348 3218 378 ι
3254 327 3400 400 Λύ]8‹
3423 329 3461 383 it
3507 346 3701 384 ιιοιιιιοιι

442 428 606 484 morti
636 426 939 496 proximum
985 425 1201 476 tenebat
1249 423 1301 474 in
1347 420 1622 485 manibus,
1674 421 2027 489 lacrymisqtte

443 522 633 578 faciem
667 518 965 589 rigantibus
999 516 1326 584 pra-teritam
1355 515 1559 581 pariter
1605 526 1660 570 ct
1703 524 2024 582 prmseutem

442 616 746 670 testabatur
777 627 840 665 {Et
857 625 1096 664 umnam.
1131 609 1299 674 Quam
1330 624 1448 662 cum
1483 624 1597 661 vnro
1643 607 1734 660 Dei
1779 606 2028 661 ostende-

444 715 560 768 ret,
595 702 666 755 nil
697 711 938 754 moratus
971 699 1061 752 ille
1090 700 1318 753 accessit
1345 699 1409 752 ad
1439 714 1556 753 eam
1579 741 1592 765 ,
1625 711 1676 752 et
1707 698 2028 753 benedicens

448 795 600 849 dedit
627 793 866 848 osculum
901 807 1084 859 puero,
1115 791 1354 860 dixitque
1393 791 1460 846 ad
1501 805 1725 846 matrem
1755 810 1766 843 :
1806 811 1823 843 ι
1855 791 1929 846 Ne
1964 791 2028 845 tio

447 900 596 939 meas
617 923 633 949 ,
665 897 763 937 nec
793 890 980 936 tumsta
1012 884 1085 935 sis
1114 898 1128 946 ;
1162 883 1176 912 ¹
1212 882 1482 935 sanabitur
1509 883 1648 935 enim
1681 895 1732 935 et
1775 883 1918 935 vivet
1948 881 2027 935 in—

447 975 602 1040 fans,
637 989 810 1042 neque
843 974 981 1026 ultus
1012 973 1148 1026 ultra
1179 974 1246 1027 de
1276 975 1436 1028 domo
1467 984 1553 1028 tua
1587 975 1686 1028 hac
1730 975 2027 1028 mortalita-

451 1067 522 1122 tis
550 1075 699 1134 peste
724 1065 989 1119 deficiet.)
1016 1067 1177 1130 Cujus
1203 1065 1495 1132 prophetia:
1524 1066 1733 1118 Veritati
1761 1065 1874 1131 ipsa
1905 1080 2024 1117 cunt

437 1158 556 1212 tilio
585 1166 757 1212 mater
813 1155 984 1210 multo
1029 1157 1222 1212 exinde
1275 1168 1516 1226 tempore
1557 1158 1742 1210 vivens
1791 1159 2028 1211 testiino-

441 1251 588 1304 nium
617 1249 800 1302 dabat.

435 1377 590 1433 CAP.
638 1377 876 1434 XXXIV.
922 1381 1152 1444 Qualiter
1205 1381 1429 1433 animam
1487 1381 1755 1451 cujusdam
1810 1383 1898 1447 qui
1954 1385 2019 1435 de

512 1451 705 1531 arbore
741 1453 970 1503 cadendo
1011 1465 1238 1504 mortuus
1280 1461 1353 1504 est
1393 1451 1459 1504 ad
1502 1451 1682 1504 cretum
1727 1455 1853 1522 ferri
1900 1469 2024 1507 con-

505 1531 748 1590 spexertt.

516 1629 726 1684 Interea
758 1628 885 1683 dum
915 1632 1168 1699 praescius
1199 1629 1356 1682 vicini
1387 1629 1468 1684 sui
1499 1631 1676 1684 obitus
1705 1631 1788 1684 vir
1819 1630 2022 1686 domini

2138 421 2430 490 inquirere.
2471 421 2534 474 Et
2565 421 2688 474 ille:
2727 439 2745 471 ε
2777 421 2854 475 Tu
2889 419 3016 474 toih’i
3039 461 3053 485 ,
3085 420 3287 489 inquit,
3320 422 3405 474 die
3435 423 3666 476 crastino
3688 465 3702 485 ,

2131 517 2322 570 missas
2347 515 2647 570 celebranti
2678 531 2872 569 nomen
2897 515 3015 584 ejus
3039 513 3314 568 iudicabis.
3341 515 3464 568 llaec
3486 514 3704 568 audiens

2131 610 2221 663 illa
2246 651 2262 675 ,
2293 610 2579 663 confestim
2615 609 2758 663 misit
2791 609 2855 662 ad
2887 609 3060 678 majus
3087 623 3240 661 suum
3283 608 3663 662 monasterium
3688 649 3702 666 ,

2131 700 2311 754 videre
2338 699 2429 769 qtti
2460 714 2632 768 nuper
2673 710 2854 768 raptus
2895 708 3038 753 esset
3075 713 3106 753 e.
3142 713 3386 764 corpore.
3419 715 3437 749 ι
3465 697 3532 750 At
3571 713 3704 750 nun-

2131 790 2235 844 tius
2266 804 2453 843 omnes
2494 788 2692 843 ibidem
2739 791 2916 842 salvos
2957 788 3356 856 incolumesque
3396 789 3704 857 reperiens,

2137 892 2415 948 postquam
2473 895 2630 934 mane
2672 880 2813 934 facto
2844 882 3037 936 reverti
3077 881 3144 935 ad
3189 881 3466 936 Dominam
3507 883 3704 949 accpit.

2128 974 2317 1026 obvios
2350 973 2531 1026 habuit
2562 987 2656 1025 eos
2686 973 2774 1041 qui
2821 987 3016 1038 corpus
3057 973 3292 1027 defuncti
3321 974 3498 1027 lratris
3543 987 3700 1042 sepe-

2133 1065 2368 1118 liendum
2401 1065 2451 1116 in
2483 1079 2638 1118 carro
2671 1064 2964 1118 deferrent.
3004 1063 3456 1133 Intermgansque
3487 1064 3577 1133 qtti
3622 1078 3703 1117 es-

2129 1169 2243 1220 set,
2290 1156 2476 1210 didicit
2513 1158 2634 1225 quia
2677 1156 2890 1221 quidam
2937 1156 3003 1210 de
3033 1158 3331 1225 pastoribus
3362 1158 3514 1211 bonae
3541 1155 3706 1210 actio-

2131 1252 2213 1303 nis
2245 1251 2342 1312 vir,
2394 1250 2654 1302 incautius
2700 1250 2750 1302 in
2799 1249 3047 1303 arborem
3098 1249 3394 1302 ascendens
3438 1246 3706 1301 deciderat

2129 1346 2424 1408 deorsum,
2479 1351 2534 1396 et
2579 1343 2812 1396 contrito
2857 1356 3084 1408 corpore
3124 1341 3239 1408 ipsa
3291 1342 3418 1392 hora
3462 1339 3704 1407 spiritum

2129 1436 2430 1499 exhalavit,
2461 1449 2562 1502 qua
2599 1434 2735 1486 hunc
2765 1433 2845 1485 vir
2879 1432 3086 1486 Domini
3118 1431 3184 1485 ad
3215 1429 3454 1485 coalestia
3486 1431 3704 1482 ductum

2130 1529 2366 1583 videbat.
2401 1526 2551 1593 Quod
2586 1527 2710 1580 dttm
2745 1525 2960 1580 rediens
2989 1523 3270 1578 abbatissae
3311 1524 3564 1583 referret,
3595 1529 3706 1573 stac

2131 1618 2224 1670 tittt
2259 1618 2348 1669 illa
2380 1617 2617 1685 ingressa
2651 1615 2715 1668 ad
2743 1617 3048 1682 episcopum
3077 1616 3184 1682 jatn
3218 1623 3340 1666 tunc
3369 1613 3706 1666 dedicantem

447 1719 784 1774 Cudberctus
827 1719 939 1788 jam
990 1721 1322 1774 decrevisset
1369 1725 1550 1775 animo
1601 1723 1842 1792 deposita
1897 1741 2019 1779 cura

2126 1708 2446 1771 ecclesiam,
2501 1719 2719 1774 stupore
2784 1705 3012 1759 femineo
3062 1707 3211 1774 quasi
3261 1721 3454 1757 novum
3507 1703 3710 1774 aliquid

449 1811 730 1880 pastoralis
752 1810 913 1865 officii
939 1813 1228 1866 solitariam
1255 1813 1429 1867 redire
1450 1814 1515 1866 ad
1541 1815 1698 1868 vitam
1721 1857 1734 1878 ,
1761 1826 2024 1885 quatenus

445 1915 674 1954 excussa
720 1902 1083 1955 sollicitudine
1131 1912 1391 1965 externa,
1439 1905 1579 1958 inter
1624 1906 1785 1959 libera
1828 1910 2024 1960 oratio-

453 2007 580 2044 num
617 2001 675 2046 et
717 1993 1026 2060 psalmodiaa
1065 1995 1239 2047 studia
1281 1993 1422 2048 d.em
1466 1998 1682 2059 mortis,
1725 2000 1805 2050 vel
1854 2000 2024 2066 potius

450 2085 574 2140 vita:
602 2087 838 2142 caelestis
871 2089 1271 2156 prmstolaretur
1301 2091 1633 2157 ingressum,
1667 2093 1834 2145 voluit
1878 2095 2023 2160 prius

451 2195 554 2232 non
585 2180 758 2233 solum
790 2182 809 2210 ³
836 2195 932 2234 sua
963 2181 1181 2234 circuitu
1213 2182 1500 2246 Parochia,
1529 2185 1622 2236 sed
1652 2193 1706 2239 et
1736 2185 1852 2237 aliis
1883 2185 2021 2239 circa

455 2272 690 2326 fidelium
733 2275 1103 2328 mansionibus
1154 2275 1416 2340 visitatis,
1460 2284 1680 2328 cunctos
1721 2279 2024 2329 necessario

457 2367 852 2422 exhortationis
882 2372 1047 2423 verbo
1076 2368 1402 2422 confirmare
1421 2410 1436 2435 ,
1470 2385 1532 2423 ac
1566 2371 1644 2423 sic
1675 2371 1789 2438 ipse
1819 2372 2024 2425 deside-

451 2468 578 2514 rata!
607 2459 916 2515 solitudinis
947 2461 1142 2530 gaudio
1174 2461 1427 2515 refoveri.
1461 2463 1612 2526 Quod
1644 2461 1770 2515 dum
1802 2473 1984 2528 ageret
2007 2506 2020 2527 ,

447 2559 664 2618 rogatus
697 2565 726 2603 a
760 2550 1096 2604 nobilissima
1128 2562 1182 2604 et
1222 2553 1559 2606 sanctissima
1590 2553 1792 2621 virgine
1821 2555 2019 2608 Christi

443 2639 675 2695 Eltleda
715 2640 981 2695 abbatissa
1001 2683 1016 2707 ,
1058 2642 1210 2710 cujus
1249 2645 1497 2709 superius
1537 2642 1743 2712 (Capp.
1771 2642 1840 2694 23
1863 2684 1877 2707 ,
1908 2645 1976 2698 “24
2004 2646 2020 2709 )

444 2731 760 2786 memoriam
793 2730 932 2796 feci,
963 2733 1108 2785 venit
1140 2733 1202 2784 ad
1237 2733 1628 2799 posses~ionent
1660 2736 1685 2763 °
1716 2736 2021 2788 monasterii

446 2822 611 2890 ipsius
631 2866 646 2890 ,
677 2835 940 2891 quatenus
972 2823 1168 2876 ibidem
1199 2835 1253 2877 et
1285 2823 1454 2891 ipsam
1484 2824 1669 2880 videre
1699 2836 1856 2893 atque
1888 2828 2020 2882 allo-

444 2911 569 2981 qui,
615 2922 670 2966 et
709 2913 992 2966 ecclesiam
1036 2910 1284 2967 dedicare
1329 2912 1566 2968 deberet.
1623 2915 1752 2968 Nam
1805 2925 1858 2970 et
1909 2919 2018 2984 ipsa

2131 1800 2498 1866 inCertutttque
2546 1799 2848 1851 rtttntiatura
2883 1816 2894 1850 :
2928 1815 2946 1846 ί
2981 1797 3194 1863 Precor,
3242 1797 3440 1865 inquit,
3485 1795 3709 1848 Domine

2130 1889 2202 1942 mi
2239 1890 2494 1956 episcOpe
2517 1927 2532 1952 ,
2567 1887 2879 1940 memineris
2910 1887 2975 1939 ad
3013 1887 3207 1939 missas
3241 1886 3516 1940 lladwaldi
3562 1887 3662 1938 mei
3690 1924 3706 1946 .

2129 1979 2232 2032 hoc
2284 1979 2425 2032 enim
2473 1979 2586 2032 viro
2614 1990 2730 2031 erat
2779 1993 3011 2043 nomen,
3066 1979 3154 2046 qtti
3204 1978 3316 2030 lteri
3366 1978 3604 2029 cadendo
3645 1980 3711 2031 de

2128 2070 2323 2122 arbore
2360 2068 2644 2122 defunctus
2691 2077 2793 2122 est.
2827 2085 2845 2118 ι
2876 2067 3024 2121 Tunc
3074 2069 3276 2136 liquido
3323 2069 3572 2120 omnibus
3621 2087 3710 2131 pa-

2130 2159 2228 2213 tuit
2250 2203 2265 2225 ,
2305 2160 2324 2189 ⁶
2351 2160 2472 2227 quia
2507 2158 2846 2212 multiformis
2878 2157 3168 2224 prophetiae
3199 2159 3418 2226 spiritus
3448 2159 3545 2212 viri
3578 2173 3700 2211 sau-

2127 2253 2198 2305 (ξιί
2236 2251 2545 2317 prmeordiis
2577 2253 2784 2313 inerat,
2817 2251 2904 2318 qui
2953 2261 3005 2304 et
3055 2251 3105 2303 in
3157 2253 3407 2318 przesenti
3439 2259 3705 2305 occttltnnt

2128 2341 2318 2393 aniona:
2357 2351 2564 2408 raptum
2597 2341 2802 2402 videre,
2835 2350 2889 2392 et
2917 2341 3040 2406 quid
3073 2341 3170 2391 sibi
3206 2339 3256 2393 itt
3289 2339 3464 2394 futuro
3493 2342 3558 2394 ab
3588 2343 3704 2394 aliis

2130 2433 2470 2486 indicandum
2502 2441 2646 2485 esset
2678 2433 2848 2500 potuit
2879 2432 3193 2500 pueviderc.

2196 2568 2350 2622 CAl’.
2392 2566 2608 2621 XXXV.
2645 2567 2908 2632 Quomodo
2948 2582 3134 2636 aquam
3173 2566 3422 2633 gustandi)
3453 2567 3505 2618 in
3533 2567 3634 2619 cini

2633 2653 2870 2704 saporem
2897 2642 3216 2691 converterit.

2199 2749 2322 2802 Inde
2358 2749 2656 2818 peragratis
2689 2764 2753 2801 ex
2784 2748 2974 2801 ordine
3007 2747 3370 2814 superioribus
3414 2747 3576 2811 locis,
3611 2763 3704 2800 ve-

2127 2845 2206 2898 nit
2236 2844 2300 2896 ad
2337 2842 2724 2895 monasterium
2775 2841 3075 2908 virginum,
3126 2840 3262 2908 qttod
3312 2856 3412 2890 non
3458 2841 3610 2906 longe
3640 2840 3707 2892 ab

2124 2937 2266 2989 ostio
2325 2933 2438 2986 Titii
2488 2932 2750 2996 ﬂuminis,
2795 2932 2952 2984 situm
3003 2947 3158 2998 supra
3206 2929 3379 2996 (Cap.
3410 2929 3482 2996 ὅ)
3527 2932 3708 2982 tlorui-

446 3006 713 3072 pOssessio
767 3017 870 3056 non
929 3018 1096 3069 pauco
1151 3003 1466 3058 famulorum
1521 3005 1715 3059 Christi
1773 3006 2016 3060 examine
2044 3044 2090 3106 Ο
2128 3042 2277 3091 ,μηδ’
2313 3023 2400 3078 ..ω
2431 3040 2458 3075 3
2493 3023 2743 3091 religiosa
2770 3063 2784 3086 ,
2816 3032 2869 3074 et
2901 3021 2964 3073 ad
2999 3024 3250 3074 szecttlutn
3298 3037 3507 3086 queque
3550 3022 3705 3072 nobi-

762 3094 776 3108 Ὗ

449 3096 701 3162 pollebat.
735 3095 831 3150 Ubi
861 3095 984 3148 dum
1021 3095 1148 3148 hora
1179 3096 1486 3150 refectionis
1515 3097 1580 3150 ad
1614 3112 1849 3152 mensam
1882 3115 2014 3152 cou-

442 3187 735 3254 sedissent,
768 3190 945 3240 subito
977 3187 996 3217 ³
1027 3187 1364 3242 Cudberctus
1388 3203 1625 3242 aversam
1653 3203 1682 3241 a
1709 3189 2018 3244 carnalibus

442 3277 614 3343 epulis
645 3289 877 3332 mentem
909 3279 973 3331 ad
1006 3278 1260 3346 spiritalia
1292 3281 1699 3347 contemplanda
1729 3280 1750 3310 ⁸
1780 3283 2012 3335 sustulit.

445 3369 631 3432 Unde,
685 3371 896 3424 lassatis
943 3371 1010 3425 ab
1057 3370 1236 3425 ofﬁcio
1283 3387 1381 3426 suo
1431 3375 1688 3426 membris
1737 3380 2015 3442 corporis,

445 3470 646 3515 mutato
677 3463 862 3516 colore
893 3463 1043 3517 laciei
1066 3505 1080 3527 ,
1115 3473 1170 3518 et
1207 3465 1356 3532 quasi
1399 3465 1637 3518 attonitis
1679 3475 1860 3518 contra
1906 3481 2022 3519 rno-

448 3570 560 3610 rem
593 3557 762 3610 oculis
786 3596 801 3619 ,
837 3557 1084 3609 cultellus
1113 3572 1326 3624 quoque
1368 3573 1524 3623 quem
1569 3558 1785 3612 tenebat
1825 3557 2023 3611 decidit

447 3646 500 3699 in
550 3659 815 3698 mensam.
869 3645 1019 3710 Quod
1067 3647 1193 3698 dum
1245 3647 1524 3716 presbyter
1555 3646 1669 3716 ejus
1696 3649 1784 3713 qui
1817 3647 2023 3701 astabat

445 3746 499 3790 et
554 3737 885 3790 ministrabat
918 3739 1215 3804 aspiceret,
1246 3736 1531 3791 inclinatus
1587 3739 1652 3790 ad
1694 3739 2018 3791 abbatissam

451 3827 586 3881 dixit
613 3828 864 3880 silentio:
907 3845 924 3878 ι
959 3828 1225 3898 Interroga
1269 3829 1575 3898 episcopum
1619 3830 1742 3898 quid
1774 3830 1794 3860 ³
1828 3830 2022 3884 viderit

451 3917 613 3971 modo
640 3933 654 3982 ;
687 3919 796 3971 scio
823 3920 965 3970 enim
997 3919 1117 3983 quia
1149 3935 1252 3972 non
1303 3921 1420 3975 sine
1462 3935 1619 3974 causa
1669 3936 1856 3974 manus
1903 3918 2022 3990 ejus

452 4008 762 4061 tremefacta
813 4009 1087 4061 cultellum
1137 4009 1410 4077 deseruit,
1461 4011 1744 4081 vultusque
1789 4021 2022 4065 mutatur

444 4097 626 4164 illius,
657 4099 751 4152 sed
795 4099 925 4153 vidit
968 4100 1164 4169 aliquid
1217 4102 1456 4170 Spiritale
1501 4105 1642 4170 quod
1691 4119 1788 4157 nos
1832 4104 2013 4158 cmteri

444 4186 631 4243 videre
662 4205 765 4242 non
797 4190 1086 4257 quivintus.
1117 4208 1135 4242 ι
1169 4192 1234 4245 At
1282 4193 1364 4245 illa
1408 4195 1584 4247 statint
1635 4209 1893 4249 conversa
1942 4196 2007 4248 ad

443 4291 566 4332 eum
600 4293 618 4331 :
654 4296 676 4330 ι
703 4280 977 4344 Obsecro,
1012 4281 1215 4348 inquit,
1247 4283 1460 4337 domine
1505 4284 1576 4337 mi
1617 4285 1902 4353 episcope,
1937 4285 2018 4338 di-

2131 3117 2332 3168 tissima
2387 3114 2580 3166 famula
2637 3111 2838 3165 Christi
2892 3111 3055 3164 Verca
3109 3112 3370 3164 abbatissa
3430 3113 3707 3180 magnitiec

2123 3213 2404 3271 susceptus
2430 3244 2444 3267 ,
2481 3212 2757 3269 postquam
2789 3201 2856 3255 de
2902 3202 3190 3254 meridiana
3235 3204 3414 3268 quiete
3453 3217 3706 3254 surrexe-

2128 3308 2282 3360 runt,
2318 3298 2470 3351 sitire
2500 3312 2558 3349 se
2589 3296 2796 3357 dicens,
2821 3303 2876 3346 ιιι
2899 3294 3103 3347 biberet
3136 3296 3356 3361 rogavit.
3386 3295 3706 3358 Qumrebant

2130 3390 2254 3457 quid
2287 3388 2470 3442 bibere
2496 3387 2688 3448 vellet,
2720 3395 2968 3454 rogantes
2997 3395 3053 3438 ut
3080 3387 3254 3438 vinum
3285 3390 3396 3439 sive
3421 3386 3702 3439 cervisiam

2127 3482 2304 3535 afferri
2351 3479 2561 3534 liceret.
2600 3496 2619 3530 ι
2651 3480 2886 3544 Aquam,
2936 3478 3134 3544 inquit,
3184 3479 3305 3530 date
3351 3479 3500 3530 mihi.
3539 3499 3557 3530 ι
3603 3482 3703 3544 Qui

2129 3574 2372 3627 ltauStam
2403 3573 2472 3625 de
2509 3571 2655 3625 fonte
2688 3587 2878 3639 aquam
2911 3571 3215 3623 obtulerunt
3243 3574 3314 3624 ei.
3346 3573 3408 3624 At
3437 3571 3549 3638 ille,
3580 3573 3700 3625 data

2126 3664 2526 3727 benedictione,
2560 3665 2646 3717 ubi
2699 3662 2969 3732 paululum
3011 3663 3272 3732 gustavit,
3319 3663 3465 3716 dedit
3512 3664 3706 3717 aStanti

2125 3757 2440 3827 presbytero
2471 3769 2603 3819 suo,
2629 3756 2717 3823 qui
2760 3753 2990 3808 reddidit
3034 3755 3296 3808 ministro.
3343 3754 3407 3807 Et
3439 3755 3701 3816 minister,

2126 3857 2348 3918 accepto
2400 3848 2638 3916 poculo:
2677 3865 2696 3898 ι
2728 3847 2919 3913 Licet,
2974 3847 3185 3915 inquit,
3237 3845 3362 3899 mihi
3413 3847 3594 3900 bibere
3639 3846 3706 3900 de

2127 3953 2254 4009 potu
2285 3940 2353 3993 de
2383 3955 2490 4008 quo
2519 3937 2652 3992 bihit
2682 3939 3005 4005 cpiscopus?
3033 3957 3050 3988 ι
3080 3937 3370 4004 Respondit
3403 3955 3414 3988 :
3445 3954 3463 3986 ι
3497 3937 3577 3990 Eti
3601 3951 3666 3987 -m
3687 3978 3700 3999 ,

2131 4045 2294 4100 quare
2327 4044 2431 4081 non
2464 4029 2620 4081 licet?
2646 4047 2663 4078 ›
2695 4028 2822 4079 Ιςνθι
2847 4036 3026 4080 autem
3059 4038 3108 4080 et
3141 4027 3229 4080 ille
3261 4027 3540 4096 presbyter
3566 4027 3707 4094 ejus-

2125 4122 2248 4174 dem
2282 4118 2616 4173 monasterii.
2650 4117 2787 4172 Bibit
2813 4132 2959 4186 ergo,
2989 4126 3044 4171 et
3071 4119 3180 4170 visa
3208 4129 3290 4170 est
3316 4118 3363 4170 ei
3392 4131 3524 4185 aqmi
3555 4117 3704 4186 quasi

2128 4210 2182 4263 in
2217 4222 2464 4277 saporem
2495 4207 2602 4260 vini
2634 4221 2933 4271 conversa;
2970 4207 3207 4274 tantique
3245 4206 3347 4260 sibi
3393 4214 3580 4259 testem
3613 4221 3708 4259 vo-

2132 4301 2250 4355 lens
2279 4299 2536 4352 adhibere
2565 4297 2807 4351 miraculi
2840 4298 3055 4349 fratrem
3084 4297 3172 4364 qui
3204 4296 3444 4365 proxime
3473 4295 3705 4358 astabat,

449 4383 539 4422 cas
577 4369 706 4437 quid
747 4371 946 4423 videris
985 4372 1178 4436 modo,
1220 4387 1390 4442 neque
1419 4376 1559 4427 enim
1594 4374 1789 4430 frustra
1826 4377 2017 4432 lassata
2049 4395 2100 4454 ι)
2132 4391 2371 4459 porrexit
2403 4388 2450 4442 ei
2485 4387 2756 4455 poculum.
2788 4388 2885 4454 Qui
2919 4403 3040 4440 cum
3069 4399 3121 4441 et
3163 4389 3276 4455 ipse
3318 4387 3557 4454 biberet,
3589 4387 3707 4450 ejus

449 4469 536 4514 tua
579 4463 796 4516 dextera
843 4463 1112 4517 culte:lnm
1143 4479 1300 4531 quem
1353 4467 1568 4520 tenebat
1613 4469 1809 4524 amisit.
1847 4489 1865 4521 ι
1921 4472 2020 4539 Qui

442 4550 782 4606 dissimulare
832 4564 1056 4608 conttus
1108 4555 1306 4609 vidisse
1360 4571 1420 4610 se
1465 4557 1737 4626 quidpiam
1791 4563 2019 4628 secreti,

442 4645 624 4710 jocose
653 4645 927 4713 respondit
957 4663 969 4698 :
1005 4664 1022 4696 ι
1053 4646 1187 4700 Num
1221 4659 1326 4701 tota
1372 4649 1458 4702 die
1507 4649 1830 4706 manducare
1877 4653 2021 4707 vale-

445 4733 614 4790 bam?
647 4736 760 4806 jam
804 4738 1090 4807 aliquando
1135 4741 1412 4808 quiescere
1451 4741 1630 4795 debui.
1667 4760 1686 4792 ι
1721 4742 1810 4796 Illa
1842 4754 2020 4800 autem

449 4826 758 4897 diligentius
798 4830 1076 4896 adjurante
1103 4845 1165 4884 ac
1194 4831 1464 4899 ﬂagitante
1507 4841 1562 4886 ut
1602 4849 1892 4900 exponeret
1938 4837 2020 4890 vi-

446 4919 695 4972 sionem:
733 4937 752 4970 r
787 4919 936 4982 Vidi,
989 4921 1196 4988 inquit,
1245 4923 1476 4974 animam
1527 4923 1801 4990 cujusdam
1850 4927 2020 4980 sancti

445 5011 694 5064 manibus
725 5012 983 5081 angelicis
1012 5014 1075 5066 ad
1107 5015 1253 5082 regni
1297 5016 1537 5068 cmlestis
1574 5018 1765 5085 gaudia
1812 5017 1962 5073 ferri.
1996 5041 2013 5072 ι

444 5101 650 5156 Rursus
683 5102 768 5155 illa
797 5119 812 5157 :
844 5122 861 5154 ι
890 5104 965 5158 De
994 5120 1127 5174 quo,
1160 5105 1360 5174 inquit,
1395 5107 1511 5160 loco
1539 5110 1814 5176 adsumpta
1849 5110 1970 5162 est?
1995 5131 2012 5162 ι

2124 4497 2336 4551 quoque
2367 4479 2544 4548 palato
2589 4494 2685 4547 pro
2732 4493 2867 4546 aqua
2923 4478 3102 4532 viuum
3149 4478 3407 4547 sapiebat.
3453 4477 3708 4544 ASpecta-

2125 4575 2253 4628 bant
2299 4582 2476 4626 autem
2524 4573 2779 4625 mirantes
2825 4570 2891 4624 ad
2941 4570 3197 4632 invicem,
3251 4577 3301 4622 et
3347 4569 3434 4620 ubi
3483 4583 3704 4620 vacuum

2127 4676 2336 4733 tempus
2382 4667 2447 4717 ad
2499 4663 2827 4732 loquendum
2859 4663 2878 4693 "
2913 4669 3261 4729 receperunt,
3315 4659 3706 4712 confitebantur

2124 4760 2476 4818 alterutrum,
2523 4754 2647 4821 quia
2694 4753 3004 4806 viderentur
3048 4753 3146 4805 sibi
3193 4763 3462 4820 nunquam
3512 4753 3705 4804 melius

2126 4847 2310 4898 vinum
2351 4844 2550 4897 bibisse
2573 4887 2589 4910 ,
2625 4843 2762 4895 sicut
2792 4857 2926 4895 unus
2956 4857 3018 4895 ex
3052 4842 3183 4909 ipsis
3211 4852 3392 4909 postea
3426 4841 3478 4894 in
3521 4853 3708 4894 nostro

2132 4933 2499 4999 monasterio,
2530 4934 2669 5000 quod
2702 4942 2784 4985 est
2815 4933 2878 4985 ad
2911 4934 3106 4985 ostium
3140 4931 3271 4984 Wiri
3305 4931 3569 4994 ﬂuminis,
3602 4950 3704 4984 non

2130 5040 2292 5091 parvo
2337 5037 2578 5091 tempore
2607 5025 2915 5078 demoratus
2939 5065 2952 5088 ,
2989 5023 3292 5092 ibidemque
3325 5037 3465 5076 nunc
3499 5023 3704 5089 placida

2127 5115 2310 5182 quiete
2341 5116 2581 5183 sepultus
2603 5157 2618 5177 ,
2649 5131 2742 5167 sua
2774 5115 2903 5169 mihi
2939 5115 3201 5169 relatione
3234 5125 3458 5170 testatus
3488 5125 3590 5170 est.

1411 5197 1441 5247 ν
1456 5195 1491 5249 L‘
1504 5195 1876 5252 LGA'I'OltUM
1923 5199 2310 5254 VARIANTES
2353 5201 2746 5260 LECTIONES.

515 5284 532 5314 ί
577 5283 890 5340 Saluabitur.

512 5355 533 5426 ξ
577 5354 738 5426 Suam
782 5359 1051 5411 circumire
1093 5359 1410 5426 parochiam.

514 5423 534 5496 ξ
586 5423 894 5496 γρηεναὺίιη
935 5423 1449 5496 pater-Cudberctus.

514 5493 534 5523 ⁸
577 5495 819 5550 Contulit.

2203 5295 2223 5321 ⁵
2273 5293 2464 5346 Viderit
2489 5310 2507 5345 .‘
2537 5295 2662 5350 stic.

2205 5363 2226 5392 ⁶
2270 5365 2422 5429 Quia.

2205 5435 2223 5462 ⁷
2267 5439 2603 5502 Acceperunt.

1798 5589 2155 5647 VARIORUM
2195 5592 2313 5646 ΝΟἰ
2335 5593 2421 5648 ΑΞ.

519 5673 542 5699 "
586 5673 903 5731 illonaucrii.
950 5679 1048 5733 Siti
1097 5677 1148 5732 in
1199 5678 1443 5738 parocbia
1492 5679 1606 5748 ejus
1648 5695 1765 5750 quae
1813 5683 2010 5739 dicitur
2047 5687 2392 5755 Osingadum.
2425 5688 2611 5742 Sutru.
