4220 6454
588 222 695 275 775

1380 220 1579 275 BEDE
1624 221 2065 277 VENliRAlilLlS
2102 225 2252 279 ()Pi‘.
2296 225 2470 281 PARS
2510 224 2593 278 IV.
2626 253 2695 266 -—
2735 223 3105 279 IIISTORICA.

3730 198 3833 279 77s

590 331 746 387 CAP.
810 329 1046 407 ΧᾉΧἯ.
1112 330 1374 395 Quomodo
1426 332 1763 407 inobedienles
1817 335 1862 407 ei
1910 337 2157 403 quosdam
2192 342 2235 395 Α
2268 336 2525 390 Fecerunt
2555 338 2731 389 statim
2758 338 3078 404 tttjusscrat,
3111 334 3435 407 contigitqtte
3459 339 3593 392 miro
3622 342 3840 407 ordine,

871 404 1055 468 {ratres
1081 409 1348 467 tempestas
1378 408 1393 434 ί
1427 404 1586 455 maris
1609 404 1879 457 obsederit.

666 514 693 542 “
721 510 937 565 Duobus
968 511 1124 579 igitur
1150 511 1300 564 annis
1328 512 1377 562 iu
1401 512 1654 577 regimine
1680 517 1962 583 episcopali
1994 525 2167 569 trans-

594 601 747 663 aCIis,
774 601 947 653 sciens
977 600 1027 651 itt
1057 600 1243 666 spiritu
1276 601 1354 653 vir
1381 599 1590 653 Domini
1618 600 1946 656 Cudberctus
1970 621 2162 671 appro-

594 692 845 759 pinquare
890 690 1029 743 diem
1080 691 1159 743 sui
1214 692 1486 756 transitus,
1540 691 1735 761 abjccit
1781 696 1987 761 pondus
2026 711 2167 749 ειη-ευ

594 780 892 847 pastoralis,
924 787 1080 845 atque
1110 780 1173 833 ad
1211 780 1463 835 dilectum
1490 783 1778 837 eremiticre
1801 786 2167 838 conversatio-

592 874 671 924 nis
720 886 940 939 agonem
1001 875 1315 941 quantocius
1363 889 1603 928 remeare
1651 878 1876 939 curavit,
1907 886 2166 945 quatenus

590 961 772 1014 iuolita
804 964 903 1014 sibi
954 961 1331 1015 sollicitmlinis
1378 964 1658 1018 mundanae
1697 966 1904 1032 spineta
1952 968 2167 1022 liberior

589 1053 779 1120 prisca:
802 1056 1231 1119 compunctiouis
1259 1054 1468 1107 flamma
1498 1070 1855 1111 consumeret.
1889 1058 2003 1125 Quo
2034 1068 2165 1111 tem-

594 1160 721 1211 pore
748 1145 942 1214 sacpius
964 1145 1029 1199 ad
1069 1145 1345 1198 visitantes
1373 1162 1430 1198 se
1460 1145 1650 1199 fratres
1674 1148 1740 1201 de
1762 1150 2037 1203 mansione
2064 1165 2158 1203 sua

590 1238 791 1306 egredi,
823 1252 1020 1305 eosque
1054 1252 1286 1303 praesens
1311 1239 1518 1291 solebat
1544 1239 1763 1308 alloqui.
1810 1240 1960 1293 Libet
1988 1253 2163 1294 autem

591 1328 792 1382 referre
830 1330 1092 1397 quoddam
1129 1338 1249 1382 tunc
1278 1330 1344 1382 ab
1375 1344 1440 1382 eo
1467 1327 1667 1383 factum
1700 1332 2031 1397 miraculum,
2062 1349 2165 1400 quo

589 1420 787 1472 clarius
830 1424 1095 1473 elucescat
1122 1430 1377 1487 quantum
1404 1420 1535 1473 viris
1565 1422 1763 1473 sanctis
1790 1423 2164 1490 obtemperan-

594 1512 716 1562 dttm
750 1510 838 1572 sit,
864 1512 1023 1564 etiam
1056 1511 1107 1563 in
1150 1510 1231 1563 his
1260 1526 1378 1579 quae
1415 1512 2060 1581 negligentiusjimperare
2089 1516 2164 1568 vi-

590 1603 806 1654 dentur.
836 1602 1073 1665 Quadam
1116 1600 1200 1654 die
1241 1602 1365 1654 dum
1398 1603 1667 1656 venissent
1709 1604 1944 1672 quidam,
1978 1621 2160 1672 egres-

2269 438 2327 477 ut
2353 440 2473 480 cum
2524 427 2588 479 ad
2642 438 2960 494 priet-cptum
2999 428 3094 479 viri
3131 428 3221 479 Dei
3253 438 3469 480 eoi-tura
3516 428 3567 481 in
3609 431 3841 487 caldaria

2270 515 2387 567 foco
2430 527 2620 583 agente
2652 514 2858 569 fervere
2905 519 3178 584 cmpisset,
3224 518 3409 570 eadem
3443 517 3571 571 hora
3616 522 3750 573 nuda
3788 525 3839 575 in

2268 604 2401 657 mari
2449 605 2782 658 cessantibus
2814 606 2985 657 ventis
3030 622 3126 658 suo
3175 622 3203 659 a
3261 606 3471 661 fervore
3518 612 3837 678 quiesceret.

2273 694 2489 761 Expleta
2542 696 2721 763 itaque
2778 697 3064 749 refectione
3116 694 3355 751 videntes
3389 714 3534 752 mare
3576 700 3837 767 placidum

2268 784 2622 837 ascenderunt
2650 785 2845 847 navim,
2874 796 2928 838 et
2960 787 3209 841 secundis
3242 789 3454 843 flatibus
3483 807 3602 844 cum
3642 796 3840 860 gaudio

2270 872 2427 925 simul
2455 883 2505 926 et
2537 876 2736 941 pudore
2761 875 2975 928 domum
3006 891 3371 932 retneaverunt
3394 897 3406 931 :
3434 882 3662 949 pudebat
3690 899 3839 937 nam-

2266 978 2368 1032 que
2390 979 2483 1017 cos
2508 966 2877 1020 inobedientia:
2903 978 2952 1020 et
2977 983 3167 1023 sensus
3199 971 3472 1035 tardioris,
3503 989 3609 1042 quo
3639 975 3661 1006 ⁸
3689 988 3839 1029 veta—

2270 1054 2459 1121 bantur
2503 1070 2656 1108 suttm
2701 1058 2860 1109 etiam
2897 1058 3036 1111 inter
3078 1058 3282 1127 ﬂagella
3330 1062 3618 1117 conditoris
3646 1065 3835 1134 digno-

2267 1160 2419 1201 scere
2466 1158 2520 1201 et
2559 1152 2847 1204 emendare
2877 1161 3118 1215 reatum;
3170 1154 3469 1219 gaudebant
3513 1159 3633 1223 quia
3684 1160 3841 1212 intel-

2269 1236 2445 1290 lexere
2476 1248 2669 1292 tantam
2694 1240 2856 1295 fuisse
2887 1242 2992 1296 Deo
3019 1260 3201 1297 curam
3232 1245 3297 1298 de
3322 1246 3459 1298 fideli
3489 1260 3586 1301 suo
3611 1248 3829 1311 famulo,

2268 1340 2323 1380 ut
2353 1342 2710 1399 contemptum
2742 1333 2856 1401 ejus
2888 1336 3047 1387 etiam
3080 1350 3175 1403 per
3200 1337 3459 1391 elementa
3509 1340 3830 1407 vindictret;

2267 1421 2565 1487 gaudebant
2611 1424 2736 1490 quia
2792 1426 2974 1478 videre
3022 1434 3220 1480 tantam
3270 1429 3466 1481 suimet
3508 1446 3687 1483 curam
3736 1448 3833 1486 suo

2268 1515 2431 1568 fuisse
2460 1519 2712 1583 creatori,
2743 1528 2797 1570 ut
2818 1520 2977 1572 etiam
3006 1520 3288 1573 manifesto
3318 1522 3572 1575 miraculo
3597 1525 3829 1589 ipSorum

2266 1617 2441 1658 errata
2471 1611 2782 1676 corrigeret.
2832 1609 2944 1664 Hoc
2986 1626 3113 1666 sane
3142 1612 3279 1681 quod
3311 1612 3463 1666 retuli
3496 1616 3830 1680 miraculum,

590 1707 786 1760 susque
831 1694 917 1745 ille
980 1695 1001 1723 ’
1050 1694 1413 1746 exhortatoria
1460 1708 1553 1747 eos
1602 1708 1849 1748 sermone
1897 1697 2157 1759 reficeret,
2193 1683 2236 1741 Β
2266 1712 2370 1749 uno
2422 1699 2664 1765 quolibet
2718 1712 2956 1768 auctore,
3012 1703 3107 1756 sed
3163 1720 3266 1757 uno
3323 1720 3505 1759 eorum
3546 1708 3631 1774 qui
3663 1708 3826 1761 inter-

589 1790 707 1846 post
752 1780 1168 1834 admonitionem
1221 1781 1537 1848 completam
1592 1783 1865 1851 subjunxit
1923 1784 2153 1839 dicens:

593 1887 612 1920 ι
644 1869 756 1922 Jam
791 1870 920 1922 hora
964 1882 1045 1924 est
1074 1881 1127 1923 ut
1157 1871 1221 1922 ad
1269 1872 1594 1925 mansionem
1646 1888 1816 1926 meam
1850 1877 2157 1943 regrediar;

586 1977 680 2015 vos
704 1974 879 2014 autem
923 1966 1045 2030 quia
1096 1962 1355 2031 proficisci
1406 1962 1706 2031 disponitis,
1753 1968 1924 2034 primo
1955 1968 2157 2021 sumite

584 2052 727 2103 cibos
742 2060 795 2104 et
817 2047 1042 2104 l’aucatn
1065 2051 1228 2115 illam,
1256 2052 1516 2118 pendebat
1537 2054 1676 2106 enim
1705 2068 1832 2107 auca
1854 2056 1904 2108 in
1937 2058 2154 2123 pariete,

582 2141 789 2208 coquite
817 2148 870 2193 et
894 2140 1175 2205 comedite,
1208 2150 1261 2195 et
1291 2140 1366 2194 sic
1396 2142 1446 2195 iu
1471 2144 1685 2197 nomine
1716 2143 1922 2197 Domini
1960 2161 2154 2198 navem

582 2231 855 2285 ascendite
895 2246 955 2284 ac
1008 2231 1220 2285 domum
1266 2234 1453 2290 redite.
1495 2252 1513 2286 ι
1553 2236 1762 2290 Dixerat
1792 2237 1923 2303 lucc,
1958 2247 2010 2292 et
2038 2239 2157 2291 data

580 2321 820 2373 oratione
852 2336 912 2373 ac
947 2322 1338 2391 benedictione,
1367 2337 1517 2378 suam
1564 2327 1891 2381 mansionem
1933 2330 2153 2385 introiit.

578 2412 654 2465 Illi
693 2424 864 2467 autem
895 2425 949 2465 ιιι
981 2424 1307 2481 praeceperat
1349 2431 1626 2486 sumpsere
1669 2420 1821 2474 cibos
1853 2439 1865 2473 :
1899 2422 1993 2475 sed
2034 2426 2153 2493 quia

578 2505 917 2557 abundabant
940 2505 1075 2558 c.bis
1118 2522 1252 2574 quos
1291 2522 1469 2561 secum
1516 2511 1823 2578 attulerant,
1858 2528 2045 2567 aucam
2089 2516 2156 2570 de

576 2610 673 2662 qua
707 2608 1029 2663 pra'ceperat
1070 2606 1286 2666 tangere
1318 2614 1422 2653 non
1446 2603 1724 2657 curabant.

656 2685 725 2738 At
753 2702 873 2740 cum
905 2687 1087 2741 refecti
1119 2690 1414 2743 naviculam
1450 2691 1645 2745 vellent
1666 2694 1974 2759 ascendere,
1998 2710 2155 2750 exor-

578 2784 626 2827 ta
653 2776 827 2830 subito
856 2786 1143 2846 tempestas
1181 2780 1291 2833 fera
1319 2797 1532 2836 omnem
1563 2784 1641 2837 eis
1673 2785 1951 2855 navigandi
1993 2788 2153 2842 facul-

578 2874 739 2919 tatem
769 2867 1011 2920 abstulit.
1045 2866 1369 2937 Factumque
1398 2879 1561 2925 estut
1586 2883 1790 2941 septem
1822 2876 2009 2929 diebus
2038 2877 2149 2931 fer-

2263 1788 2412 1842 fuere
2453 1802 2702 1845 narrante
2739 1794 2982 1861 Cognovi,
3041 1795 3163 1848 vita:
3214 1796 3463 1850 videlicet
3513 1800 3829 1854 venerabilis

2262 1877 2524 1930 monacho
2569 1890 2625 1932 et
2656 1882 2965 1950 presbytero
3010 1883 3249 1952 ejusdem
3306 1890 3610 1941 monasterii
3659 1890 3822 1958 Cyne-

2262 1967 2482 2031 tnuudo,
2533 1968 2622 2034 qui
2655 1970 2893 2036 plurimis
2939 1972 3044 2027 late
3092 1974 3325 2029 fidelium
3379 1977 3731 2045 longaavitatis
3776 1992 3829 2034 et

2258 2061 2380 2112 vitze
2407 2061 2573 2127 gratia
2598 2064 2703 2129 jam
2738 2074 2896 2117 notus
2925 2066 3126 2119 existit.

2256 2174 2411 2228 CAP.
2465 2174 2730 2255 XXXV-ll.
2776 2178 2980 2255 Quanta
3026 2190 3248 2255 regi-otiis
3278 2192 3580 2237 tentumenla
3610 2189 3825 2255 pertule-

2452 2247 2540 2310 rit,
2570 2248 2750 2315 quidve
2774 2249 2839 2301 de
2874 2267 2968 2301 sua
2994 2247 3256 2319 sepultura
3287 2247 3618 2308 mandat-erit.

2329 2336 2563 2403 Repetiit
2606 2348 2783 2393 autem
2819 2341 3043 2395 insulam
3092 2345 3529 2413 mansioncmque
3573 2362 3720 2402 suam
3749 2349 3828 2402 vir

2258 2425 2351 2480 Dei
2379 2425 2710 2482 Cudberctus
2748 2445 2872 2484 mox
2904 2443 3113 2500 peracta
3147 2435 3232 2487 die
3269 2436 3492 2489 solemni
3541 2441 3825 2492 nativitatis

2254 2518 2557 2572 dominicte.
2590 2519 2830 2589 Cumque
2855 2537 2976 2575 eum
3006 2538 3192 2577 navem
3240 2541 3586 2581 escensurum
3618 2543 3824 2584 Caterva

2255 2610 2478 2664 fratrum
2527 2612 2922 2679 circumstaret,
2975 2616 3369 2685 interrogavit°
3425 2636 3558 2673 unus
3608 2636 3671 2675 ex
3726 2623 3825 2686 eis,

2253 2714 2538 2758 veteranus
2577 2714 2630 2759 et
2676 2708 2998 2777 venerabilis
3024 2709 3145 2762 vitae
3178 2711 3490 2776 monachus,
3533 2713 3682 2770 fortis
3706 2718 3825 2784 qui-

2253 2792 2371 2847 dem
2394 2793 2519 2857 fide,
2550 2795 2644 2849 sed
2684 2795 3002 2863 dysenteria:
3030 2800 3218 2853 morbo
3259 2817 3481 2870 corpore
3511 2802 3620 2872 jam
3653 2805 3822 2859 factus

2255 2884 2575 2939 imbecillis:
2606 2903 2627 2936 ‹
2664 2886 2757 2941 Dic
2795 2888 2967 2953 nobis,
3004 2889 3267 2957 inquiens,
3300 2892 3514 2949 domine
3554 2895 3822 2965 episcopo,

580 2964 735 3010 vente
783 2958 920 3008 unda
967 2958 1200 3011 conclusi
1259 2960 1439 3013 tristes
1500 2959 1553 3013 in
1596 2963 1768 3016 insula
1822 2966 2147 3029 residerent;
2180 2968 2226 3030 C
2257 2974 2469 3041 quando
2499 2974 2726 3029 reditum
2772 2985 2919 3031 tuum
2951 2994 3168 3047 sperare
3215 2981 3523 3038 debeamus.
3559 2958 3601 3037 si
3629 2989 3696 3039 At
3736 2958 3827 3041 ille

581 3052 603 3084 ³
630 3059 727 3099 nec
758 3054 930 3099 tamen
958 3046 1165 3111 culpam
1208 3048 1579 3105 inobedientize
1606 3066 1703 3121 pro
1724 3069 1827 3123 qua
1850 3054 2153 3125 httjusmodi

578 3148 846 3189 carcerem
904 3137 1260 3205 patiebantur,
1315 3138 1379 3192 ad
1431 3147 1742 3196 memoriam
1810 3158 2145 3203 revocarent.

577 3224 678 3288 Qui
710 3239 832 3279 cum
863 3227 1049 3280 sedulo
1073 3228 1138 3281 ad
1170 3226 1343 3283 Patris
1384 3231 1707 3301 colloquium
1742 3239 1963 3301 reversi,
1997 3254 2059 3293 ac
2087 3241 2155 3295 de

580 3318 782 3370 reditus
831 3317 913 3371 sui
953 3318 1233 3385 dispendio
1281 3322 1581 3389 conquesti,
1631 3327 1899 3393 patientia:
1946 3332 2012 3382 ab
2063 3329 2153 3383 illo

575 3408 775 3461 monita
809 3409 1173 3476 perciperent;
1223 3413 1449 3479 septima
1504 3415 1715 3468 tandem
1764 3416 1853 3471 die
1903 3434 2190 3488 egressus

574 3497 688 3565 ipse
716 3500 779 3551 ad
811 3514 924 3563 eos,
960 3501 1171 3553 volebat
1198 3504 1502 3557 mosstitiam
1532 3520 1719 3558 eorum
1741 3508 1903 3574 gratia
1932 3525 2043 3565 sua:
2072 3515 2153 3563 vi-

574 3589 837 3642 sitationis
869 3598 923 3642 et
962 3592 1342 3644 consolationis
1386 3594 1485 3661 pia:
1513 3596 1679 3647 verbo
1720 3596 1904 3651 lenire.
1937 3599 2155 3670 Ingres-

574 3692 666 3730 sus
696 3687 874 3730 autem
904 3680 1123 3731 domum
1155 3680 1207 3732 itt
1238 3696 1338 3747 qtta
1379 3684 1690 3750 manebant,
1723 3695 1780 3739 ut
1811 3688 1942 3741 vidit
1968 3706 2151 3745 aucam

576 3784 680 3819 non
715 3766 883 3823 fuisse
922 3779 1235 3832 comestam,
1270 3771 1480 3838 placido
1517 3776 1659 3828 vulttt
1708 3786 1762 3830 et
1807 3777 1930 3833 lmto
1982 3785 2155 3847 potius

576 3873 826 3913 sermone
857 3860 1128 3931 redarguit
1168 3877 1353 3917 eorum
1399 3864 1852 3926 inobedieutiam:
1892 3889 1911 3923 ι
1945 3872 2150 3941 Nonne,

577 3949 845 4020 inquiens,
878 3951 1169 4007 inconteSta
1201 3953 1371 4008 adhuc
1400 3958 1593 4023 pendet
1622 3961 1787 4013 auca"
1814 3972 1867 4015 et
1892 3965 2015 4032 quid
2046 3968 2152 4020 mi-

576 4059 689 4095 rum
719 4043 764 4097 si
813 4058 908 4097 vos
957 4060 1105 4099 mare
1151 4061 1255 4100 non
1308 4047 1431 4102 sivit
1462 4049 1647 4103 abire?
1702 4050 1974 4109 Cilissitne
2024 4072 2154 4127 ergo

576 4133 768 4189 mittite
798 4150 916 4189 eam
954 4137 1003 4188 iu
1030 4134 1050 4166 "
1079 4137 1367 4192 caldariam
1406 4156 1417 4191 :
1445 4142 1659 4209 coquite
1696 4151 1751 4195 et
1779 4145 2064 4212 comedite,
2098 4159 2155 4202 ut

577 4224 745 4291 possit
776 4239 921 4278 mare
952 4225 1255 4292 quiescere,
1302 4237 1357 4282 et
1385 4244 1479 4283 vos
1529 4232 1743 4284 domum
1796 4238 2092 4291 remittere.
2131 4258 2149 4291 ι

2256 3065 2573 3132 simpliciter
2625 3068 2991 3136 interroganti,
3049 3071 3363 3139 simpliciter
3417 3088 3469 3129 et
3519 3077 3631 3143 ipse
3683 3080 3819 3145 quod

2263 3172 2447 3211 verum
2481 3169 2701 3213 noverat
2731 3162 3005 3230 pandens:
3044 3182 3063 3216 ι
3118 3166 3361 3232 Quando,
3412 3170 3598 3238 inquit,
3647 3188 3821 3226 meum

2254 3260 2450 3315 corpus
2473 3249 2574 3302 huc
2598 3252 2864 3305 referetis.
2905 3271 2926 3304 ι
2962 3253 3061 3319 Qui
3092 3270 3212 3308 cum
3246 3257 3379 3310 duos
3411 3260 3577 3313 ferme
3610 3276 3821 3314 menses

2254 3338 2306 3391 in
2330 3354 2515 3408 magna
2546 3342 2787 3409 repetitas
2828 3358 2939 3398 suae
2969 3346 3165 3412 quietis
3190 3349 3542 3403 exsultatione
3570 3354 3824 3419 transige-

2253 3439 2358 3495 ret,
2384 3435 2552 3486 multo
2590 3445 2859 3490 consueta:
2881 3438 3230 3492 districtionis
3253 3441 3427 3507 rigore
3455 3456 3648 3507 corpus
3670 3459 3822 3498 men-

2255 3531 2468 3590 temque
2491 3526 2915 3593 constringeret;
2966 3538 3212 3597 arreptus
3261 3529 3570 3585 infirmitate
3618 3534 3816 3601 subita,

2255 3614 2562 3677 temporalis
2588 3614 2709 3682 igne
2731 3615 2932 3671 doloris
2962 3618 3026 3670 ad
3054 3628 3323 3685 perpetuae
3345 3621 3507 3687 cmpit
3540 3622 3825 3676 beatitudi-

2255 3702 2337 3756 nis
2361 3705 2549 3772 gaudia
2581 3709 2891 3773 praeparari.
2923 3709 3085 3777 Cujus
3106 3710 3306 3764 obitum
3340 3712 3465 3766 libet
3489 3714 3660 3768 verbis
3686 3715 3823 3769 illius

2252 3792 2405 3860 cujus
2440 3795 2696 3850 relatione
2725 3796 2881 3851 didici
2914 3798 3242 3864 describere,
3284 3801 3543 3857 Herefridi
3574 3803 3821 3857 videlicet

2252 3883 2461 3938 devotae
2504 3886 2775 3956 religionis
2800 3889 3119 3959 presbyteri,
3145 3892 3234 3959 qui
3266 3892 3426 3945 etiam
3458 3905 3582 3947 tunc
3613 3895 3819 3947 Lindis-

2253 3976 2484 4030 farnensi
2518 3981 2842 4034 monasterio
2868 3980 3076 4035 abbatis
3101 3982 3221 4049 jure
3267 3983 3497 4048 praefuit.
3550 4002 3568 4034 ι
3602 3984 3816 4049 Tribus,

2253 4066 2442 4136 inquit,
2473 4069 2895 4125 hebdomadibus
2915 4074 3199 4141 continuis,
3224 4074 3529 4131 infirmitate
3549 4078 3819 4141 decoctus,

2266 4158 2345 4212 sic
2370 4160 2435 4213 ad
2461 4172 2697 4215 extrema
2733 4164 2993 4229 pervenit.
3040 4164 3308 4231 Siquidem
3338 4176 3522 4230 quarta
3554 4168 3680 4220 feria
3710 4182 3819 4220 cce-

2260 4248 2327 4316 pit
2356 4247 2380 4286 ά
2411 4260 2691 4317 aegrotare.
2722 4263 2775 4306 et
2805 4268 2986 4308 rursus
3016 4266 3204 4325 quarta
3251 4256 3378 4311 feria
3409 4258 3553 4313 finita
3594 4258 3808 4327 aegritu-

1541 4319 2007 4380 VULGATUBUM
2054 4326 2437 4393 VARIANTES
2475 4339 2872 4397 LECTIONES.

646 4400 664 4431 ¹
708 4399 871 4453 Maris
898 4416 988 4469 per
1020 4413 1205 4471 septem
1235 4406 1341 4457 dies
1371 4407 1640 4462 obsederit.

647 4472 668 4501 '
713 4471 1073 4523 I'letortatorio
1096 4486 1148 4524 ut
1182 4476 1323 4529 illos.

650 4541 669 4571 ³
711 4541 822 4595 Nec
846 4554 966 4594 tunc
988 4542 1215 4613 culpant.

2322 4428 2343 4457 ⁸
2382 4428 2703 4484 Calcariam.

2324 4495 2345 4525 ⁸
2389 4498 2721 4555 Verebantur.

1924 4644 2276 4706 VARIORUM
2317 4652 2542 4709 ΝΟΤᾹΣ.

647 4730 675 4758 ι
720 4723 946 4799 Duobus.
994 4725 1108 4779 Duo
1132 4726 1254 4780 anni
1276 4726 1351 4799 ab
1378 4730 1640 4785 electione
1666 4731 1804 4799 ejus,
1830 4749 1933 4787 non
1963 4752 1990 4788 a
2022 4752 2148 4791 con-

578 4796 872 4865 secratione
898 4807 1020 4848 sunt
1063 4797 1329 4851 sumendi.
1377 4796 1732 4855 Consecratus
1772 4796 1856 4858 est
1882 4809 2022 4860 enim
2052 4824 2144 4865 an.

579 4864 702 4943 $85,
737 4876 973 4943 tempore
1012 4868 1365 4943 soletunitatis
1398 4873 1688 4938 paschalis;
1723 4864 2145 4943 transigereutur

580 4935 736 4999 igitur
764 4937 879 5010 duo,
913 4938 1056 5010 anui,
1097 4938 1140 5010 si
1163 4935 1409 5010 calt-oles
1451 4956 1479 4993 a
1531 4935 1953 5010 consecratione,
2006 4957 2141 5002 tem-

581 5020 708 5073 pore
738 5007 972 5074 paschali
1000 5022 1088 5059 an.
1120 5008 1221 5062 687
1249 5026 1260 5060 :
1290 5012 1381 5063 sed
1406 5020 1612 5065 consmt
1637 5028 1754 5076 cap.
1785 5014 1850 5066 57
1874 5007 1994 5071 eum
2025 5030 2147 5075 ante

582 5088 786 5153 tempus
810 5077 1056 5153 paschale
1081 5078 1309 5153 insulam
1332 5082 1635 5153 repetiisse,
1661 5084 1768 5138 vid.
1794 5102 1915 5139 mox
1937 5102 2142 5153 peracto

579 5148 661 5197 die
702 5147 915 5221 solemni
964 5145 1262 5221 Nativitatis
1306 5145 1587 5205 dominica.
1621 5145 1778 5221 Ergo
1830 5145 2145 5214 numerandi

580 5224 707 5288 stitit
754 5216 878 5269 anni
915 5218 999 5288 ab
1038 5219 1299 5288 electione
1348 5236 1466 5288 quas
1519 5224 1650 5275 facta
1700 5216 1781 5277 est
1833 5227 2148 5285 imminente

582 5287 753 5338 hieme
784 5302 873 5339 an.
903 5285 1028 5342 684.
1070 5290 1142 5342 De
1168 5287 1281 5356 ejus
1308 5285 1481 5346 reditu
1509 5293 1573 5346 ad
1604 5294 1764 5347 vitam
1796 5298 2138 5355 anachoreti-

582 5370 697 5407 cam
728 5356 844 5410 vide
875 5373 945 5423 tv,
989 5357 1081 5413 28.
1123 5359 1313 5413 Sirmi.

657 5424 681 5462 δ
721 5429 935 5501 A-ucam.
970 5430 1135 5501 Augeae
1174 5431 1389 5485 nomine
1424 5432 1818 5501 intelligendum
1840 5450 1960 5490 esse
1984 5452 2141 5492 anse—

586 5509 721 5575 rem,
742 5497 910 5575 Gallis
931 5499 1010 5575 oi_e
1024 5500 1251 5575 dictum,
1274 5501 1468 5575 clarius
1487 5514 1569 5556 est
1589 5497 1744 5571 quam
1769 5508 2027 5575 exemplis
2049 5508 2145 5561 ad-

583 5567 754 5639 ductis
782 5569 991 5634 probari
1024 5570 1275 5639 indigeat.
1325 5572 1432 5626 Nec
1480 5567 1670 5627 mirum
1701 5576 1745 5629 si
1792 5567 2036 5630 monachi
2074 5577 2149 5630 illi

583 5636 826 5688 anserina
872 5653 1033 5694 carne
1063 5636 1433 5706 vescebantur,
1468 5644 1555 5714 qui
1600 5646 1707 5714 jam
1761 5654 1871 5700 tum
1927 5646 2150 5701 forsitan

2251 4746 2484 4800 volatilia
2510 4749 2560 4800 in
2589 4747 2807 4813 piscium
2833 4766 3055 4805 numero
3080 4751 3364 4807 habebant.
3391 4753 3548 4809 Certe
3573 4769 3637 4809 ex
3672 4756 3819 4808 Actis

2249 4818 2417 4869 sancti
2448 4818 2787 4883 Colutnbani,
2816 4821 2940 4875 item
2974 4824 3143 4877 sancti
3186 4825 3401 4878 Bertulft
3432 4826 3680 4879 abbatum
3714 4825 3818 4878 Bn-

2251 4884 2514 4961 biettsium
2540 4889 2903 4958 intelligimus,
2939 4891 3136 4946 licitum
3187 4898 3504 4961 quandoque
3535 4895 3698 4948 fuisse
3728 4897 3814 4948 di-

2250 4957 2467 5024 scipulis
2497 4962 2664 5011 sancti
2692 4957 3003 5014 Colttmbani
3030 4964 3174 5017 vesci
3203 4957 3456 5019 carnibus
3477 4965 3813 5019 eoturnicutn

2250 5035 2302 5078 et
2328 5029 2557 5103 auatiuin
2591 5046 2601 5080 :
2634 5032 2843 5103 tametsi
2869 5030 3229 5086 Columbanus
3260 5036 3309 5088 itt
3344 5034 3577 5102 Regalis.
3615 5050 3734 5103 cap.
3784 5036 3817 5084 5

2252 5103 2457 5150 tantum
2499 5100 2661 5174 olera,
2692 5100 2947 5174 legumina
2972 5111 3016 5153 et
3046 5104 3265 5167 farinam
3288 5100 3443 5174 aquis
3465 5106 3663 5158 mistam
3682 5100 3818 5157 icum

2249 5182 2404 5240 paruo
2436 5171 2581 5237 panis
2610 5171 2892 5235 paxintatio
2919 5172 3189 5240 di~cipulis
3217 5171 3627 5227 suis’concedit.
3682 5174 3819 5236 Lege

2251 5235 2596 5312 Batrammim
2626 5243 2674 5312 i_u
2704 5240 2879 5312 lib.‘tv
2903 5235 3091 5312 contra
3118 5243 3421 5297 Grmcorutn
3450 5245 3646 5312 Oppiis.
3678 5261 3727 5298 c.
3759 5235 3816 5309 9,

2252 5314 2381 5359 tom.
2418 5309 2455 5359 ll
2489 5308 2672 5372 Spicil.
2721 5309 3023 5365 Acberiani.
3068 5314 3290 5367 ΜΑιιιιι..

2324 5386 2346 5413 ο
2390 5376 2568 5453 linum
2600 5378 2675 5433 De
2714 5380 2816 5453 hoc
2851 5384 3119 5450 quomodo
3167 5387 3457 5453 satiabatur
3488 5402 3515 5436 a
3559 5399 3651 5437 sua
3683 5383 3812 5453 dys-

2248 5450 2457 5516 enteria
2484 5448 2605 5501 vide
2655 5448 2951 5516 proximum
2983 5465 3161 5515 caput.
3204 5452 3395 5507 Stll'l‘ti.

2322 5514 2345 5553 ἀ
2377 5514 2681 5590 _/Egrotare.
2711 5518 2854 5572 Obiit
2882 5536 2969 5573 xttt
3000 5514 3118 5575 Kal.
3145 5521 3335 5590 April.,
3362 5525 3410 5577 id
3435 5534 3517 5579 est
3545 5522 3614 5575 20
3638 5522 3819 5586 Mam,

2251 5586 2414 5655 erepit
2447 5588 2602 5656 igitur
2629 5600 2890 5658 aegrotare
2919 5590 2985 5643 :27
3021 5586 3294 5647 Febrflo.
