4220 6456
406 292 506 348 777

394 409 520 464 dine
585 404 829 475 migravit
879 402 945 459 ad
986 404 1288 460 Dominum.
1356 402 1426 460 At
1473 421 1594 462 cum
1646 422 1801 464 mane
1855 408 1969 479 pri-

394 511 482 551 mo
552 494 812 549 inchoata;
859 492 1179 548 infirmitatis
1233 495 1511 560 venirem,
1561 511 1681 551 nam
1752 507 1805 553 et
1849 508 1973 553 ante

393 588 622 642 triduum
646 600 765 639 cum
802 585 1054 639 fratribus
1087 584 1312 639 insulam
1343 585 1603 651 adieram,
1635 588 1855 657 cupiens
1884 603 1971 643 so-

392 677 500 733 lita:
531 674 919 730 benedictionis
949 683 1003 729 et
1030 675 1419 730 exhortationis
1440 678 1508 730 ab
1536 692 1601 732 eo
1625 678 1811 734 solatia
1842 694 1966 750 per-

390 771 592 839 cipere,
627 778 683 821 ut
712 767 836 820 dato
876 765 1035 837 juxta
1091 782 1292 822 morem
1348 770 1505 837 signo
1552 785 1640 824 me
1690 771 1970 827 advenisse

390 860 621 934 prodidi.
648 860 915 927 processit
944 860 1011 914 ad
1044 860 1352 924 fenestram,
1380 872 1432 915 et
1461 863 1713 918 salutanti
1746 877 1805 917 se
1836 863 1967 918 mihi

388 951 677 1021 suspirium
708 965 805 1018 pro
831 964 1089 1018 reSponso
1118 950 1368 1005 reddidit.
1398 952 1494 1007 Cui
1527 968 1624 1024 ego
1652 971 1663 1003 :
1698 955 1836 1025 Quid
1870 956 1967 1008 Ita-

391 1044 503 1108 bes,
536 1042 776 1111 inquam,
810 1042 1027 1097 domine
1073 1044 1145 1095 nti
1195 1045 1465 1112 episcope,
1509 1062 1576 1099 an
1624 1047 1761 1103 furte
1811 1060 1968 1104 nocte

391 1135 491 1189 hac
516 1143 635 1189 tuus
666 1144 717 1188 te
764 1135 987 1202 languor
1015 1134 1227 1205 tetigit?
1256 1137 1326 1191 At
1372 1138 1459 1192 ille
1488 1155 1501 1190 :
1550 1140 1742 1206 Etiam,
1774 1141 1966 1211 inquit,

306 1260 309 1263 ι
386 1227 608 1296 languor
636 1242 720 1281 me
751 1227 926 1297 tetigit
974 1238 1129 1280 nocte
1162 1229 1279 1282 hac.
1334 1228 1597 1286 Putabam
1636 1234 1761 1302 quia
1787 1234 1851 1287 de
1879 1250 1968 1289 ve-

384 1318 486 1371 teri
516 1332 609 1371 sua
651 1317 957 1372 infirmitate
984 1319 1135 1385 cujus
1179 1319 1483 1386 quotidiana
1534 1337 1671 1392 pene
1722 1325 1963 1379 molestia

383 1417 733 1463 consueverat
760 1409 1009 1477 excoqui,
1043 1423 1147 1463 non
1176 1418 1356 1465 autem
1400 1411 1468 1465 de
1503 1428 1637 1465 nova
1668 1422 1723 1467 et
1753 1413 1966 1470 insolita

385 1502 604 1556 diceret.
640 1500 748 1555 Nec
788 1502 938 1569 plnra
982 1501 1361 1570 interrogans:
1400 1502 1494 1569 Da,
1542 1502 1775 1575 inquam,
1810 1506 1973 1561 bene-

383 1588 666 1645 dictionem
715 1590 910 1654 nobis,
964 1590 1088 1660 quia
1135 1591 1246 1659 jam
1303 1600 1514 1661 tempus
1566 1594 1850 1665 navigandi
1904 1611 1967 1650 ac

384 1680 598 1735 domum
649 1682 925 1749 repetendi
980 1682 1154 1737 adest.
1214 1683 1409 1749 Facite,
1462 1685 1652 1754 inquit,
1709 1694 1768 1740 ut
1809 1688 1962 1753 dicis,

382 1774 654 1828 ascendite
682 1788 890 1839 navem,
914 1788 978 1827 ac
999 1774 1214 1829 domum
1237 1776 1370 1831 salvi
1395 1778 1591 1832 redite.
1621 1777 1754 1832 Cum
1782 1788 1956 1834 autem
1992 1787 2034 1846 Β

384 1864 522 1918 Deus
544 1865 837 1933 susceperit
871 1880 1103 1920 animam
1148 1881 1344 1933 meam,
1382 1868 1603 1936 sepelite
1647 1883 1733 1923 me
1770 1869 1821 1923 in
1864 1870 1964 1926 hac

382 1957 659 2011 mansione
710 1957 864 2026 juxta
923 1959 1215 2012 oratorium
1272 1974 1449 2014 meum
1521 1959 1588 2014 ad
1644 1961 1958 2028 meridiem,

381 2045 402 2078 ¹
422 2057 610 2101 contra
653 2049 965 2102 orientalem
998 2050 1205 2120 plagam
1246 2059 1447 2105 sancta:
1472 2051 1647 2106 crucis
1676 2068 1835 2122 quam
1864 2054 1961 2109 ibi-

380 2137 505 2193 dem
526 2138 695 2192 erexi.
737 2140 841 2193 Est
869 2151 1047 2194 autem
1078 2140 1145 2194 ad
1175 2141 1533 2211 aquilonalem
1572 2144 1812 2212 ejusdem
1841 2160 1961 2200 ora-

381 2230 501 2284 tnrii
534 2241 736 2299 partem
795 2233 1183 2302 sarcopltagum
1235 2242 1392 2288 terrae
1441 2238 1645 2305 cespite
1696 2238 1955 2305 abditum,

376 2321 516 2388 quod
541 2322 665 2375 olim
694 2321 824 2376 milii
853 2322 1036 2378 Cudda
1062 2325 1384 2381 venerabilis
1409 2327 1574 2383 abbas
1614 2328 1851 2389 donavit.
1901 2332 1956 2388 In

375 2408 479 2466 hoc
505 2426 680 2465 meum
717 2426 910 2479 corpus
953 2416 1218 2482 reponite,
1268 2415 1601 2472 involventes
1625 2420 1676 2473 iu
1727 2422 1957 2479 sindone

372 2515 530 2570 quam
562 2502 844 2556 invenietis
873 2503 1013 2557 istic.
1045 2504 1197 2559 Nolui
1227 2507 1441 2574 quidem
1470 2524 1533 2562 ea
1559 2510 1748 2565 vivens
1779 2512 1948 2580 indui,

372 2591 465 2644 sed
495 2607 588 2659 pro
618 2607 799 2648 amore
847 2594 1058 2649 dilecta:
1090 2597 1198 2649 Deo
1245 2597 1454 2653 femina!
1485 2616 1601 2665 «pun
1635 2600 1772 2659 hanc
1812 2604 1949 2658 mihi

373 2685 537 2750 misit,
571 2683 754 2739 Vercaa
782 2685 1032 2740 videlicet
1075 2688 1382 2753 abbatissae,
1430 2690 1495 2744 ad
1547 2692 1949 2751 obvolvendum

373 2788 567 2842 corpus
620 2789 795 2830 meum
846 2790 1125 2832 reservare
1173 2781 1379 2834 curavi.
1424 2783 1444 2811 ²
1501 2782 1741 2839 Audiens
1791 2785 1946 2841 hac:

372 2866 626 2931 Obsecro,
658 2867 893 2937 inquam,
925 2868 1101 2934 Pater,
1135 2870 1277 2939 quia,
1310 2871 1330 2903 ³
1369 2871 1725 2930 iulirmantem
1752 2887 1806 2932 et
1836 2892 1950 2933 mo-v

373 2957 595 3011 riturum
627 2967 676 3011 te
707 2958 884 3025 audio,
934 2961 1140 3029 aliquos
1182 2962 1248 3017 de
1291 2964 1547 3021 fratribus
1580 2968 1665 3023 hic
1693 2969 1758 3022 ad
1790 2971 1950 3025 mini-

375 3048 648 3105 strandum
687 3050 777 3104 tibi
806 3065 1085 3107 remanere
1115 3054 1413 3123 permittas.
1458 3059 1526 3113 At
1555 3060 1645 3114 ille
1674 3079 1686 3113 :
1723 3061 1814 3127 lte,
1857 3064 1945 3118 in-

368 3136 503 3206 quit,
532 3140 709 3207 modo,
741 3149 979 3210 tempore
1014 3154 1193 3199 autem
1221 3157 1521 3219 opportuno
1557 3151 1744 3207 redite.
1770 3153 1936 3208 Cum-
1967 3133 2014 3195 ο

372 3246 473 3299 que
496 3232 801 3301 diligentius
832 3237 1120 3293 obsecrans
1148 3253 1206 3292 ut.
1249 3243 1601 3299 ministerium
1644 3249 1944 3319 susciperet

370 3339 698 3393 nequaquam
742 3326 1024 3396 impetrare
1070 3331 1326 3398 valerem,
1359 3336 1571 3393 tandem
1622 3339 1943 3414 interrogavi

369 3417 581 3483 quando
628 3417 946 3475 deberemus
997 3425 1211 3478 reverti.
1241 3426 1339 3491 Qui
1382 3430 1459 3483 ait
1490 3446 1502 3482 :
1532 3430 1754 3496 Quando
1804 3436 1943 3491 Deus

369 3507 617 3574 voluerit,
656 3519 710 3562 et
739 3512 855 3574 ipse
880 3512 1031 3568 vobis
1051 3516 1370 3571 ostenderit.
1406 3518 1655 3575 Fecimus
1688 3534 1743 3577 ut
1767 3525 1945 3594 jusse-

369 3605 469 3663 rat,
500 3602 911 3672 convocatisque
946 3620 1066 3659 mox
1099 3606 1149 3661 in
1190 3610 1471 3667 ecclesiam
1505 3612 1759 3671 fratribus
1802 3633 1939 3672 cuu-

367 3687 489 3753 ctis,
512 3688 648 3758 jussi
676 3693 970 3749 orationem
1001 3697 1115 3751 fieri
1142 3700 1257 3754 sine
1288 3700 1689 3761 intermissione
1714 3722 1811 3776 pro
1834 3725 1937 3765 eo:

366 3777 495 3844 Quia
525 3781 753 3847 videtur,
806 3784 1076 3855 inquiens,
1124 3788 1256 3843 mihi
1306 3806 1371 3845 ex
1418 3793 1734 3861 quibusdam
1767 3801 1941 3856 verbis

367 3869 505 3925 illius
526 3875 951 3945 appropinquare
974 3879 1114 3935 diem
1144 3897 1252 3953 quo
1276 3883 1345 3939 sit
1373 3888 1616 3944 exiturus
1652 3892 1718 3945 ad
1748 3892 1936 3951 Deum.

443 3980 464 4016 ι
503 3964 657 4018 Eram
688 3976 865 4021 autem
894 3969 1153 4025 sollicitus
1196 3973 1264 4027 de
1294 3976 1467 4031 reditu
1514 3989 1732 4048 pr0pter
1780 3985 1943 4039 infir—

368 4052 606 4107 mitatem
639 4055 789 4123 ejus;
820 4058 911 4112 sed
941 4063 1173 4132 quinque
1203 4064 1387 4121 diebus
1415 4068 1619 4124 obstitit
1651 4082 1939 4144 tempestas

365 4157 434 4197 ne
478 4142 653 4199 redire
711 4161 1022 4215 possemus;
1082 4154 1223 4221 quod
1272 4157 1525 4213 divinitus
1572 4142 1935 4231 dispensatum

364 4230 527 4287 fuisse
565 4234 639 4287 rei
684 4237 925 4303 probavit
977 4252 1223 4298 eventus.
1278 4244 1346 4301 Ut
1394 4249 1540 4305 enim
1592 4230 1936 4322 omnipotens

368 4318 506 4374 Deus
529 4320 782 4378 famulum
815 4340 966 4385 suum
996 4330 1064 4385 ab
1092 4334 1236 4388 omni
1263 4334 1382 4391 labe
1413 4339 1695 4397 mundanae
1738 4318 1935 4415 fragili-

364 4412 485 4465 tatis
514 4413 579 4467 ad
624 4430 814 4482 purum
850 4420 1156 4491 castigaret,
1207 4436 1369 4496 utque
1418 4430 1739 4490 adversariis
1791 4412 1928 4507 ejus,

1098 290 1291 349 SECT.
1332 290 1373 349 l.
1411 318 1482 335 --
1518 290 2095 353 llAGlOGBAPHlCA.
2140 324 2207 337 -
2244 296 2405 354 VITA
2448 296 2505 354 S.
2546 297 2956 357 CUTIIBERTI.

3551 304 3658 367 773

2002 420 2048 479 A
2078 428 2268 486 fratres
2291 431 2379 501 qui
2408 446 2613 487 mecum
2639 443 2897 490 venerant
2923 436 3233 510 renavigare
3260 440 3324 493 ad
3351 443 3648 509 proximum

2074 522 2236 591 littus,
2268 525 2379 593 ipse
2408 540 2692 582 remanens
2722 528 2772 582 iu
2797 529 3274 596 insula,confestim
3312 534 3447 588 Patri
3484 538 3641 591 mini-

2070 615 2286 669 sterium
2330 616 2568 683 prtebere
2586 618 2787 671 curavi.
2811 617 3080 688 Siquidem
3119 621 3437 677 calefaciens
3457 639 3648 695 aquam

2070 704 2353 760 abluebam
2383 705 2571 775 pedem
2599 710 2735 776 ejus,
2765 710 2852 778 qui
2882 711 3049 781 gratia
3081 711 3270 767 diutini
3302 715 3523 771 tumoris
3540 718 3650 788 jam

2071 804 2196 851 tunc
2253 798 2404 852 ulcus
2432 799 2455 825 “
2483 800 2730 866 habebat,
2767 817 2829 855 ac
2858 804 3149 871 profluente
3176 809 3327 863 sanie
3352 824 3478 865 cura
3512 812 3649 866 indi.

2068 889 2260 956 gebat;
2311 889 2404 943 sed
2434 898 2489 945 et
2518 892 2698 945 vinum
2735 893 3055 949 calefaciens
3084 898 3253 962 attuli,
3288 915 3517 971 eumque
3546 919 3649 973 ειιη

2068 988 2212 1033 stare
2241 982 2445 1049 rogavi.
2479 981 2731 1037 Videbam
2776 999 3005 1053 namque
3055 987 3108 1040 iu
3159 988 3291 1043 facie
3347 992 3463 1059 ejus
3522 995 3643 1063 quia

2077 1070 2298 1124 mttltum
2328 1072 2500 1127 inedia
2530 1073 2685 1128 simul
2709 1074 3035 1146 etlanguore
3063 1090 3175 1133 erat
3198 1081 3460 1137 defessus.
3491 1084 3647 1139 Com—

2069 1160 2207 1229 pleta
2239 1165 2533 1228 curatione,
2564 1166 2763 1221 resedit
2791 1170 3003 1238 quietus
3037 1172 3086 1226 in
3115 1171 3135 1202 ’⁵
3171 1184 3360 1234 stratu.
3391 1179 3563 1232 resedi
3593 1190 3649 1243 et

2067 1266 2167 1321 ego
2193 1256 2338 1321 juxta
2370 1271 2513 1310 cum.
2567 1258 2805 1328 Cumque
2852 1261 3057 1329 sileret,
3110 1264 3259 1320 disi:
3316 1267 3501 1335 Video,
3555 1273 3650 1324 du.

2067 1346 2209 1399 mine
2248 1347 2518 1417 episcope,
2560 1350 2683 1419 quia
2729 1353 2952 1408 multum
2983 1365 3208 1411 vexatus
3234 1374 3293 1413 es
3319 1360 3386 1415 ab
3420 1362 3647 1417 infirmi-

2068 1441 2195 1501 tate,
2244 1448 2521 1508 postquam
2573 1442 2892 1497 recessimus
2938 1459 2966 1499 a
3015 1454 3104 1503 te:
3156 1457 3209 1503 et
3257 1450 3451 1509 mirum
3482 1468 3647 1523 quare

2068 1529 2324 1596 nolueris,
2375 1544 2432 1586 ut
2478 1534 2686 1604 aliquos
2717 1549 2957 1594 nostrum
2987 1542 3074 1610 qui
3121 1542 3211 1597 tibi
3260 1547 3644 1617 ministrarent,

2068 1621 2152 1676 hic
2195 1622 2591 1683 dimitteremus
2640 1628 2918 1684 abeuntes.
2969 1634 3039 1687 At
3084 1635 3174 1689 ille
3217 1654 3228 1689 :
3286 1638 3399 1704 Dei,
3455 1642 3645 1713 inquit,

2067 1714 2399 1783 providentia
2440 1727 2492 1771 et
2519 1718 2792 1775 voluntate
2822 1731 3026 1791 gestum
3071 1737 3171 1792 e5t,
3198 1737 3255 1780 ιιι
3283 1734 3568 1797 praesentia
3594 1743 3648 1793 et

2064 1804 2260 1861 auxilio
2288 1806 2574 1865 destitutus
2629 1811 2884 1875 huntano,
2932 1814 3105 1885 aliqua
3140 1827 3349 1887 paterer
3394 1822 3644 1885 adversa.

2063 1892 2346 1963 Postquam
2371 1898 2512 1952 enim
2562 1912 2593 1952 a
2623 1915 2710 1955 me
2740 1901 2967 1973 digressi
3005 1906 3135 1960 estis
3183 1909 3437 1964 continuo
3480 1913 3645 1983 cmpit

2063 1986 2440 2057 ingravescere
2486 1990 2742 2061 languor:
2797 1994 3024 2065 ideoque
3072 1998 3139 2054 de
3192 2016 3310 2056 utea
3364 2006 3642 2063 mansione

2061 2081 2347 2150 egrediens
2377 2084 2477 2139 huc
2506 2084 2733 2152 intravi,
2765 2095 2823 2142 ut
2869 2090 3170 2162 quicunque
3213 2104 3448 2151 vestrum
3505 2100 3635 2155 mihi

2060 2172 2407 2229 ministraturi
2453 2174 2792 2245 advenirent,
2843 2180 2929 2235 ltic
2978 2196 3063 2236 me
3108 2183 3349 2242 invenire
3398 2201 3637 2265 possent,

2059 2276 2158 2317 nec
2183 2277 2357 2319 meam
2388 2266 2722 2323 mansionem
2752 2284 2973 2329 necesse
3004 2272 3264 2331 haberent
3294 2277 3526 2349 ingredi.
3554 2281 3637 2344 Ex

2057 2367 2163 2424 quo
2202 2364 2376 2410 autem
2409 2355 2711 2427 ingrediens
2741 2360 2839 2416 bat:
2871 2362 2921 2417 in
2968 2365 3095 2419 sede
3146 2368 3381 2424 membra
3412 2387 3637 2444 eompo.

2055 2441 2160 2507 sui,
2191 2458 2295 2497 non
2326 2447 2470 2500 movi
2516 2462 2602 2503 me
2644 2447 2791 2519 hinc,
2820 2452 2914 2506 sed
2956 2453 3188 2524 quinque
3230 2458 3419 2514 diebus
3474 2441 3556 2518 bis
3586 2474 3641 2520 et

2056 2535 2305 2591 noctibus
2354 2536 2442 2592 hic
2490 2539 2699 2607 quietus
2752 2545 3036 2611 permansi.
3083 2547 3185 2602 Cui
3238 2565 3375 2620 ego:
3411 2552 3478 2607 Et
3506 2569 3639 2625 quo.

2054 2626 2231 2693 modo,
2266 2627 2504 2699 inquam,
2537 2630 2750 2687 domine
2796 2636 2868 2688 mi
2898 2637 3170 2709 episcopo,
3206 2643 3285 2697 sic
3316 2646 3494 2702 vivere
3541 2664 3639 2718 po-

2056 2718 2236 2773 tuisti?
2266 2719 2397 2775 Num
2427 2724 2628 2792 absque
2675 2727 2778 2781 cibi
2828 2732 3169 2799 perceptione
3216 2744 3361 2791 tanto
3393 2747 3634 2811 tempore

2052 2808 2333 2864 mansisti?
2359 2811 2494 2866 Tum
2527 2813 2616 2869 ille
2657 2825 2857 2872 retecto
2905 2820 3232 2879 lectisternio
3259 2828 3342 2881 cui
3383 2808 3636 2898 superse-

2051 2898 2230 2965 debat,
2264 2902 2493 2957 ostendit
2522 2904 2591 2959 ibi
2616 2919 2775 2975 cepas
2814 2909 3045 2980 quinque
3078 2917 3400 2985 reconditas,
3433 2930 3487 2975 et
3514 2922 3588 2977 ait
3618 2942 3632 2984 ξ

2051 2985 2149 3042 llic
2180 2988 2307 3043 mibi
2336 2991 2504 3047 victus
2531 3004 2649 3049 erat
2679 2996 2761 3052 bis
2789 2998 2999 3055 diebus.
3029 3002 3461 3081 Quotiescunque
3488 3014 3631 3080 enim

2048 3092 2111 3134 os
2138 3081 2382 3137 ariditate
2420 3099 2482 3138 ac
2520 3087 2607 3141 siti
2654 3089 2810 3144 nimia
2865 3093 2886 3123 ⁸
2924 3094 3163 3163 ardebat,
3212 3098 3324 3156 base
3367 3108 3631 3174 gustando

2051 3185 2135 3226 me
2164 3171 2479 3243 refrigerare
2506 3190 2567 3231 ac
2604 3192 2848 3237 recreare
2877 3186 3078 3239 curavi.
3113 3171 3406 3248 Videbatur
3444 3208 3624 3261 autem

2050 3275 2150 3314 una
2187 3261 2254 3316 de
2282 3265 2427 3333 cepis
2474 3266 2652 3322 minus
2704 3284 2861 3337 quam
2910 3272 3130 3330 dimidia
3187 3288 3337 3347 parte
3383 3298 3625 3347 corrosa.

2049 3352 2070 3385 ⁶
2101 3353 2319 3423 Insuper
2347 3364 2400 3410 et
2425 3369 2819 3415 concertatores
2863 3366 2964 3418 mei
3020 3381 3289 3438 nunquam
3337 3386 3433 3442 per
3461 3390 3623 3433 omne

2048 3451 2257 3511 tempus
2286 3459 2349 3500 ex
2400 3463 2506 3516 quo
2535 3450 2585 3503 in
2618 3450 2716 3506 hac
2769 3454 2938 3508 insula
2986 3461 3292 3518 conversari
3338 3466 3500 3536 coapi,
3549 3476 3626 3526 tot

2048 3533 2173 3587 milii
2204 3539 2625 3607 persecutiones,
2654 3551 2783 3609 quot
2811 3545 2861 3597 in
2894 3544 2975 3600 his
3000 3548 3234 3618 quinque
3258 3533 3446 3610 diebus
3479 3558 3621 3614 intuc

2046 3624 2180 3679 lere.
2214 3625 2327 3680 Non
2359 3628 2623 3686 audebam
2672 3632 3003 3705 interrogare
3052 3655 3171 3708 quae
3225 3655 3405 3699 essent
3455 3656 3624 3704 tenta-

2044 3718 2215 3772 tiones
2240 3718 2309 3774 de
2332 3721 2523 3789 quibus
2553 3723 2787 3792 dixerat,
2820 3736 3025 3784 tantum
3055 3734 3233 3803 rogavi
3264 3743 3322 3789 ut
3349 3739 3626 3802 ministros

2042 3809 2358 3878 susciperet.
2398 3814 2595 3869 Adnuit
2624 3817 2729 3884 ille,
2782 3828 2834 3873 et
2864 3821 3122 3890 quosdam
3153 3834 3391 3881 nostrum
3435 3844 3614 3889 secum

2042 3902 2275 3967 retinuit,
2306 3904 2359 3961 in
2387 3906 2577 3974 quibus
2617 3918 2735 3963 erat
2764 3912 2934 3980 major
2962 3910 2991 3953 δ
3020 3913 3156 3969 Beda
3180 3919 3492 3990 presbyter,
3522 3925 3611 3991 qui

2042 3992 2339 4049 ministerio
2386 3994 2505 4065 ejus
2549 3997 2881 4055 familiariter
2910 4018 3125 4072 semper
3153 4007 3344 4063 adesse
3381 4025 3615 4068 consue-

2041 4092 2207 4136 verat.
2264 4083 2491 4154 ldeoque
2536 4087 2883 4145 donationem
2934 4096 3464 4168 acceptationumque
3499 4103 3615 4171 ejus

2039 4174 2274 4227 omnium
2306 4178 2546 4232 conscius
2567 4188 2683 4232 erat
2710 4180 2979 4248 indubius,
3008 4199 3165 4253 quem
3192 4188 3263 4242 ob
3291 4189 3340 4244 id
3372 4193 3603 4249 maxime

2036 4278 2215 4318 secum
2242 4280 2457 4324 manere
2480 4268 2665 4336 voluit,
2690 4277 2747 4324 ut
2775 4272 2819 4327 si
2847 4273 3133 4345 cujuslibet
3159 4281 3393 4349 acceptis
3421 4299 3607 4340 mune-

2037 4352 2184 4408 ribus
2212 4354 2366 4426 digna
2392 4364 2893 4429 recompensatiune
2923 4380 3028 4421 non
3052 4371 3438 4441 respondisset,
3464 4375 3606 4432 illius

2035 4445 2399 4504 admonitione
2425 4452 2709 4520 recoleret,
2750 4464 2805 4511 et
2833 4457 3140 4529 priusquam
3169 4462 3340 4519 obiret
3371 4480 3461 4521 sua
3492 4470 3604 4524 cuio

361 4515 519 4569 quam
586 4505 714 4561 nihil
773 4521 956 4566 contra
1032 4514 1154 4571 fidei
1234 4519 1596 4576 fortitudinem
1654 4505 1932 4596 valerent,
1962 4521 2011 4579 Ι)
2038 4548 2139 4604 que
2165 4536 2489 4594 restitueret.
2518 4540 2623 4597 Sed
2662 4551 2718 4599 et
2743 4505 2901 4601 aliurm
2944 4505 3226 4617 qdemdam
3251 4553 3320 4609 de
3349 4554 3604 4614 fratribus

365 4594 662 4617 --.-__.-__.
845 4602 877 4617 ..
1112 4615 1119 4617 Α

363 4594 685 4662 ostenderet,
718 4601 884 4654 voluit
932 4618 1051 4658 eum
1106 4615 1255 4663 tanto
1307 4618 1546 4681 tempore
1594 4630 1933 4691 segregatum

361 4680 429 4734 ab
457 4681 779 4755 hominibus,
806 4699 859 4745 et
885 4707 996 4748 sum
1025 4699 1201 4753 carnis
1230 4680 1495 4759 doloreiet
1520 4707 1721 4778 antiqui
1753 4680 1934 4767 ἶιοειίς

362 4772 550 4828 acriori
572 4783 863 4839 certamine
894 4787 1124 4854 probari.
1155 4791 1223 4846 lit
1246 4804 1420 4850 autem
1444 4772 1935 4870 reddita—tranquil-

363 4860 509 4918 litate
547 4865 766 4924 insulam
806 4876 1168 4948 repetivimus,
1210 4881 1509 4943 invenimus
1538 4904 1658 4945 eum
1687 4907 1784 4949 suo
1812 4910 1929 4949 mo-

363 4954 592 5007 nasterio
616 4971 910 5028 egressum,
942 4968 1130 5024 sedere
1160 4971 1212 5024 in
1261 4973 1422 5030 domu
1464 4978 1516 5032 in
1545 4996 1647 5050 qua
1693 4998 1789 5038 nos
1820 5000 1930 5039 ma-

361 5054 488 5099 nere
512 5047 832 5108 solebamus.
859 5054 924 5110 Et
949 5059 1071 5128 quia
1101 5065 1391 5122 necessitas
1413 5047 1652 5137 quaedam
1677 5076 1926 5143 pOSchat

2039 4630 2360 4698 specialiter,
2411 4644 2469 4687 ut
2508 4635 2646 4692 inter
2674 4638 2946 4695 ministros
2973 4643 3071 4696 sibi
3104 4644 3315 4700 adesset
3360 4648 3607 4717 designa-

2042 4721 2134 4775 vit.
2183 4722 2284 4789 Qui
2313 4724 2470 4795 longo
2509 4728 2724 4795 quidem
2756 4732 2957 4787 ventris
2985 4732 3128 4790 ﬂuxu
3166 4737 3404 4805 graviter
3432 4755 3605 4811 agro-

2040 4810 2208 4876 tabat,
2258 4828 2428 4883 neque
2482 4830 2511 4869 a
2540 4818 2760 4873 medicis
2791 4831 2994 4888 poterat
3039 4828 3247 4881 curari:
3280 4829 3374 4885 sed
3411 4810 3603 4891 merito

2039 4900 2330 4970 religionis,
2359 4905 2655 4973 prudentiae
2685 4918 2740 4962 et
2765 4913 3040 4981 gravitatis
3070 4916 3259 4985 dignus
3286 4920 3602 4991 exstiterat,

2036 4989 2125 5056 qui
2156 4992 2305 5047 testis
2332 5004 2476 5049 esset
2505 4997 2784 5054 verborum
2825 5018 2943 5072 quae
2972 5005 3056 5060 vir
3096 5006 3189 5063 Dei
3228 5009 3411 5066 ultima
3453 4989 3599 5073 dices

2038 5092 2140 5151 ret,
2169 5086 2255 5139 vel
2282 5102 2389 5156 quo
2417 5090 2606 5147 ordine
2636 5094 2888 5164 migraret
2910 5100 2977 5155 ad
3008 5101 3309 5162 Dominum.

1316 5176 1781 5239 VULGATORUM
1824 5186 2209 5247 VARIANTES
2248 5195 2646 5257 LECTIONES.

438 5255 452 5283 ¹
495 5248 527 5300 J
537 5262 659 5305 usta
689 5255 1011 5317 orientalem.

433 5317 453 5393 ξ
498 5318 619 5393 (hoc
647 5339 737 5393 ego
760 5329 995 5384 audiens.

433 5387 454 5419 ³
492 5386 788 5458 Ιιιρτηιῐιηι.

2102 5283 2123 5315 ⁸
2151 5286 2350 5345 Strato.

2100 5354 2120 5385 ⁸
2150 5360 2292 5410 Arni:
2322 5370 2370 5413 et
2398 5364 2627 5417 ardebat.

2103 5424 2342 5497 3Insuper
2371 5433 2439 5483 ait
2464 5448 2480 5485 :
2515 5434 2596 5489 fit.

1694 5505 2047 5565 VARIORUM
2088 5512 2314 5571 NOT/E.

360 5642 396 5699 Β
421 5573 667 5698 1ῖτιέιιειιδ.
707 5579 778 5636 De
802 5582 1007 5654 origine
1036 5583 1196 5654 hujus
1224 5588 1417 5647 ulceris
1442 5594 1559 5649 vide
1580 5609 1734 5671 supra
1762 5614 1812 5653 c.
1839 5600 1925 5655 18.

404 5662 419 5695 1
536 5684 551 5699 ο

404 5662 551 5699 ΠΙΤΙΙ.

432 5715 457 5752 δ
488 5715 646 5773 Beda.
670 5718 785 5774 Non
807 5722 1215 5783 confundendus
1252 5730 1353 5785 iste
1383 5747 1501 5788 cum
1534 5734 1676 5792 Beda
1693 5736 1923 5802 Venera-

727 5816 997 5887 Pnnos.
1026 5820 1242 5887 XCIV.

2038 5606 2125 5734 bitti
2154 5610 2425 5737 quisetiam
2478 5612 2793 5687 discipulum
2834 5623 3199 5695 cognominem
3223 5627 3476 5689 habuisse
3501 5632 3591 5700 dio

2038 5692 2077 5733 [Ἰ
2108 5695 2187 5737 ur.
2270 5697 2415 5737 ἈΙΤΗ.

2034 5692 2187 5740 ριιιιτ,
2228 5692 2415 5745 δἈΙΪΗ,

3082 5850 3159 5921 25
