4220 6446
606 254 710 307 Σῗξ)

1391 266 1588 320 "ICILE
1634 268 2080 323 VENERABIIJS
2119 269 2270 324 Ul'l’.
2314 271 2485 327 PARS
2529 273 2614 327 IV.
2657 303 2720 312 ——
2763 273 3138 329 HISTOIIICA.

3761 286 3872 340 780

690 388 708 422 ι
742 369 944 426 Interea
977 373 1184 428 rediens
1212 376 1425 431 domum
1460 382 1740 437 narrabam
1783 384 2032 440 fratribus
2063 385 2181 450 quia
2217 385 2420 441 Acum
2481 385 2545 440 ad
2596 387 2919 451 oratorium,
2968 387 3221 441 continuo
3266 390 3409 443 sensi
3462 405 3548 446 me
3591 397 3735 450 οπιηὶ
3775 401 3871 453 illa

611 462 930 517 venerabilis
969 463 1127 517 Pater
1176 465 1226 519 in
1273 482 1365 520 sua
1406 484 1465 523 se
1507 471 1676 525 insula
1708 475 1920 542 sepeliri
1948 475 2183 545 juberet.

613 555 675 605 lit
724 553 952 617 videtur,
1009 554 1244 622 inquam,
1302 559 1432 613 mihi
1474 560 1671 629 justius
1719 579 1840 618 esse
1894 568 2080 632 multo,
2133 578 2189 623 et

608 642 815 710 dignius
856 643 1142 710 impetrare
1196 647 1262 700 ab
1312 664 1398 714 eo,
1449 663 1714 719 quatenus
1767 657 1870 711 huc
1914 660 2186 713 transferri

607 750 799 801 corpus
828 751 1000 800 suum,
1037 738 1265 806 etjuxta
1311 743 1568 798 honorem
1599 762 1895 815 congruum
1927 750 1979 802 in
2007 752 2184 806 eccle-

605 833 680 878 sia
730 828 884 881 condi
935 831 1224 896 permittat.
1263 833 1581 890 Placuerunt
1627 839 1731 893 illis
1764 855 1884 908 qua:
1915 841 2183 908 dixeram,

605 929 656 971 et
701 919 976 975 venientes
1023 922 1089 975 ad
1145 925 1454 993 episcopum
1511 929 1850 996 rogabamus,
1901 931 2180 986 dicentes:

603 1009 717 1063 Non
751 1011 865 1063 ausi
897 1026 1100 1077 sumus,
1137 1014 1350 1068 domine
1380 1017 1651 1086 episeope,
1694 1029 2048 1076 contemnere
2071 1023 2185 1092 jus-

602 1099 808 1155 sionetn
836 1111 1000 1166 luam,
1027 1120 1129 1171 qua
1155 1114 1204 1160 te
1227 1105 1312 1159 hic
1335 1110 1583 1163 tumnlari
1607 1113 1898 1178 mandasti,
1929 1124 1981 1168 et
2008 1125 2180 1170 tamen

603 1193 896 1261 rogandum
938 1195 1214 1249 videbatur
1265 1200 1437 1263 nobis,
1485 1211 1538 1252 ut
1583 1213 1630 1254 te
1660 1203 1725 1256 ad
1760 1219 1854 1257 nos
1887 1206 2182 1261 transferre

597 1291 652 1334 et
699 1285 974 1335 nobiscum
1027 1300 1331 1340 mereamur
1382 1289 1601 1344 habere.
1649 1293 1714 1344 At
1765 1293 1850 1347 ille
1883 1311 1893 1344 :
1930 1294 1992 1346 Et
2024 1309 2176 1357 mem,

601 1373 791 1442 inquit,
843 1375 1131 1429 voluntatis
1159 1387 1274 1430 erat
1307 1379 1391 1432 hic
1424 1382 1759 1450 requiescere
1801 1396 2048 1451 corpore,
2093 1385 2178 1437 tibi

601 1467 1131 1539 quantulumcunque
1155 1485 1250 1538 pro
1285 1471 1512 1527 Domino
1537 1487 1807 1530 certamen
1838 1477 2059 1539 certavi,
2090 1477 2178 1532 ubi

599 1575 815 1614 cursum
861 1577 1236 1618 consummare
1283 1565 1550 1633 desidero,
1607 1568 1752 1622 unde
1810 1570 1874 1622 ad
1925 1554 2177 1624 coronam

595 1651 814 1717 iustitia!
847 1651 1236 1707 sublevaudum
1269 1672 1351 1708 me
1381 1671 1409 1708 a
1445 1660 1530 1722 pio
1555 1657 1736 1726 judice
1770 1673 1953 1726 Spero.
1989 1659 2091 1714 Sed
2125 1669 2179 1713 et

2295 473 2466 543 longa:
2507 475 2832 531 infirmitatis
2871 477 3111 532 molestia
3161 492 3367 533 carere.
3417 480 3534 536 Non
3563 495 3739 540 autem
3770 490 3874 542 du-

2297 561 2573 619 bitandum
2617 581 2862 634 superna:
2909 567 3121 635 pietatis
3171 568 3271 623 hoe
3313 569 3713 639 dispensatione
3744 593 3873 646 pro—

2289 665 2553 723 curatum,
2581 667 2635 712 ut
2661 659 2750 728 qui
2775 659 2970 712 multos
2991 671 3142 713 antea
3168 675 3356 730 sospes
3379 663 3556 719 adhuc
3579 667 3870 739 valensque

2291 757 2588 816 curaverat,
2643 749 2786 803 hunc
2835 765 3047 817 quoque
3094 753 3383 806 moriturus
3412 768 3873 828 curaretzquate«

2293 855 2392 892 nus
2428 841 2538 895 .hoc
2577 857 2790 911 quoque
2849 842 3044 896 indicio
3087 855 3314 913 pateret,
3337 847 3495 900 etiam
3527 863 3753 919 corpore
3782 855 3869 909 in-

2291 930 2531 983 lirrnatus
2561 934 2642 983 vir
2666 941 2880 986 sanctus
2911 943 3169 1000 quantum
3198 935 3385 1000 Spiritu
3419 938 3642 994 valeret.
3675 941 3728 996 In
3759 960 3865 1014 qua

2287 1021 2527 1089 profecto
2557 1022 2830 1077 curatione
2859 1025 3182 1092 sequebatur
3208 1028 3511 1096 exemplum
3537 1035 3862 1092 sanctissimi

2285 1122 2338 1165 et
2368 1114 2787 1168 reverentissitni
2835 1115 3002 1168 Patris
3046 1115 3248 1170 Aurelii
3275 1121 3556 1188 Augustini
3585 1125 3820 1197 episcopi
3849 1147 3864 1182 :

2285 1203 2372 1270 qui
2397 1201 2522 1256 dum
2565 1219 2777 1270 pressus
2806 1205 3117 1261 infirmitate
3143 1223 3246 1276 qua
3275 1220 3328 1263 et
3359 1221 3598 1268 mortuus
3629 1215 3649 1246 ⁸
3673 1229 3781 1283 est,
3811 1221 3864 1274 in
3916 1230 3919 1231 '

2287 1293 2420 1348 lecto
2467 1295 2832 1362 decumberet,
2887 1299 3035 1351 venit
3088 1299 3304 1368 quidam
3351 1316 3470 1356 cum
3509 1319 3609 1360 suo
3646 1321 3863 1378 tegroto,

2285 1399 2477 1453 rogans
2511 1396 2563 1439 ut
2592 1388 2765 1442 eidem
2797 1402 3010 1441 manum
3043 1391 3364 1457 imponeret,
3410 1409 3518 1463 quo
3559 1410 3721 1453 sanus
3745 1415 3866 1458 esse

2286 1489 2481 1542 posset.
2537 1481 2606 1533 At
2653 1479 2778 1533 ille:
2814 1480 2892 1543 Si,
2942 1481 3143 1550 inquit,
3189 1483 3390 1550 aliquid
3425 1486 3476 1539 in
3510 1487 3591 1542 his
3632 1505 3862 1560 possem,

2283 1569 2412 1623 mihi
2466 1569 2567 1624 hoc
2610 1570 2793 1639 utique
2847 1571 3096 1640 primitus
3137 1574 3528 1639 praestitissem.
3579 1577 3779 1636 Rursus
3819 1585 3865 1638 is

2281 1660 2371 1728 qui
2416 1670 2674 1715 venerat:
2703 1661 2800 1724 Te,
2848 1661 3017 1730 inquit
3059 1663 3080 1693 ⁵
3122 1663 3337 1720 visitare
3383 1680 3685 1737 praeceptus
3718 1689 3860 1742 sum,

602 1741 752 1794 vobis
797 1758 1007 1812 quoque
1053 1746 1386 1800 commodius
1430 1762 1550 1800 esse
1601 1748 1833 1802 arbitror
1879 1759 1934 1802 ut
1969 1749 2053 1803 hic
2091 1764 2176 1802 re-
2211 1743 2252 1802 Β
2283 1753 2541 1821 siquidem
2575 1755 2625 1807 in
2657 1755 2858 1809 somnis
2887 1755 3087 1810 dictum
3118 1759 3304 1825 accepi
3335 1776 3349 1814 :
3379 1759 3524 1816 Vade
3562 1764 3628 1817 ad
3675 1741 3857 1836 Augué

592 1834 908 1904 quiescam,
970 1846 1187 1904 propter
1244 1837 1602 1892 incursionem
1672 1839 2015 1907 profugerunt
2087 1839 2172 1893 vel

597 1929 874 1981 noxiorum
926 1929 1328 1997 quorumlibet:
1361 1932 1449 1998 qui
1498 1946 1618 1984 cum
1650 1931 1714 1984 ad
1748 1947 1944 2000 corpus
1990 1947 2169 1986 meum

597 2021 731 2072 forte
771 2019 1138 2087 confugerint,
1187 2022 1307 2090 quia
1340 2021 1355 2052 ¹
1389 2023 1776 2093 qualiscunque
1825 2039 1967 2089 sum,
2026 2024 2167 2079 fama

594 2121 770 2165 tamen
801 2111 928 2165 exiit
960 2111 1025 2166 de
1053 2127 1138 2167 me
1162 2114 1281 2182 quia
1311 2113 1540 2168 famulus
1568 2114 1762 2168 Christi
1794 2115 1916 2182 sim,
1951 2130 2171 2172 necesse

597 2203 802 2257 habetis
833 2204 1030 2273 smpius
1074 2219 1168 2274 pro
1198 2205 1390 2259 talibus
1432 2207 1568 2274 apud
1603 2217 1843 2275 potentes
1876 2208 2059 2261 saeculi
2091 2209 2172 2261 iu-

596 2297 896 2359 tetcedere,
941 2305 1103 2365 atque
1147 2297 1269 2350 ideo
1318 2297 1386 2351 de
1443 2300 1724 2368 prmsentia
1773 2298 2013 2367 corporis
2065 2300 2168 2354 mei

598 2385 819 2437 multum
881 2383 1112 2439 tolerare
1169 2387 1428 2441 laborem.
1482 2391 1551 2440 At
1599 2388 1753 2442 nobis
1804 2389 2027 2442 multum
2076 2390 2166 2443 ditt

596 2475 961 2543 precantibus,
989 2476 1338 2548 laboremque
1367 2478 1667 2548 hujusmodi
1690 2489 1895 2549 gratum
1931 2481 2084 2534 nobis
2106 2495 2167 2535 ac

587 2568 758 2620 levem
813 2567 927 2621 fore
975 2569 1446 2636 asscverantihus,
1509 2570 1721 2625 tandem
1777 2585 1896 2626 cum
1943 2573 2166 2625 consilio

588 2657 796 2711 locutus
825 2656 905 2711 vir
937 2657 1144 2711 Domini
1175 2674 1188 2710 :
1219 2658 1274 2712 Si
1309 2675 1504 2728 meam,
1537 2661 1725 2729 inquit,
1761 2664 2164 2732 dispositionem

588 2761 866 2814 superare,
915 2755 969 2800 et
999 2763 1175 2802 meum
1217 2765 1410 2818 cei-pus
1443 2751 1532 2804 illo
1561 2752 1823 2807 reducere
1867 2755 2047 2817 vultis,
2091 2756 2167 2808 vi-

583 2839 741 2893 detur
786 2839 917 2893 mihi
961 2842 1218 2909 Optimum
1250 2851 1306 2895 ιιι
1338 2844 1388 2896 in
1423 2843 1766 2900 interioribus
1798 2847 2036 2902 basilica:
2067 2864 2164 2903 ve-

583 2940 711 2984 strte
761 2931 890 2986 illud
943 2934 1238 2996 tumuletis,
1282 2943 1541 3002 quatenus
1590 2947 1643 2992 et
1691 2938 1789 3008 ipsi
1833 2953 1953 2994 cum
2005 2941 2164 2996 vultis

583 3039 759 3078 meum
811 3028 1118 3094 sepulcrum
1171 3028 1388 3083 visitare
1437 3031 1670 3097 possitis,
1718 3041 1771 3084 et
1812 3033 1862 3086 in
1903 3043 2163 3103 potestate

585 3124 758 3170 vestra
788 3117 857 3170 sit
883 3131 947 3169 an
976 3117 1140 3187 aliqui
1184 3118 1272 3173 illo
1319 3120 1384 3174 de
1431 3121 1845 3178 advenientibus
1887 3127 2161 3181 accedant.

581 3203 791 3261 Gratias
820 3209 1023 3276 egimus
1056 3211 1392 3276 permissioni
1438 3222 1491 3265 et
1537 3213 1763 3268 consilio
1809 3215 1971 3280 illius,
2015 3216 2168 3272 flexis

587 3303 640 3354 in
699 3309 840 3355 terra
895 3302 1139 3372 genibus,
1171 3319 1233 3358 ac
1263 3305 1478 3359 domum
1513 3307 1796 3363 redeuntes
1834 3307 2167 3379 frequentius

582 3395 730 3447 illum
760 3395 952 3449 exinde
976 3399 1201 3452 visitare
1233 3412 1335 3452 nou
1368 3399 1686 3455 destitimus.
1717 3418 1734 3451 ι

650 3508 800 3562 CAP.
845 3509 1134 3583 XXXVIII.
1180 3512 1442 3574 Quomodo
1473 3513 1770 3567 ministrum
1797 3531 1945 3568 suum
1975 3532 2006 3568 a
2037 3533 2160 3583 pro-

882 3582 1036 3649 ﬂuvio
1065 3585 1251 3635 ventris
1281 3586 1532 3636 sanaverit
1567 3584 1585 3614 ’
1615 3596 1857 3655 wgrotus.

661 3711 680 3744 ι
705 3694 946 3761 Cumque
966 3694 1296 3748 increscente
1323 3694 1576 3764 languore
1598 3695 1802 3749 videret
1823 3706 2028 3765 tempus
2050 3711 2163 3751 suae

583 3784 933 3838 reSnlutionis
983 3788 1203 3849 insmre,
1257 3786 1506 3854 praecepit
1530 3801 1595 3842 se
1626 3787 1676 3840 in
1707 3801 1854 3841 suam
1887 3789 2159 3842 mansitm-

579 3875 756 3929 eulam
804 3887 964 3944 atque
1006 3876 1293 3930 oratorium
1348 3879 1554 3932 referri.
1611 3878 1740 3931 Erat
1801 3888 1978 3932 autem
2027 3879 2156 3933 hora

580 3969 684 4022 diei
741 3968 913 4022 tertia.
963 3967 1298 4024 Portavimus
1349 3984 1477 4040 ergo
1525 3971 1695 4033 illum,
1745 3972 1868 4040 quia
1899 3987 2008 4040 prae
2040 3987 2157 4025 mo-

577 4059 728 4113 lestia
763 4061 1030 4130 languoris
1062 4061 1176 4130 ipse
1203 4076 1308 4116 non
1342 4062 1555 4118 valebat
1587 4064 1811 4133 ingredi.
1876 4065 1943 4118 At
1973 4064 2058 4119 ubi
2088 4063 2154 4118 ad

577 4159 782 4218 portam
829 4153 1187 4218 pervenimus,
1238 4153 1554 4221 rogabamus
1599 4164 1655 4206 ut
1703 4153 1860 4209 alicui
1900 4162 2154 4209 nostrum

577 4241 762 4295 liceret
786 4243 851 4294 ad
883 4242 1291 4296 ministrandum
1315 4245 1362 4297 ei
1387 4245 1584 4311 pariter
1615 4245 1836 4300 intrare.
1868 4245 1982 4300 Non
2010 4248 2153 4300 enim

580 4350 674 4404 per
703 4349 873 4389 annos
915 4335 1171 4402 plurimos
1203 4336 1463 4404 quispiam
1493 4338 1616 4391 illuc
1643 4350 1836 4406 praeter
1861 4339 2033 4406 ipsum
2067 4340 2153 4392 in-

2278 1845 2474 1900 stinum
2522 1850 2828 1915 episcopum
2889 1857 2946 1902 ut
2985 1849 3073 1902 ille
3127 1851 3218 1904 tibi
3269 1866 3480 1907 manum
3515 1855 3772 1926 imponat,
3807 1873 3862 1916 et

2277 1938 2455 1992 salvus
2503 1939 2630 1992 eris.
2661 1939 2777 2005 Quo
2809 1940 2898 1994 ille
2926 1940 3132 2006 audito,
3169 1956 3292 1997 mox
3330 1948 3606 2012 (egrotanti
3639 1963 3853 2005 manum

2279 2030 2598 2084 benedicens
2639 2029 2886 2100 imposuit
2916 2047 2930 2085 :
2959 2047 3054 2087 nec
3083 2047 3254 2098 mora,
3280 2045 3524 2091 sanatum
3550 2037 3613 2093 ad
3645 2043 3855 2110 propria

2275 2120 2496 2174 remisit.
2536 2138 2554 2171 ι

2275 2249 2428 2326 CAP.
2472 2251 2712 2307 XXXIX.
2767 2255 2896 2321 Qua:
2932 2255 3111 2310 ultima
3158 2258 3405 2326 fratribus
3433 2266 3674 2320 mandata
3701 2270 3856 2322 dede-

2343 2323 2426 2384 rit,
2455 2333 2500 2375 et
2527 2333 2843 2409 uti-percepto
2869 2327 3048 2380 viatico
3078 2323 3210 2382 inter
3238 2331 3385 2384 verba
3417 2337 3663 2392 orationis
3691 2341 3848 2409 spiri-

2343 2404 2447 2446 tum
2468 2397 2763 2448 reddiderit.

2348 2520 2365 2554 t
2398 2504 2586 2558 lntravi
2614 2515 2817 2573 autem,
2849 2507 3040 2575 inquit,
3086 2509 3156 2563 ad
3200 2526 3320 2566 eum
3360 2512 3499 2567 circa
3530 2514 3714 2570 horam
3745 2517 3852 2575 diei

2271 2594 2484 2649 circiter
2512 2610 2730 2660 nonam,
2776 2597 3060 2666 iuvenique
3091 2614 3211 2654 eum
3243 2604 3639 2660 recumbentem
3673 2608 3726 2660 in
3753 2623 3850 2664 an-

2269 2687 2392 2752 gulo
2421 2687 2502 2739 sui
2551 2687 2766 2741 oratorii
2815 2698 3001 2742 contra
3053 2691 3261 2756 altare;
3291 2693 3537 2749 adsidere
3579 2701 3749 2766 cmpi‘,
3795 2711 3851 2754 et

2272 2776 2383 2843 ipse
2429 2791 2526 2829 nec
2569 2779 2733 2831 multa
2777 2777 3115 2846 loquebatur,
3162 2783 3285 2848 quia
3347 2784 3550 2851 pondus
3577 2787 3849 2856 aegritudi-

2269 2867 2350 2919 nis
2373 2866 2677 2922 facilitatem
2707 2867 2956 2938 loquendi
2989 2871 3369 2929 tuinoraverat.
3398 2874 3591 2931 Verum
3620 2895 3703 2934 me
3723 2880 3845 2936 dili-

2267 2959 2477 3025 gentius
2527 2959 2846 3027 inquirente,
2879 2977 3036 3030 quem
3080 2965 3478 3022 hatreditarium
3518 2984 3841 3040 sermonem,

2273 3054 2412 3119 quod
2445 3053 2687 3105 ultimum
2717 3054 2832 3108 vale
2863 3053 3115 3111 fratribus
3149 3057 3508 3129 relinqueret,
3544 3067 3706 3132 cmpit
3733 3067 3847 3123 dis-

2270 3155 2448 3196 serere
2497 3157 2682 3210 pauca,
2716 3144 2807 3197 sed
2855 3143 3007 3198 fortia
3034 3148 3100 3200 de
3129 3163 3256 3216 pace
3292 3160 3346 3204 et
3394 3151 3705 3223 humilitate,
3753 3172 3848 3215 ea-

2279 3233 2571 3302 Vendisqne
2617 3251 2693 3288 eis
2724 3237 2810 3304 qui
2845 3237 2922 3290 his
2952 3238 3212 3294 obluctari
3243 3256 3400 3310 quam
3432 3243 3686 3300 obiectari
3717 3249 3846 3303 mal-

2271 3324 2405 3378 lent.
2438 3325 2646 3391 Pacem,
2686 3328 2874 3397 inquit,
2907 3330 3044 3383 inter
3085 3346 3179 3384 vos
3220 3347 3432 3402 semper
3458 3345 3509 3390 et
3531 3337 3840 3396 charitateut

2267 3417 2532 3472 custodite
2579 3419 2848 3485 divinam,
2899 3431 2955 3475 et
3002 3437 3122 3476 cum
3149 3425 3216 3478 de
3265 3439 3442 3482 vestro
3482 3438 3621 3484 statu
3662 3435 3842 3488 consi-

2268 3509 2396 3564 lium
2438 3526 2529 3566 vos
2557 3526 2715 3580 agere
2745 3516 3039 3570 necessitas
3083 3523 3406 3586 peposcerit,
3459 3523 3631 3579 videte
3671 3537 3844 3583 atten-

2269 3602 2372 3656 tius
2405 3614 2462 3656 ut
2489 3605 2768 3659 unanimes
2817 3608 3062 3663 existatis
3111 3610 3162 3664 iu
3211 3613 3471 3669 consiliis.
3508 3616 3610 3671 Sed
3639 3629 3840 3674 etcum

2264 3694 2382 3748 aliis
2411 3695 2430 3724 ⁸
2461 3695 2658 3749 Christi
2687 3693 2902 3752 famulis
2929 3709 3165 3754 mutuam
3195 3701 3445 3760 habetote
3472 3709 3838 3777 concordiam,

2262 3799 2366 3840 nec
2393 3787 2665 3843 venientes
2693 3788 2759 3842 ad
2790 3804 2886 3844 vos
2917 3790 3298 3861 hospitalitatis
3317 3797 3486 3866 gratia
3516 3800 3839 3858 domesticos

2263 3878 2384 3932 fidei
2432 3878 2673 3935 habeatis
2721 3887 3079 3953 contemptui,
3128 3887 3222 3942 sed
3274 3889 3604 3946 familiariter
3650 3908 3714 3948 ac
3743 3895 3837 3949 be-

2261 3971 2418 4038 nigne
2467 3972 2600 4026 tales
2641 3972 2948 4042 suscipere,
2991 3985 3174 4032 tenere
3223 3993 3283 4033 ac
3321 3981 3591 4039 dimittere
3630 3995 3830 4048 curate,

2259 4077 2594 4132 nequaquam
2621 4079 2714 4118 vos
2737 4067 2986 4122 meliores
3014 4069 3330 4126 arbitrantes
3354 4077 3564 4129 ca’teris
3593 4076 3830 4146 ejusdem

2258 4153 2381 4208 fidei
2411 4163 2464 4208 et
2497 4156 2622 4210 vitae
2663 4157 3022 4228 consortibus.
3074 4159 3206 4214 Cum
3260 4165 3365 4219 iliis
3416 4176 3594 4221 autem
3639 4167 3727 4237 qui
3763 4170 3830 4224 ab

2259 4247 2459 4301 unitate
2503 4247 2778 4303 catholica:
2832 4251 2995 4318 pacis,
3029 4253 3110 4305 vel
3147 4253 3345 4308 Pascha
3399 4270 3507 4310 non
3555 4271 3654 4312 suo
3696 4266 3829 4313 tem-

2262 4353 2392 4405 pore
2441 4337 2780 4404 celebrando,
2830 4340 2913 4394 vel
2965 4356 3212 4408 perverse
3261 4345 3486 4400 vivendo
3537 4347 3824 4415 aberrant,

530 4481 534 4505 ί
580 4433 832 4480 traverat.
867 4424 966 4491 Qui
1013 4425 1416 4494 circumspectis
1445 4428 1708 4492 omnibus,
1741 4427 1873 4482 vidit
1901 4428 2137 4494 fratrem,
2176 4453 2228 4511 ι)
2254 4429 2403 4482 vobis
2425 4430 2492 4483 sit
2518 4431 2656 4484 nulla
2680 4433 3004 4487 communio.
3027 4432 3320 4502 Seiatisque
3347 4445 3400 4491 et
3429 4438 3684 4491 memoria
3706 4439 3828 4492 reti-

573 4516 726 4585 cujus
759 4525 792 4552 θ’
811 4530 968 4583 supra
998 4516 1236 4580 memini,
1273 4517 1470 4570 ventris
1511 4516 1656 4571 fluxu
1703 4519 2063 4588 languentem,
2094 4529 2150 4574 et

568 4609 640 4664 ait
669 4627 680 4660 :
709 4607 1001 4663 .Walhstod
1045 4610 1372 4676 ingrediatur
1409 4625 1651 4673 tnecum,
1705 4609 1804 4666 hoc
1848 4611 1990 4664 cnim
2034 4622 2150 4666 erat

572 4720 764 4758 nomen
792 4703 813 4734 ³
843 4703 1016 4758 fratri.
1045 4704 1146 4768 Qui
1179 4719 1298 4757 cutn
1331 4703 1394 4758 ad
1428 4718 1619 4757 nonam
1652 4719 1820 4774 usque
1851 4703 2037 4759 horam
2067 4706 2150 4760 iti-

575 4803 662 4848 tus
700 4809 818 4848 cum
864 4795 956 4848 illo
1001 4803 1265 4859 maneret,
1315 4795 1391 4848 sic
1433 4795 1712 4863 egrediens
1759 4799 1969 4850 vocavit
2017 4812 2143 4852 me:

500 4895 508 4904 '
575 4885 890 4955 Episcopus,
923 4885 1185 4956 inquiens,
1215 4896 1266 4941 te
1290 4886 1453 4955 jussit
1487 4889 1682 4943 intrare
1713 4888 1778 4942 ad
1809 4903 1886 4944 se.
1917 4889 2141 4945 Possum

573 4987 749 5032 autem
794 4979 884 5032 tibi
935 4993 1047 5033 rem
1096 4979 1297 5034 referre
1331 4995 1518 5034 novam
1550 4981 1972 5050 permirabilem,
2019 4985 2143 5053 quia

562 5088 586 5120 Α
606 5085 635 5122 x
667 5085 772 5138 quo
801 5069 1102 5137 ingrediens
1143 5069 1269 5125 illuc
1296 5071 1441 5140 tetigi
1473 5070 1784 5141 episc0pum
1817 5073 2142 5132 deducturus

2254 4522 2445 4587 neatis,
2477 4523 2600 4591 quia
2630 4524 2674 4576 si
2706 4539 2798 4576 vos
2829 4539 2995 4578 unum
3025 4538 3056 4578 e
3094 4525 3299 4581 duobus
3349 4527 3584 4583 adversis
3631 4531 3827 4598 eligere

2253 4615 2547 4668 necessitas
2594 4617 2861 4684 coegerit,
2915 4617 3081 4671 multo
3113 4617 3231 4687 plus
3261 4619 3442 4688 diligo,
3488 4628 3546 4673 ut
3579 4630 3824 4676 eruentes

2252 4706 2317 4760 de
2348 4707 2549 4760 tutnulo
2582 4708 2936 4777 tollentesque
2961 4707 3235 4763 vobiscum
3271 4725 3388 4764 mea
3415 4724 3534 4764 ossa
3563 4711 3825 4767 recedatis

2252 4799 2434 4853 abhis
2479 4799 2628 4864 locis,
2673 4807 2728 4853 ct
2765 4800 3067 4870 nbit-traque
3116 4802 3255 4856 Deus
3300 4803 3592 4872 providerit
3639 4803 3824 4860 incolae

2253 4893 2533 4958 maneatis,
2566 4908 2722 4960 quam
2757 4902 2814 4946 ιιι
2840 4893 2946 4946 ulla
2976 4894 3180 4948 ratione
3211 4894 3608 4948 consentientes
3638 4896 3825 4964 iniqui-

2254 4983 2345 5035 tati
2389 4983 2844 5036 schismaticorum
2892 4983 3019 5052 jugo
3068 4983 3201 5038 colla
3248 4983 3508 5039 subdolis.
3554 4983 3820 5038 Catholica

2255 5073 2466 5128 Patrum
2500 5084 2694 5129 statuta
2726 5075 3130 5144 diligentissime
3182 5075 3390 5132 discere
3433 5084 3596 5148 atque
3638 5077 3820 5135 obser-

1514 5216 1551 5270 Υ
1564 5216 1602 5273 υ
1614 5217 1692 5270 LC
1707 5219 1880 5275 ATOR
1893 5220 1985 5276 ΕΜ
2031 5223 2118 5278 VA
2131 5224 2423 5282 RIANTES
2465 5227 2748 5283 LECTION
2758 5229 2856 5283 ES.

631 5328 651 5355 ί
689 5330 1062 5394 Quali:.ctmque
1086 5333 1199 5384 sint.

635 5395 654 5465 ξ
685 5399 933 5465 [Εῃνυιιιδ
962 5403 1034 5452 t'ir
1063 5402 1261 5454 beatus.
1298 5399 1506 5457 Parem.

635 5459 654 5488 ⁸
682 5459 905 5522 Fratris.

2316 5341 2337 5370 ‘
2368 5342 2473 5404 Est,
2505 5343 2838 5397 decumberet.

2319 5411 2337 5482 ξ
2377 5411 2591 5462 Visitm'e
2611 5413 2813 5482 jussus.

2319 5470 2339 5499 ⁶
2369 5482 2553 5534 Christi
2581 5470 2648 5534 ,ςὲι
2666 5485 2752 5536 ris.

1916 5589 2273 5647 VMUORUM
2319 5595 2543 5651 ΝΟΤίΕ.

635 5697 658 5724 ⁸
685 5687 876 5758 Supra.
903 5692 1030 5760 (lup.
1059 5692 1251 5760 priore.
1277 5693 1462 5747 Snmt.
