4220 6486
478 346 570 404 78l

1163 347 1358 402 SliCT.
1399 349 1440 402 l.
1481 379 1545 389 —-
1587 345 2161 406 llAGlOGllAPlllCA.
2219 375 2274 385 —
2314 344 2474 400 VITA
2512 345 2570 400 S.
2611 345 3021 401 CUTHBERTI.

3637 347 3744 400 732

475 477 602 520 vare
645 461 950 520 contendite
971 479 986 514 -:
1017 477 1074 515 ea
1123 477 1334 532 quoque.
1381 479 1499 532 quae
1547 480 1639 532 per
1670 479 1845 519 meum
1893 462 2056 516 mini-
2089 468 2134 522 Α
2165 469 2284 515 rent
2315 460 2598 528 psalmum.
2624 458 2775 526 Quod
2808 475 3038 528 superna
3067 461 3461 530 dispensatione
3491 477 3741 530 procura-

473 557 694 612 sterium
727 556 877 610 vobis
905 555 1080 608 diviua
1119 557 1286 623 pietas
1338 555 1577 610 instituta
1623 558 1745 610 vit-.e
1796 557 2055 625 regularis

471 648 601 701 dare
645 650 856 714 dignata
885 655 988 714 est,
1020 657 1275 701 exercete
1309 649 1544 702 solliciti.
1576 647 1706 702 Scio
1733 649 1870 703 enim
1904 649 2049 717 quia,

470 740 569 793 etsi
615 737 930 805 quibusdam
977 740 1399 808 contemptibilis
1435 742 1578 804 vixi,
1615 751 1736 809 post
1769 755 1945 794 meum
1975 750 2055 793 ta-

473 846 593 884 men
618 833 631 860 ¹
663 830 864 882 obitum
918 831 1152 898 apertius
1193 833 1364 900 qualis
1409 831 1622 896 fuerim,
1657 841 1710 886 et
1739 849 1896 902 quant
1935 847 2051 886 mea

471 921 714 975 doctrina
758 937 860 974 non
893 921 961 975 sit
991 924 1382 976 contemnenda
1427 925 1701 977 videbitis.
1736 925 1860 978 llzrc
1888 934 1942 979 et
1971 925 2054 980 bis

471 1014 661 1069 similia
691 1015 770 1067 vir
797 1013 1010 1068 Domini
1061 1030 1154 1081 per
1203 1015 1482 1068 intervalla
1527 1015 1762 1082 locutus,
1794 1017 1915 1084 quia
1947 1017 2049 1080 vis,

467 1115 526 1160 ut
555 1105 808 1166 diximus,
840 1105 1162 1158 infirmitatis
1196 1105 1606 1173 possibilitatem
1653 1106 1906 1173 loquendi
1936 1105 2056 1161 ade-

469 1207 661 1262 merat,
717 1197 956 1263 quietum
1012 1196 1411 1263 exspectatione
1462 1196 1655 1249 futura:
1701 1196 2053 1250 beatitudinis

469 1287 610 1343 diem
635 1286 784 1342 duxit
805 1287 869 1340 ad
893 1301 1199 1354 vesperam,
1227 1287 1311 1340 eui
1336 1286 1494 1340 etiam
1533 1287 1843 1355 pervigilem
1867 1289 1887 1318 ²
1911 1287 2054 1356 quie-

468 1389 555 1434 tus
583 1381 632 1432 in
666 1379 913 1450 precibus
947 1376 1278 1431 continuavit
1308 1387 1361 1431 et
1393 1386 1627 1430 noctem.
1656 1385 1676 1416 ³
1703 1381 1768 1430 At
1800 1377 1885 1429 ubi
1918 1391 2048 1430 con-

468 1481 675 1526 suetum
721 1478 1002 1523 nocturnae
1050 1470 1309 1522 orationis
1342 1477 1552 1537 tempus
1580 1469 1792 1532 aderat,
1821 1467 2053 1537 acceptis

470 1576 500 1614 a
527 1577 612 1614 me
637 1569 662 1596 ι
691 1557 1041 1614 sacramentis
1081 1558 1430 1622 salutaribus,
1462 1559 1664 1612 exitum
1711 1573 1864 1612 suum
1893 1574 2051 1626 quem

467 1649 580 1720 jam
628 1650 832 1704 venisse
879 1650 1155 1718 cognovit,
1197 1649 1447 1703 dominici
1490 1651 1732 1717 corporis
1759 1659 1807 1703 et
1841 1649 2055 1727 sangui-

471 1746 552 1798 nis
581 1743 956 1799 contmunioue
994 1741 1255 1805 munivit;
1299 1751 1460 1809 atque
1505 1741 1726 1795 elevatis
1753 1742 1817 1794 ad
1855 1741 2051 1796 caelum

2163 560 2270 606 tum
2305 566 2482 606 rerum
2515 552 2687 606 exitus
2731 552 2985 607 ostendit.
3043 552 3343 622 Siquidem,
3396 556 3603 622 sepulto
3631 556 3746 610 viro

2161 643 2276 707 Dei,
2309 651 2454 696 tanta
2485 642 2763 697 ecclesiam
2796 644 2936 698 illam
2965 646 3272 700 tentationis
3299 661 3424 700 aura
3454 649 3741 712 concussit,

2163 742 2222 785 nt
2251 734 2431 802 plures
2460 748 2490 789 e
2521 733 2768 789 fratribus
2798 736 2917 790 loco
2949 739 3115 805 magis
3141 738 3331 793 cedere
3362 755 3518 808 quam
3550 741 3745 796 talibus

2157 827 2358 881 vellent
2390 828 2652 881 interesse
2697 829 2963 894 periculis.
3018 833 3085 885 At
3115 840 3289 886 tamen
3333 843 3451 901 post
3491 845 3517 874 ε
3547 849 3744 893 annum

2157 917 2401 970 ordinato
2423 917 2475 970 in
2506 918 2864 986 episcopatum
2898 919 3211 983 Eadbecto,
3240 937 3547 993 magnarum
3574 928 3741 981 virtu-

2158 1017 2266 1063 tum
2291 1009 2403 1063 viro
2427 1020 2479 1063 et
2510 1010 2560 1064 in
2594 1011 2882 1080 Scripturis
2908 1011 3150 1068 nobiliter
3171 1017 3374 1071 erudito
3403 1022 3742 1090 maximeque

2157 1103 2618 1173 cleemosynarum
2648 1104 2901 1171 cperibus
2923 1105 3124 1168 dedito,
3158 1106 3347 1176 fugatis
3379 1113 3738 1178 perturbatio-

2158 1208 2283 1244 num
2315 1193 2579 1260 procellis,
2608 1201 2665 1246 ut
2697 1194 2986 1263 Scripturte
3010 1198 3030 1226 ³
3054 1198 3227 1251 verbis
3258 1199 3461 1269 loquar,
3511 1204 3741 1260 aedifica-

2155 1285 2231 1336 vit
2259 1283 2580 1347 Jerusalem.
2616 1287 2666 1340 id
2699 1298 2800 1353 est,
2833 1289 3094 1345 visionem
3150 1295 3315 1360 pacis,
3369 1296 3637 1363 Dominus,
3691 1309 3746 1354 et

2156 1377 2515 1444 dispersioues
2566 1380 2726 1436 Israel
2795 1386 3156 1454 congregavit.
3208 1387 3428 1442 Sanavit
3486 1392 3745 1452 enutritus

2156 1470 2338 1532 corde,
2373 1481 2426 1524 ct
2455 1471 2685 1540 alligavit
2706 1475 3051 1530 contritiones
3079 1493 3284 1544 eorum,
3303 1489 3358 1534 ut
3394 1483 3561 1550 palam
3583 1484 3744 1540 dare-

2160 1570 2243 1614 tur
2275 1562 2492 1632 intelligi
2525 1564 2649 1633 quid
2682 1566 3058 1636 signiﬁcaverit
3109 1573 3345 1639 psalmus
3388 1589 3506 1629 cum
3537 1580 3742 1648 cognita

2155 1653 2298 1707 beati
2331 1655 2428 1707 viri
2476 1664 2646 1710 tnorte
2676 1667 2947 1713 cantatus:
2981 1662 3123 1729 quia,
3183 1665 3445 1730 videlicet,
3478 1679 3593 1735 post
3630 1670 3744 1738 ejus

2155 1743 2357 1797 obitum
2389 1745 2684 1813 repellendi
2711 1761 2773 1800 ac
2806 1748 3113 1803 destruendi
3139 1756 3481 1810 essenteives
3497 1757 3744 1827 ejus,sed

469 1835 638 1888 oculis
663 1873 680 1897 ,
727 1836 1068 1902 extensisque
1115 1832 1168 1886 in
1228 1832 1392 1886 altum
1451 1832 1696 1886 manibus
1718 1873 1734 1896 ,
1793 1834 2049 1887 intentam
2084 1831 2126 1889 Β
2157 1847 2276 1908 post
2298 1839 2659 1894 ostensiouem
2683 1838 2776 1893 ira:
2803 1843 3054 1897 minantis
3083 1846 3286 1899 cmlesti
3314 1849 3550 1916 protinus
3583 1852 3744 1908 mise-

475 1927 722 1995 supernis
764 1929 1008 1984 laudibus
1049 1927 1278 1983 animam
1311 1928 1375 1982 ad
1405 1927 1598 1998 gaudia
1630 1929 1778 1998 regni
1819 1930 2052 1988 caelestis

471 2018 497 2058 δ
520 2021 717 2076 emisit.
743 2039 762 2072 ο

463 2131 612 2188 CAP.
648 2133 756 2188 XL.
795 2134 1058 2200 Quomodo
1077 2137 1231 2204 juxta
1253 2135 1569 2202 praphetlam
1599 2134 1783 2202 psalmi
1809 2151 1960 2204 quem
1992 2150 2050 2187 eo

534 2206 778 2257 moriente
803 2217 1141 2270 cantaverunt,
1161 2205 1601 2275 Lindisfarnenses
1622 2209 1720 2260 sint
1744 2206 2046 2274 impugnati,

535 2278 622 2329 sed
657 2275 877 2330 Demino
899 2280 1111 2347 jut'aute
1140 2277 1320 2330 iterum
1347 2278 1578 2346 protecti.

539 2409 557 2442 r
597 2391 661 2444 At
693 2407 790 2460 ego
819 2391 994 2446 statim
1027 2406 1291 2460 egressus,
1319 2389 1554 2444 nuntiavi
1584 2391 1785 2446 obitum
1813 2390 1928 2460 ejus
1945 2390 2049 2446 fra-

459 2484 625 2539 tribus
647 2485 735 2553 qui
760 2494 810 2538 et
834 2483 934 2550 ipsi
959 2495 1165 2537 noctem
1191 2483 1627 2550 vigilandoatque
1648 2483 1850 2538 orando
1869 2494 2045 2536 trans-

457 2587 674 2644 egerant
699 2617 712 2640 ,
769 2587 821 2632 et
852 2586 976 2631 tunc
1030 2577 1164 2631 forte
1209 2578 1308 2629 sub
1349 2577 1535 2630 ordine
1567 2585 1837 2630 nocturna:
1877 2575 2048 2630 laudis

457 2667 702 2720 dicebant
763 2669 1021 2735 psalmum
1071 2669 1566 2735 quinquagesimum
1622 2683 1853 2730 nonum,
1897 2669 2048 2736 cujus

459 2759 663 2813 initium
695 2770 810 2814 est:
841 2760 995 2824 Deus,
1027 2759 1258 2830 repulisti
1287 2775 1377 2812 nos
1397 2768 1444 2812 st
1469 2760 1765 2812 destruxisti
1794 2775 1906 2824 nos,
1935 2760 2045 2811 ita-

465 2859 544 2904 tus
578 2869 629 2909 es
661 2863 703 2904 et
737 2855 973 2906 misertus
1023 2869 1074 2906 es
1121 2853 1286 2906 nobis.
1318 2851 1428 2906 Nec
1456 2867 1627 2916 mora,
1657 2867 1878 2907 currens
1909 2867 2045 2906 unus

456 2959 524 3000 cx
573 2945 689 3012 eis,
729 2944 969 2999 accendit
1007 2944 1139 2998 duas
1181 2943 1461 3007 candelas;
1509 2951 1565 2997 et
1593 2953 1816 3012 utraque
1858 2953 2046 2998 tenens

460 3053 639 3100 manu,
693 3037 932 3090 ascendit
973 3035 1376 3090 eminentiorem
1433 3035 1632 3102 locum,
1660 3036 1725 3089 ad
1757 3035 2046 3091 ostenden-

457 3130 582 3184 dum
628 3128 876 3182 fratribus
904 3131 993 3197 qui
1029 3130 1078 3179 in
1114 3127 1535 3182 Lindisfarnensi
1577 3127 1900 3181 monasterio
1927 3143 2044 3182 ma-

2157 1931 2366 1986 ratione
2414 1930 2710 1986 refovendi.
2743 1933 2764 1964 ⁸
2792 1933 2957 2003 Cujus
3008 1942 3282 2006 sequentia
3315 1955 3524 2010 quoque
3553 1943 3741 2011 psalmi

2156 2023 2329 2078 eidem
2357 2024 2535 2078 sensui
2566 2025 2896 2080 concordare
2923 2030 3010 2094 qui
3044 2039 3293 2084 retractat
3322 2031 3606 2103 intelligit“
3639 2035 3746 2090 lin.-

2155 2115 2389 2183 positum
2420 2121 2598 2166 autem
2629 2114 2748 2167 navi
2777 2129 2972 2184 corpus
3017 2120 3320 2174 venerabile
3347 2121 3532 2186 Patris,
3560 2123 3624 2177 ad
3657 2125 3743 2180 ill-.-

2155 2206 2329 2260 sulam
2407 2203 2920 2261 Lindisfarnensium
2976 2211 3282 2266 retulimus:
3357 2215 3496 2283 quod
3550 2232 3743 2285 magno

2154 2296 2545 2355 occurrentium
2565 2301 2775 2369 agmine
2804 2301 3092 2371 eborisque
3119 2306 3424 2360 canentium
3455 2305 3479 2344 ἀ
3521 2323 3742 2379 suscep-

2157 2399 2266 2444 tum
2309 2401 2410 2458 est,
2450 2392 2694 2461 atquein
2725 2391 2949 2446 ecclesia
2993 2392 3129 2446 beati
3185 2395 3422 2462 Apostoli
3469 2395 3607 2452 Petri
3637 2399 3658 2430 ⁷
3689 2400 3737 2453 in

2153 2483 2368 2539 dextera
2415 2495 2564 2555 parte
2605 2485 2789 2540 altaris
2847 2485 3056 2555 petriuo
3101 2484 3151 2539 in
3199 2488 3529 2558 sarcophago
3583 2506 3738 2561 rapo.-

2152 2576 2333 2630 situm.
2372 2595 2391 2630 ι
3459 2566 3464 2571 ’
3645 2567 3652 2574 ’

2153 2687 2303 2742 CAP.
2336 2688 2472 2743 XLI.
2509 2691 2772 2755 Quomodo
2802 2708 2925 2760 puer
2953 2692 3294 2745 dwmoniacus
3321 2693 3384 2748 sit
3439 2693 3613 2761 humo,
3656 2699 3742 2752 cui

2225 2761 2484 2813 lavacrum
2514 2762 2740 2831 Corporis
2770 2764 2878 2832 ejus
2917 2762 3143 2831 infusum
3167 2774 3259 2826 est,
3291 2766 3342 2816 in
3369 2781 3554 2835 aquam
3580 2767 3737 2822 missa

2223 2840 2449 2883 sanatus.

2223 2942 2326 2999 Sed
2360 2959 2458 2999 nec
2486 2943 2738 3000 defuncto
2767 2961 2828 3000 ac
2856 2947 3113 3001 tumulata
3135 2945 3329 3002 Christi
3363 2947 3560 3003 famulo
3589 2949 3739 3020 signa

2151 3035 2444 3090 sanitatum
2474 3051 2594 3106 qua:
2623 3037 2811 3092 vivens
2833 3047 3163 3101 exercuerat,
3192 3053 3406 3093 cessare
3433 3049 3734 3108 potuerunt.

2153 3123 2391 3196 Contigit
2422 3143 2653 3198 namque
2679 3144 2898 3196 puerum
2928 3129 3210 3198 quemdam
3237 3129 3291 3183 in
3319 3131 3585 3186 territorio
3614 3131 3740 3188 Litt-

455 3224 674 3287 nebant,
707 3223 829 3289 quia
856 3231 1036 3274 sancta
1061 3219 1148 3274 illa
1181 3221 1355 3273 anima
1382 3220 1492 3290 jam
1523 3220 1804 3288 utigrassct
1833 3219 1897 3272 ad
1939 3219 2043 3272 Do-
2069 3202 2115 3264 (ἶ
2149 3218 2592 3286 disfarnensium,
2647 3220 2992 3275 atrocissime
3033 3221 3277 3275 daemone
3307 3223 3522 3289 vexari,
3560 3223 3631 3276 ita
3681 3231 3740 3278 ut

454 3316 679 3370 minuat.
697 3315 827 3368 Tale
853 3328 1080 3382 namque
1106 3313 1240 3367 inter
1267 3326 1324 3366 se
1353 3312 1562 3382 signum
1590 3311 1908 3365 sanctissimi
1927 3311 2044 3381 ejus

453 3407 629 3462 obitus
655 3405 1020 3459 condixerant.
1073 3405 1223 3470 Quod
1253 3419 1371 3457 cum
1404 3402 1606 3457 videret
1639 3404 1820 3468 frater,
1869 3405 1956 3473 qui
1990 3421 2041 3457 tn

455 3499 667 3566 Specula
723 3497 1163 3550 Lindisfarnensis
1228 3494 1416 3547 insula:
1463 3493 1619 3561 longe
1669 3496 1691 3528 δ
1743 3493 1809 3548 de
1853 3505 2044 3549 contra

455 3597 681 3645 eventus
708 3587 948 3653 eiusdem
999 3585 1215 3654 pervigil
1245 3593 1654 3653 exspectaverat
1713 3585 1921 3652 horam,
1951 3600 2044 3639 cu-

453 3678 786 3733 curritcitius
814 3680 878 3727 ad
910 3675 1210 3737 ecclesiam,
1233 3674 1318 3727 ubi
1349 3673 1789 3727 collectusomnis
1819 3673 2040 3728 fratrum

457 3779 626 3826 cretus
652 3778 924 3824 nocturnae
949 3766 1258 3834 psalmodizn
1285 3765 1545 3820 solemnia
1573 3765 1892 3827 celebrabat,
1911 3780 2041 3820 con-

458 3860 674 3931 tigitque
706 3868 761 3913 ut
785 3858 884 3926 ipsi
914 3871 1146 3927 quoque,
1184 3856 1415 3910 intrante
1435 3854 1550 3918 illo,
1585 3855 1864 3925 praefatum
1887 3871 2047 3911 canc-

2155 3325 2314 3365 sensu
2342 3311 2567 3366 rationis
2617 3311 2850 3365 funditus
2878 3313 3074 3366 amisso
3105 3312 3380 3376 clamaret,
3409 3312 3650 3382 cjnlaret,
3679 3322 3737 3368 et

2150 3403 2234 3456 vel
2265 3417 2358 3455 sua
2384 3403 2618 3456 membra
2654 3401 2732 3455 vel
2760 3401 3303 3471 quidquid’attingere
3331 3413 3516 3474 posset
3545 3403 3740 3459 morsi«

2150 3491 2247 3547 bus
2275 3491 2535 3547 dilaniare
2567 3493 2846 3547 niteretur.
2881 3495 3068 3546 Missus
3097 3504 3177 3548 est
3215 3493 3280 3546 ad
3315 3507 3734 3562 energumenum

2155 3593 2178 3621 ο
2211 3583 2491 3653 presbyter
2544 3583 2612 3639 de
2655 3584 3011 3639 mouaswrio:
3063 3585 3150 3654 qui
3183 3599 3304 3638 cum
3332 3583 3516 3639 solitus
3544 3582 3737 3642 fuisset

2150 3689 2245 3743 per
2265 3673 2550 3728 exorcismi
2574 3672 2797 3745 gratiam
2823 3673 3124 3728 immundos
3151 3675 3331 3744 fugare
3352 3673 3590 3743 spiritus,
3610 3675 3736 3732 huic

2148 3774 2324 3821 tamen
2355 3767 2580 3820 obsesso
2610 3765 2865 3836 prodesse
2891 3766 2962 3820 nil
2987 3781 3203 3835 prorsus
3221 3765 3452 3824 valebat.
3473 3765 3625 3822 Unde
3640 3766 3738 3822 de-

2145 3857 2222 3914 dit
2243 3858 2522 3914 consilium
2545 3858 2682 3929 patri
2706 3859 2870 3927 illius,
2901 3870 2957 3916 ut
2982 3859 3288 3929 impositum
3319 3874 3471 3916 carro
3509 3875 3730 3932 puerum

1423 3965 1900 4025 VULGATORUM
1942 3969 2344 4028 VARIANTES
2382 3971 2788 4030 LECTIONES.

535 4097 548 4126 ι
581 4085 785 4140 Obitum
809 4085 973 4158 qualis
996 4083 1200 4156 fuerim,
1229 4097 1401 4153 quam.

525 4159 546 4188 '
581 4159 796 4224 Quietis.

527 4229 548 4258 ³
577 4233 641 4282 At
670 4229 760 4282 ibi.

525 4297 549 4330 ⁸
573 4298 619 4353 Ε
649 4309 847 4364 contra.

2218 4085 2238 4116 "
2279 4083 2448 4137 Verbis
2478 4095 2612 4138 utar.

2221 4156 2241 4186 ⁸
2271 4155 2428 4225 Cujus
2451 4158 2718 4220 sententia.
3311 4181 3335 4191 ’·
3483 4177 3536 4223 ’ζιε
3615 4184 3623 4196 ·
3669 4175 3738 4215 εἰ

2220 4227 2238 4256 ⁷
2271 4223 2352 4278 Ad
2378 4225 2635 4280 dexteram
2658 4226 2854 4294 altaris.

1812 4389 2173 4448 νΑηιοῑιυδι
2214 4391 2443 4448 ΝΟΤΔΕ.
3357 4442 3366 4448 .

525 4493 552 4523 ⁸
584 4484 948 4557 Sacramcutt's.
991 4480 1248 4557 Nimirum
1283 4481 1606 4557 paenitentia
1655 4491 1707 4536 et
1765 4485 2036 4549 unctione,
2067 4486 2118 4544 D
2146 4501 2272 4556 pore
2314 4488 2445 4542 socii
2496 4486 2826 4542 Bollandiani
2858 4487 3144 4557 contigisse
3194 4489 3341 4542 aiunt
3387 4487 3594 4557 cladem
3645 4487 3735 4546 hie

455 4573 574 4612 nam
603 4557 670 4610 de
693 4555 883 4610 viatico
913 4566 1096 4625 postea
1126 4554 1254 4624 agit.
1281 4554 1508 4625 Marnas.

523 4627 548 4664 δ
582 4627 780 4680 Emisit.
813 4623 1032 4682 Scilicet
1073 4623 1213 4680 anno
1269 4623 1393 4686 687,
1453 4624 1590 4691 quod
1621 4624 1816 4678 diserte
1849 4624 2038 4689 probat

456 4697 764 4767 Turgottus,
814 4697 867 4750 in
920 4698 1012 4751 lib.
1044 4713 1082 4761 ι,
1110 4711 1229 4762 cap.
1281 4697 1367 4750 ll.
1415 4695 1525 4750 lmo
1554 4695 1710 4750 etiam
1741 4695 1881 4748 Beda
1909 4695 2041 4767 satis

456 4765 671 4828 indicat,
701 4769 827 4821 dum
856 4767 1213 4822 Cudberctum
1236 4781 1375 4820 anno
1405 4768 1485 4835 (ut
1507 4767 1771 4834 superius,
1804 4779 1922 4833 cap.
1946 4765 2036 4831 ‘37,

455 4838 848 4906 adnotavimus)
873 4837 978 4892 685
1005 4839 1068 4890 ad
1093 4838 1326 4905 episcopi
1351 4837 1660 4901 dignitatem
1679 4845 2035 4906 assumptum,

454 4918 508 4963 et
535 4919 650 4976 post
684 4904 953 4962 biennium
985 4904 1251 4962 mortuum
1277 4907 1437 4961 tradit
1458 4921 1612 4972 capp.
1639 4906 1731 4968 2t,
1763 4904 1849 4969 56,
1882 4920 2042 4971 supra

453 4991 506 5032 et
535 4979 678 5034 alibi.
730 4979 965 5048 Denique
1018 4991 1254 5032 mortuus
1282 4987 1484 5048 estiam
1532 4976 1957 5048 Kalend.April.
1989 4987 2044 5030 et

455 5051 666 5115 quidem
698 5050 826 5117 feria
854 5047 1055 5114 quarta.
1082 5065 1147 5103 ex
1181 5063 1325 5105 num.
1370 5047 1460 5110 56,
1497 5063 1636 5102 anno
1663 5047 1881 5117 proinde
1903 5063 2042 5113 pra:-

455 5126 616 5172 citato
641 5116 766 5181 (58-7,
801 5135 906 5188 quo
931 5121 1046 5174 dies
1075 5120 1347 5174 Dominica
1378 5121 1546 5176 littera
1592 5118 1652 5187 F,
1693 5116 2041 5188 feriaquarta

458 5191 631 5244 littera
685 5193 743 5255 li,
776 5187 994 5259 praedita
1025 5202 1154 5245 erat.
1213 5191 1351 5258 Ergo
1392 5189 1516 5245 anni
1575 5190 1680 5242 duo
1706 5187 2041 5259 pontilicatns

459 5261 738 5314 Cudbercti
781 5258 954 5331 (quod
990 5267 1305 5315 notaverunt
1345 5263 1472 5314 socii
1501 5258 1982 5331 Bollaudianilnott
2011 5274 2040 5311 a

458 5332 543 5384 die.
572 5327 1006 5395 consecrationis,
1034 5347 1173 5384 anno
1191 5331 1424 5399 685ipso
1443 5331 1661 5384 Pascha;
1687 5327 1934 5383 festo'dic
1962 5344 2043 5381 ce-

456 5401 694 5464 lebratae,
747 5405 839 5456 sed
870 5404 937 5456 ab
967 5403 1082 5471 ejus
1113 5398 1374 5456 electione
1405 5403 1501 5456 sub
1531 5403 1688 5456 linem
1729 5398 1854 5453 anni
1882 5415 2041 5469 supe-

456 5473 612 5526 rioris
635 5475 767 5526 faeta
791 5474 1128 5540 computandi
1151 5483 1295 5526 sunt.
1327 5474 1399 5526 In.

529 5553 551 5581 ε
588 5547 808 5598 Annum.
840 5546 1064 5611 Quippe,
1096 5551 1326 5597 testante
1359 5543 1518 5608 Beda,
1559 5543 1613 5596 in
1665 5541 1755 5596 lih.
1790 5557 1840 5596 Iv
1879 5541 2038 5608 llist.,

457 5627 505 5666 c.
530 5614 633 5667 29:
670 5632 688 5665 r
724 5615 1098 5682 Episcopatum
1132 5614 1387 5668 Ecclesia:
1409 5613 1548 5666 illius
1570 5629 1709 5666 anno
1734 5628 1838 5666 uno
1861 5628 2043 5667 serva-

457 5685 548 5737 bat
575 5687 895 5738 venerabilis
939 5688 1161 5738 antistes
1192 5682 1486 5747 Wilfridus,
1537 5685 1706 5748 donec
1754 5686 2042 5752 eligeretur

457 5756 544 5821 qui
574 5768 672 5822 pro
688 5756 990 5810 Cudbercto
1018 5758 1242 5808 antistes
1270 5753 1503 5806 ordinari
1529 5755 1772 5808 deberet.
1802 5756 2042 5808 Ordina-

459 5834 545 5894 tus
575 5836 656 5880 est
684 5835 863 5881 autem
915 5827 1149 5896 posduec
1184 5825 1498 5890 Radbertus,
1544 5835 1645 5880 etc.
1696 5843 1714 5876 ι
1777 5825 1850 5880 Eo
1907 5834 2040 5880 tent-

2144 4559 2486 4621 dcscriptam,
2537 4559 2606 4612 ob
2632 4575 2772 4623 eam,
2806 4556 3026 4619 scilicet,
3061 4574 3300 4620 causam,
3332 4556 3472 4622 quod
3536 4576 3555 4610 ι
3605 4571 3736 4615 san-

2143 4641 2260 4683 etus
2284 4627 2559 4683 Willridus
2583 4633 2794 4698 antiqua
2828 4641 3022 4682 statuta
3052 4631 3264 4682 Patrum
3291 4642 3340 4684 et
3366 4629 3529 4695 ipsius
3563 4633 3732 4686 sancti

2143 4699 2426 4754 Cudbercti
2455 4716 2572 4767 qua:
2605 4703 2859 4753 baetenus
2892 4703 3258 4764 observarunt,
3289 4710 3342 4750 et
3370 4713 3488 4765 qua:
3517 4708 3736 4760 sanctus

2145 4770 2482 4824 Cudberctus
2507 4769 2856 4823 moribundus
2903 4769 3006 4822 illis
3038 4770 3456 4835 commendarat,
3514 4769 3738 4825 voluerit

2144 4841 2422 4908 abrogare.
2462 4850 2513 4894 et
2547 4842 2782 4907 regulam
2814 4841 2984 4892 sancti
3019 4839 3288 4892 Benedicti
3327 4846 3418 4890 aut
3445 4837 3733 4907 introduci,

2143 4920 2235 4964 aut
2276 4911 2444 4962 solum
2496 4909 2787 4963 observari.
2851 4931 2870 4958 ι
2916 4909 3110 4963 Verum
3151 4910 3249 4964 ista
3291 4924 3506 4976 prorsus
3537 4909 3734 4964 incerta

2146 4989 2287 5034 suut.
2325 4981 2397 5034 lo.

2217 5050 2243 5088 ά
2270 5051 2572 5121 Susceptum
2597 5061 2690 5105 est.
2717 5049 2956 5104 Notanda
2981 5049 3223 5118 qumdam
3252 5049 3398 5105 addit
3424 5049 3735 5119 Anonymus

2146 5122 2238 5180 lib.
2273 5136 2350 5174 tv:
2382 5139 2401 5173 ε
2437 5128 2478 5175 Α
2511 5121 2882 5191 navigantibus
2912 5121 2976 5174 ad
2999 5123 3225 5175 insulam
3243 5131 3474 5174 nostram
3501 5121 3736 5189 delatus,

2145 5203 2256 5246 toto
2287 5208 2511 5261 corpore
2541 5194 2733 5257 lavato,
2763 5193 2936 5254 capite
2960 5192 3174 5248 sudario
3204 5192 3554 5253 circumdato,
3576 5191 3735 5246 obla-

2145 5263 2212 5318 tis
2241 5279 2402 5332 super
2426 5271 2667 5322 sanctuut
2691 5272 2872 5330 pectus
2903 5265 3111 5330 positis,
3145 5262 3456 5317 vestimenta
3483 5261 3737 5316 Sacerdo-

2148 5336 2270 5387 talia
2330 5336 2573 5404 indutus,
2622 5335 2674 5386 itt
2717 5336 2924 5387 obviam
2956 5333 3152 5392 Christi
3193 5336 3585 5404 calceamentis
3623 5333 3736 5404 suis

2145 5403 2452 5474 praeparatis
2483 5447 2496 5469 ,
2567 5406 2618 5456 in
2677 5403 2899 5458 sindone
2946 5413 3122 5458 cerata
3184 5417 3400 5458 curatus
3435 5443 3452 5467 ,
3505 5402 3736 5455 animant

2147 5473 2347 5530 habens
2391 5491 2512 5529 cum
2543 5475 2756 5528 Christo
2784 5475 3125 5540 gaudentem,
3181 5489 3374 5542 corpus
3405 5473 3741 5539 incorrupti-

2145 5548 2273 5610 bile,
2306 5548 2653 5611 requiescens
2680 5554 2734 5598 et
2760 5545 2908 5611 qttasi
2931 5545 3204 5598 dormiens
3229 5547 3278 5597 in
3325 5547 3571 5612 sepulcro
3605 5543 3738 5609 lapi-

2145 5619 2247 5673 deo
2275 5617 2655 5670 honorabiliter
2684 5616 2734 5668 in
2787 5615 3000 5670 basilica
3051 5615 3428 5679 deposuerunt.
3470 5633 3488 5665 ι
3524 5614 3741 5670 Oblata-

2147 5706 2261 5744 ruut
2294 5689 2506 5740 nomine
2529 5687 2770 5756 intelligit
2798 5688 3018 5756 forsitan
3041 5688 3282 5747 calicem,
3309 5697 3414 5744 etc.
3443 5684 3516 5742 lu.

2220 5765 2244 5793 ⁸
2275 5757 2563 5828 Presbyter.
2601 5755 2822 5814 Nomine
2849 5755 2987 5810 Titii.
3020 5757 3212 5814 Sutru.
