4220 6446
504 286 612 341 785

1316 276 1516 333 BEDIE
1563 269 2008 331 VENEBABHJS
2054 271 2205 326 UPP.
2253 269 2425 326 PARS
2466 269 2551 325 IV.
2580 298 2649 310 —
2688 268 3070 327 HISTORICA.

3671 266 3777 320 78$

508 407 573 463 ad
603 402 979 461 monasterium
1006 398 1258 459 deferret,
1292 405 1447 462 atque
1476 392 1542 447 ad
1593 393 1847 462 reliquias
1898 391 2084 446 beato-
2113 392 2165 451 A
2189 388 2340 457 cujus
2366 399 2489 443 ante
2524 398 2751 445 mortem
2782 390 2882 443 vita
2914 389 3161 444 sublimis
3188 388 3390 444 crebris
3416 387 3575 443 etiam
3606 387 3777 442 mira-

511 514 622 553 rum
652 505 941 565 martyrum
971 504 1091 559 quae
1137 488 1205 541 ibi
1237 497 1357 540 sunt
1399 485 1685 541 Dominum
1718 499 1814 553 pro
1846 484 1935 537 illo
1968 498 2089 551 pre-

508 596 741 643 caretur.
802 583 950 638 Fecit
980 591 1035 636 ut
1076 588 1373 641 monuerat,
1403 576 1498 631 sed
1532 575 1751 630 noluere
1777 576 1948 628 sancti
1995 573 2088 628 Dei

512 690 771 751 martyres
799 677 847 732 ei
871 675 1085 745 petitam
1118 673 1343 726 reddere
1372 670 1680 734 sanitatem,
1714 678 1769 722 ut
1795 684 1951 735 quam
1980 672 2091 721 cel-

510 789 627 827 sum
659 774 794 824 inter
819 782 877 821 se
899 768 1072 819 locum
1102 763 1434 819 Cudberctus
1459 762 1697 825 haberet,
1720 759 2089 814 ostenderent.

510 864 637 917 Cum
678 874 803 928 ergo
833 860 1052 912 insanus
1091 855 1365 919 ululando,
1399 851 1814 922 ingemisceudo,
1863 860 1918 905 et
1947 848 2091 905 fren-

510 957 687 1010 dendo
744 956 990 1010 dentibus
1035 953 1199 1006 nimio
1246 958 1559 1005 cunctorunt
1620 949 1764 1002 visus
1795 956 1849 1001 et
1876 946 2089 1001 auditus

511 1052 733 1102 horrore
784 1055 1113 1109 concuteret,
1169 1058 1266 1098 nec
1307 1051 1447 1096 esset
1474 1042 1561 1111 qui
1611 1040 1821 1108 aliquod
1868 1038 2091 1093 remedii

506 1154 674 1207 genus
728 1137 1034 1205 excogitare
1078 1135 1367 1204 quivisset,
1421 1145 1533 1185 tum
1589 1146 1715 1184 ecce
1753 1129 1964 1195 quidam
2022 1130 2091 1182 de

512 1231 839 1300 presbyteris
862 1229 1081 1281 edoctus
1106 1228 1157 1280 in
1187 1225 1374 1295 spiritu
1405 1240 1497 1293 per
1520 1223 1922 1293 opitulationem
1949 1220 2087 1274 beati

511 1328 681 1380 Patris
703 1326 983 1380 Cudbercti
1020 1325 1165 1377 illum
1193 1338 1348 1388 posse
1370 1322 1570 1387 sanari,
1599 1321 1744 1374 venit
1771 1319 2089 1375 clancuload

510 1421 702 1480 locum,
730 1417 815 1470 ubi
842 1428 1063 1471 noverat
1094 1414 1313 1470 effusam
1349 1414 1510 1467 fuisse
1539 1428 1752 1481 aquam,
1771 1426 1869 1477 qua
1898 1425 2092 1478 corpus

507 1510 626 1579 ejus
671 1510 973 1564 defunctmn
1006 1509 1175 1562 fuerat
1206 1509 1407 1571 lotum;
1452 1506 1746 1573 tollensque
1775 1504 1897 1558 Inde
1922 1504 2094 1557 modi-

507 1617 625 1655 cam
657 1600 800 1655 bumi
835 1600 1147 1668 particulam
1178 1598 1399 1653 immisit
1445 1598 1495 1650 in
1526 1611 1754 1661 aquam;
1800 1610 1958 1664 quam
1989 1594 2093 1647 de-

513 1696 687 1749 ferens
714 1693 779 1747 ad
813 1693 1099 1756 patientem
1130 1690 1322 1743 infudit
1353 1691 1402 1742 in
1428 1704 1521 1743 ore
1541 1687 1799 1757 ejus.quo
1830 1686 2094 1740 horribili-

2191 480 2430 533 culorum
2489 481 2699 547 patebat
2744 479 2972 544 indiciis,
3005 480 3287 533 transactis
3321 480 3609 545 sepultura:
3655 482 3775 549 ejus

2190 575 2343 627 annis
2372 572 2882 640 undecim,immisit
2912 573 2961 626 in
2992 573 3169 626 animo
3195 570 3414 625 fratrum
3447 586 3501 625 ut
3529 573 3777 628 tollerent

2192 679 2311 717 ossa
2344 664 2506 731 illius,
2537 671 2558 703 ι
2590 678 2730 733 quae,
2764 678 2913 718 more
2944 672 3294 725 ruortuorum,
3325 672 3639 731 consumpto
3664 664 3775 732 jam

2191 765 2247 810 et
2273 756 2323 810 in
2354 757 2624 823 pulverem
2657 755 2876 809 redacto
2906 768 3132 823 corpore
3183 754 3410 823 reliquo,
3457 757 3595 808 sicca
3627 754 3777 808 inve.

2196 845 2385 900 nienda
2422 846 2696 911 rebantur,
2726 856 2886 914 atque
2916 846 2967 899 in
3002 845 3100 899 levi
3131 860 3251 899 arca
3285 847 3575 911 recondita,
3608 847 3659 900 in
3683 862 3777 901 eo-

2192 936 2313 989 dem
2337 935 2549 1001 quidem
2575 936 2713 1000 loco,
2737 937 2828 989 sed
2853 952 3009 1003 supra
3036 937 3393 1004 pavimentum
3417 936 3590 1007 dignae
3617 952 3776 991 vene-

2194 1024 2411 1078 rationis
2458 1025 2625 1095 gratia
2683 1024 2942 1077 locarent.
3000 1024 3152 1088 Quod
3204 1024 3329 1077 dum
3383 1026 3481 1077 sibi
3514 1025 3778 1093 placuisse

2199 1115 2499 1171 Eadbercto
2542 1116 2765 1169 antistiti
2813 1130 2910 1169 suo
2952 1115 3127 1169 medio
3158 1114 3325 1168 ferme
3351 1116 3777 1185 Quadragesimas

2203 1218 2442 1275 tempore
2484 1209 2765 1272 referrent,
2806 1206 2991 1261 adnuit
3020 1205 3243 1260 consilio
3265 1222 3469 1269 eorum,
3513 1206 3777 1277 jussitquo

2198 1310 2255 1352 ut
2283 1299 2369 1353 die
2393 1299 2741 1366 depositionis
2763 1298 2898 1367 ejus,
2927 1314 3045 1367 qua:
3074 1308 3155 1352 est
3178 1297 3331 1353 tertia
3356 1300 3563 1353 decima
3590 1300 3779 1357 Kalen~

2196 1391 2384 1443 darum
2439 1391 2725 1457 Aprilium,
2756 1391 2857 1443 hoc
2886 1390 3059 1442 facere
3090 1390 3477 1444 meminissent.
3515 1390 3777 1446 Fecerunt

2195 1491 2370 1535 autem
2399 1481 2490 1535 ita.
2511 1482 2573 1534 Et
2598 1481 2899 1548 aperientes
2918 1480 3243 1548 sepulcrum,
3260 1482 3777 1550 inveneruntcorpus

2201 1580 2371 1626 totum
2392 1574 2545 1643 quasi
2575 1574 2749 1628 adhuc
2780 1574 2982 1627 viveret
3007 1570 3033 1610 ³³
3067 1573 3353 1642 integrum,
3385 1584 3439 1628 et
3459 1575 3777 1630 ﬂexibilibus

2197 1676 2407 1718 artuum
2454 1665 2798 1735 compagibus
2830 1664 2996 1717 multo
3024 1663 3311 1717 dormienti
3351 1680 3508 1731 quam
3566 1674 3777 1719 mortuo

512 1795 594 1839 ter
624 1783 802 1836 hiante
833 1796 991 1835 voces
1038 1780 1180 1834 diras
1210 1794 1271 1832 ac
1312 1777 1513 1831 ﬂebiles
1562 1777 1860 1830 emittebat.
1894 1777 2086 1830 Statim

2196 1754 2443 1807 similius.
2476 1754 2580 1809 Sed
2621 1763 2674 1808 et
2717 1753 3029 1807 vestimenta
3078 1755 3251 1808 omnia
3297 1756 3491 1823 quibus
3540 1756 3775 1809 indutum

510 1884 687 1929 autem
720 1884 774 1927 ιιι
800 1873 972 1942 attigit
999 1886 1209 1939 aquam.
1241 1869 1504 1924 continuit
1532 1868 1547 1898 ¹
1578 1868 1864 1928 clamores,
1898 1867 2092 1921 clausit

509 1981 593 2031 os,
615 1965 801 2019 clausit
832 1971 885 2017 et
907 1962 1111 2026 oculos,
1142 1961 1230 2029 qui
1260 1957 1532 2027 sanguinei
1558 1966 1615 2012 et
1643 1958 1906 2011 furibundi
1939 1966 2087 2026 pate-

512 2057 656 2121 bant,
680 2061 841 2121 capnt
861 2062 912 2107 et
934 2066 1127 2119 corpus
1158 2059 1323 2103 totum
1349 2048 1693 2104 reclinavitin
1719 2046 2087 2117 requiem.Qui

510 2151 667 2204 etiam
700 2145 903 2215 placido
933 2157 1124 2212 s0pore
1157 2150 1366 2195 noctem
1418 2140 1698 2208 transegit,
1744 2147 1799 2192 et
1829 2154 1987 2192 mane
2025 2137 2095 2194 de

510 2253 698 2292 somno
726 2234 884 2289 simul
928 2243 981 2288 et
1011 2234 1225 2286 vesania
1256 2244 1608 2299 consurgens,
1653 2229 1932 2284 liberatum
1976 2242 2034 2283 se
2062 2243 2093 2284 a

510 2328 775 2382 daemonio
807 2342 913 2394 quo
944 2325 1281 2392 premebatur
1309 2323 1444 2376 beati
1477 2320 1757 2375 Cudbercti
1809 2320 2012 2375 meritis
2040 2328 2095 2375 et

513 2419 906 2474 intercessione
950 2416 1220 2485 cognovit.
1253 2414 1545 2468 Mirandum
1578 2422 1632 2467 et
1658 2411 1811 2465 bouis
1840 2412 2093 2465 omnibus

514 2509 831 2565 delectabile
857 2508 1236 2577 spectaculum,
1264 2520 1385 2559 cum
1415 2504 1622 2557 videres
1649 2502 1813 2556 filium
1836 2517 1961 2555 cum
1999 2516 2095 2571 pa-

512 2610 594 2655 tre
623 2600 877 2666 soSpitem
910 2598 1020 2651 loca
1044 2608 1223 2650 sancta
1251 2596 1500 2657 circuire,
1530 2608 1590 2645 ac
1611 2602 1916 2646 sanctorum
1943 2592 2093 2646 auxi-

516 2693 587 2745 lio
618 2690 816 2760 gratias
863 2689 1146 2743 sanissima
1178 2697 1357 2739 mente
1397 2683 1617 2748 referre,
1650 2684 1737 2749 qui
1784 2683 1951 2750 pridie
1982 2698 2091 2751 pr:e

512 2784 713 2838 insania
765 2782 960 2836 mentis
992 2793 1088 2833 nec
1140 2779 1371 2843 seipsum
1400 2776 1518 2843 quis
1543 2785 1684 2827 esset
1713 2775 1794 2828 vel
1836 2774 1921 2827 ubi
1950 2780 2096 2826 esset

516 2882 723 2943 poterat
765 2885 1075 2939 agnoscere.
1132 2868 1229 2932 Qui
1285 2866 1403 2931 ubi,
1447 2874 1554 2917 tota
1614 2862 1833 2916 fratrum
1879 2873 2093 2916 caterva

513 2972 744 3025 astante,
774 2962 985 3015 vidente
1012 2971 1065 3014 et
1108 2957 1527 3027 congratulante,
1558 2956 1622 3008 ad
1654 2956 1903 3022 reliquias
1951 2971 2090 3009 mar-

514 3069 688 3126 tyrum
740 3052 963 3121 genibus
996 3050 1147 3104 flexis
1177 3047 1322 3102 dedit
1366 3047 1572 3100 laudem
1614 3046 1723 3099 Deo
1770 3046 1993 3099 Domino
2038 3056 2092 3099 et

514 3148 775 3200 Salvatori
810 3153 992 3197 nostro
1041 3142 1166 3197 Jesu
1194 3140 1427 3202 Christo,
1454 3138 1561 3207 jam
1593 3148 1646 3192 et
1682 3140 1747 3191 ab
1777 3138 1944 3191 hostis
1971 3153 2088 3194 ver-

515 3239 642 3294 bere
674 3237 1013 3297 liberatus,et
1042 3234 1091 3287 in
1126 3233 1224 3285 lide
1248 3233 1449 3285 iirmior
1472 3247 1628 3299 quam
1648 3230 1818 3283 fuerat
1845 3230 2089 3295 effecms,

514 3330 579 3383 ad
622 3329 829 3398 propria
864 3325 1040 3380 rediit.
1085 3323 1397 3378 Ostenditur
1428 3336 1593 3389 usque
1647 3320 1806 3374 hodie
1835 3320 1973 3373 fossa
2008 3321 2095 3376 illa

517 3423 601 3476 cui
651 3419 1002 3475 memorabile
1050 3416 1279 3471 infusum
1343 3422 1426 3467 est
1476 3413 1742 3465 lavacrum
1772 3453 1787 3477 ,
1838 3412 2097 3481 quadrato

515 3518 785 3570 schemate
809 3515 964 3578 facta,
982 3512 1125 3581 ligno
1149 3509 1378 3578 undique
1401 3509 1749 3572 circumdata,
1773 3519 1827 3562 et
1857 3516 1877 3547 ⁸
1906 3508 2097 3577 lapillis

516 3609 655 3661 intus
681 3605 917 3673 impleta.
948 3604 1035 3657 Est
1072 3613 1248 3655 autem
1270 3600 1417 3669 juxta
1445 3599 1725 3653 ecclesiam
1759 3598 1811 3651 in
1841 3614 1943 3666 qua
1971 3612 2098 3652 cor-

519 3711 616 3766 pus
642 3696 757 3764 ejus
779 3695 1087 3763 requiescit,
1120 3692 1184 3744 ad
1209 3702 1410 3757 partem
1446 3689 1811 3744 Meridianam.
1849 3686 2098 3743 Factum-

516 3802 622 3857 que
642 3795 725 3840 est
772 3800 836 3839 ex
878 3798 943 3839 eo
989 3793 1253 3849 tempore,
1286 3791 1344 3835 ut
1386 3782 1566 3850 plures
1592 3780 1875 3833 sanitatum
1905 3795 2098 3849 opera-

520 3878 690 3930 tiones
713 3888 803 3943 per
822 3874 1038 3928 eosdem
1062 3873 1106 3926 la
1114 3872 1262 3942 pides
1278 3872 1359 3926 vel
1375 3871 1617 3927 eamdem
1634 3882 1850 3936 terram,
1872 3871 2100 3929 Domino

521 3966 772 4030 donante,
808 3963 1018 4020 ﬁerent.

519 4120 666 4176 CAP.
716 4119 874 4175 XLII.
909 4120 1172 4189 Quomodo
1199 4136 1384 4191 corpus
1413 4120 1575 4187 ipsius
1606 4132 1717 4189 post
1747 4123 1981 4178 undecim
2032 4126 2098 4179 sit

796 4208 955 4244 annos
983 4192 1093 4244 sine
1119 4191 1444 4258 corruptione
1466 4192 1487 4222 ³
1514 4202 1789 4263 repertum.

594 4322 621 4349 ⁸
649 4319 838 4374 Volens
863 4332 1039 4373 autem
1058 4320 1213 4373 latius
1230 4328 1527 4375 monstrare
1549 4320 1727 4375 divina
1748 4323 2096 4393 dispensatio,

2117 3092 2164 3155 C

2194 1861 2309 1905 erat
2352 1865 2456 1905 non
2487 1850 2660 1903 solum
2693 1850 3027 1912 intemerata,
3078 1866 3258 1903 verum
3290 1848 3449 1904 etiam
3480 1850 3650 1920 prisca
3680 1867 3777 1906 no-

2195 1940 2357 1995 vitate
2403 1950 2457 1995 et
2511 1941 2830 1995 claritudine
2879 1941 3115 1995 miranda
3165 1941 3436 2008 parebant.
3495 1943 3644 2009 Quod
3686 1943 3776 1997 ubi

2198 2032 2218 2061 ⁵
2250 2032 2493 2087 viderunt
2519 2029 2733 2097 fratres,
2768 2031 2930 2085 nimio
2962 2049 3081 2085 mox
3114 2033 3302 2086 timore
3324 2045 3445 2088 sunt
3467 2044 3519 2087 et
3550 2046 3779 2090 tremore

2197 2122 2463 2191 perculsi,
2514 2122 2650 2175 adeo
2696 2131 2753 2176 ut
2798 2122 2882 2176 vix
2928 2122 3127 2191 aliquid
3170 2123 3341 2191 loqui,
3388 2124 3472 2177 vix
3522 2125 3779 2179 auderent

2197 2214 2390 2268 intueri
2422 2214 2734 2269 miraculum
2764 2215 2903 2285 quod
2938 2216 3175 2285 parebat,
3194 2218 3279 2270 vix
3302 2217 3399 2285 ipsi
3422 2218 3544 2288 quid
3560 2226 3777 2287 agerent

2197 2315 2437 2361 DOSSCDI.

2271 2416 2579 2472 Extremam
2622 2426 2798 2473 autem
2840 2417 3271 2473 indumentorum
3301 2418 3418 2487 ejus
3448 2429 3649 2489 partem
3681 2434 3777 2490 pro

2196 2509 2526 2563 ostendendo
2557 2510 2970 2578 incorruptionis
2998 2510 3150 2577 signo
3187 2510 3471 2576 tollentes,
3506 2525 3627 2564 nam
3658 2527 3776 2579 qua:

2196 2598 2344 2652 carni
2389 2600 2529 2652 illius
2570 2600 2809 2668 proxima
2852 2600 3070 2655 aderant
3120 2616 3334 2668 prorsus
3365 2612 3581 2668 tangere
3628 2601 3781 2655 time-

2198 2688 2343 2752 bant,
2379 2687 2703 2743 festinarunt
2734 2694 2935 2745 referre
2966 2692 3185 2745 antistiti
3239 2692 3380 2761 quod
3428 2691 3777 2745 invenerant:

2199 2778 2219 2808 '
2236 2778 2324 2845 qui
2350 2790 2459 2832 tum
2485 2780 2621 2834 forte
2646 2780 2695 2834 in
2717 2782 3007 2835 remotiore
3028 2795 3057 2834 a
3088 2783 3410 2835 monasterio
3433 2782 3570 2847 loco,
3598 2780 3781 2836 reﬂuis

2201 2870 2433 2939 undique
2463 2873 2627 2925 maris
2655 2872 2903 2926 fluctibus
2931 2872 3109 2926 cincto
3137 2873 3403 2927 solitarius
3432 2872 3697 2927 manebat.
3723 2872 3780 2927 In

2200 2960 2299 3015 hoc
2329 2962 2523 3016 etenim
2557 2977 2769 3030 semper
2798 2963 3231 3032 Quadragesimae
3262 2972 3468 3031 tempus
3498 2977 3681 3031 agere,
3723 2962 3778 3018 in

2200 3051 2298 3104 hoc
2327 3052 2673 3120 quadraginta
2706 3064 2827 3105 aute
2856 3053 3185 3105 dominicum
3226 3057 3400 3107 natale
3429 3052 3542 3107 dies
3572 3053 3623 3107 itt
3656 3069 3779 3107 ma-

2198 3154 2299 3209 gna
2330 3142 2673 3195 eontittentize
2696 3181 2709 3207 ,
2752 3143 3009 3196 orationis
3038 3152 3090 3197 et
3122 3144 3475 3213 lacrymarum
3500 3144 3777 3198 devotione

2196 3232 2390 3287 ducere
2420 3243 2796 3288 consueverat.
2840 3234 2895 3288 In
2936 3250 3042 3304 quo
3082 3236 3242 3289 etiam
3280 3234 3599 3289 venerabilis
3640 3251 3777 3302 pra:-

2198 3338 2382 3379 cessor
2421 3324 2539 3393 ejus
2581 3327 2933 3390 Cudberctus,
2978 3326 3281 3395 priusquam
3328 3325 3496 3381 Farne
3546 3334 3779 3393 peteret,

2198 3416 2334 3469 sicut
2360 3426 2415 3470 et
2442 3432 2609 3486 supra
2641 3418 2938 3484 docuimus,
2962 3418 3269 3488 aliquandiu
3294 3428 3533 3473 secretus
3558 3417 3780 3472 Domino

2200 3508 2476 3563 militabat.
2528 3510 2837 3563 Attulerunt
2881 3517 3056 3563 autem
3098 3519 3151 3563 et
3194 3518 3395 3578 partem
3439 3508 3778 3564 indumento-

2200 3615 2317 3653 rum
2341 3640 2355 3667 ,
2388 3616 2504 3671 quae
2536 3617 2731 3671 corpus
2756 3613 2998 3657 sanctum
3030 3603 3344 3657 ambierant.
3379 3603 3507 3668 Quae
3534 3616 3654 3655 cum
3688 3602 3779 3656 ille

2200 3700 2255 3744 et
2283 3707 2502 3746 munera
2532 3702 2806 3761 gratanter
2844 3694 3141 3759 acciperet,
3187 3701 3242 3747 et
3269 3691 3518 3746 miracula
3550 3690 3778 3745 libenter

2200 3782 2439 3850 audiret,
2472 3798 2593 3836 nam
2636 3792 2691 3838 et
2737 3784 2847 3851 ipsa
2879 3784 3187 3837 indumenta
3218 3782 3367 3852 quasi
3408 3781 3579 3836 Patris
3605 3781 3779 3835 adhuc

2200 3876 2412 3941 corpori
2476 3876 2805 3928 circumdata
2864 3876 2999 3929 miro
3053 3873 3461 3929 deosculabatur
3516 3870 3703 3926 aHeCtu
3756 3887 3775 3925 :

2207 3983 2225 4015 ι
2262 3966 2431 4030 Nova,
2466 3967 2666 4036 inquit,
2701 3968 3008 4022 indumenta
3038 3969 3247 4035 corpori
3278 3982 3375 4037 pro
3403 3967 3485 4021 his
3512 3982 3628 4036 qua:
3657 3964 3780 4020 tuli-

2202 4059 2296 4113 stis
2323 4068 2343 4097 ε
2367 4060 2713 4125 circumdate,
2745 4070 2798 4114 et
2824 4060 2901 4113 sic
2930 4060 3169 4129 reponite
3197 4059 3249 4112 in
3272 4057 3296 4093 ⁸
3320 4059 3476 4115 theca
3505 4073 3662 4129 quam
3689 4071 3779 4127 pa-

2203 4151 2384 4204 rastis.
2432 4150 2555 4206 Scio
2600 4159 2779 4206 autem
2808 4151 3109 4206 certissime
3147 4150 3267 4219 quia
3310 4165 3414 4204 non
3454 4152 3543 4205 diu
3584 4165 3779 4205 vacuus

2205 4241 2498 4297 remanebit
2542 4241 2690 4297 locus
2716 4242 2805 4311 qui
2847 4251 2988 4296 tanta
3030 4242 3271 4296 caelestis
3307 4242 3547 4296 miraculi
3586 4240 3779 4296 virtuts

2205 4340 2545 4386 consecratus
2572 4342 2675 4387 est.
2711 4332 2776 4386 Et
2804 4332 2990 4388 beatus
3017 4339 3100 4387 est
3127 4332 3371 4396 multum,
3404 4333 3489 4386 cui
3518 4332 3570 4386 in
3601 4346 3666 4385 co
3694 4346 3780 4385 se-

526 4419 717 4481 quauta
773 4411 824 4463 in
866 4410 1038 4481 gloria
1099 4411 1177 4464 vir
1203 4421 1416 4466 sanctus
1446 4421 1565 4478 post
1601 4422 1830 4468 mortem
1877 4418 2099 4483 viveret,
2134 4440 2184 4497 ι)
2209 4424 2329 4478 dem
2376 4422 2685 4502 quiescendi
2730 4423 2983 4479 Dominus
3022 4438 3162 4480 verte
3205 4422 3549 4479 beatitudinis
3592 4429 3776 4479 auctor

1479 4521 1943 4582 VULGATORUM
1987 4531 2024 4585 V
2039 4536 2385 4593 ARIANTES
2427 4536 2826 4593 LECTIONES.

594 4615 613 4645 ¹
639 4611 940 4667 Clamorem.

591 4685 613 4715 ³
642 4682 853 4753 [sopitus
874 4685 1099 4753 impleto.

592 4753 613 4782 ³
640 4751 924 4809 Inventum.

593 4815 615 4843 ’⁵
645 4824 743 4889 Qui
762 4840 916 4879 more.

2275 4630 2297 4661 ⁸
2340 4628 2585 4682 Viderunt
2614 4629 2790 4683 nimio.

2272 4701 2294 4732 ⁸
2335 4700 2436 4764 Qui
2463 4716 2597 4753 cum.

2275 4772 2296 4805 '
2334 4770 2572 4826 Thecam.

1866 4926 2214 4983 VARIORUM
2253 4927 2481 4984 NOTIE.

596 5017 624 5047 ι
674 5011 875 5065 Valens.
919 5011 1052 5066 Vide
1089 5012 1187 5068 hoc
1230 5024 1389 5084 caput
1432 5032 1563 5087 pene
1610 5032 1961 5088 exscriptum,
2007 5037 2096 5091 tv,

522 5084 610 5138 50.
645 5082 839 5137 Sll‘l'll.

597 5121 610 5134 .
645 5097 839 5136 δΙΓΙΊΙ.

593 5150 619 5187 ι’
661 5152 945 5222 Integrum.
1000 5153 1101 5207 An.
1156 5153 1291 5208 1284
1341 5155 1637 5211 Willelmtts
1688 5158 2095 5217 Dumhlanensis

522 5223 803 5295 episcopus
828 5225 1152 5295 visitantihus
1178 5225 1537 5280 inccrruntum
1560 5242 1751 5295 corpus
1768 5235 1934 5283 sancti
1954 5234 2096 5285 (Iud-

525 5294 690 5346 bercti
720 5293 1097 5365 indulgentiam
1125 5296 1269 5347 dedit
1289 5296 1357 5350 40
1377 5298 1602 5351 dierum.
1629 5293 1794 5365 Quam
1818 5317 1879 5354 ex
1910 5303 2092 5357 charta

529 5364 770 5443 originali
805 5365 1045 5443 Dunelnii
1079 5375 1348 5420 asservata
1388 5364 1721 5438 desumptam
1752 5370 1871 5425 vide
1902 5372 1953 5426 iu
1988 5380 2094 5443 Ap-

527 5433 683 5500 pend.
716 5433 775 5486 N.
814 5449 958 5487 xxvr.
989 5435 1060 5489 In.

600 5514 621 5541 ε
646 5502 985 5558 Circumdate.
1006 5512 1061 5579 tn,
1074 5505 1374 5579 detectione
1391 5508 1525 5565 sacri
1547 5510 1784 5579 corporis
1801 5526 1938 5565 anno
1956 5512 2091 5565 1104

526 5570 682 5653 facta,
710 5583 897 5653 praeter
924 5592 941 5625 ι
965 5577 1199 5643 pallium,
1224 5578 1556 5653 dalmaticam
1581 5570 1655 5635 δι’
1670 5595 1895 5650 purpura
1921 5592 1973 5635 et
1997 5584 2094 5635 lin-

527 5644 775 5721 teamina,
799 5661 819 5693 ι
846 5644 1159 5698 invenerunt
1186 5666 1203 5697 ι
1228 5650 1487 5721 pectinem
1510 5644 1822 5721 eburneum,
1845 5654 2091 5721 forcipes,

522 5710 687 5765 altare
699 5722 1025 5781 argenteum,
1041 5710 1331 5784 corporalia
1345 5733 1461 5773 cum
1475 5731 1684 5791 pateua,
1701 5710 1857 5776 etiam
1871 5710 2092 5779 calicem

2202 5038 2418 5097 parvum
2438 5025 2671 5092 quidem.
2690 5025 2783 5079 sed
2807 5025 3025 5097 materia
3048 5034 3274 5096 etopere
3290 5027 3575 5095 pretiosum
3593 5047 3605 5080 :
3623 5026 3775 5097 cujus

2202 5096 2421 5167 inferior
2451 5111 2570 5163 pars
2602 5098 2821 5166 figuram
2864 5096 3030 5150 leonis
3069 5113 3133 5151 ex
3180 5113 3310 5152 auro
3356 5098 3634 5167 purissimo
3678 5096 3769 5152 ha-

2200 5164 2331 5218 bens
2350 5206 2365 5229 ,
2397 5175 2569 5234 gestat
2597 5164 2757 5219 dorso
2779 5167 3002 5229 lapidem
3032 5164 3494 5236 onychinum—arte
3526 5170 3769 5236 pulcher-

2200 5184 2365 5229 uens,
2397 5184 2569 5234 geSlal
2597 5184 2757 5219 norso
2779 5184 3002 5229 taptuem
3032 5184 3350 5291 mirionum
3382 5184 3494 5222 arte
3526 5184 3766 5236 putcner-

2200 5236 2331 5308 rima
2362 5246 2627 5308 cavatum,
2665 5255 2684 5287 ι
2720 5236 2873 5308 utiin
2923 5236 3058 5291 libro
3144 5238 3305 5291 ransl.
3356 5240 3420 5291 Et
3456 5240 3766 5308 Anonymua

2198 5305 2347 5376 addit
2377 5322 2389 5356 :
2430 5324 2447 5357 ι
2483 5307 2609 5359 Nam
2641 5307 2909 5360 sudarium
2940 5308 3278 5362 revolventes
3316 5324 3420 5375 quo
3460 5305 3627 5376 caput
3655 5309 3769 5376 ejus

2197 5375 2525 5447 cingebatur.
2542 5376 2774 5442 pristina:
2790 5378 3124 5431 candiditatis
3140 5375 3576 5447 pulchritudinem
3590 5375 3768 5433 custo-

2202 5445 2386 5515 diens,
2418 5458 2471 5500 et
2501 5447 2695 5500 iicones
2726 5448 2849 5499 novi
2879 5448 3069 5515 quibus
3096 5445 3365 5503 calceatus
3392 5458 3507 5512 est,
3538 5449 3590 5502 in
3620 5449 3770 5504 basi-

2200 5514 2298 5587 lica
2328 5526 2503 5569 nostra
2532 5516 2669 5587 inter
2696 5514 2941 5586 reliquias
2962 5533 3057 5587 pro
3085 5520 3398 5572 testimoniis
3421 5535 3586 5585 usque
3611 5521 3766 5574 hodie

2192 5582 2470 5639 habentur.
2512 5604 2529 5637 ι
2567 5586 2699 5641 Infra
2729 5582 2886 5641 etiam
2914 5628 2928 5651 ,
2962 5582 3068 5642 sub
3117 5588 3273 5644 finem
3320 5590 3415 5644 lib.
3462 5582 3533 5654 tv,
3575 5592 3771 5643 calceo-

2191 5665 2366 5732 mento
2386 5672 2478 5732 seu
2506 5658 2690 5732 [iconcs
2717 5658 3023 5732 Cuthbercti
3048 5659 3111 5712 ad
3139 5660 3411 5732 paralytiCI
3439 5660 3765 5718 curationem

2190 5723 2427 5782 adhibita
2459 5727 2619 5785 fuisse
2648 5736 2886 5807 teStatur.
2919 5723 3149 5787 Mutet;
