4220 6508
453 428 554 484 785

1148 427 1339 481 SECT.
1383 429 1421 483 1.
1461 456 1531 468 —-
1572 422 2138 479 ιξΑυιοςιιΑΡιιιεΑ.
2182 450 2248 460 -—
2293 420 2447 476 VITA
2484 422 2543 477 S.
2584 422 2995 481 CUTIIBERTI.

3590 427 3697 483 786

446 556 604 610 atque
655 541 869 610 largitor
909 540 1201 594 concedere
1242 540 1505 609 dignatur.
1556 537 1867 606 Atljt-citque
1917 534 2012 587 mi-
2042 536 2091 593 Α
2117 529 2340 584 adorare
2377 531 2440 584 ad
2482 546 2674 601 corpus
2713 534 3054 588 sacratissimi
3088 534 3183 587 viri
3229 534 3352 591 Dei.
3397 544 3511 588 erat
3552 539 3692 591 enim

444 632 634 702 rando,
668 647 784 700 qua:
813 631 1076 702 quondam
1108 632 1345 686 versibus
1377 630 1506 697 dixi,
1539 643 1589 684 et
1620 630 1723 683 ait:

568 760 597 788 α
624 744 741 800 Quis
765 741 951 791 Domini
978 743 1215 801 expediet
1249 743 1467 791 cmlestia
1492 755 1690 789 munt-ra
1726 742 1880 799 dictis,

632 806 722 853 Vel
751 806 1066 863 pat'adisiaeas
1086 819 1195 865 ipsa?
1218 807 1345 866 capit
1367 807 1496 853 auris
1520 806 1673 862 Opes?

606 866 733 915 Dum
762 869 865 927 pius
887 866 1043 913 infesti
1068 868 1283 926 disruptu
1310 869 1522 923 ttoutlere
1549 866 1685 924 Ιιιιιίἱ,

628 928 809 976 Vivere
830 930 1021 976 siderea
1043 941 1239 986 semper
1264 930 1309 974 in
1334 940 1444 975 arce
1466 928 1618 985 dabit;

570 990 756 1039 Mortua
785 1004 908 1036 nunc
939 1000 1071 1036 tanto
1095 994 1173 1050 qtti
1199 991 1371 1036 memb-
1389 1003 1413 1035 a
1439 990 1637 1035 dcc-orat
1659 988 1864 1045 honore,

633 1052 935 1108 Pulchraque
963 1062 1210 1110 perpetuae
1238 1054 1434 1109 pignora
1462 1059 1645 1109 przes'at
1671 1050 1789 1107 opis.

570 1114 821 1172 Quamque
847 1108 985 1159 beata
1012 1112 1180 1158 domus
1201 1113 1291 1158 sub
1317 1108 1544 1170 tantoQuc
1564 1112 1753 1172 Ιιοκιήιθ
1778 1108 1953 1171 fulges,

629 1173 799 1222 Nescia
824 1187 932 1231 quae
960 1186 1080 1220 metu
1109 1173 1288 1219 ltunine
1314 1172 1420 1219 laeta
1446 1173 1613 1220 init-as!

569 1234 670 1284 Nec
697 1238 777 1283 tibi
803 1233 1014 1292 ditlicde,
1042 1234 1380 1295 Omnipotens,
1409 1236 1634 1281 mandare
1659 1234 1749 1281 sub
1772 1244 1905 1291 arvo,

632 1295 705 1344 Ne
730 1298 750 1327 ¹
774 1300 969 1356 depasta
996 1305 1134 1343 voret
1155 1293 1323 1344 funera
1349 1293 1481 1343 labes
1504 1296 1645 1355 edax;

570 1360 661 1417 Qtti
689 1358 847 1406 triduo
871 1370 1035 1404 servas
1057 1365 1150 1404 cett
1173 1358 1262 1404 sub
1285 1358 1470 1405 visrere
1498 1364 1675 1415 vatem,

631 1420 772 1466 Lucis
792 1422 887 1466 iter
924 1418 1138 1478 pandens
1162 1422 1329 1465 mortis
1355 1420 1413 1465 ab
1437 1430 1522 1465 Ore
1548 1427 1647 1477 tuo;

568 1480 659 1539 Qtti
686 1480 875 1541 ignibus
893 1483 937 1527 in
975 1478 1085 1527 med
1109 1482 1147 1527 is
1171 1480 1191 1512 ³
1217 1482 1415 1526 insontia
1453 1480 1666 1525 membra
1694 1479 1862 1531 tueris.

628 1541 702 1589 Ne
720 1543 741 1572 ⁴
768 1542 1029 1591 Hebrteum
1057 1541 1082 1569 ⁸
1110 1549 1282 1589 noceat
1306 1541 1511 1587 (thaldea
1549 1542 1733 1588 ﬂamma
1756 1542 1932 1597 decus;

567 1600 702 1650 Dena
727 1610 900 1663 quater
928 1616 1129 1651 rettm'as
1163 1615 1248 1661 per
1274 1602 1445 1661 frigora
1474 1601 1628 1660 plebis
1651 1604 1874 1649 amictum

631 1663 749 1720 Quae
776 1665 951 1711 variam
975 1664 1169 1724 fugiens
1194 1664 1310 1710 invia
1333 1671 1497 1710 servat
1520 1665 1746 1722 humum;

568 1726 656 1783 Qui
683 1726 895 1773 rediviva
932 1725 1093 1772 levem
1129 1726 1303 1772 fortnas
1325 1728 1371 1773 in
1395 1726 1609 1772 membra
1637 1724 1862 1785 l'avil'am,

630 1786 744 1836 Cum
770 1792 952 1836 tremet
972 1786 1207 1848 angelicis
1226 1787 1434 1835 mundus
1457 1790 1518 1833 ab
1546 1798 1640 1835 axe
1662 1786 1805 1834 tubis.
1833 1801 1854 1829 »

445 1893 467 1925 ⁵
491 1892 616 1949 Haec
645 1903 693 1946 et
728 1892 1027 1961 hujusmodi
1071 1892 1215 1960 plura
1246 1892 1334 1945 ubi
1375 1891 1555 1944 multis
1584 1906 1702 1946 cum
1744 1891 2009 1960 laerymis,
2049 1882 2093 1939 Β

445 2000 506 2037 ac
558 1999 742 2053 magna
791 1984 1198 2050 compunctione
1247 1982 1480 2049 pontifex
1533 1990 1791 2036 tremente
1839 1981 2016 2048 lingua

444 2076 747 2144 complevit,
774 2077 1013 2129 fecerunt
1044 2075 1230 2129 fratres
1256 2084 1311 2128 ut
1336 2078 1567 2143 jusserat
1597 2091 1612 2130 :
1643 2085 1695 2130 et
1724 2075 2015 2129 involutum

446 2182 585 2221 novo
626 2168 820 2220 amictu
868 2182 1059 2235 corpus
1110 2168 1318 2233 levique
1364 2168 1415 2222 in
1462 2166 1613 2221 theca
1663 2166 2014 2236 reconditum,

445 2274 605 2327 super
631 2259 986 2326 pavimentum
1017 2257 1302 2311 sanctuarii
1332 2268 1763 2327 composuerunt.

441 2369 593 2425 CAP.
638 2368 814 2423 XLIII.
861 2369 1127 2433 Quomodo
1170 2384 1353 2435 corpus
1404 2368 1669 2421 Eadbercti
1708 2371 1930 2439 epierpi
1966 2369 2018 2422 in

514 2440 823 2522 tumulusiri
848 2441 939 2493 Dei
958 2450 1219 2509 ponentes,
1243 2439 1613 2510 sarcop/iagum
1640 2439 1776 2492 illius
1802 2442 2019 2509 desuper

511 2521 793 2579 posuerint.

512 2623 717 2677 Interea
769 2624 875 2676 Deo
904 2622 1127 2677 dilectus
1168 2623 1389 2677 antistes
1416 2619 1444 2657 ι’
1480 2621 1803 2677 Eadberctus
1835 2621 2020 2677 morbo

443 2716 725 2786 corripitur
752 2717 968 2777 acerbo,
1010 2724 1063 2769 et
1091 2724 1367 2769 crescente
1407 2729 1501 2783 per
1539 2715 1654 2768 dies
1693 2713 2022 2783 multumque

446 2811 842 2877 ingravescente
884 2806 1075 2861 ardore
1105 2805 1401 2875 languoris,
1437 2820 1539 2858 non
1582 2806 1747 2859 multo
1783 2812 1935 2871 post,
1970 2803 2021 2857 id

444 2909 546 2964 est,
579 2900 601 2928 °
635 2899 802 2968 pridie
851 2898 1029 2952 Nonas
1074 2898 1255 2963 Maias,
1302 2898 1462 2952 etiam
1506 2898 1618 2964 ipse
1666 2898 1910 2966 migravit
1954 2897 2021 2951 ad

446 2991 724 3044 Dominum
756 3007 767 3041 :
803 2992 1084 3058 impetrato
1122 2992 1189 3043 ab
1228 3004 1293 3044 eo
1336 3004 1576 3055 munere,
1618 2991 1756 3058 quod
1800 2990 2021 3058 diligen-

448 3082 647 3136 tissime
679 3082 928 3151 petierat,
964 3082 1245 3149 videlicet,
1292 3092 1347 3136 ut
1377 3097 1479 3135 non
1513 3084 1784 3149 repentina
1816 3094 2018 3148 morte,

444 3174 536 3227 sed
570 3173 726 3243 longa
756 3182 1006 3228 excoctus
1052 3175 1364 3243 aegritudine
1414 3177 1660 3229 transiret
1701 3190 1731 3228 e
1772 3190 2017 3243 corpore.

444 3264 605 3336 Cujus
633 3282 826 3337 corpus
868 3272 919 3321 in
951 3268 1195 3337 sepulcro
1236 3267 1374 3322 beati
1416 3268 1587 3322 Patris
1615 3268 1895 3322 Cudbercti
1929 3283 2021 3334 po-

447 3370 652 3424 nentes,
702 3367 1060 3428 apposuerunt
1105 3359 1334 3430 desuper
1378 3372 1557 3413 arcam
1600 3359 1649 3412 in
1701 3373 1801 3427 qua
1852 3360 2023 3413 incor-

444 3459 596 3519 rupta
627 3450 866 3520 ejusdem
906 3449 1077 3504 Patris
1107 3450 1344 3503 membra
1378 3448 1698 3502 locaverant.
1744 3448 1839 3503 Ubi
1880 3462 2023 3502 nunc

446 3556 611 3610 usque
640 3543 684 3595 si
730 3540 1021 3610 petentium
1053 3540 1184 3594 ﬁdes
1226 3540 1434 3607 exigat,
1468 3539 1844 3592 miraculorum
1873 3539 2021 3608 signa

448 3634 559 3689 ﬁeri
590 3649 691 3688 non
722 3634 987 3689 desinunt.
1034 3634 1135 3689 Sed
1165 3642 1218 3687 et
1255 3632 1559 3687 indumenta
1592 3649 1709 3701 qua:
1751 3632 2024 3685 sanctissi-

448 3741 591 3779 mum
619 3740 811 3793 corpus
841 3724 955 3791 ejus
986 3723 1067 3777 vel
1100 3725 1275 3778 vivum
1308 3725 1389 3779 vel
1416 3724 1680 3793 sepultum
1713 3723 2018 3790 vestierant,

447 3834 475 3871 a
502 3815 667 3887 gratia
694 3816 911 3870 curandi
941 3831 1042 3869 non
1075 3825 1284 3870 vacant.

446 3924 600 3982 CAP.
648 3925 830 3982 XLIV.
884 3926 1117 3991 Qualiter
1162 3937 1379 3996 a'grotus
1423 3930 1489 3981 ad
1535 3926 1759 3980 tumbam
1804 3931 1913 3999 ejus
1960 3929 2023 3981 sit

1015 3998 1208 4052 orando
1236 4009 1457 4053 curatus.

516 4107 754 4177 Denique
778 4109 1067 4163 adveniens
1095 4110 1463 4165 transmarinis
1483 4125 1514 4164 e
1538 4109 1771 4180 partibus
1795 4108 2023 4163 clericus

449 4201 659 4269 quidam
715 4203 1130 4258 reverentissimi
1184 4212 1237 4258 et
1290 4203 1612 4259 sanctissimi
1660 4200 1687 4239 ά
1736 4202 2021 4257 Wilbrordi

446 4291 734 4347 Clementis
779 4292 1071 4348 Fresonum
1118 4296 1289 4365 gentis
1331 4295 1600 4365 episcOpi,
1650 4295 1776 4351 dum
1827 4296 2026 4365 aliquot

448 4382 563 4439 dies
604 4386 796 4439 ibidem
829 4386 1022 4455 hospes
1063 4397 1380 4452 moraretur,
1414 4388 1610 4443 decidit
1650 4389 1702 4443 in
1747 4388 2025 4444 inﬁrmita-

452 4487 554 4529 tem
594 4479 979 4545 gravissimam,
1032 4479 1101 4531 ita
1154 4488 1210 4533 ut
1250 4479 1605 4534 invalescente
1662 4496 1755 4547 per
1808 4481 2019 4551 longum

2048 3226 2095 3285 ϐ

2122 623 2238 676 dies
2268 622 2535 678 Dominica
2560 638 2575 678 :
2599 640 2757 692 spero
2780 640 2873 694 per
2899 627 3118 694 gratiam
3152 626 3553 683 intercessionis
3575 632 3691 696 ejus

2124 712 2205 765 his
2234 713 2559 769 cruciatibus
2585 717 2797 782 eripiar,
2831 724 2886 769 ut
2916 720 2997 771 vel
3039 728 3251 771 sanatus
3284 718 3347 771 ad
3383 732 3693 786 praesentem

2121 804 2281 857 vitam
2330 806 2577 869 redeam,
2630 809 2713 859 vel
2760 806 3039 862 defunctus
3086 810 3384 877 perveniam
3433 812 3496 863 ad
3544 822 3693 865 teter—

2122 911 2259 949 nam.
2299 914 2318 949 ι
2358 896 2502 951 Fecit
2528 898 2614 950 ille
2645 907 2702 950 ut
2735 910 3028 968 rogaverat,
3063 901 3353 970 baculoque
3384 903 3692 957 innitentem

2122 996 2375 1052 aegrotum
2408 986 2459 1040 in
2489 987 2767 1041 ecclesiam
2801 1004 2903 1042 non
2934 1004 3093 1057 parvo
3122 1007 3240 1044 cuin
3281 992 3462 1046 labore
3500 992 3695 1063 perdu-
3737 1042 3741 1045 .

2120 1084 2215 1136 itit.
2247 1082 2345 1147 Qui
2375 1098 2495 1136 cum
2527 1084 2591 1137 ad
2626 1084 2924 1147 sepulcrum
2956 1086 3269 1139 sanctissimi
3299 1100 3360 1139 ac
3384 1087 3490 1139 Deo
3516 1086 3691 1140 dilecti

2120 1174 2291 1226 Patris
2334 1188 2504 1242 genua
2551 1184 2818 1239 curvaret,
2859 1184 3015 1243 caput
3052 1174 3106 1229 in
3147 1182 3339 1229 terram
3379 1176 3692 1241 dimitteret,

2119 1276 2215 1330 pro
2244 1277 2335 1315 sua
2360 1265 2618 1333 sospitate
2648 1274 2878 1333 rogaret,
2906 1273 3077 1318 tantas
3098 1266 3347 1319 continuo
3371 1266 3511 1320 vires
3537 1280 3689 1321 suum

2118 1367 2309 1418 corpus
2343 1353 2409 1407 de
2449 1354 2754 1423 incorrupto
2796 1354 2935 1408 illius
2967 1370 3188 1423 corpore
3231 1355 3499 1421 accepisse
3525 1355 3545 1388 "
3575 1371 3692 1423 per-

2117 1447 2300 1505 sensit,
2329 1455 2385 1498 ut
2411 1446 2609 1511 absque
2640 1446 2818 1501 labore
2849 1447 2960 1513 ipse
2989 1448 3055 1499 ah
3081 1448 3323 1502 oratione
3355 1457 3691 1516 resurgeret;

2116 1538 2314 1603 abSque
2344 1539 2668 1592 adminiculo
2701 1539 2779 1592 vel
2824 1540 3047 1593 ministri
3081 1540 3350 1605 ducentis,
3394 1540 3477 1594 vel
3523 1539 3692 1594 baculi

2116 1628 2496 1692 sustentantis,
2546 1628 2611 1681 ad
2660 1628 2944 1696 hospitium
2994 1629 3209 1683 rediret.
3264 1630 3362 1696 Qui
3415 1640 3532 1697 post
3578 1629 3693 1684 dies

2118 1729 2312 1784 paucos
2360 1717 2604 1769 roborata
2656 1717 2723 1770 ad
2774 1717 3041 1786 integrum
3088 1717 3302 1785 virtute,
3347 1720 3486 1772 viam
3535 1732 3690 1788 quam

2117 1808 2446 1877 disposuerat
2479 1808 2698 1876 peregit.

2224 1918 2374 1973 CAP.
2419 1917 2574 1973 XLV.
2619 1919 2885 1983 Quomodo
2924 1919 3236 1988 paralyticus
3263 1920 3329 1972 sit
3358 1934 3446 1987 per
3472 1920 3586 1986 ejus

2610 1991 2945 2042 calceamenta
2973 2000 3199 2043 sanatus.

2193 2100 2322 2155 Erat
2348 2100 2400 2155 in
2431 2103 2752 2157 monasterio
2773 2101 2998 2168 quodam
3031 2116 3134 2155 non
3164 2102 3345 2169 procul
3374 2100 3493 2155 inde
3521 2104 3695 2171 posito

2124 2191 2463 2258 adolescens,
2497 2206 2555 2245 ea
2584 2208 2739 2261 quam
2769 2192 2937 2247 Graeci
2968 2192 3230 2261 paralysin
3255 2200 3444 2245 vocant
3472 2191 3694 2247 inﬁrmi-

2122 2288 2249 2345 tate,
2272 2282 2415 2335 omni
2447 2283 2807 2336 membrorum
2832 2280 3005 2334 ofﬁcio
3029 2282 3331 2335 destitutus.
3358 2281 3506 2335 Unde
3527 2282 3690 2336 abbas

2122 2376 2318 2444 ipsius,
2350 2374 2525 2429 sciens
2555 2377 2603 2427 in
2630 2374 2952 2428 monasterio
2980 2375 3001 2406 ⁸
3029 2373 3536 2427 Lindisfarnensium
3582 2388 3692 2428 me-

2120 2467 2267 2522 dicos
2290 2482 2411 2521 esse
2442 2466 2810 2533 peritissimos,
2844 2466 2984 2518 misit
3012 2481 3131 2518 eum
3166 2464 3279 2529 illo,
3318 2479 3509 2532 rogans
3550 2464 3695 2516 infir-

2122 2558 2284 2611 manti
2315 2558 2360 2611 si
2388 2558 2508 2624 quid
2543 2565 2759 2625 possent
2782 2557 3071 2610 curationis
3095 2553 3418 2609 conferrent.
3447 2556 3688 2619 Quicum

2123 2665 2220 2703 suo
2247 2663 2454 2718 quoque
2485 2649 2675 2702 abbate
2704 2657 2758 2701 et
2794 2648 3043 2716 episcopo
3082 2646 3390 2715 jubentibns
3417 2646 3696 2716 diligenter

2124 2739 2196 2793 illi
2224 2743 2535 2793 assiSIerent
2557 2778 2570 2799 ,
2603 2748 2655 2791 et
2686 2737 2937 2806 quidquid
2970 2745 3187 2790 nossent
3212 2751 3333 2803 erga
3375 2752 3495 2789 eum
3541 2736 3696 2788 indu—

2123 2831 2272 2884 strias
2322 2828 2654 2883 medicinalis
2699 2827 3090 2896 impenderent,
3139 2827 3267 2881 nihil
3312 2826 3530 2881 omnino
3574 2840 3697 2895 pro—

2126 2919 2286 2973 licere
2347 2918 2598 2972 valebant
2653 2935 2666 2969 :
2725 2918 2849 2982 quin
2911 2918 3086 2985 potius
3137 2915 3409 2969 crescebat
3461 2915 3697 2984 quotidie

2124 3009 2342 3064 morbus
2362 3050 2376 3075 ,
2413 3018 2466 3063 et
2506 3007 2757 3077 paulatim
2790 3009 2840 3061 in
2871 3006 3136 3061 dctetiora
3166 3008 3447 3074 vergebat,
3478 3006 3613 3059 adeo
3642 3016 3698 3059 ut

2127 3112 2358 3171 excepto
2386 3117 2480 3157 ore
2508 3102 2708 3156 nullum
2741 3118 2873 3169 pene
2903 3105 3196 3156 membrum
3231 3111 3405 3169 posset
3435 3102 3551 3155 loco
3581 3115 3695 3155 mo-

2126 3210 2271 3248 vere.
2300 3193 2537 3263 Cumque
2566 3208 2594 3245 a
2626 3194 2929 3247 carnalibus
2960 3194 3176 3247 medicis
3206 3194 3295 3247 diu
3323 3194 3511 3247 frustra
3543 3193 3694 3248 labo-

2129 3285 2367 3340 rantihus
2394 3286 2705 3352 desperatus
2731 3301 2792 3339 ac
2818 3286 3060 3339 desertus
3081 3286 3300 3352 jaceret,
3333 3284 3607 3352 confugil‘
3628 3283 3693 3337 ad

2126 3376 2376 3430 auxilium
2429 3372 2621 3429 medici
2662 3376 2935 3430 caelestis:
2971 3378 3057 3443 qui
3111 3376 3162 3427 in
3212 3376 3431 3429 veritate
3478 3375 3691 3444 petitus,

2130 3468 2388 3536 propitius
2414 3466 2468 3521 fit
2499 3467 2742 3522 omnibus
2771 3466 3130 3533 iniquitatibus
3157 3468 3382 3533 nostris,
3413 3475 3469 3523 et
3495 3470 3582 3537 qui
3610 3483 3692 3523 sa-

2129 3568 2217 3612 nat
2244 3572 2429 3611 onmes
2458 3557 2740 3628 languores
2785 3568 3013 3612 nostros.
3065 3558 3286 3627 Rogavit
3328 3574 3554 3628 namque
3598 3560 3696 3613 mi-

2128 3650 2353 3703 nistrum
2377 3663 2552 3713 suum,
2576 3658 2633 3702 ut
2658 3650 2882 3718 aliquam
2910 3649 3006 3702 sibi
3029 3650 3070 3680 ¹⁰
3098 3650 3393 3717 portionem
3425 3652 3491 3705 de
3520 3651 3694 3706 incor-

2127 3739 2466 3810 ruptibilibus
2520 3741 2655 3794 sacri
2708 3741 2949 3804 corporis
2998 3740 3210 3795 alferret
3264 3741 3511 3809 exuviis,
3572 3742 3693 3811 quia

2127 3834 2366 3888 crederet
2399 3848 2491 3900 per
2529 3832 2686 3902 hujus
2724 3847 2783 3888 se
2806 3834 3051 3887 virtutem
3073 3873 3087 3898 ,
3117 3833 3180 3886 ad
3207 3834 3429 3904 gratiam
3455 3834 3694 3887 sanitatis

2132 3925 2355 3979 Domino
2400 3925 2657 3992 largiente
2702 3939 3061 3979 reversurum.
3093 3925 3192 3990 Qui
3220 3927 3463 3980 consulto
3507 3925 3695 3979 abbate

2126 4017 2304 4070 attulit
2330 4015 2719 4081 calceamenta,
2765 4032 2885 4086 quae
2913 4017 3011 4072 viri
3044 4017 3136 4071 Dei
3179 4016 3232 4071 in
3261 4018 3508 4085 sepulcro
3536 4019 3696 4086 pedes

2128 4106 2443 4170 induerant,
2474 4116 2529 4162 et
2551 4121 2611 4159 ea
2639 4105 2863 4175 pedibus
2891 4105 3162 4162 dissolutis
3189 4107 3372 4177 aigroti
3402 4106 3698 4161 circumde-

2126 4205 2247 4260 dit:
2278 4205 2535 4273 siquidem
2582 4205 2753 4272 primo
2801 4220 2830 4258 a
2881 4205 3102 4273 pedibus
3145 4220 3266 4260 eum
3315 4203 3573 4272 paralysis
3602 4204 3695 4259 ad-

2130 4297 2497 4366 prehenderat.
2524 4296 2671 4351 Fecit
2697 4305 2872 4350 autem
2896 4296 2996 4351 hoc
3023 4297 3192 4350 noctis
3218 4296 3388 4360 initio,
3414 4308 3533 4349 cum
3561 4303 3693 4345 tem-

2131 4403 2227 4459 pus
2266 4386 2630 4457 requiescendi
2674 4386 2923 4453 adesset;
2970 4387 3253 4455 statimque
3299 4385 3388 4439 ille
3432 4381 3693 4452 placidum

2130 4480 2378 4534 dimissus
2408 4480 2457 4532 in
2486 4493 2734 4547 soporem
2757 4517 2773 4543 ,
2811 4478 3129 4548 procedente
3169 4478 3497 4545 intempestas
3527 4471 3696 4527 noctis

451 4566 473 4597 '
495 4573 701 4633 tempus
727 4568 965 4623 molestia
1006 4570 1114 4638 jam
1143 4570 1451 4638 desperatus
1492 4570 1715 4640 jaceret.
1760 4572 1857 4637 Qui
1901 4588 2019 4627 cum
2052 4566 2106 4626 D
2130 4572 2373 4636 silentio,
2402 4572 2565 4638 coapit
2605 4571 2826 4625 alternis
2858 4571 3117 4639 palpitare
3147 4568 3399 4637 pedibus,
3428 4574 3486 4618 ut
3524 4564 3697 4634 palam

452 4655 620 4710 victus
670 4658 855 4713 dolore
904 4659 1171 4715 videretur
1217 4663 1319 4717 sibi
1369 4678 1467 4717 nec
1515 4664 1646 4716 mori
1704 4678 1801 4718 nec
1848 4666 2025 4718 vivere

455 4761 642 4813 posse,
674 4749 891 4804 invento
934 4754 1133 4808 salubri
1175 4754 1400 4809 consilio
1428 4756 1561 4809 dixit
1601 4754 1847 4809 ministro
1876 4769 1973 4808 suo
2009 4774 2020 4808 :

459 4866 478 4891 ι
509 4839 745 4897 Obsecro
766 4844 1023 4913 perducas
1052 4861 1135 4901 me
1163 4847 1317 4903 hodie
1344 4856 1461 4917 post
1488 4846 1783 4902 celebratas
1810 4847 2022 4912 missas,

2131 4665 2221 4734 qui
2254 4663 2537 4733 vigilabant
2566 4671 2622 4716 et
2649 4662 2896 4716 videbant
2930 4659 3157 4713 ministri
3184 4655 3698 4717 animadverterent,

2131 4754 2254 4822 quia
2284 4754 2474 4808 donata
2524 4766 2617 4819 per
2645 4750 2891 4819 reliquias
2934 4749 3032 4802 viri
3076 4747 3244 4803 sancti
3288 4745 3479 4798 virtute
3521 4740 3699 4795 medi-

2130 4844 2307 4908 candi,
2355 4842 2554 4897 sanitas
2599 4850 2775 4909 optata
2827 4854 2856 4894 a
2907 4839 3083 4909 planta
3130 4838 3322 4909 pedum
3368 4848 3463 4906 per
3507 4840 3700 4889 cetera

1396 4939 1865 4997 VULGATORUM
1911 4936 2298 4996 \‘ARIAN'I‘ES
2338 4932 2733 4989 LECTIONES.

527 5028 541 5060 ¹
583 5029 709 5102 Cum
736 5033 866 5102 pius.

584 5101 827 5170 Deposta.

525 5168 546 5199 ³
584 5170 835 5227 lnsonita.

525 5237 548 5270 ⁸
587 5240 858 5296 Hebrwum
887 5244 1059 5299 (cedat.

526 5309 548 5339 '
584 5310 714 5366 llaec
739 5315 822 5369 ubi
850 5317 1041 5373 multis.

2154 5048 2161 5057 -
2203 5028 2224 5058 ⁸
2260 5025 2476 5085 Tempus
2505 5022 2822 5095 (egritudine.

2202 5098 2223 5129 "
2265 5087 2620 5157 Persensitfut
2650 5092 2837 5161 absque
2864 5087 3190 5144 adminicula.

2204 5168 2225 5198 ⁸
2265 5164 2688 5233 Lindisfarnensi.

2204 5238 2224 5269 '
2264 5237 2342 5288 Ad
2369 5224 2589 5287 divinum
2620 5232 2798 5286 medici
2823 5228 3033 5285 caelestis
3064 5224 3330 5281 auxilium.

2206 5305 2249 5337 ¹⁶
2286 5304 2685 5358 Portiunculam.

1764 5401 2119 5461 γλῐιιοιιωι
2161 5398 2390 5454 NOTAE.

531 5508 556 5534 ἰ
599 5498 813 5553 Nocent.
846 5497 1009 5553 Recte
1037 5514 1054 5553 :
1088 5513 1207 5551 nam
1240 5516 1417 5554 nocere
1446 5500 1581 5565 apud
1616 5501 1808 5565 probos
1846 5506 2029 5550 aucto-

463 5584 547 5627 res
576 5584 679 5622 non
708 5584 827 5622 raro
854 5583 972 5623 cum
1019 5578 1209 5633 quarto
1237 5585 1361 5623 casu
1406 5570 1758 5639 conjungitur.
1800 5570 1900 5624 Alii
1935 5582 2031 5637 pro

461 5647 633 5692 nat-eat
660 5641 928 5705 corrigunt
957 5639 1128 5692 (cedat.
1164 5639 1390 5693 MABILL.

532 5709 558 5745 δ
602 5709 932 5763 Eadberctus.
979 5710 1051 5763 De
1096 5711 1250 5779 hujus
1292 5720 1463 5763 morte
1501 5709 1619 5765 vide
1647 5709 1805 5765 etiam
1835 5723 1907 5773 Iv,
1938 5708 2026 5765 50.

462 5779 650 5835 Sirmi.

537 5862 556 5885 τ
601 5848 779 5903 Pridie
811 5848 989 5905 Nonas
1020 5849 1205 5905 Maias.
1259 5849 1376 5919 Ipso
1407 5849 1491 5906 die
1534 5850 1723 5906 colitur
1752 5848 1804 5906 in
1834 5849 2029 5918 Marty-

2136 5492 2336 5559 rologio
2369 5488 2562 5559 Bened.
2593 5486 2649 5541 S.
2682 5485 3058 5559 Eade‘lbertns,
3078 5482 3227 5559 cujus
3257 5480 3697 5559 obituspostanf

2136 5576 2231 5615 nos
2252 5546 2305 5613 va
2351 5560 2404 5613 S.
2435 5557 2752 5611 Cudbercthi
2777 5555 2928 5626 thitu
2956 5546 3197 5626 undecim
3216 5596 3230 5616 ,
3260 5546 3470 5604 Christi
3500 5546 3702 5626 scilicet

2136 5629 2261 5694 698,
2292 5646 2395 5696 quo
2424 5629 2478 5682 S.
2508 5624 3130 5696 Cudbercthitranslatio
3160 5622 3293 5696 facta
3312 5627 3425 5696 _e_st,
3455 5617 3698 5686 contigit.

2137 5690 2275 5764 Lege
2305 5690 2455 5753 Beda:
2484 5696 2783 5757 Historiam,
2819 5694 2909 5747 lib.
2940 5708 3016 5764 iv,
3046 5706 3160 5759 cap.
3188 5690 3535 5764 30.__M,tett.t.

2206 5761 2239 5807 (ι’
2281 5768 2575 5825 Wilbrordi.
2609 5766 2684 5824 De
2715 5762 3018 5822 Wilbrordo
3045 5763 3166 5820 vide
3190 5777 3243 5828 v,
3278 5762 3366 5834 10,
3396 5761 3483 5821 Η.
3511 5761 3701 5823 Sumo.
