4240 6458
556 331 657 380 δῖοντ

566 331 657 402 re?
1339 345 1536 398 neme
1577 341 2025 397 VENERABILIS
2061 331 2216 395 uer.

1411 345 1536 398 Ill/E
1577 341 2025 397 VENERABILIS
2061 331 2216 395 ΟΡῬ.
2253 335 2428 394 PARS
2467 340 2552 393 IV.
2595 370 2664 380 —-
2703 339 3085 397 1115ΤΟ11101ο

3705 343 3814 403 788

557 467 793 522 membra
825 476 966 520 esset
1010 461 1316 516 transitura.
1355 464 1422 515 At
1468 462 1555 514 ubi
1588 470 1898 516 consuetum
1931 459 1981 513 in
2013 473 2124 512 mo-
2156 463 2200 516 Α
2232 457 2415 510 orandi
2445 457 2802 512 retardaretur
2833 460 3103 515 instantia.
3135 460 3264 515 Cum
3306 461 3418 515 lucc
3446 462 3602 532 igitur
3630 467 3808 522 Aidil-

562 556 794 610 nasterio
827 565 1098 610 nocturnae
1123 554 1379 606 orationis
1405 553 1616 620 signum
1647 551 1900 616 insonuit,
1931 549 2132 604 excita-

565 659 652 702 tus
683 648 855 700 sonitu
885 646 1078 700 resedit
1122 645 1252 712 ipse.
1299 643 1408 698 Nec
1451 658 1620 706 mora,
1651 641 1892 696 solidatis
1925 643 2130 694 interna

555 741 752 793 virtute
790 738 993 798 nervis,
1030 745 1343 805 artuumque
1374 735 1720 804 compagibus
1747 734 2041 797 universis,
2071 748 2134 788 ac

557 832 742 884 dolore
772 830 969 899 fugato,
1002 838 1242 881 sanatum
1275 843 1333 881 se
1360 843 1479 881 esse
1526 826 1823 894 intelligens
1871 825 2129 888 surrexit,

558 929 610 973 et
641 922 692 974 in
721 921 1004 989 gratiarum
1036 920 1243 974 actione
1270 917 1492 972 Domino
1525 932 1682 970 omne
1711 923 1988 970 nocturna:
2015 916 2132 969 sive

559 1011 828 1065 matutinae
860 1009 1163 1079 psalmodia:
1197 1018 1403 1076 tempus
1447 1010 1634 1062 stando
1664 1008 1934 1077 persolvit.
1981 1008 2133 1062 Mane

556 1114 732 1157 autem
759 1103 868 1170 jam
900 1099 1038 1155 facto
1068 1103 1329 1170 processit
1362 1101 1426 1154 ad
1453 1099 1732 1154 ecclesiam
1755 1142 1770 1164 ,
1801 1099 2130 1154 videntibus-

554 1210 659 1262 quc
688 1206 740 1248 et
769 1193 1254 1262 congratulantibns
1285 1193 1565 1255 universis,
1595 1193 1612 1222 ¹
1641 1191 1828 1245 circuit
1860 1191 1975 1244 loca
2006 1204 2132 1244 sano

553 1297 636 1339 eta
667 1285 888 1351 orando,
937 1293 990 1337 et
1036 1297 1131 1336 suo
1161 1283 1417 1336 Salvatori
1455 1280 1768 1336 sacrificium
1803 1280 1973 1334 laudis
2002 1279 2123 1334 oﬂ'es

558 1376 742 1431 rendo.
777 1378 796 1406 ³
828 1375 1150 1442 Factumque
1180 1384 1262 1428 est
1291 1385 1345 1426 ut
1395 1375 1747 1442 pulcherrima
1796 1389 1973 1428 rerum
2005 1387 2136 1426 con-

555 1468 830 1535 versione,
885 1469 929 1522 is
981 1469 1069 1536 qui
1125 1467 1413 1520 dissolutus
1465 1477 1574 1520 toto
1631 1481 1851 1532 corpore
1905 1466 2026 1518 illuc
2081 1465 2132 1517 in

557 1560 802 1614 vehiculo
849 1559 1084 1628 perlatus
1133 1560 1335 1624 fuerat,
1388 1557 1510 1612 inde
1555 1559 1752 1611 strictis
1807 1558 2135 1625 firmatisque

560 1651 814 1704 membris
842 1650 1084 1702 omnibus
1111 1649 1326 1701 domum
1377 1664 1470 1714 per
1497 1663 1556 1701 se
1595 1649 1788 1702 rediret
1834 1647 2135 1701 incolumis.

562 1741 712 1795 Unde
745 1741 1046 1794 meu'linisse
1080 1740 1248 1809 juvat,
1279 1741 1401 1809 quia
1435 1743 1547 1794 Itale
1575 1750 1656 1794 est
1682 1743 1976 1794 immutatio
2005 1744 2134 1794 dex-

2235 549 2438 602 waldns
2467 550 2736 617 ingressus
2771 549 2942 604 locum
2975 551 3232 616 vidisset,
3285 554 3568 620 postulavit
3616 571 3645 609 a
3695 557 3809 612 fre-

2234 639 2610 706 quentantibus
2641 653 2700 692 se
2737 639 2992 693 fratribus
3039 641 3336 708 pelliculam
3368 642 3538 710 vituli,
3584 661 3811 716 eamque

2234 728 2329 781 illo
2363 730 2411 780 in
2439 728 2632 796 angulo
2660 743 2766 797 quo
2796 739 2846 782 et
2888 731 3000 797 ipse
3041 739 3095 783 et
3133 731 3494 799 praedecessor
3522 733 3638 802 ejus
3664 736 3809 790 (Συρι-

2234 826 2446 882 berctns
2473 829 2670 896 smpins
2701 844 2863 883 orans
2903 842 3044 885 stare
3073 834 3154 886 vel
3198 835 3556 902 genuflectere
3583 840 3810 906 Solebat,

2235 919 2397 971 clavis
2444 919 2654 972 affixam
2706 921 2974 975 violentiis
3023 927 3374 987 procellarum
3422 931 3688 998 opposuit.
3742 934 3812 988 Αι

2237 1019 2511 1076 postquam
2543 1011 2654 1078 ipse
2681 1027 2891 1080 qu0qne
2919 1054 2933 1078 ,
2976 1016 3203 1084 expletis
3235 1019 3303 1071 ibi
3335 1019 3614 1076 duodecim
3643 1027 3810 1080 conti-

2237 1101 2356 1152 nuis
2383 1101 2560 1163 annis,
2609 1103 2854 1169 gaudium
2907 1119 3151 1172 superum
3204 1107 3544 1165 beatitudinis
3575 1113 3811 1180 intravit,

2235 1203 2300 1243 ac
2330 1190 2517 1244 tertius
2549 1190 2718 1244 locum
2753 1193 3000 1247 eumdem
3041 1191 3322 1262 Felgeldus
3362 1197 3594 1255 incolere
3621 1204 3810 1270 cmpit,

2237 1281 2433 1349 placuit
2464 1284 2895 1337 reverentissimo
2925 1285 3373 1344 Lindisfarnensis
3401 1290 3652 1346 Ecclesia:
3679 1310 3811 1362 pon-

2239 1371 2365 1425 tifici
2412 1372 2687 1438 Eadfrido,
2727 1373 3043 1430 dissolutum
3074 1387 3334 1434 vetustate
3359 1382 3651 1436 oratorium
3680 1384 3810 1438 illud

2237 1479 2266 1512 a
2297 1462 2654 1516 fundamentis
2686 1473 3008 1518 restaurare.
3040 1467 3191 1532 Quod
3223 1468 3346 1522 dum
3385 1481 3525 1524 esset
3563 1487 3694 1540 Opus
3720 1489 3812 1528 ex-

2239 1549 2455 1616 pletum,
2508 1561 2563 1605 et
2606 1552 2757 1605 multi
2806 1553 2996 1606 devota
3046 1555 3301 1624 religione
3347 1573 3376 1611 a
3423 1559 3576 1614 beato
3615 1562 3809 1616 Christi

2235 1637 2431 1692 athleta
2466 1639 2715 1708 Felgeldo
2758 1643 3108 1709 postularent,
3151 1654 3409 1713 quatenus
3439 1649 3667 1717 aliquam
3700 1651 3802 1706 illis

2241 1733 2550 1797 particulam
2581 1731 2647 1786 de
2675 1733 2915 1801 reliquiis
2963 1736 3129 1788 sancti
3177 1752 3237 1790 ac
3280 1729 3386 1790 Deo
3425 1739 3598 1792 dilecti
3634 1742 3799 1795 Patris

561 1846 687 1888 tera:
722 1832 959 1898 Excelsi,
988 1833 1134 1902 cujus
1182 1833 1521 1885 memoranda
1567 1833 1632 1885 ab
1679 1833 1828 1886 initio
1873 1832 2130 1886 mirabilia
2163 1808 2209 1868 Β
2237 1826 2544 1891 Cudbercti,
2576 1826 2689 1879 sive
2721 1830 3042 1881 successm-is
3079 1829 3193 1896 ejus
3223 1828 3520 1885 [Edilualdi
3553 1833 3678 1887 dare
3704 1829 3799 1888 de-

563 1924 760 1979 mundo
788 1925 983 1993 fulgere
1011 1939 1113 1976 non
1141 1934 1371 1977 cessant.
1806 1959 1808 1963 -

557 2035 786 2089 CAPUT
835 2035 1012 2088 XLVI.
1057 2034 1288 2098 Qualiter
1319 2036 1618 2088 annc/writa
1645 2036 1666 2067 ³
1699 2035 1976 2105 Felgeldus
2022 2052 2140 2105 ape-

595 2109 808 2158 rimeuto
837 2107 1039 2175 parietis
1064 2106 1083 2136 ’⁸
1107 2109 1217 2177 ejus
1245 2108 1307 2158 sit
1339 2124 1368 2157 (ι
1393 2108 1559 2160 cultus
1589 2116 1782 2160 tumore
1810 2107 2103 2161 mundatus.

583 2227 590 2237 ·
639 2201 748 2254 Nec
788 2199 1211 2266 pra‘tereundum
1247 2200 1474 2252 arbitror
1497 2199 1619 2264 quid
1648 2199 1888 2252 miraculi
1911 2198 2143 2252 caelestis

567 2278 588 2322 ⁸
613 2289 767 2342 etiam
795 2305 886 2356 per
912 2289 1162 2356 reliquias
1188 2290 1509 2342 sanctissimi
1533 2289 1746 2343 oratorii
1771 2291 1820 2341 in
1851 2305 1956 2358 quo
1988 2290 2144 2343 Pater

575 2379 889 2434 venerabilis
918 2378 1188 2431 solitarius
1230 2380 1454 2432 Domino
1493 2379 1720 2433 militare
1747 2390 2138 2446 consueverat,

567 2471 743 2524 divina
777 2471 942 2538 pictas
972 2469 1286 2523 ostenderit.
1327 2469 1476 2536 Quod
1511 2479 1684 2524 tamen
1716 2480 1890 2524 utrum
1935 2472 2142 2526 meritis

567 2561 808 2632 ejusdem
841 2561 980 2616 beati
1018 2560 1187 2614 Patris
1213 2559 1514 2623 Cudbercti,
1553 2577 1622 2616 an
1653 2564 1981 2617 successoris
2027 2564 2143 2631 ejus

565 2654 593 2683 ⁸
617 2652 940 2716 A'ldilwaldi,
976 2653 1070 2706 viri
1110 2667 1258 2721 aeque
1288 2653 1394 2706 Deo
1424 2653 1586 2707 dediti
1632 2654 2005 2707 ascribendum
2050 2655 2140 2720 sit,

571 2745 812 2798 internus
862 2744 1074 2798 Arbiter
1126 2743 1350 2797 noverit.
1399 2744 1580 2813 Neque
1622 2745 1794 2812 aliqua
1834 2746 1969 2799 ratio
2001 2756 2144 2799 vetat

566 2837 843 2903 utriusque
875 2840 1064 2887 merito
1093 2834 1285 2886 factum
1324 2836 1466 2888 credi
1489 2879 1503 2901 ,
1539 2836 1823 2888 c0tnitante
1850 2838 2005 2890 etiam
2037 2837 2142 2892 fide

568 2925 982 2981 reverentissitni
1013 2925 1184 2978 Patris
1231 2925 1463 2990 Felgeldi
1493 2966 1507 2989 ,
1552 2941 1642 2992 per
1671 2941 1826 2994 quem
1859 2937 1911 2982 et
1942 2928 1993 2981 in
2037 2944 2143 2997 quo

570 3018 880 3071 miraculum
915 3017 1082 3086 ipsum
1116 3017 1255 3088 quod
1284 3017 1457 3073 refero
1488 3018 1781 3076 sanationis
1811 3025 2134 3091 Complctnm

567 3124 667 3170 est.
701 3116 814 3182 Ipse
843 3125 922 3167 est
953 3115 1040 3183 qui
1073 3117 1256 3168 tertius
1287 3113 1523 3182 ejusdem
1575 3117 1673 3169 loci
1705 3126 1755 3170 ct
1804 3117 2002 3170 militia:
2035 3117 2144 3184 Spi-

569 3207 738 3261 ritalis
770 3209 940 3261 haeres
961 3250 976 3275 ,
1018 3206 1172 3260 hodie
1201 3207 1368 3276 major
1397 3208 1798 3278 septuageuario
1846 3211 1896 3263 in
1949 3226 2139 3280 magno

568 3298 690 3351 vita:
723 3299 909 3351 futura:
939 3299 1203 3352 desiderio
1227 3300 1512 3352 terminum
1544 3301 1819 3368 prtcsentis
1847 3311 2138 3370 exspectat.

568 3392 702 3444 Cum
733 3407 860 3461 eigo
891 3393 1005 3444 viro
1036 3391 1244 3445 Domini
1285 3391 1583 3446 Cudbercto
1612 3393 1676 3446 ad
1707 3393 1946 3447 ecelestia
1979 3410 2139 3463 regna

573 3486 849 3550 translato,
887 3482 1239 3538 Aidilwaldns
1277 3483 1517 3552 ejusdem
1545 3485 1730 3537 iusqu
1755 3493 1805 3537 et
1837 3484 2140 3539 monasterii

569 3577 790 3631 colonus
821 3577 1050 3630 existere
1078 3576 1347 3644 coepisset,
1399 3576 1488 3644 qui
1525 3585 1580 3630 et
1618 3577 1732 3644 ipse
1764 3577 1958 3631 multos
1987 3588 2140 3631 antea

571 3684 668 3738 per
697 3682 866 3721 annos
897 3668 948 3719 in
983 3668 1291 3721 monachica
1320 3669 1723 3722 conversatione
1744 3670 2017 3737 probatus,
2044 3672 2142 3724 rite

569 3759 790 3826 gradum
823 3759 1210 3810 anachoreticze
1247 3757 1589 3812 sublimitatis
1616 3759 1636 3792 °
1665 3760 2021 3824 ascendebat;
2053 3776 2138 3815 re-

571 3848 707 3914 perit
741 3845 861 3914 quia
893 3847 1120 3913 parietes
1153 3847 1352 3914 praefati
1381 3846 1408 3884 δ
1434 3849 1669 3912 oratorii,
1698 3849 1786 3916 qui
1820 3849 2008 3904 tabulis
2038 3851 2140 3904 mi-

570 3954 668 3992 uus
695 3938 974 4006 diligenter
994 3939 1253 4006 coaptatis
1280 3949 1428 3992 erant
1457 3941 1756 4007 compositi,
1784 3940 1936 4009 longa
1963 3954 2142 3998 essent

567 4041 832 4086 veluSIate
881 4031 1162 4094 dissoluti,
1196 4042 1248 4086 et
1291 4033 1548 4099 separatis
1577 4033 1644 4086 ab
1689 4033 1914 4088 invicem
1947 4034 2140 4090 tabulis

561 4125 772 4179 facilem
805 4125 1102 4178 turbinibus
1145 4124 1499 4192 prmbuisscnt
1545 4126 1860 4194 ingressum.
1909 4125 2013 4182 Sed
2062 4129 2141 4181 vir

569 4213 909 4278 venerabilis,
937 4214 1026 4282 qui
1056 4214 1294 4267 ctelestis
1323 4214 1529 4268 :edilicii
1558 4216 1723 4282 magis
1756 4231 1910 4283 quam
1943 4227 2138 4271 terrent

565 4307 812 4359 decorem
837 4305 1127 4372 qutcrebat,
1160 4314 1372 4372 sumpto
1399 4307 1516 4357 leno
1537 4306 1618 4359 vel
1643 4309 1848 4375 argilla,
1881 4309 1963 4363 vel
1989 4311 2144 4378 quid-

565 4395 688 4462 quid
721 4394 1020 4461 hujusmodi
1050 4395 1282 4447 materias
1322 4398 1629 4462 rcperissct,
1663 4401 1952 4466 stipaverat
1980 4401 2143 4454 rimu-

2238 1919 2456 1979 buisset,
2489 1917 2658 1970 visum
2687 1927 2769 1971 est
2798 1919 2869 1970 illi
2901 1919 3126 1972 divisam
3159 1922 3509 1988 particulatim
3543 1940 3803 1977 memora-

2241 2022 2344 2065 tam
2377 2009 2676 2079 pelliculam
2710 2012 3006 2079 petentibus
3031 2002 3279 2066 dandam.
3311 2012 3413 2066 Sed
3443 2014 3659 2066 daturus
3685 2028 3802 2071 eam

2241 2103 2378 2164 aliis,
2413 2101 2561 2170 prius
2594 2103 2644 2154 in
2674 2115 2732 2154 se
2764 2103 2874 2170 ipse
2912 2103 3034 2168 quid
3079 2103 3192 2156 hair.
3223 2105 3438 2157 virtutis
3472 2107 3686 2159 haberet
3714 2115 3810 2161 ex-

2242 2203 2421 2260 pertus
2451 2201 2552 2244 est.
2599 2189 2834 2244 Habebat
2872 2207 3098 2260 namque
3128 2194 3328 2246 vultum
3357 2193 3578 2247 deformi
3612 2196 3806 2249 rubore

2242 2280 2398 2335 simul
2428 2291 2480 2332 et
2509 2290 2714 2334 tumore
2753 2281 3060 2348 perfusum:
3111 2283 3263 2350 cujus
3309 2283 3520 2350 quidem
3569 2285 3723 2339 futuri
3753 2289 3802 2341 in

2243 2386 2309 2426 eo
2341 2373 2607 2441 languoris
2631 2381 2680 2424 et
2710 2372 2873 2442 prius,
2907 2388 3024 2426 eum
3051 2374 3223 2428 adhuc
3248 2377 3513 2430 communi
3543 2379 3682 2433 inter
3703 2378 3804 2434 fra-

2245 2473 2352 2518 tres
2378 2464 2480 2516 vita
2509 2463 2778 2533 degeret,
2827 2465 3205 2529 aspicientibus
3250 2468 3300 2521 in
3341 2467 3473 2523 facie
3512 2470 3625 2536 ejus
3657 2471 3804 2539 signa

2245 2556 2515 2626 patebant.
2557 2558 2625 2610 At
2663 2572 2782 2610 cum
2833 2557 2884 2610 iu
2931 2558 3215 2613 solitudine
3263 2570 3498 2614 remotus
3547 2562 3803 2618 minorem

2243 2647 2452 2715 corpori
2480 2647 2702 2712 cultum,
2734 2649 2987 2716 majorem
3017 2648 3290 2705 adhiberet
3324 2653 3722 2719 continentiam,
3752 2664 3799 2708 et

2244 2739 2392 2806 quasi
2423 2737 2624 2792 diutino
2650 2755 2864 2794 carcere
2893 2741 3163 2806 inclusus,
3204 2743 3374 2797 rarius
3403 2743 3487 2798 vel
3519 2747 3626 2798 fotu
3656 2747 3806 2814 solis,

2245 2827 2326 2881 vel
2358 2827 2495 2881 aeris
2519 2838 2760 2882 uteretur
2781 2828 2983 2896 afflatu,
3013 2833 3251 2886 excrevit
3290 2833 3507 2903 languor
3535 2836 3586 2890 in
3615 2837 3802 2905 majus,

2245 2918 2538 2987 faciemque
2588 2928 2748 2973 totam
2805 2924 3026 2976 tumenti
3072 2923 3262 2979 ardore
3312 2927 3554 2993 replevit.
3592 2928 3810 2983 Timens

2244 3027 2370 3084 ergo
2401 3028 2465 3066 ne
2495 3013 2627 3069 forte
2656 3015 3018 3085 magnitudine
3052 3017 3351 3087 hujusmodi
3381 3020 3697 3077 infirmitatis
3719 3039 3810 3077 so-

2247 3109 2470 3162 litariam
2502 3111 2748 3163 (lesercre
2774 3109 2956 3174 vitam,
2984 3119 3038 3165 et
3062 3125 3397 3168 communem
3427 3130 3643 3170 necesse
3671 3126 3814 3172 esset

2245 3201 2701 3255 conversationem
2752 3213 2993 3269 repetere
3020 3244 3034 3265 ,
3086 3205 3226 3258 ﬁdeli
3283 3220 3406 3260 usus
3443 3218 3523 3261 est
3553 3224 3812 3276 prrsum—

2244 3291 2445 3358 ptioue,
2479 3290 2817 3358 speravitque
2851 3305 2909 3343 se
2939 3292 3146 3345 illorum
3183 3308 3285 3362 ope
3315 3297 3600 3350 curandum
3626 3342 3641 3366 ,
3681 3310 3812 3367 quo-

2246 3395 2358 3432 rum
2387 3393 2446 3433 se
2471 3381 2802 3433 mansionem
2829 3391 3030 3446 tenere,
3052 3393 3104 3436 et
3127 3385 3285 3438 vitam
3313 3387 3570 3454 gaudebat
3598 3388 3814 3444 imitari.

2245 3469 2453 3525 Mittens
2482 3472 2621 3524 enim
2659 3473 2890 3538 pra-fatae
2930 3483 3129 3539 partem
3178 3477 3434 3544 pellicula:
3481 3479 3532 3531 in
3581 3494 3771 3548 aquam
3797 3515 3811 3544 ,

2246 3559 2358 3627 ipsa
2388 3575 2521 3624 aqua
2555 3560 2683 3613 lavit
2711 3575 2857 3613 suam
2888 3561 3098 3625 faciem,
3131 3564 3415 3634 Statimque
3438 3573 3614 3621 tumor
3641 3570 3814 3622 omnis

2247 3650 2336 3718 qui
2370 3651 2505 3703 hanc
2537 3649 2835 3715 obsederat,
2884 3660 2937 3704 et
2983 3651 3189 3707 scabies
3221 3653 3358 3707 foeda
3403 3657 3640 3723 recessit,
3667 3659 3814 3727 juxta

2245 3743 2382 3813 quod
2417 3745 2544 3795 mihi
2578 3752 2632 3796 et
2663 3742 2831 3811 primo
2861 3743 3136 3812 religiosus
3177 3745 3387 3810 quidam
3416 3748 3692 3820 presbyter
3721 3749 3817 3802 ltu-s

2241 3833 2328 3902 jus
2360 3833 2668 3888 monasterii
2717 3833 3005 3888 Girtvonsis
3052 3834 3336 3900 indicavit,
3385 3838 3475 3908 qui
3524 3854 3583 3894 se
3615 3840 3814 3895 vultum

2248 3926 2409 3987 illius,
2441 3935 2493 3978 et
2525 3925 2672 3992 prius
2704 3933 2992 3978 tumentem
3024 3939 3086 3978 ac
3114 3925 3403 3982 deformem
3436 3944 3612 3997 nosse,
3640 3941 3693 3984 et
3723 3948 3816 4000 po.

2245 4026 2357 4069 stea
2391 4013 2700 4067 mundatum
2733 4029 2826 4081 per
2853 4012 3139 4067 fenestram
3173 4032 3326 4070 manu
3354 4019 3592 4087 palpasse
3621 4021 3817 4078 refere-

2247 4105 2365 4170 bat;
2407 4113 2462 4158 et
2513 4105 2624 4172 ipse
2653 4105 2987 4172 postmodum
3021 4104 3300 4174 Felgeldus
3341 4109 3540 4173 retulit,
3572 4121 3815 4168 astruens

2245 4196 2368 4266 quia
2401 4209 2487 4248 res
2516 4195 2584 4248 ita
2615 4205 2671 4248 ut
2698 4195 2976 4265 presbyter
3001 4208 3313 4252 narraverat
3337 4209 3478 4253 esset
3505 4205 3732 4269 expleta,
3763 4215 3816 4258 et

2245 4286 2384 4356 quod
2415 4303 2481 4341 ex
2511 4303 2576 4340 eo
2603 4296 2861 4356 tempore,
2893 4303 3013 4343 cum
3067 4291 3296 4343 inclusus
3329 4306 3420 4358 per
3460 4293 3622 4346 multa
3651 4309 3815 4348 anno-

2249 4394 2363 4432 rum
2395 4377 2657 4432 curricula
2689 4387 2950 4445 maneret,
2995 4391 3049 4434 ut
3100 4382 3264 4448 prius,
3311 4384 3594 4439 immunem
3625 4385 3692 4438 ab
3719 4386 3810 4439 hu-

568 4489 666 4554 las,
701 4502 765 4541 ne
793 4485 1110 4557 quotidianis
1143 4487 1384 4540 imbrium
1409 4487 1522 4540 sive
1544 4500 1819 4541 ventorum
1847 4490 2052 4557 injuriis
2073 4495 2140 4547 ab
2170 4509 2218 4567 ι)
2245 4470 2474 4539 Ῑυδτηοδί
2523 4471 2765 4524 ¹¹¹⁰¹θ⁸²ί³
2817 4472 3019 4525 "unum
3067 4486 3275 4542 semper
3318 4474 3534 4530 "abem
3561 4517 3575 4543 ν
3622 4487 3811 4546 ³3⁸³⁸⁸

1535 4597 1996 4657 VULGATORUM
2041 4603 2421 4662 VARIANTES
2459 4603 2744 4658 LECTION
2754 4603 2853 4658 ES.

636 4697 650 4725 '
685 4695 949 4749 Circuivt't.

630 4767 654 4833 ξ
685 4763 902 4817 Factum
929 4781 1161 4833 uanique.

634 4829 656 4867 ⁵³
684 4835 951 4906 Felgidus,
985 4829 1267 4907 l“eigiftltts.

2321 4698 2343 4726 ⁸
2373 4695 2500 4763 Ejus
2531 4697 2583 4746 in
2615 4693 2755 4746 vultu
2783 4695 3074 4747 mundatus.

2322 4769 2342 4798 ⁵
2371 4766 2538 4819 Euam
2569 4775 2686 4816 tunc
2712 4781 2820 4833 per.

2322 4841 2342 4871 ⁸
2372 4835 2697 4889 Ascenderat.

1889 4925 2242 4986 VARIURUM
2283 4916 2508 4981 NOTAE.

634 5021 658 5058 ει
692 5021 1019 5076 Λῖιιῑιωαιτιε.
1053 5021 1126 5074 De
1155 5031 1337 5074 sancto
1361 5019 1656 5074 Eddwaldo
1680 5035 1771 5073 seu
1802 5020 2135 5074 Ethelwaldo

563 5092 876 5149 venerabilis
907 5093 1042 5145 lleda
1074 5092 1178 5156 agit
1217 5091 1267 5143 in
1299 5091 1389 5144 lib.
1430 5108 1484 5150 v.
1529 5106 1642 5157 cap.
1692 5091 1742 5154 1,
1787 5093 1968 5158 aitque
2015 5107 2134 5143 eum

564 5175 680 5234 post
700 5161 1058 5234 Cudberctum
1086 5163 1346 5213 mansisse
1377 5161 1621 5234 ininsula
1656 5161 2003 5234 Farueanuis
2033 5175 2132 5226 xu,

565 5230 861 5300 ibidemque
889 5232 1190 5284 defunctum
1224 5245 1344 5284 esse
1374 5232 1644 5297 (nimirum
1679 5246 1766 5282 vui
1798 5230 1916 5283 ldus
1941 5231 2136 5282 Janua-

563 5307 623 5358 rii
659 5321 760 5372 quo
791 5304 876 5355 die
909 5304 958 5354 in
987 5303 1202 5354 Tabulis
1237 5302 1590 5372 Benedictlnis
1631 5302 1953 5365 celebratur)
1997 5313 2049 5352 et
2081 5302 2134 5353 in

560 5371 978 5429 Lindisfarnensi
1011 5373 1146 5424 beati
1175 5373 1309 5422 l’etri
1335 5371 1561 5424 ecclesia
1591 5371 1878 5432 sepultum.
1906 5372 2131 5423 Mamu.

631 5444 658 5482 ἲ)
694 5443 940 5496 Oratorii.
975 5441 1026 5496 In
1058 5442 1226 5492 insula
1269 5439 1524 5493 Farneusi
1575 5440 1841 5492 successio
1889 5441 1982 5492 fuit
2015 5455 2122 5492 uto-

563 5518 853 5570 nachorum
883 5514 1044 5564 vitam
1085 5511 1376 5562 solitariam
1428 5511 1717 5576 agentium.
1763 5510 1960 5561 l’rrctcr
1989 5509 2130 5561 enim

561 5600 653 5637 eos
678 5586 762 5651 qui
789 5584 873 5634 hic
896 5597 922 5633 a
948 5581 1088 5636 Beda
1113 5589 1492 5651 memorantur,
1515 5583 1762 5633 scribitur
1787 5580 1835 5630 in
1867 5579 1977 5631 Vita
2011 5588 2135 5630 san-

562 5657 630 5705 cti
683 5650 1033 5705 Barlholoutei
1086 5653 1136 5702 in
1185 5650 1369 5703 Codice
1409 5667 1508 5702 tus.
1558 5653 1694 5717 apud
1749 5651 2129 5701 liibliothel-aut

565 5724 900 5777 iiodicimtam
927 5764 941 5785 ,
983 5723 1070 5787 qui
1114 5719 1317 5771 Fairl’ax
1349 5719 1382 5773 6
1423 5729 1653 5779 notatur,
1683 5720 1972 5784 descripta,
2009 5719 2128 5770 Bar-

562 5795 887 5849 ῑῖιυιονιιιριιιη
921 5808 948 5841 a
981 5791 1131 5845 l'ntrc
1172 5790 1451 5842 Laurentio
1485 5792 1655 5857 priore
1695 5791 1932 5842 Dunelm.
1966 5789 2128 5858 impc-

2243 5028 2376 5072 trata
2410 5019 2558 5070 venia
2582 5018 2846 5092 adFarne
2872 5022 3099 5083 venisse,
3127 5032 3174 5074 et
3203 5021 3271 5076 ibi
3303 5025 3568 5092 reperisse
3598 5026 3807 5081 fratrem

2244 5092 2549 5159 Eltvynum,
2579 5089 2668 5155 qui
2701 5090 2814 5157 ejus
2846 5101 3130 5144 adventum
3163 5089 3384 5146 molcste
3417 5097 3560 5156 tulit,
3595 5109 3646 5150 et
3679 5097 3812 5150 Thoo

2241 5177 2378 5212 main
2413 5175 2623 5225 quoque
2656 5174 2882 5226 priorem
2915 5161 3159 5215 Duuelut.
3200 5163 3252 5216 iu
3287 5165 3456 5217 Farne
3495 5169 3802 5222 secessisse.

2240 5231 2340 5282 Per
2370 5229 2605 5282 chartam
2655 5231 2706 5280 iu
2753 5228 3089 5285 Dunchuensi
3129 5235 3350 5286 ecclesia
3391 5236 3564 5289 adhuc
3591 5251 3810 5290 conser-

2242 5313 2413 5376 \';t_t:t_|tt
2445 5300 2752 5376 Alexander
2774 5300 3072 5376 Secundus,
3115 5317 3203 5355 rex
3236 5304 3512 5358 Scotorum
3542 5322 3628 5358 an.
3663 5308 3808 5376 regni

2239 5371 2318 5421 sui
2350 5371 2438 5430 51,
2469 5385 2542 5421 se.
2577 5384 2665 5418 an.
2698 5368 2889 5420 Christi
2923 5371 3076 5436 1243',
3111 5378 3372 5426 concessit
3400 5385 3454 5427 et
3479 5368 3807 5430 conlirma'vtt

2246 5453 2262 5484 α
2306 5439 2532 5490 llenrtCo
2583 5439 2842 5489 monacho
2879 5451 2929 5490 et
2969 5444 3240 5493 monachis
3286 5443 3335 5496 ei
3384 5449 3708 5498 successuris
3755 5448 3807 5500 iu

2239 5507 2534 5559 Farneland
2569 5518 2688 5558 octo
2715 5510 2916 5560 sol.d-:s
2947 5513 3317 5577 sterlingot'unt
3344 5516 3391 5565 in
3421 5516 3634 5568 liberam
3667 5518 3807 5569 elec-

2239 5592 2515 5645 llifhylltllll
2550 5577 2880 5641 recipiendos
2925 5592 3196 5633 annuatim
3239 5586 3304 5635 de
3337 5585 3482 5636 firma
3516 5590 3801 5639 tuolendiui

2237 5648 2444 5722 ejusﬂde
2476 5647 2741 5722 Berewyc,
2775 5663 2868 5714 pro
2901 5650 3118 5704 dimidia
3150 5653 3326 5706 celdra
3369 5657 3613 5709 frumenti
3645 5673 3802 5722 quam

2237 5718 2304 5794 illa
2329 5717 2802 5794 dicurnmicudino
2832 5724 3100 5788 pct‘t‘ipel'e
3140 5727 3413 5779 consuevit
3443 5741 3534 5794 per
3560 5717 3801 5780 chartam

2238 5785 2487 5840 \thlclmi
2519 5787 2672 5856 regis.
2710 5804 2729 5838 ι
2764 5791 2948 5842 Surru.
