4240 6454
424 352 529 408 ’189

1194 353 1386 411 SECT.
1421 355 1459 411 ι.
1502 383 1570 394 -
1612 353 2183 410 llAGlOGRM’llICA.
2226 384 2293 395 —
2337 355 2492 411 VITA
2537 357 2596 411 Β.
2639 357 2916 413 FELlClS.

3586 353 3702 410 790-

423 470 591 538 gratia
620 469 710 525 Dei
740 472 1140 540 omnipotentis,
1169 487 1287 541 qua:
1324 480 1378 527 et
1422 473 1473 527 in
1507 471 1752 540 prcesenti
1784 469 1999 532 multos,
2031 469 2081 526 A
2107 467 2310 522 derium
2344 480 2602 531 nostrum,
2634 485 2726 523 sua
2759 486 2856 524 nos
2885 471 2936 524 in
2966 477 3280 540 perpetuum
3316 468 3708 525 misericordia»

423 574 477 618 et
505 565 554 617 in
591 566 604 595 ¹
639 565 818 621 futuro
869 582 1055 622 omnes
1103 569 1278 622 cordis
1315 577 1372 623 et
1399 567 1640 634 corporis
1672 565 1836 618 nostri
1888 563 2005 616 lan-

426 669 620 720 guores
649 671 840 712 sanare
869 660 1187 722 consuevit,
1237 660 1544 727 satiansque
1587 658 1639 710 in
1680 655 1831 709 bonis
1859 653 2003 707 desi-

2116 571 2166 613 et
2197 563 2540 616 miseratione
2566 572 2806 618 coronat.
2838 562 3028 616 Amen.

1380 765 1849 825 \ULGATORUM
1893 762 2286 818 VARIANTES
2329 759 2728 814 LECTIONES.

491 869 505 898 ³
543 859 743 916 Futuro
768 865 950 917 cordis.

445 996 2194 1021 .____________________.._______———

854 1170 1310 1272 BEATI
1442 1159 2080 1269 FELICIS
2206 1151 3263 1261 CONFESSORIS

1679 1389 2384 1603 VITA.

491 1725 872 1782 Felicissimum
905 1721 1041 1775 beati
1095 1720 1285 1774 Felicis
1331 1713 1690 1784 triumphum,
1719 1722 1878 1780 quem
1928 1705 1980 1759 in

2091 1701 2326 1765 dissent,
2361 1702 2661 1772 primosque
2694 1701 2974 1772 cpisc'ipos
3006 1703 3083 1756 vel
3119 1702 3462 1771 presbyteros
3495 1703 3682 1756 Eccle-

417 1818 544 1874 Nola
574 1817 880 1886 Campania;
922 1814 1156 1877 civitate,
1194 1811 1418 1864 Ουιιιίηο
1443 1809 1747 1876 διηυνειηιε,
1781 1816 1993 1870 prome-
2030 1775 2074 1833 Β
2102 1791 2302 1846 siarum
2346 1794 2411 1846 ad
2465 1805 2726 1847 terrorem
2777 1793 3074 1860 minorum,
3109 1803 3194 1847 aut
3248 1795 3408 1847 morti
3456 1793 3686 1858 tradere,

416 1911 540 1973 ruit,
577 1908 826 1961 Paulinus
871 1903 1109 1973 ejusdem
1141 1902 1371 1956 civitatis
1421 1899 1704 1965 episcopus
1751 1892 1999 1947 versibus

419 1999 745 2053 hexametris
790 1995 1155 2064 pulcherrime
1202 2007 1265 2046 ac
1312 1988 1621 2059 plenissime
1678 1980 1996 2050 descripsit;

414 2093 503 2162 qui
533 2093 652 2160 quia
684 2090 915 2144 metricis
948 2088 1122 2156 potius
1167 2100 1325 2155 quam
1370 2080 1702 2149 simplicibus
1746 2087 1868 2130 sunt
1899 2072 1997 2126 lia-

417 2184 550 2238 biles
596 2180 903 2247 lectoribus,
935 2179 1132 2248 placuit
1161 2176 1313 2230 nobis
1343 2175 1412 2227 ob
1459 2172 1810 2240 plurimorum
1855 2165 2001 2219 utili-

415 2284 597 2338 tatem,
628 2272 873 2327 eamdem
914 2270 1084 2324 sancti
1128 2265 1452 2321 confessoris
1486 2260 1758 2317 historiam
1792 2255 2000 2326 planio-

414 2365 562 2420 ribus
599 2363 892 2418 dilucidare
939 2360 1298 2421 sermonibus,
1343 2355 1565 2424 ejusque
1614 2348 1810 2405 imitari
1841 2346 1996 2402 indu-

413 2459 596 2512 striam
619 2457 708 2526 qui
734 2456 1044 2524 martyrium
1069 2450 1210 2508 beati
1236 2448 1474 2504 Cassiani
1496 2445 1565 2499 de
1589 2441 1814 2498 metrico
1836 2453 1998 2508 opere

415 2559 441 2586 ⁸
474 2548 744 2602 Prudentii
794 2549 845 2601 in
888 2558 1171 2600 commune
1212 2550 1561 2610 apertumque
1605 2535 1856 2590 omnibus
1886 2532 1998 2586 elo-

413 2642 592 2712 quium
627 2640 914 2694 transtulit.

488 2734 648 2802 Igitur
678 2731 825 2785 Felix
860 2740 1014 2783 natus
1056 2734 1143 2781 est
1186 2726 1236 2779 in
1271 2723 1398 2777 Nola
1431 2722 1644 2793 quidem
1673 2719 1995 2787 Campattire,

408 2822 505 2876 sed
536 2823 561 2860 δ
589 2831 738 2892 patre
779 2821 945 2890 Syro,
986 2818 1200 2872 nomine
1247 2817 1481 2875 Hermia,
1527 2815 1614 2882 qui
1665 2811 1733 2866 de
1783 2811 1998 2862 Oriente

413 2912 607 2966 Nolam
651 2913 904 2975 veniens,
940 2910 1245 2976 ibidemque
1289 2906 1439 2976 quasi
1487 2905 1735 2972 indigena
1788 2899 1998 2952 inhabi-

415 3013 553 3068 tans,
585 3005 766 3074 genuit
795 3004 960 3056 filium
987 3000 1217 3054 Felicem
1247 3017 1257 3051 :
1285 2999 1440 3067 eique
1470 2997 1756 3050 defunctus
1782 2993 2000 3060 reliquit

415 3094 779 3149 hmreditatem
829 3091 1141 3146 substantia:
1185 3087 1490 3156 locupletis,
1523 3085 1606 3140 cui
1655 3095 1832 3138 tamen
1882 3083 1995 3149 ipse

415 3186 689 3254 promissae
719 3187 770 3239 in
797 3184 1103 3240 caelestibus
1136 3180 1462 3234 ha-reditatis
1492 3180 1630 3232 dona
1681 3175 1992 3245 praeposuit.

415 3280 609 3335 llabnit
633 3288 808 3333 autem
836 3287 890 3332 et
917 3277 1134 3330 fratrem
1162 3272 1478 3343 cognomine
1505 3272 1586 3324 sui
1617 3271 1801 3338 patris,
1831 3267 1880 3321 id
1913 3278 1996 3322 est

417 3374 707 3438 llermiam,
731 3387 851 3426 cum
875 3385 980 3440 quo
1005 3368 1377 3439 patrimonium
1402 3365 1664 3419 divideret
1689 3371 1989 3416 terrenum:

413 3469 502 3536 qui
537 3468 692 3535 longe
727 3480 754 3517 a
787 3464 976 3518 Felicis
1007 3462 1244 3516 moribus
1283 3473 1469 3529 agens,
1503 3468 1661 3524 atque
1709 3454 1829 3507 ideo
1879 3452 1996 3506 Μί-

412 3558 573 3612 citate
618 3558 862 3624 indignus
894 3563 1148 3622 perpetua
1188 3551 1411 3607 effectus
1455 3556 1558 3603 est.
1604 3546 1734 3600 Nam
1783 3555 1994 3600 terrena

412 3647 749 3702 solummodo
781 3646 916 3699 bona
961 3644 1183 3712 diligere
1214 3640 1438 3704 Stnduit,
1471 3648 1525 3692 et
1562 3635 1793 3692 Ctesaris
1821 3635 1995 3705 potius

417 3753 576 3806 quam
600 3735 796 3792 Christi
825 3750 946 3791 esse
976 3735 1127 3788 miles
1155 3732 1332 3801 elegit.

488 3834 558 3884 At
584 3841 767 3884 contra
814 3829 958 3884 Felix
991 3827 1223 3882 nominis
1251 3825 1335 3880 sui
1377 3825 1689 3896 mysterium
1721 3821 1872 3876 factis
1903 3835 1996 3875 ex-

415 3935 666 3992 sequens,
712 3936 834 3974 mox
880 3937 910 3974 a
955 3934 1118 3989 puero
1160 3932 1218 3972 se
1271 3917 1451 3970 divino
1493 3912 1766 3969 famulatui
1814 3910 1994 3978 subje-

415 4012 516 4075 cit,
570 4021 623 4065 et
669 4020 944 4066 crescente
995 4011 1165 4077 gratia
1215 4011 1501 4074 virtutum,
1563 4007 1736 4076 primo
1782 4004 1996 4060 lectoris

415 4103 647 4158 officium
692 4105 742 4157 in
793 4103 1034 4156 Ecclesia
1063 4101 1328 4168 suscepit,
1364 4114 1425 4154 ac
1470 4109 1590 4167 post
1618 4099 1686 4150 ad
1717 4095 1998 4152 exorcistaa

415 4197 634 4266 gradum
661 4205 962 4262 provectus,
985 4193 1288 4248 immundos
1314 4209 1381 4247 ex
1415 4193 1656 4248 obsessis
1679 4189 1995 4258 corporibus

418 4290 636 4356 Spiritus
663 4288 857 4357 ejicere
879 4289 1061 4354 erepit.
1094 4287 1334 4354 Cumque
1364 4295 1417 4340 et
1448 4287 1498 4338 in
1552 4283 1652 4338 hoc
1703 4281 1998 4336 ministerio

417 4381 705 4435 virtutibus
752 4380 931 4434 clarus
980 4378 1292 4441 exstitisset,
1326 4391 1430 4428 non
1467 4390 1638 4438 mora,
1666 4375 1995 4443 condignum

420 4477 624 4531 meritis
650 4473 967 4544 presbyterii
997 4471 1218 4542 gradum
1251 4470 1436 4524 subiit.
1462 4469 1570 4522 Nec
1604 4471 1781 4520 miuor
1807 4468 1994 4536 gradu,
2028 4501 2075 4558 ο

419 4579 597 4622 mente
626 4577 679 4620 et
707 4581 870 4634 opere
894 4564 1167 4627 remansit,
1200 4560 1335 4616 sicut
1369 4559 1527 4614 etiam
1557 4560 1850 4613 adveniens
1883 4568 1998 4611 ten-

419 4661 677 4713 tatinnum
703 4658 859 4712 turbo
883 4655 1144 4725 probavit.

489 4750 620 4803 Nam
656 4757 896 4814 tempore
920 4746 1108 4800 eodem
1141 4754 1322 4798 exorta
1349 4743 1642 4798 infidelium
1677 4741 1999 4810 persecutio,

419 4840 566 4909 gravi
592 4838 889 4892 Ecclesium
918 4836 1210 4891 certamine
1234 4834 1490 4903 pulsavit:
1520 4848 1618 4886 nec
1638 4844 1813 4886 tatnen
1841 4843 2004 4899 portae

421 4930 608 4982 mortis
656 4939 834 4995 portas
879 4928 1005 4980 filia:
1045 4925 1174 4981 Sion
1226 4927 1292 4976 ab
1320 4923 1679 4977 amumtianda
1720 4922 1876 4975 laude
1920 4921 2003 4974 sui

419 5020 694 5077 Creatoris
715 5031 955 5074 avertere
976 5026 1277 5087 potuerunt.
1293 5015 1534 5085 Cumque
1556 5013 1791 5083 magistri
1817 5019 2004 5066 aucto-

424 5127 614 5181 resque
645 5111 877 5180 perfidia:
902 5110 1131 5178 primttm
1155 5124 1264 5160 sua:
1288 5106 1516 5160 vesania:
1543 5106 1850 5159 conflictum
1878 5117 2006 5156 con-

424 5218 500 5258 tra
531 5208 676 5273 ipsos
709 5204 951 5256 veritatis
975 5216 1035 5253 ac
1065 5199 1186 5253 fidei
1212 5197 1495 5252 dominica:
1530 5195 1812 5264 magistros
1835 5195 2004 5247 inten-

493 5377 520 5404 ιι
562 5364 852 5418 Prudentii.
881 5361 1012 5416 Vide
1061 5359 1175 5430 ejus
1227 5357 1318 5411 lib.
1368 5361 1486 5432 περὶ
1537 5356 1789 5427 Στεφάνων
1847 5353 2010 5424 hym-

426 5454 552 5492 nttm
583 5435 638 5490 9.

498 5510 523 5544 ιι
562 5506 732 5559 Patre.
765 5504 863 5570 Qui
893 5510 952 5556 ut
979 5503 1034 5557 S.
1070 5501 1325 5556 Paulinus
1358 5507 1469 5552 nat.
1498 5495 1529 5548 Si
1559 5495 1760 5563 scribit,
1790 5497 2007 5551 emeritis

425 5579 513 5631 sub
547 5579 748 5632 Cir-rare
772 5578 968 5629 vixerat
996 5577 1175 5626 armis.

502 5663 521 5685 ιτ
559 5649 865 5701 Maximum.
898 5645 1063 5712 llujus
1097 5640 1368 5696 memoria:
1401 5639 1576 5702 plures
1606 5639 1723 5712 dies
1755 5639 1804 5692 iu
1837 5639 2008 5691 varia-

427 5737 543 5774 rum
595 5709 1171 5772 Ecclesiaruui'lt‘astis
1200 5713 1466 5766 dicantur.
1511 5713 1640 5765 Nam
1682 5709 1831 5779 juxta
1879 5711 2008 5763 tibi-

432 5792 575 5844 uium
627 5791 916 5844 Sirucmem
957 5794 1008 5839 et
1039 5783 1369 5838 Calesiuium
1423 5780 1483 5834 lii
1532 5782 1747 5835 .lauuar.
1779 5780 2004 5834 colitur:

2024 3133 2073 3196 ϐ

2103 1895 2195 1939 aut
2225 1887 2289 1939 ad
2337 1887 2639 1954 negandum
2697 1887 2852 1940 fidem
2900 1901 3093 1954 cogere
3139 1887 3576 1952 conspirassent:
3608 1882 3688 1937 fa-

2102 1989 2242 2034 ctum
2269 1989 2349 2034 est
2378 1988 2432 2033 ut
2469 1979 2698 2033 ministri
2726 1979 2928 2034 erroris
2959 1987 3013 2032 et
3056 1978 3233 2032 infesti
3267 1978 3464 2032 furoris
3495 1979 3681 2032 Nolam

2102 2085 2309 2140 quoque
2342 2072 2746 2139 pervenientes,
2774 2070 3083 2137 episcopum
3119 2071 3265 2125 urbis
3298 2070 3436 2124 illius
3466 2070 3686 2123 nomine

2107 2171 2128 2198 ο
2159 2161 2481 2224 Maximum,
2537 2163 2706 2216 virum
2761 2162 3020 2226 doctrina,
3077 2164 3268 2228 pietate
3315 2170 3474 2230 atque
3525 2171 3686 2214 tetate

2103 2253 2505 2318 venerabilem,
2555 2253 2621 2307 ad
2684 2262 2944 2306 tormenta
3019 2261 3342 2321 quaererent.
3393 2253 3548 2320 Quod
3599 2253 3687 2307 ille

2101 2340 2562 2409 auimadrertens,
2594 2358 2799 2395 memor
2842 2342 3089 2396 dominici
3142 2343 3427 2412 praecepti,
3458 2357 3561 2410 quo
3593 2342 3676 2397 di-

2100 2441 2242 2487 ctum
2273 2441 2392 2487 est:
2423 2432 2552 2486 Cum
2579 2449 2666 2488 vos
2696 2435 2948 2504 persecuti
2996 2433 3183 2504 fuerint
3227 2435 3278 2486 in
3325 2435 3526 2488 civitate
3554 2435 3684 2500 ista,

2101 2526 2260 2593 fugite
2288 2525 2338 2577 in
2369 2525 2556 2590 alicui,
2605 2526 2734 2593 petit
2776 2524 2843 2578 ad
2889 2533 3098 2592 tempus
3129 2539 3398 2579 secessum
3449 2524 3549 2578 loci
3601 2539 3688 2579 re-

2101 2615 2362 2678 motioris,
2393 2615 2578 2668 relicto
2600 2615 2664 2668 ad
2691 2615 2966 2668 tuitionem
3000 2615 3231 2668 civitatis
3259 2614 3435 2668 Felice
3461 2613 3685 2684 presby-

2103 2711 2234 2768 tero,
2263 2719 2419 2774 quem
2467 2703 2558 2758 filii
2601 2704 2718 2758 loco
2748 2706 3193 2774 amplectebatur,
3226 2715 3384 2775 atque
3417 2704 3684 2760 ltazredem

2103 2813 2212 2852 suae
2241 2798 2384 2851 sedis
2412 2797 2659 2866 accipere
2687 2798 3047 2852 desiderabat.

2172 2890 2239 2943 At
2272 2898 2642 2958 persecutores
2673 2890 2762 2943 ubi
2793 2889 3104 2960 episcOpum
3140 2890 3378 2944 invenire
3426 2891 3682 2960 nequive-

2101 2990 2245 3043 runt,
2280 2981 2408 3034 nihil
2463 2981 2655 3036 morati
2706 2996 2893 3034 manus
2945 2982 2994 3035 in
3029 2981 3261 3036 Felicem
3296 2982 3509 3035 mittere
3552 2994 3687 3036 con-

2104 3072 2347 3139 tendunt,
2375 3088 2601 3142 eumque
2631 3074 2859 3142 primum
2894 3073 3045 3142 quasi
3092 3073 3376 3126 maximam
3408 3081 3528 3142 p051
3573 3074 3684 3141 epi-

2103 3180 2326 3234 scopum
2359 3166 2505 3219 urbis
2553 3180 2756 3228 arcem,
2785 3179 2811 3217 a
2845 3166 3143 3218 constantia
3179 3164 3400 3218 famosa:
3444 3178 3555 3219 sua:
3583 3164 3687 3218 vir-

2103 3258 2227 3311 tutis
2274 3257 2526 3324 dejicere,
2562 3257 2645 3310 vel
2694 3254 3016 3309 blandiendo
3058 3253 3360 3323 promissis,
3393 3254 3478 3307 vel
3513 3254 3684 3322 pmnis

2102 3347 2350 3402 terrendo
2407 3355 2675 3416 satagunt.
2725 3345 3159 3412 Comprebeusus
3209 3345 3368 3412 igitur
3413 3344 3564 3399 Felix
3614 3347 3684 3400 ab

2101 3437 2424 3492 adversariis
2472 3436 2792 3500 furentibus,
2825 3435 2918 3489 sed
2968 3436 3081 3504 ipse
3112 3436 3340 3488 multum
3369 3435 3438 3489 de
3468 3436 3675 3490 interna

2097 3525 2324 3595 Spiritus
2372 3527 2544 3580 sancti
2603 3527 2970 3580 consolatione
3032 3525 3299 3591 confisus,
3353 3525 3581 3580 mittitur
3628 3529 3682 3578 in

2099 3628 2370 3669 carcerem
2419 3614 2778 3677 tenebrosum,
2814 3613 2901 3666 ubi
2945 3627 3133 3666 manus
3177 3612 3336 3666 simul
3385 3621 3439 3668 et
3483 3612 3684 3667 collum

2100 3706 2269 3758 ferrea
2322 3703 2533 3758 vincula
2580 3707 2876 3774 stringunt,
2933 3719 3101 3758 nervo
3163 3705 3324 3771 pedes
3371 3711 3680 3768 arctantur;

2100 3793 2398 3864 fragmenta
2425 3811 2632 3866 quoque
2657 3803 2912 3850 testarum
2937 3795 3120 3850 subter
3141 3809 3261 3850 eum
3287 3794 3685 3861 sternebantur,

2102 3903 2168 3941 ne
2195 3889 2332 3941 inter
2355 3888 2439 3941 bo:
2456 3902 2630 3942 rorem
2658 3896 2712 3941 et
2735 3885 2935 3955 frigora
2962 3887 3131 3955 longae
3164 3887 3333 3940 noctis
3359 3886 3574 3954 ligatus,
3599 3887 3685 3938 vel

2098 3993 2345 4033 somnum
2378 3978 2459 4032 vel
2492 3980 2725 4046 requiem
2750 3992 2940 4045 capere
2961 3978 3188 4046 aliquam
3212 3975 3467 4030 continuo
3491 3976 3684 4031 horum

2099 4072 2345 4126 acumine
2372 4081 2722 4139 compunctus
2748 4070 3044 4124 sineretur.

2171 4161 2374 4214 Interea
2407 4161 2710 4228 episcopus,
2741 4159 2830 4227 qui
2877 4161 2943 4213 ad
2993 4157 3259 4212 montium
3312 4156 3532 4212 latibula
3583 4157 3681 4212 lio-

2099 4261 2234 4307 stem
2266 4249 2515 4320 fugiendo
2544 4259 2863 4314 secesserat,
2893 4259 2948 4303 et
2977 4249 3091 4317 ipse
3137 4263 3242 4302 non
3291 4248 3500 4304 minore
3544 4263 3686 4303 mar-

2103 4344 2296 4417 tyrium
2329 4347 2575 4412 passione
2616 4341 2856 4411 gerebat,
2888 4356 3046 4410 quam
3075 4340 3118 4396 si
3154 4338 3298 4394 ferro
3345 4339 3557 4394 vinctus
3597 4349 3690 4393 aut

2103 4435 2256 4490 testis
2283 4433 2673 4503 superpositus,
2709 4430 2792 4485 vel
2819 4430 3048 4484 flammis
3074 4439 3218 4485 esset
3245 4430 3400 4486 datus
3428 4429 3689 4485 urendus.

2108 4527 2306 4585 Urebat
2335 4540 2566 4595 namque
2595 4524 2832 4579 animum
2867 4523 3006 4577 illius
3037 4537 3164 4576 cura
3196 4523 3426 4576 maxima
3457 4522 3540 4576 sui
3569 4538 3690 4590 gre-

2106 4619 2209 4688 gis,
2239 4619 2426 4673 urebat
2451 4625 2506 4671 et
2532 4629 2731 4684 corpus
2777 4614 2968 4680 fames,
2999 4629 3102 4667 una
3134 4627 3258 4667 cum
3298 4612 3486 4682 gelida:
3512 4613 3690 4685 rigore

2108 4712 2328 4776 hiemis;
2362 4711 2448 4781 qui
2482 4713 2619 4763 inter
2649 4710 2856 4776 Spineta
2907 4707 3021 4760 sine
3067 4713 3208 4759 tecto
3240 4714 3296 4759 et
3324 4705 3581 4758 alimento
3605 4705 3692 4775 ja-

2106 4819 2260 4872 cens,
2289 4812 2498 4857 noctem
2533 4815 2634 4852 una
2681 4813 2802 4852 cum
2835 4797 2923 4850 die
2978 4796 3199 4866 pervigil
3233 4793 3479 4850 sollicitis
3523 4797 3695 4849 conti-

2108 4897 2308 4952 nuabat
2350 4896 2400 4948 in
2431 4892 2698 4963 precibus.
2727 4889 2836 4944 Nec
2865 4889 3088 4946 difficile
3133 4889 3373 4944 membra
3402 4887 3608 4954 senilia,
3638 4897 3695 4944 et

2111 4989 2282 5058 longis
2311 4990 2571 5042 exbauSta
2595 4985 2834 5057 jejuniis,
2866 4993 3010 5038 tanta
3055 4983 3134 5037 vis
3162 4981 3426 5037 malorum
3453 4984 3692 5050 compri-

2111 5096 2289 5144 mens,
2311 5081 2394 5134 vel
2423 5081 2489 5133 ad
2520 5091 2744 5133 mortem
2769 5093 2934 5148 usque
2963 5077 3154 5146 coegit.

2181 5175 2286 5230 Sed
2318 5185 2372 5228 ut
2394 5189 2623 5244 superna
2651 5172 2818 5243 pietas
2843 5171 3212 5242 apertissime,
3236 5177 3432 5240 quanta
3460 5167 3540 5224 sui
3563 5182 3692 5224 cura

2113 5371 2295 5410 verttm
2327 5353 2562 5408 Ecclesia
2589 5351 2788 5408 Nolana
2821 5359 3102 5405 veneratur
3131 5349 3358 5403 natalem
3390 5347 3505 5417 ejus
3533 5346 3564 5400 7
3594 5347 3694 5401 Fe-

2113 5427 2332 5480 bruarii.
2373 5426 2607 5479 Ecclesia
2641 5426 3011 5477 Beneventana
3040 5423 3107 5475 ab
3138 5421 3168 5474 7
3200 5420 3472 5474 Februarii
3513 5417 3696 5473 officio

2113 5499 2308 5564 duplici
2356 5498 2416 5551 ὃ.
2459 5496 2720 5549 lleriuolai
2755 5493 3016 5564 martyris
3065 5492 3409 5564 impeditum,
3453 5489 3694 5564 celebrat

2117 5559 2372 5636 postridie
2416 5566 2528 5618 sive
2556 5569 2590 5621 8
2624 5569 2691 5636 VS.
2724 5559 3009 5636 Maximum
3038 5559 3695 5636 officioseniidupl‘iciLut

2116 5630 2272 5694 tradit
2303 5639 2498 5691 Marius
2521 5637 2588 5692 de
2617 5635 2804 5705 Vipera
2833 5636 2884 5690 iu
2907 5631 3157 5702 Catalogo
3184 5633 3281 5689 SS.
3310 5630 3563 5688 Ecclesiae
3594 5631 3693 5685 Be-

2117 5719 2446 5767 "eventuum.
