4240 6458
621 328 717 394 71H

1333 332 1531 391 ΒΕὒιΕ
1574 332 2025 393 VENERABILIS
2064 335 2211 392 Ol‘l’.
2257 333 2431 391 PARS
2473 337 2561 391 IV.
2602 369 2667 379 —
2710 339 3092 397 lllSTOliICA.

3769 344 3873 403 792

622 457 704 511 vir
748 456 834 510 ille
880 456 1069 525 dignus
1115 463 1283 517 esset,
1330 451 1667 517 ostenderet,
1715 451 1937 505 mittitur
1979 466 2010 505 e
2052 451 2187 505 cmlo
2217 453 2267 509 Α
2366 450 2431 504 Et
2461 451 2547 505 ubi
2597 453 2752 521 plene
2781 453 3127 519 reviviscens,
3172 454 3406 511 Felicem
3451 472 3569 514 esse
3600 474 3685 530 qui
3715 463 3780 515 ad
3810 477 3871 518 se

624 546 863 615 angelus,
891 545 979 615 qui
1031 546 1239 598 beatum
1294 541 1525 595 Felicem
1558 545 1919 596 confessorem
1966 541 2191 594 vinculis

630 648 955 704 exemptum,
984 634 1048 687 ad
1080 633 1445 702 quaarendum,
1474 633 1927 701 recreandumque
1956 647 2019 685 ac
2048 631 2189 685 domi

628 729 981 780 revocandum
1040 724 1327 778 antistitem
1394 724 1542 777 ocius
1608 723 1793 777 venire
1858 722 2187 791 prteciperet.

623 817 788 871 Erant
830 827 1003 872 autem
1054 818 1230 886 plures
1277 816 1461 869 eodem
1510 815 1561 869 in
1593 832 1808 870 carcere
1855 816 2059 870 clausi:
2092 817 2187 870 sed

620 909 839 980 angelus
882 909 1193 975 adveniens,
1241 908 1339 963 soli
1386 907 1581 973 Felici,
1626 909 1713 975 qui
1767 908 1978 975 pietatis
2025 907 2189 977 gratia

623 1000 828 1052 vinctus
869 1007 1004 1063 erat,
1038 998 1312 1067 apparuit,
1362 997 1477 1052 luce
1527 996 1814 1066 splendens
1860 1011 2106 1058 corusca,
2139 1005 2193 1049 et

621 1094 786 1160 ipsam
817 1108 1027 1162 quoque
1063 1094 1275 1147 domum
1308 1092 1474 1161 gratia
1510 1091 1645 1145 lucis
1691 1090 2010 1158 aditnplens,
2041 1087 2192 1158 cujus

618 1199 749 1240 voce
792 1187 950 1241 simul
982 1196 1035 1241 et
1064 1187 1181 1241 luce
1226 1186 1371 1240 Felix
1422 1194 1597 1238 motus
1646 1184 1942 1237 intremuit.
1975 1185 2049 1235 Ac
2080 1181 2190 1249 pri-

619 1291 763 1328 tnutrt
809 1276 1019 1344 quidem
1060 1291 1118 1331 se
1155 1275 1347 1329 somnii
1397 1275 1627 1344 imagine
1677 1272 1825 1328 illudi
1874 1272 2108 1341 putavit;
2140 1280 2195 1325 at

619 1368 836 1437 angelus
878 1381 1098 1436 surgere
1148 1368 1315 1432 illum,
1346 1374 1400 1421 ct
1430 1381 1487 1420 se
1517 1365 1663 1433 sequi
1693 1364 1940 1420 exeundo
1988 1378 2191 1433 praece-

622 1460 713 1527 pit.
746 1460 843 1527 Qui
892 1471 1112 1529 stupens
1154 1458 1221 1513 ad
1261 1458 1541 1527 imperium
1584 1455 1840 1526 jnbentis,
1874 1456 2193 1509 causabatur

615 1566 673 1605 se
706 1553 853 1605 exire
886 1566 989 1605 non
1022 1565 1201 1619 posse,
1230 1544 1352 1618 quia
1383 1559 1437 1603 et
1480 1546 1702 1602 vinculis
1732 1557 1784 1601 ct
1813 1549 2049 1600 claustro
2074 1562 2192 1600 car-

615 1643 754 1695 ceris
792 1650 846 1696 et
894 1641 1170 1695 custodum
1216 1639 1492 1709 diligentia
1545 1647 1834 1693 teneretur.
1883 1638 2049 1691 Porro
2092 1653 2191 1690 an-

615 1734 763 1801 gelus
794 1734 979 1788 iterata
1011 1747 1141 1787 voce
1166 1746 1386 1801 surgere
1417 1730 1564 1784 illum
1608 1744 1854 1799 propere,
1887 1730 2017 1784 nihil
2049 1730 2189 1784 obsi-

615 1822 880 1876 stentibus
908 1822 1153 1887 vinculis,
1184 1821 1371 1891 jussit;
1404 1832 1457 1876 et
1504 1821 1647 1875 dicto
1688 1822 1845 1875 citius
1888 1832 2090 1875 catenae
2121 1821 2187 1876 de

617 1916 856 1969 manibus
901 1926 953 1969 et
999 1918 1136 1969 collo
1188 1916 1325 1977 eius,
1375 1913 1766 1983 compedesque
1823 1913 2070 1967 cecidere
2120 1911 2188 1966 de

615 2009 855 2075 pedibus.
892 2008 1085 2061 Eduxit
1127 2016 1301 2061 autem
1346 2006 1492 2059 illum
1528 2005 1671 2058 foras
1720 2006 1855 2059 miro
1890 2020 2064 2057 rerum
2096 2018 2189 2058 or-

613 2099 757 2164 dine,
790 2112 971 2168 aperta
1005 2100 1103 2153 sibi
1145 2098 1361 2167 quidem
1389 2098 1547 2166 janua
1579 2095 1829 2161 carceris,
1862 2097 1954 2150 sed
1982 2096 2188 2151 caeteris

611 2191 822 2255 clausa,
852 2191 920 2244 ita
969 2200 1023 2244 ut
1066 2206 1158 2259 per
1190 2192 1332 2258 ipsos
1377 2188 1647 2254 custodes,
1682 2189 1873 2257 quibus
1904 2190 2187 2243 claudeba-

616 2294 720 2346 tur,
750 2280 963 2351 ignaros
1010 2295 1186 2334 rerum
1234 2278 1331 2333 iter
1358 2288 1593 2347 agerent,
1628 2278 1743 2346 ipso
1785 2278 1974 2347 angelo
2021 2278 2188 2331 instar

611 2373 873 2427 columna:
904 2372 1168 2436 Mosaicae,
1201 2382 1254 2425 et
1297 2371 1546 2425 ducatum
1582 2368 1742 2423 Felici
1777 2378 1829 2425 et
1859 2369 2063 2435 lumen,
2099 2385 2187 2424 us-

610 2479 711 2533 que
742 2465 863 2518 dum
912 2464 1139 2518 hostium
1187 2478 1373 2518 manus
1420 2461 1691 2528 evaderet,
1722 2461 2020 2532 praesentia
2070 2477 2207 2517 sua}.

611 2556 814 2626 fulgore
845 2558 1135 2625 praebente.

684 2646 753 2701 Ut
795 2656 969 2700 autem
1004 2644 1241 2712 pervenit
1283 2645 1467 2700 beatus
1517 2641 1669 2699 Felix
1697 2642 1975 2699 confessor
2004 2645 2069 2698 ad
2100 2644 2180 2699 lo-

609 2752 732 2792 cum
761 2737 981 2802 deserti,
1013 2752 1117 2806 quo
1145 2737 1424 2804 episcopus
1468 2746 1783 2802 secesserat,
1833 2736 2034 2789 invenit
2063 2750 2183 2789 eum

613 2841 751 2895 wgra
780 2826 1007 2893 susliiria
1036 2826 1179 2879 tenui
1206 2823 1330 2877 flatu
1359 2823 1654 2877 trahentem
1683 2840 1694 2874 :
1725 2832 1779 2876 et
1805 2823 2013 2887 quidem
2040 2824 2185 2892 gavi-

613 2932 724 2982 sus,
752 2917 889 2985 quod
916 2932 1036 2970 eum
1066 2917 1325 2971 viventem
1358 2916 1661 2981 invenerat;
1695 2916 2035 2969 contristatus
2059 2932 2185 2970 vero

611 3015 695 3060 est
738 3006 984 3069 multum,
1017 3006 1155 3075 quod
1188 3006 1455 3060 inventum
1489 3005 1643 3058 morti
1683 3007 1983 3073 proximum
2033 3006 2180 3060 vidit.

612 3095 793 3165 Itaque
821 3097 1095 3162 amplexus
1126 3105 1179 3151 et
1224 3096 1491 3149 osculatus
1531 3104 1615 3149 est
1656 3096 1885 3161 Patrem,
1920 3098 2184 3166 ccepitque

610 3196 835 3253 tentare,
865 3187 909 3240 si
942 3186 1078 3241 forte
1123 3188 1313 3241 crebro
1341 3187 1578 3240 anhelitu
1625 3190 1708 3242 sui
1739 3188 1846 3241 oris
1876 3199 1928 3242 et
1960 3189 2041 3242 Sui
2072 3189 2181 3242 fotu

606 3282 870 3350 corporis,
899 3281 1095 3351 aliquid
1127 3282 1317 3336 caloris
1358 3292 1538 3352 posset
1564 3282 1755 3352 gelidis
1800 3284 1915 3351 ejus
1956 3283 2179 3340 artubus

605 3371 818 3427 offerre.
859 3374 992 3426 Cum
1044 3387 1170 3427 vero
1216 3372 1305 3426 diu
1358 3372 1624 3436 laborans,
1658 3388 1829 3441 neque
1874 3373 2177 3439 clamando,

612 3480 783 3535 neque
814 3465 1077 3534 tangendo
1116 3465 1312 3534 aliquid
1345 3478 1534 3519 sensus
1565 3465 1746 3521 vitalis
1779 3465 1830 3518 in
1857 3464 1971 3533 ejus
2004 3474 2182 3534 posset

605 3556 687 3609 vel
714 3558 891 3611 animo
929 3560 1164 3614 excitare
1206 3560 1287 3614 vel
1336 3574 1590 3628 corpore,
1638 3560 1733 3614 sed
1782 3574 1956 3629 neque
2005 3561 2178 3630 ignem

606 3656 696 3701 aut
735 3648 1046 3703 alimentum
1094 3652 1143 3704 in
1192 3651 1459 3719 proximo,
1491 3664 1594 3719 quo
1644 3665 1763 3705 eum
1813 3651 2072 3717 rigentem
2114 3666 2177 3705 ac

609 3736 964 3792 tabescentem
1030 3749 1328 3804 recrearet,
1379 3739 1644 3794 haberet:
1688 3740 1901 3794 tandem
1961 3741 2179 3795 invento

609 3826 810 3881 salubri
841 3829 1085 3891 consilio,
1118 3830 1283 3884 ﬂeetit
1314 3846 1483 3898 genua
1510 3846 1604 3885 sua
1631 3830 1696 3884 ad
1736 3830 1943 3886 Patrem
1969 3831 2177 3886 Domini

608 3919 775 3973 nostri
825 3919 949 3973 .lesu
1000 3920 1220 3985 Christi,
1267 3919 1578 3990 suppliciter
1624 3921 1929 3986 obsecrans,
1962 3930 2019 3975 ut
2067 3921 2177 3991 ipse

609 4012 821 4066 ctelitus
853 4027 971 4067 eum
998 4014 1228 4083 juvaret,
1260 4028 1367 4083 quo
1397 4012 1749 4067 ministerium
1783 4012 2009 4081 pietatis,
2036 4012 2175 4082 quod

597 4104 778 4167 jussus
807 4114 937 4164 erat,
969 4118 1090 4172 erga
1121 4104 1330 4159 Patrem
1359 4118 1509 4158 suum
1558 4104 1773 4174 explere
1804 4105 2022 4159 Valeret.
2059 4102 2171 4159 Nec

602 4208 770 4260 mora,
804 4196 1084 4249 exauditus
1112 4195 1242 4249 vidit
1273 4197 1590 4264 pendentem
1622 4197 1808 4251 vicinis
1850 4197 1901 4251 itt
1933 4199 2173 4251 sentibus

604 4299 757 4337 uvam
786 4302 797 4336 :
826 4294 879 4339 et
909 4285 1048 4340 illius
1078 4302 1197 4341 esse
1239 4303 1429 4341 munus
1464 4288 1699 4355 agnovit,
1729 4289 1816 4357 qui
1863 4296 2171 4342 naturarum

604 4372 846 4427 conditor
873 4384 1033 4442 atque
1076 4385 1261 4428 auctor
1290 4377 1547 4441 omnium,
1578 4385 1633 4431 et
1681 4390 1871 4444 aquam
1912 4375 1979 4431 de
2025 4387 2171 4445 petra

608 4462 851 4531 produxit
892 4462 1062 4528 arida,
1093 4472 1146 4517 ct
1190 4465 1357 4533 ipsam
1403 4480 1521 4519 cum
1551 4466 1714 4519 voluit
1744 4465 1795 4519 in
1828 4466 2007 4521 vinum
2035 4484 2166 4521 con-
2199 4482 2252 4542 ι)

607 4554 783 4609 vertit.
812 4555 1151 4625 chtatusque
1179 4556 1401 4610 multum
1446 4556 1545 4611 hoc
1589 4571 1810 4611 munere
1838 4556 2027 4611 divina:
2059 4559 2166 4626 piev

605 4643 749 4711 tatis,
779 4646 892 4699 tulit
927 4661 1220 4711 racemum,
1248 4656 1405 4715 atque
1436 4646 1502 4700 ad
1532 4661 1591 4702 os
1623 4648 1855 4716 episcOpl
1896 4648 2169 4704 morientis

599 4736 867 4791 admovit:
900 4736 994 4791 scd
1024 4737 1145 4807 quia
1176 4738 1263 4792 ille
1300 4739 1494 4793 strimis
1538 4739 1782 4793 dentibus
1811 4739 1976 4793 instar
2025 4756 2167 4793 mor~

600 4828 695 4891 tui,
727 4836 907 4893 utpote
950 4828 1095 4881 omni
1134 4844 1292 4883 sensu
1336 4838 1390 4884 et
1431 4830 1606 4885 cordis
1636 4839 1689 4885 et
1715 4832 1905 4884 anima:
1953 4843 2165 4895 carens,

602 4919 833 4973 oblatum
881 4918 980 4974 sibi
1030 4929 1240 4989 gustum
1293 4936 1508 4990 prorsus
1566 4922 1807 4988 accipere
1858 4920 2161 4984 nesciebat;

600 5007 809 5062 tandem
841 5016 1052 5061 sanctus
1083 5010 1354 5081 presbyter
1397 5009 1542 5063 Felix
1590 5010 1727 5063 felici
1759 5023 2011 5063 manuum
2040 5023 2165 5062 sun-

599 5113 714 5152 rum
757 5098 1042 5153 luctamine
1092 5100 1301 5167 aperuit
1346 5099 1492 5152 arida
1536 5099 1650 5167 ejus
1695 5098 1853 5163 labia,
1890 5107 1945 5152 et
1982 5099 2059 5152 sic
2086 5098 2165 5151 ori

597 5190 710 5257 r-jus
756 5189 988 5243 resoluta
1038 5204 1160 5256 uva,
1202 5202 1453 5257 quantum
1505 5190 1675 5257 potuit
1723 5189 1867 5243 succi
1918 5190 2165 5244 salutaris

599 5282 804 5336 infudit.
836 5284 949 5349 Quo
992 5292 1225 5353 gustato,
1271 5298 1391 5335 mox
1426 5282 1580 5336 Pater
1610 5296 1823 5336 sensum
1866 5281 2054 5334 animae
2081 5296 2164 5335 re-

600 5376 734 5442 cepit
764 5382 818 5427 et
845 5375 1102 5441 corporis,
1136 5374 1446 5440 aperiuntur
1471 5370 1662 5426 deinde
1690 5370 1848 5434 oculi,
1883 5370 2165 5438 linguaque

598 5480 715 5530 qua:
753 5464 909 5518 siccis
958 5464 1192 5519 haerebat
1233 5463 1466 5517 faucibus
1504 5462 1569 5516 ad
1618 5460 1938 5530 loquendum
1996 5459 2161 5514 soluta

598 5561 699 5607 est.

670 5696 695 5722 ⁸
732 5688 970 5741 Rursum.
1015 5690 1240 5745 Iacobus
1286 5690 1350 5745 de
1391 5689 1650 5757 Voraginc
1694 5687 1877 5757 scribit
1920 5693 2163 5740 autenoo

604 5769 717 5811 vam
771 5759 903 5812 hanc
933 5763 1351 5827 persecutionem
1410 5756 1639 5815 Fciitjcm
1689 5756 1754 5812 ad
1798 5756 2156 5828 episcopatum

2295 543 2633 610 qu:crendum
2666 544 2897 599 venisset
2930 546 3172 614 agnovit,
3205 558 3423 616 paterna
3471 551 3617 602 illum
3670 554 3868 618 pietate

2293 635 2620 699 complexus,
2641 646 2693 688 et
2719 651 2882 705 quare
2904 648 3007 690 tam
3035 652 3156 691 sero
3180 639 3385 692 veniret
3408 650 3731 709 conquestus
3756 655 3856 695 est.

2300 740 2318 773 ‹
2355 723 2471 785 Ubi,
2507 725 2767 793 inquiens,
2800 734 2906 779 tam
2934 728 3022 779 diu
3050 728 3355 781 demoratus
3384 743 3461 792 es,
3506 730 3615 783 fili?
3657 731 3787 785 Nam
3820 743 3872 786 te

2291 813 2599 881 jamdudum
2647 815 2900 870 Dominus
2946 817 3011 869 ad
3060 832 3146 871 me
3189 830 3469 872 venturum
3529 820 3864 886 promiserat.

2298 903 2455 958 Vides
2482 916 2656 960 autem
2685 908 2807 975 quia
2859 908 2959 961 etsi
3002 908 3285 977 fragilitate
3334 910 3505 962 victus
3534 912 3772 978 corporis
3800 912 3866 965 ad

2296 993 2477 1047 horam
2510 997 2664 1059 cessi,
2715 997 2939 1050 solidam
2975 1007 3148 1052 tamen
3194 999 3360 1053 animi
3407 998 3578 1055 ﬁdelis
3617 1012 3871 1057 constans

2296 1088 2417 1141 tiam
2465 1090 2699 1155 servavi,
2732 1092 2866 1145 sicut
2912 1092 3071 1145 etiam
3105 1093 3207 1147 loci
3254 1094 3431 1161 huius,
3464 1093 3529 1148 ad
3575 1108 3731 1164 quem
3778 1110 3868 1149 see

2294 1177 2449 1243 cessi,
2479 1189 2647 1233 Status
2680 1180 2901 1235 indicat.
2935 1183 3174 1237 Poteram
3206 1184 3418 1254 quidem
3453 1186 3519 1238 ad
3568 1186 3738 1239 vicum
3768 1186 3867 1240 alie

2293 1285 2448 1339 quem
2478 1272 2590 1325 sive
2631 1272 2785 1327 aliam
2819 1276 3031 1339 urbem,
3069 1276 3155 1329 ubi
3188 1278 3255 1330 ab
3297 1278 3539 1331 hostibus
3567 1294 3736 1333 esem
3785 1290 3867 1334 tuo

2295 1370 2398 1423 tus,
2430 1360 2662 1428 intrare,
2702 1364 2745 1417 si
2793 1365 2919 1417 mihi
2969 1367 3089 1419 vilis
3136 1368 3264 1421 fides
3291 1376 3345 1422 et
3381 1369 3543 1421 chara
3596 1370 3706 1423 haec
3757 1371 3862 1424 vita

2296 1456 2496 1511 fuisset.
2527 1458 2674 1513 Nunc
2702 1468 2879 1513 autem
2907 1471 3098 1514 Cuncta
3148 1462 3419 1514 hominum
3464 1463 3661 1529 refugia
3696 1464 3860 1517 decli‘

2295 1562 2445 1613 nans,
2475 1548 2540 1601 ad
2586 1549 2794 1603 deserta
2841 1566 2970 1604 vero
3020 1553 3279 1605 montium
3310 1553 3637 1623 cenfugiens,
3670 1555 3861 1609 divina:

2295 1646 2495 1692 tantum
2546 1654 2630 1694 me
2679 1642 2860 1708 gratia:
2893 1642 3098 1696 tuitioni
3131 1645 3355 1706 credidi,
3390 1655 3444 1697 ut
3484 1645 3729 1700 videlicet
3777 1662 3862 1702 me

2293 1726 2405 1794 ipse
2450 1743 2764 1797 quocunque
2808 1732 2967 1785 modo
2999 1733 3078 1785 vel
3112 1734 3297 1787 ordine
3347 1735 3525 1796 vellet,
3552 1745 3640 1789 aut
3672 1739 3721 1789 in
3756 1738 3853 1791 hac

2222 1798 2262 1857 Β
2295 1818 2398 1871 vita
2427 1832 2791 1884 conservaret,
2826 1832 2914 1876 aut
2962 1824 3011 1876 iu
3061 1822 3288 1877 futuram
3322 1826 3653 1885 transferret.
3682 1830 3859 1897 Neque

2292 1924 2419 1963 vero
2445 1925 2531 1965 me
2576 1926 2718 1980 spes,
2753 1928 2871 1981 quae
2898 1914 2949 1968 in
3002 1916 3163 1969 Deum
3193 1927 3326 1983 erat,
3360 1916 3563 1984 fefellit,
3597 1921 3736 1973 sicut
3768 1934 3857 1975 tuo

2291 2001 2569 2057 manifeste
2620 2004 2873 2070 probatur
2922 2004 3170 2081 adventu,
3211 2022 3305 2074 per
3348 2022 3505 2077 quem
3539 2010 3606 2062 ab
3637 2010 3771 2077 ipso,
3805 2023 3859 2067 ut

2290 2092 2364 2146 ita
2412 2093 2667 2160 dixerim,
2704 2096 2883 2149 limine
2916 2098 3101 2151 mortis
3130 2113 3245 2150 sum
3275 2108 3551 2152 revocatus
3578 2102 3643 2154 ad
3679 2103 3854 2156 vitam.

2292 2180 2461 2246 Unde,
2494 2194 2615 2239 nate
2660 2186 2751 2250 tni,
2784 2189 3055 2256 complere
3104 2188 3326 2243 festinus
3373 2201 3605 2259 cmptum
3653 2192 3859 2260 pietatis

2288 2289 2420 2343 opus
2448 2286 2656 2341 curato,
2689 2288 2741 2332 et
2771 2279 3079 2349 impositum
3123 2297 3209 2337 me
3240 2282 3473 2337 humeris
3512 2284 3723 2339 domum
3770 2302 3852 2340 re-

2292 2376 2501 2435 portare
2529 2377 2727 2436 satage.
2743 2386 2762 2419 ι

2359 2457 2563 2523 Quibus
2602 2457 2789 2525 dictis,
2847 2458 2995 2515 Felix
3040 2461 3316 2518 celerrime
3361 2465 3499 2534 quod
3550 2465 3856 2532 jubebatur,

2287 2549 2545 2617 explevit:
2600 2562 2979 2621 revectumque
3017 2553 3256 2609 humeris
3286 2556 3576 2611 antistitem
3605 2572 3750 2611 suam
3792 2560 3855 2613 ad

2291 2640 2508 2694 domum
2552 2643 2761 2707 retulit,
2801 2660 2957 2712 quam
3003 2647 3148 2699 unica
3188 2650 3433 2702 servabat
3464 2664 3615 2705 anus.
3651 2649 3707 2703 In
3736 2658 3855 2705 tan-

2292 2742 2400 2785 tum
2435 2748 2659 2802 namque
2685 2734 2906 2789 antistes
2936 2736 3252 2790 venerabilis
3286 2753 3315 2791 a
3353 2740 3532 2792 mundi
3562 2749 3674 2793 erat
3700 2742 3859 2795 rebus

2287 2822 2585 2888 alienatus,
2631 2832 2686 2876 ut
2725 2824 2801 2879 illi
2840 2824 2907 2878 de
2932 2824 3080 2878 omni
3111 2826 3260 2879 turba
3309 2829 3530 2893 domus,
3555 2838 3608 2881 et
3653 2843 3856 2883 summa

2286 2930 2476 2969 census
2505 2956 2521 2982 ,
2548 2930 2682 2969 anus
2726 2931 2827 2969 una
2859 2929 3186 2986 superesset.
3221 2918 3443 2974 Pulsatis
3464 2934 3592 2989 ergo
3620 2920 3815 2974 foribus
3837 2959 3853 2985 ,

2288 3003 2423 3057 hanc
2447 3003 2722 3058 suscitavit
2786 3005 2952 3069 Felix,
2998 3008 3340 3077 surgentique
3388 3009 3690 3077 acjanuam
3732 3024 3855 3077 ape-

2291 3093 2447 3147 rienti
2488 3093 2633 3147 dedrt
2656 3104 2709 3149 et
2748 3097 3137 3150 commendavit
3168 3098 3495 3167 episcopum.
3542 3100 3688 3153 Tunc
3711 3100 3853 3168 epis-

2287 3198 2451 3252 cepus
2474 3200 2567 3252 pro
2610 3186 2850 3254 impenso
2872 3187 2971 3240 sibi
3018 3184 3192 3241 ofﬁcio
3223 3188 3434 3256 petatis
3466 3230 3480 3255 ,
3514 3189 3665 3243 beato
3692 3189 3852 3245 Felici

2282 3278 2515 3333 debitam
2568 3280 2860 3349 gratiarum
2928 3281 3105 3335 retulit
3148 3282 3451 3345 aetionem,
3512 3292 3566 3335 et
3614 3282 3851 3351 imposita

2282 3368 2444 3438 capiti
2490 3369 2605 3437 ejus
2632 3370 2850 3424 dextera
2880 3409 2895 3432 ,
2941 3380 3156 3437 paterna
3188 3372 3331 3425 illum
3361 3371 3728 3427 benedictione
3758 3372 3852 3425 do—

2282 3461 2444 3513 navit.
2470 3458 2572 3526 Qui
2613 3474 2862 3529 egressus
2904 3460 3061 3523 inde,
3117 3461 3298 3529 paucis
3326 3460 3515 3515 diebus
3550 3471 3603 3514 et
3646 3462 3755 3527 ipse
3801 3462 3849 3513 iu

2281 3550 2439 3605 domo
2492 3564 2585 3605 sua
2614 3590 2630 3615 ,
2709 3551 2879 3607 donec
2934 3552 3323 3620 persecutionis
3384 3552 3535 3607 turbo
3575 3562 3851 3618 cessaret,

2278 3643 2507 3698 delituit.
2556 3642 2705 3710 Quod
2751 3642 2877 3696 dum
2922 3644 3105 3707 fleret,
3163 3642 3399 3697 deseruit
3446 3642 3749 3708 latebram,
3799 3654 3855 3697 et

2280 3732 2579 3787 laetantibus
2623 3733 2692 3787 de
2730 3746 2828 3787 suo
2876 3733 3107 3788 adventu
3136 3733 3338 3788 civibus
3372 3748 3492 3788 sese
3532 3735 3706 3789 fartum
3733 3733 3851 3789 red-

2277 3820 2447 3875 didit:
2487 3836 2549 3875 ac
2572 3836 2665 3889 per
2686 3823 2862 3876 omnia
2897 3823 3197 3891 digrediens
3216 3863 3233 3889 ,
3265 3824 3529 3878 solabatur
3557 3834 3611 3878 et
3634 3824 3851 3877 confor-

2280 3913 2422 3967 tabat
2466 3913 2628 3968 verbo
2674 3912 3065 3968 exhortationis
3112 3914 3324 3967 animos
3361 3914 3680 3981 singulorum
3704 3952 3720 3977 ,
3758 3914 3848 3981 qui

2276 4003 2565 4058 acerbitate
2641 4005 2929 4072 praemissae
3002 4004 3328 4071 tempestatis
3410 4019 3515 4057 non
3585 4003 3846 4058 modicum

2277 4094 2486 4148 fuerant
2531 4095 2847 4149 conturbati.
2880 4094 2985 4149 Nec
3027 4096 3196 4149 solum
3241 4110 3369 4149 vero
3400 4096 3602 4162 verbo,
3650 4096 3746 4149 sed
3792 4103 3848 4149 et

2275 4199 2371 4238 suo
2400 4186 2522 4239 illos
2576 4185 2801 4240 docebat
2852 4187 3107 4253 exemplo
3156 4196 3207 4240 et
3254 4200 3504 4256 prospera
3562 4186 3743 4239 mundi
3791 4194 3849 4241 et

2274 4276 2495 4330 adversa
2530 4277 2810 4346 despicere
2834 4321 2849 4345 ,
2896 4278 3007 4332 sola
3050 4288 3263 4332 aeternae
3291 4278 3471 4349 patria!
3496 4279 3684 4346 gaudia
3703 4293 3848 4347 qur-

2275 4385 2393 4425 rere
2416 4409 2430 4434 ,
2459 4372 2627 4425 solam
2651 4372 2864 4439 superni
2889 4371 3083 4440 judicis
3113 4376 3241 4424 iram
3271 4370 3574 4424 formidare.

2376 4471 2402 4498 ι
2444 4462 2670 4516 Rursum
2732 4474 2872 4515 mnta
2924 4463 3312 4529 persecutione,
3371 4462 3623 4528 quarritur
3675 4458 3839 4526 Felix,

2273 4552 2592 4621 veniuntque
2618 4552 2796 4606 hostes
2838 4567 3003 4618 usque
3031 4552 3097 4604 ad
3140 4552 3493 4604 habitaculum
3528 4552 3665 4617 ejus,
3696 4550 3837 4603 illum

2271 4641 2419 4693 Ocius
2467 4656 2653 4709 rapere
2694 4655 2756 4694 ac
2802 4640 2955 4694 morti
3004 4641 3216 4695 tradere
3258 4640 3498 4694 sitientes
3533 4657 3545 4691 :
3580 4641 3665 4705 qui
3723 4650 3831 4692 tum

2271 4731 2405 4785 forte
2433 4733 2500 4784 ab
2528 4732 2731 4785 :cdibus
2772 4732 2883 4785 suis
2908 4733 3100 4785 absens
3124 4772 3139 4797 ,
3171 4732 3224 4785 in
3266 4732 3439 4785 medio
3466 4729 3695 4784 civitatis
3719 4745 3837 4784 cum

2268 4823 2451 4875 amicis
2482 4823 2837 4887 consistebat,
2867 4834 2917 4875 et
2966 4838 3115 4876 ntere
3141 4823 3239 4876 sibi
3278 4822 3435 4875 solito
3477 4820 3691 4875 verbum
3721 4821 3838 4874 fidei

2271 4913 2735 4967 circumstantibus
2788 4913 2958 4966 turbis
3014 4913 3351 4982 prmdicahat.
3405 4910 3567 4977 Quem
3631 4926 3696 4963 eo
3738 4911 3836 4963 loci

2266 5017 2385 5057 esse
2433 5003 2708 5057 audientes
2749 5004 3078 5067 adversarii,
3122 5019 3241 5056 mox
3280 5003 3474 5057 strictis
3525 5002 3712 5071 gladiis
3744 5016 3835 5056 ac-

2266 5104 2523 5147 currunt:
2566 5096 2660 5147 sed
2704 5094 3073 5161 pervenientes
3113 5091 3180 5145 ad
3209 5109 3329 5147 eunt
3359 5134 3372 5157 ,
3414 5104 3612 5148 mutato
3657 5092 3830 5146 divina

2270 5187 2570 5254 provisione
2612 5196 2705 5239 aut
2757 5186 2901 5239 vultu
2963 5187 3168 5254 ipsius,
3207 5197 3298 5239 aut
3363 5188 3523 5240 corde
3596 5186 3825 5251 illorum,

2268 5292 2599 5347 nequaquam
2640 5292 2765 5329 cum
2809 5293 2968 5345 quem
2999 5279 3199 5346 optime
3226 5288 3517 5340 noverant,
3551 5290 3832 5345 agnoscere

2265 5370 2531 5424 valebant.
2595 5369 3046 5438 lnterrogantibus
3099 5385 3227 5440 ergo
3286 5370 3453 5437 ipsum
3492 5408 3509 5434 ,
3561 5368 3647 5421 ubi
3694 5377 3834 5421 esset

2266 5461 2440 5523 Felix,
2474 5460 2735 5515 intellexit
2775 5462 2853 5514 vir
2884 5461 3358 5530 prudentissimus,
3388 5462 3639 5515 divinitus
3658 5470 3829 5512 actum

2264 5564 2382 5605 esse
2400 5588 2413 5613 ,
2443 5565 2507 5604 ne
2530 5564 2651 5605 eum
2678 5562 3088 5619 cognoscerent,
3118 5550 3397 5621 ridensque
3417 5550 3825 5619 inquirentibus:

2266 5696 2597 5810 lcantantum;
2647 5687 2845 5756 plures,
2878 5688 3216 5756 postulatum.
3278 5686 3342 5742 At
3390 5685 3590 5743 Paulini
3635 5684 3825 5740 certior

2283 5773 2296 5809 l
2338 5772 2414 5810 cs.

2283 5772 2414 5810 tuus.
