4240 6494
419 370 522 427 7'33

1194 368 1387 430 SECT.
1429 375 1470 430 l.
1512 405 1567 415 —
1618 374 2202 436 llAGlOGlHPlllCA.
2244 407 2312 420 --
2356 379 2512 436 VITA
2554 382 2615 438 Β.
2657 382 2940 441 FELICIS.

3577 394 3677 448 71H

424 509 444 542 ι
478 490 690 555 Nescio,
721 488 924 559 inquit,
971 488 1235 557 Felicem,
1288 506 1449 559 quem
1513 494 1777 562 quaeritis.
1812 511 1830 544 ι
1884 492 1991 548 Nec
2018 494 2069 555 Δ
2097 493 2259 560 parit.
2292 493 2537 550 Manebat
2565 511 2793 566 namque
2834 497 2888 552 in
2937 497 3127 554 vicinis
3186 500 3388 558 mdibos
3435 510 3678 574 qnmdam

421 597 639 653 prorsus
670 581 882 636 fefellit:
910 597 1063 637 nemo
1085 584 1227 636 enim
1251 585 1483 652 seipsnm
1510 582 1644 639 facie
1666 584 1835 639 novit.

489 676 590 743 Qui
619 677 795 729 statim
828 675 1191 745 relinquentes
1219 691 1341 731 eum
1369 717 1383 741 ,
1409 676 1741 732 diverternnt
1766 679 1875 731 alio
1896 720 1910 743 ,
1946 688 2001 734 et

420 780 555 833 quos
587 765 723 819 forte
750 765 936 819 obvios
967 766 1233 820 habebant
1261 808 1276 830 ,
1308 767 1702 837 interrogabant
1740 770 1826 822 ubi
1857 780 2000 824 esset

423 857 611 912 Felix'
667 872 698 912 e
726 858 921 926 quibus
970 874 1106 912 unus
1154 874 1327 912 causa:
1379 876 1592 928 prorsus
1642 861 1853 929 ignarus
1884 902 1900 925 ,
1945 871 2001 917 et

422 948 597 1005 furere
640 964 732 1004 eos
775 951 1032 1015 credens,
1062 952 1225 1020 erepit
1263 953 1544 1021 objurgare
1582 968 1674 1008 eos
1693 953 1997 1021 dementire,

421 1038 509 1109 qui
555 1050 868 1107 praesentem
907 1055 1012 1094 non
1056 1052 1271 1108 possent
1314 1057 1637 1111 cognoscere
1679 1059 1798 1099 eum
1835 1088 1848 1110 ,
1877 1063 1997 1100 cum

421 1145 526 1200 quo
556 1131 907 1199 loquebantur
933 1148 948 1184 :
974 1130 1276 1200 pariterque
1303 1131 1382 1187 eis
1410 1149 1515 1202 quo
1541 1135 1847 1190 discederet
1886 1138 1995 1203 ille,

421 1236 576 1291 quem
622 1223 975 1290 quatiebant,
1023 1223 1276 1277 ostendit.
1327 1223 1428 1290 Qui
1472 1225 1683 1293 gravius
1737 1228 1997 1295 furentes,

421 1315 607 1369 statim
662 1314 882 1384 vesdgia
933 1315 1070 1368 beati
1122 1314 1313 1369 Felicis
1364 1318 1728 1386 insequuntur.
1782 1319 1996 1383 Atille,

420 1406 968 1474 appropinquantibus
1010 1408 1121 1475 eis,
1151 1407 1453 1463 admonitus
1495 1411 1717 1463 tumultu
1767 1425 2000 1480 prtecur-

424 1497 587 1551 rentis
636 1496 905 1562 civitatis,
982 1506 1037 1551 et
1083 1497 1407 1552 clamoribus
1491 1500 1701 1554 attoniti
1769 1500 1997 1554 adventu

424 1586 654 1642 hostium
705 1589 843 1657 vulgi
874 1628 889 1651 ,
942 1588 1161 1643 secessit
1190 1589 1242 1643 in
1292 1589 1633 1644 secretiorem
1681 1590 1879 1657 locum,
1908 1592 1998 1659 qui

424 1678 498 1732 nil
545 1678 759 1747 quidem
818 1680 1132 1733 munimenti
1188 1678 1437 1733 firmioris
1485 1680 1688 1735 habens
1716 1722 1733 1747 ,
1761 1682 1999 1737 semiruti

424 1776 627 1824 tantum
658 1771 793 1824 muri
823 1781 936 1825 crat
977 1770 1235 1841 fragmine
1278 1780 1605 1839 praeseptus:
1650 1772 1747 1827 sed
1776 1788 1902 1827 mox
1945 1783 2000 1827 ut

421 1860 593 1916 virum
649 1861 743 1916 Dei
792 1865 1036 1930 recepit,
1082 1862 1219 1917 miro
1269 1877 1391 1917 eum
1438 1863 1631 1917 divina:
1688 1879 1875 1919 manus
1916 1876 2000 1919 est

423 1967 585 2022 opere
634 1960 854 2009 tutatus.
908 1952 1211 2023 Repentino
1253 1954 1448 2009 etenim
1498 1954 1689 2009 rudere
1733 1957 2002 2011 concrevit

425 2043 619 2096 ibidem
643 2057 801 2111 agger
825 2089 842 2120 ,
876 2043 965 2114 qui
988 2044 1234 2098 eumdem
1258 2044 1434 2099 locum
1487 2044 1870 2113 praiclnderet:
1900 2046 1994 2101 sed

423 2141 477 2186 et
506 2147 697 2185 aranea
720 2133 901 2186 divino
931 2142 1058 2187 nutu
1094 2177 1108 2201 ,
1157 2129 1240 2187 cui
1271 2134 1443 2187 omnis
1470 2145 1713 2188 creatura
1743 2135 1999 2200 deservit,

425 2224 706 2279 confestim
736 2234 983 2281 nutantes
1013 2227 1128 2294 ipso
1157 2226 1207 2279 in
1238 2226 1356 2280 loco
1385 2226 1516 2281 telas
1558 2226 1854 2296 suspendit.
1885 2226 2002 2295 Quo

424 2334 549 2373 cum
584 2318 952 2387 pervenissent
981 2359 997 2384 ,
1046 2317 1434 2385 obstupuerunt
1486 2316 1666 2371 hostes
1699 2357 1712 2379 .
1738 2325 1793 2371 et
1823 2331 2003 2385 presso

424 2410 589 2478 gradu
636 2407 989 2478 loquebantur
1020 2419 1203 2462 mutuo
1231 2448 1246 2473 ,
1281 2408 1557 2461 dicentes:
1595 2426 1613 2458 ι
1662 2406 1844 2462 Noone
1871 2408 2003 2460 stnl.

425 2508 539 2555 tum
591 2510 673 2555 est
703 2515 801 2553 nos
834 2501 935 2553 huc
968 2500 1235 2553 hominem
1282 2499 1566 2567 quaerendo
1608 2498 1811 2567 ingredi
1838 2536 1852 2563 ,
1883 2514 2002 2552 cum

426 2592 630 2662 liquido
672 2602 968 2661 appareat,
1027 2592 1293 2647 neminem
1344 2592 1431 2646 hic
1477 2593 1743 2660 praeisse?
1789 2592 1909 2660 quia
1957 2592 2001 2644 si

426 2686 703 2756 quisquam
744 2685 1034 2751 intrasset,
1079 2699 1410 2754 nequaquam
1460 2682 1546 2737 hic
1574 2697 1888 2737 aranearum
1920 2680 2004 2735 fila

428 2778 629 2847 integra
660 2785 1020 2843 remanerent,
1042 2792 1162 2847 quae
1191 2779 1351 2832 etiam
1374 2790 1572 2830 musca:
1603 2782 2007 2845 perrumpentes

429 2870 663 2924 minimae
713 2883 1096 2938 nonnunquam
1127 2866 1373 2922 scindere
1406 2865 1598 2921 solent.
1633 2865 1856 2919 Constat
1881 2878 2007 2932 ergo

428 2961 550 3031 quia
571 2962 660 3031 qni
684 2962 785 3014 huc
809 2959 1101 3015 secessisse
1139 2959 1374 3014 Felicem
1398 2957 1534 3012 dixit
1567 2999 1581 3024 ,
1610 2966 1727 3011 astu
1758 2956 1879 3011 fecit
1906 2992 1924 3021 ,
1954 2961 2009 3007 ut

430 3066 529 3107 nos
571 3052 640 3105 ab
686 3052 801 3120 ejus
848 3052 1160 3105 inventione
1208 3049 1416 3120 longius
1445 3048 1821 3103 abstraheret:
1881 3062 2009 3117 ergo

433 3142 746 3198 recedamus
824 3158 887 3197 ac
957 3142 1292 3197 dimittamus
1354 3140 1440 3195 hic
1494 3139 1724 3195 hominis
1776 3138 2008 3195 latebras

432 3238 655 3292 scrutari
690 3278 705 3303 ,
758 3236 847 3291 ubi
898 3235 1011 3304 ipsa
1061 3235 1162 3290 loci
1235 3234 1400 3288 facies
1462 3232 1730 3288 neminem
1781 3233 2010 3287 intrasse

433 3338 832 3400 przemonstrat.
870 3345 888 3379 ι
919 3327 1010 3384 Sic
1032 3326 1217 3382 delusa
1246 3323 1607 3380 sollicitudine
1631 3322 2007 3392 quaerentium,

432 3422 715 3477 discedunt
746 3435 972 3490 propere
1020 3420 1308 3475 frementes
1330 3426 1386 3473 et
1424 3433 1529 3472 non
1576 3418 1748 3473 minus
1770 3432 1927 3486 quam
1958 3418 2010 3473 in

434 3513 686 3578 Felicem,
738 3514 921 3568 rabida
974 3520 1153 3567 mente
1181 3510 1485 3566 frendentes
1507 3509 1559 3564 in
1588 3525 1706 3564 eum
1729 3511 1818 3578 qui
1870 3510 2011 3565 sein

438 3607 555 3663 loca
585 3605 710 3661 talia
737 3606 848 3661 suis
873 3605 1011 3659 dolis
1043 3603 1321 3658 induxerat
1346 3620 1359 3655 :
1385 3603 1471 3657 ubi
1512 3602 1674 3657 multa
1704 3601 1898 3655 claruit
1923 3613 2012 3654 sa-

434 3699 632 3770 pientia
682 3700 751 3767 pii
800 3698 1094 3753 conditoris
1133 3712 1197 3751 ac
1242 3696 1561 3766 protectoris
1616 3692 1803 3747 nostri.
1853 3692 2014 3749 Certe

434 3807 812 3862 nonnunquam
844 3790 978 3844 inuri
1035 3788 1242 3844 urbium
1286 3788 1528 3843 altissimi
1561 3802 1623 3843 ac
1652 3784 2011 3852 munitissimi,

434 3886 581 3941 cives
627 3899 751 3938 suos
778 3883 1149 3937 obsidentibus
1196 3880 1525 3934 adversariis
1569 3879 1801 3948 produnt
1842 3878 2013 3946 magis

435 3991 593 4046 quam
623 3974 848 4029 liberant
882 3991 896 4027 :
928 3984 983 4028 et
1013 3972 1270 4025 humilem
1300 3970 1547 4025 Christus
1576 3970 1824 4024 famulum
1858 3984 2011 4023 suum

436 4083 466 4121 a
513 4064 953 4135 persequentibus
979 4063 1197 4117 armatis
1257 4060 1537 4125 hostibus,
1594 4061 1831 4116 tremulis
1888 4074 2011 4114 ara-

438 4172 657 4212 nearum
681 4157 915 4224 casibus,
947 4170 1015 4209 ne
1039 4153 1264 4210 inveniri
1288 4153 1369 4207 vel
1400 4154 1514 4222 capi
1548 4162 1745 4222 posset,
1778 4152 2011 4205 abscon-

435 4250 555 4313 dit,
605 4265 729 4304 vere
782 4258 841 4302 ut
906 4247 1225 4303 venerabilis
1282 4245 1441 4301 Pater
1494 4244 1747 4300 Paulinus
1795 4243 1864 4299 de
1930 4241 2012 4297 his

439 4339 658 4409 loquens
688 4339 759 4391 ait
792 4356 804 4391 :

625 4488 637 4500 .
704 4487 718 4501 .
787 4485 797 4500 .
868 4489 879 4499 .
949 4486 962 4498 .
1030 4487 1044 4501 .
1112 4487 1123 4496 .
1192 4485 1203 4496 .
1274 4482 1286 4497 .
1355 4484 1369 4498 .
1440 4446 1764 4508 .Ulticuuque

619 4513 837 4564 Chri~tus
858 4513 998 4562 adest
1019 4513 1180 4568 nobis,
1203 4518 1255 4560 et
1288 4509 1371 4559 tiet
1392 4521 1568 4557 aranea
1595 4522 1759 4555 murus
1781 4519 1794 4554 :

619 4578 681 4625 At
705 4576 782 4624 cui
808 4576 1026 4625 Christus
1046 4574 1207 4636 abest,
1234 4581 1286 4622 et
1308 4584 1474 4620 murus
1497 4583 1673 4619 aranea
1693 4570 1798 4619 ﬁet.

509 4701 881 4756 Discesserunt
957 4715 1123 4768 ergo,
1198 4696 1537 4752 incumbente
1585 4692 1694 4764 jam
1761 4706 2011 4761 vespera,

440 4792 667 4859 hostes,
723 4802 777 4847 et
834 4790 978 4845 Felix
1036 4790 1143 4843 illis
1195 4789 1552 4851 abeuntibus,
1612 4784 1829 4840 liberior
1881 4783 2013 4837 alias

440 4885 567 4953 petit
590 4885 840 4949 latebras,
871 4882 1107 4951 gaudens
1128 4881 1198 4936 de
1224 4880 1486 4948 adjutorio
1509 4877 1705 4933 divina:
1724 4875 2012 4940 protectio-

440 4976 523 5031 nis
556 5018 571 5043 ,
625 4989 915 5043 secumque
962 4974 1291 5026 decantatis:
1345 4969 1474 5023 Nam
1525 4966 1617 5021 etsi
1670 4966 1921 5019 auibulem
1962 4964 2014 5019 in

437 5069 600 5121 medio
653 5067 844 5120 umbra:
892 5065 1100 5128 mortis,
1152 5079 1254 5116 non
1306 5060 1491 5114 timebo
1548 5055 1720 5124 mala,
1772 5056 2014 5126 quoniam

438 5169 496 5212 tu
521 5174 717 5212 mecum
745 5173 817 5211 es.
851 5157 943 5211 Die
992 5166 1168 5209 autem
1205 5153 1346 5208 facto
1374 5193 1387 5216 ,
1434 5148 1659 5205 secessit
1711 5151 1762 5202 in
1816 5150 2008 5212 locum,

439 5247 575 5301 inter
635 5246 746 5315 ipsa
779 5246 1123 5299 aediﬁciorum
1169 5254 1309 5298 tecta
1352 5240 1695 5295 secretiorem
1735 5277 1752 5303 ,
1802 5238 1890 5292 ubi
1919 5252 2013 5291 sex

438 5341 714 5396 mensibus
760 5339 1024 5395 continuis
1079 5337 1145 5392 ab
1205 5334 1475 5390 hominum
1538 5331 1747 5398 quidem
1831 5328 2012 5383 notitia

442 5436 680 5490 omnium
724 5442 1074 5504 segregatus,
1117 5429 1210 5485 sed
1257 5429 1448 5484 divinae
1498 5423 1797 5494 praesentia:
1848 5421 2015 5492 gratia

439 5528 674 5591 fruitus,
759 5527 1014 5581 manebat
1091 5520 1473 5582 absconditus,
1551 5516 1799 5571 videlicet
1866 5514 2015 5583 juxta

438 5636 623 5675 vocem
656 5619 957 5675 Psalmistm
985 5657 1000 5687 ,
1050 5618 1102 5673 in
1128 5614 1440 5671 abscondito
1462 5611 1634 5665 vultus
1676 5609 1794 5678 ejus
1832 5623 1860 5660 a
1890 5621 2017 5662 con-

438 5712 741 5768 turbatione
783 5708 1055 5765 hominum
1087 5750 1101 5773 ,
1151 5706 1238 5776 qui
1269 5703 1431 5760 etiam
1488 5702 1623 5756 miro
1665 5700 1813 5755 illum
1862 5707 2017 5768 atque

438 5802 744 5858 hominibus
802 5802 1053 5857 inusitato
1110 5796 1300 5854 ordine
1339 5802 1485 5849 tanto
1537 5789 1789 5860 temporis
1841 5788 2017 5859 spatio

2102 585 2295 640 mulier
2363 585 2472 640 Deo
2530 587 2757 654 devota,
2806 590 2957 657 ciijns
3034 592 3329 647 ministerio
3383 600 3675 655 nescientis

2102 676 2336 731 scienter
2363 676 2476 746 ipse
2503 716 2518 742 ,
2566 679 2655 747 qui
2686 689 2769 732 est
2820 682 2978 734 totius
3006 684 3244 739 scientiae
3275 686 3391 740 fons
3418 698 3472 743 et
3501 692 3675 758 origo,

2102 766 2359 822 Dominus
2415 767 2678 822 utebatur.
2739 768 3009 839 Coqnebat
3057 775 3197 826 enim
3246 790 3408 843 panes
3465 780 3679 845 mulier,

2101 859 2361 926 coquebat
2386 858 2518 913 alias
2543 873 2695 913 escas
2722 859 2773 912 in
2804 860 2999 915 cibaria
3043 863 3231 918 domus
3257 881 3366 919 sua:
3398 885 3409 920 :
3443 878 3498 922 et
3539 868 3677 924 facta

2102 951 2152 1003 in
2184 965 2402 1005 excessu
2436 954 2653 1019 mentis,
2692 967 2758 1006 eo
2790 952 2908 1008 loco
2932 956 3187 1010 inferebat
3210 956 3305 1010 has
3331 1000 3347 1025 ,
3389 961 3476 1014 ubi
3530 962 3677 1017 Felix

2100 1042 2374 1095 confessor
2399 1042 2595 1096 latebat
2623 1085 2637 1107 ,
2671 1043 2846 1111 ibique
2867 1046 3152 1101 sumendas
3209 1049 3281 1100 illi
3312 1049 3572 1115 ponebat,
3605 1052 3676 1104 ita

2100 1138 2157 1183 ut
2212 1146 2383 1200 neque
2436 1132 2539 1187 huc
2592 1147 2651 1188 se
2689 1133 2916 1189 intrasse
2967 1150 3139 1202 neque
3188 1138 3390 1191 redisse
3448 1154 3676 1208 unquam

2100 1221 2237 1275 scire
2264 1231 2483 1291 posset:
2510 1226 2601 1279 sed
2637 1235 2960 1293 praeparatas
2987 1240 3138 1280 escas
3163 1227 3305 1282 domi
3350 1244 3408 1281 se
3439 1232 3680 1297 posuisse

2100 1314 2325 1369 Credens
2357 1355 2371 1380 ,
2408 1316 2474 1368 ita
2507 1331 2720 1385 semper
2760 1318 2981 1383 abibat,
3015 1321 3273 1387 ponenda:
3322 1337 3530 1375 memor
3557 1362 3573 1385 ,
3626 1332 3681 1376 et

2102 1420 2223 1458 mox
2280 1406 2464 1473 positae
2534 1406 2814 1461 immemor
2873 1424 3028 1463 θείειν.
3094 1410 3155 1463 lit
3193 1411 3270 1463 sic
3324 1411 3380 1464 Β.
3448 1410 3676 1465 Felicem

2102 1492 2279 1548 ferunt
2317 1508 2410 1549 sex
2438 1536 2453 1560 ,
2526 1504 2583 1549 ut
2621 1497 2727 1549 dixi
2756 1535 2771 1562 ,
2819 1500 3091 1552 mensibus
3119 1499 3169 1552 in
3229 1500 3415 1553 iisdem
3461 1501 3680 1553 latebris

2101 1585 2313 1640 obscuri
2342 1596 2397 1641 et
2452 1589 2659 1657 angusti
2700 1590 2825 1643 tecti
2868 1592 3127 1645 mansisse
3153 1632 3168 1657 ,
3200 1592 3266 1645 ab
3302 1592 3524 1645 humana
3554 1593 3676 1661 qni-

2103 1674 2222 1729 dem
2277 1676 2532 1731 societate
2600 1678 2902 1746 sejunctnm
2936 1717 2951 1744 ,
3007 1681 3100 1733 sed
3156 1696 3424 1747 nunquam
3480 1682 3674 1735 civium

2101 1780 2455 1835 supernorum
2490 1769 2772 1836 praesentia
2804 1770 3075 1824 desertum
3101 1786 3114 1835 ;
3140 1781 3191 1825 et
3225 1786 3383 1839 parco
3430 1772 3679 1825 nimirum

2035 1844 2075 1902 Β
2104 1867 2243 1912 vrctu
2269 1898 2286 1921 ,
2341 1859 2434 1914 sed
2486 1862 2697 1916 ctelutns
2728 1862 3027 1915 ministrato
3053 1903 3068 1926 ,
3121 1864 3278 1916 vitam
3306 1863 3521 1917 duxisse
3564 1863 3681 1916 feli-

2101 1960 2242 2001 cem.
2271 1948 2385 2015 Quo
2432 1960 2673 2018 tempore
2721 1951 3027 2017 perhibetur
3079 1953 3236 2005 etiam
3281 1953 3469 2007 divina:
3515 1954 3680 2006 collo-

2101 2039 2326 2091 cutionis
2347 2038 2490 2092 dono
2547 2040 2741 2109 stepius
2791 2040 2980 2109 dignus
3032 2041 3195 2097 fuisse
3253 2042 3489 2097 habitus.
3546 2043 3679 2097 Erat

2101 2139 2273 2183 autem
2308 2129 2495 2184 iisdem
2522 2166 2539 2195 ,
2570 2131 2622 2184 in
2670 2131 2865 2199 quibus
2916 2133 3220 2186 morabatur
3250 2172 3265 2196 ,
3317 2134 3631 2188 habitaculis
3659 2172 3676 2198 ,

2101 2223 2332 2276 cisterna
2357 2232 2510 2277 vetus
2536 2262 2550 2289 ,
2582 2223 2648 2278 de
2676 2240 2776 2292 qua
2804 2225 2917 2294 ipse
2945 2227 2998 2281 in
3044 2227 3228 2296 primis
3262 2244 3543 2297 pauperem
3580 2245 3677 2299 po-

2106 2324 2214 2368 tum
2259 2314 2580 2370 hauriebat:
2632 2318 2724 2372 sed
2755 2321 2867 2372 haec
2910 2333 3030 2373 cum
3092 2320 3258 2375 nimio
3288 2322 3489 2375 :nstatis
3533 2331 3681 2377 esset

2103 2406 2299 2460 siccata
2347 2408 2526 2460 calore
2553 2448 2570 2473 ,
2603 2424 2706 2461 non
2760 2419 2935 2464 tamen
2970 2411 3122 2465 beato
3150 2412 3442 2466 confessori
3475 2453 3491 2477 ,
3540 2413 3680 2468 unde

2101 2498 2306 2552 vireret
2330 2540 2345 2565 ,
2377 2499 2563 2554 defuit.
2593 2500 2796 2554 Etenim
2828 2502 2947 2570 pius
2971 2502 3211 2557 conditor
3231 2521 3293 2557 ac
3324 2507 3562 2574 provisor
3589 2520 3682 2559 sa-

2106 2590 2229 2643 lutis
2256 2601 2450 2645 nostrae
2476 2634 2489 2657 ,
2515 2595 2601 2662 qui
2644 2596 2907 2663 quondam
2937 2598 3077 2651 sicco
3105 2613 3227 2652 aere
3249 2611 3441 2652 cmtero
3474 2640 3490 2664 ,
3516 2616 3677 2653 unum

2104 2679 2442 2734 solummodo
2474 2683 2641 2736 vellus
2684 2684 2856 2751 pluvia
2887 2680 3095 2740 caelesti
3136 2686 3403 2752 perfudit,
3438 2687 3551 2756 ipse
3579 2701 3678 2740 suo

2105 2769 2401 2824 confessori
2433 2810 2448 2835 ,
2506 2771 2682 2826 silenti
2737 2788 2953 2841 prorsus
3001 2789 3061 2828 ac
3092 2790 3280 2830 sereno
3307 2792 3432 2830 aere
3460 2818 3474 2843 ,
3519 2787 3677 2847 prout

2106 2874 2241 2929 opus
2302 2863 2530 2917 habebat
2561 2904 2576 2928 ,
2622 2865 2815 2919 occulti
2870 2866 3007 2921 roris
3049 2868 3272 2937 gratiam
3304 2909 3319 2933 ,
3351 2882 3454 2939 qua
3492 2866 3682 2924 sitiens

2108 2963 2440 3008 recrearetur
2472 2996 2486 3021 ,
2520 2954 2856 3011 ministravit.

2179 3040 2459 3113 Cornpleto
2505 3055 2681 3101 autem
2739 3046 2841 3102 hoc
2900 3057 3179 3115 tempore,
3251 3049 3553 3105 admonitus
3599 3059 3682 3105 est

2111 3135 2329 3188 oraculo
2381 3136 2558 3189 divino
2583 3138 2869 3205 procedere
2912 3141 2978 3192 de
3028 3140 3271 3205 latebris,
3299 3156 3364 3194 eo
3407 3141 3545 3210 quod
3568 3140 3677 3206 jam

2034 3195 2081 3257 Ο
2116 3227 2500 3294 persecutionis
2520 3231 2673 3281 turbo
2723 3229 3117 3297 pertransisset.
3145 3230 3245 3298 Qui
3275 3239 3330 3291 ut
3372 3232 3681 3299 repentinus

2112 3319 2356 3386 apparuit
2378 3318 2429 3372 in
2460 3318 2670 3386 publico
2694 3359 2711 3386 ,
2733 3319 3034 3389 gratissime
3078 3323 3144 3374 ab
3170 3320 3415 3375 omnibus
3439 3358 3455 3384 ,
3479 3322 3625 3390 quasi
3655 3337 3683 3372 a

2115 3409 2362 3477 paradiso
2423 3410 2643 3465 veniens
2670 3452 2684 3476 ,
2735 3422 3012 3478 susceptus
3059 3422 3159 3466 est.
3202 3412 3380 3479 Ccepit
3418 3422 3591 3465 autem
3618 3427 3685 3465 ex

2116 3509 2357 3569 tempore
2399 3499 2556 3555 fidem
2608 3501 2926 3556 confirmare
2981 3502 3216 3555 omnium
3243 3540 3260 3568 ,
3300 3516 3433 3570 aqua:
3482 3501 3684 3556 saevitia

2114 3593 2446 3662 tempestatis
2493 3602 2610 3648 erat
2657 3609 2761 3649 non
2818 3593 3095 3647 minimum
3149 3593 3426 3647 convulsa.
3479 3593 3681 3648 Interea

2116 3686 2226 3741 Deo
2278 3685 2504 3739 dilectus
2555 3684 2775 3739 antistes
2829 3682 3131 3748 Maximos,
3193 3683 3346 3752 longa
3405 3692 3685 3753 provectus

2114 3788 2271 3833 aetate
2304 3817 2318 3842 .
2361 3777 2501 3831 diem
2550 3776 2740 3831 clausit
2769 3777 3029 3830 ultimum.
3071 3775 3176 3831 Nec
3206 3792 3350 3830 mora
3384 3794 3397 3829 :
3452 3774 3599 3831 Felix
3628 3775 3684 3832 in

2119 3869 2428 3938 episcopatu
2463 3866 2921 3937 omniumjudicio
2946 3866 3177 3936 eligitur,
3208 3867 3295 3937 qui
3318 3875 3371 3922 et
3410 3867 3687 3924 confessor

2115 3957 2352 4012 existens
2400 3956 2817 4022 invictissimus,
2866 3965 2919 4009 et
2960 3956 3147 4010 doctor
3196 3958 3578 4022 suavissimus,
3635 3965 3689 4013 et

2115 4066 2233 4118 qua:
2262 4050 2398 4103 bona
2426 4064 2519 4101 ore
2546 4048 2788 4111 docebat,
2818 4046 2931 4115 ipse
2956 4057 3143 4100 cuncta
3166 4063 3325 4115 opere
3346 4051 3686 4119 complesset.

2117 4139 2311 4195 Verum
2345 4137 2491 4193 Felix
2524 4180 2539 4203 ,
2572 4146 2632 4192 ut
2653 4139 2814 4192 etiam
2841 4138 3152 4193 humilitatis
3174 4150 3422 4208 quantam
3446 4140 3498 4194 in
3526 4139 3687 4196 corde

2119 4230 2342 4285 traheret
2374 4230 2752 4284 sublimitatem
2780 4230 3092 4294 insinuaret,
3119 4232 3412 4286 verecunda
3444 4246 3503 4287 se
3531 4246 3686 4300 voce,

2118 4338 2185 4378 ne
2230 4322 2368 4375 hunc
2393 4321 2612 4391 gradum
2664 4319 2934 4387 suscipere
2958 4319 3221 4385 deberet,
3257 4322 3532 4375 excusavit
3565 4363 3579 4384 ,
3608 4321 3688 4377 di-

2116 4429 2244 4470 cens
2272 4415 2761 4485 compresbyterum
2798 4429 2950 4468 suum
2984 4412 3256 4480 Quintum,
3290 4414 3454 4467 multo
3482 4413 3691 4483 dignius

2122 4506 2381 4560 honorem
2435 4504 2635 4574 pra-fati
2695 4503 2890 4573 gradus
2929 4518 3087 4573 posse
3115 4506 3296 4559 subire
3329 4544 3345 4569 ,
3392 4519 3457 4560 eo
3484 4504 3621 4573 quod
3649 4507 3693 4562 is

2118 4608 2318 4667 septem
2368 4596 2554 4651 diebus
2598 4604 2720 4649 ante
2766 4610 2921 4664 quam
2956 4594 3108 4664 ipse,
3164 4593 3229 4647 ad
3259 4594 3502 4648 ordinem
3536 4610 3688 4663 pres-

2117 4690 2313 4761 byterii
2346 4690 2531 4743 fuisset
2578 4698 2871 4758 promotus.
2916 4686 3066 4752 Quod
3102 4687 3171 4740 ita
3204 4729 3220 4754 _.
3264 4695 3320 4738 ut
3369 4687 3687 4753 postulabat,

2119 4781 2391 4848 expletum
2435 4788 2556 4833 est:
2601 4788 3017 4847 susceptumque
3067 4779 3400 4846 episeopatus
3453 4778 3688 4832 officium

2116 4872 2189 4928 ita
2217 4875 2353 4928 idem
2377 4872 2602 4940 Quintus
2651 4870 3042 4923 administravit
3074 4910 3089 4934 ,
3124 4878 3181 4921 nt
3238 4868 3511 4922 humiliter
3557 4868 3688 4922 bea-

2117 4966 2322 5020 tissimo
2342 4962 2633 5016 confessori
2655 4960 2970 5026 submissus,
2997 4958 3144 5012 illum
3169 4973 3263 5025 pro
3290 4971 3350 5013 se
3378 4972 3683 5013 sermonem

2116 5060 2181 5113 ad
2214 5058 2465 5127 populum
2510 5055 2686 5110 facere
2734 5054 2949 5123 juberet
2980 5093 2997 5121 ,
3026 5063 3078 5107 et
3107 5052 3220 5121 ipse
3252 5051 3457 5121 plebem
3480 5052 3678 5117 officio,

2118 5150 2265 5204 Felix
2294 5146 2533 5202 doctrina
2558 5157 2785 5215 regeret.

2185 5240 2286 5308 Qui
2318 5239 2563 5294 videlicet
2596 5238 2739 5292 Felix
2763 5278 2780 5303 ,
2827 5252 2946 5291 cum
2984 5236 3282 5292 constantia
3333 5234 3687 5288 confessionis

2116 5340 2173 5386 et
2200 5334 2388 5385 virtute
2426 5330 2576 5384 valde
2607 5329 2892 5398 pr:eclarus
2941 5337 3081 5382 esset
3133 5325 3446 5379 humilitatis
3475 5363 3491 5389 ,
3523 5324 3685 5379 etiam

2116 5436 2355 5477 summus
2429 5420 2742 5475 voluntaria:
2809 5418 3137 5489 paupertatis
3202 5427 3410 5471 amator
3462 5416 3688 5471 exstitit.

2118 5513 2436 5569 l’ossederat
2482 5524 2713 5579 namque
2755 5525 2820 5564 ex
2877 5520 3095 5579 paterna
3128 5508 3441 5563 haereditate
3491 5506 3688 5575 pratdia

2120 5606 2287 5661 multa
2318 5646 2333 5672 ,
2361 5605 2652 5669 domosque
2672 5614 2733 5654 ac
2754 5599 2965 5655 divitias
2994 5599 3250 5669 plurimas
3280 5637 3295 5663 ,
3320 5598 3413 5651 sed
3448 5603 3689 5665 tempore

2120 5693 2503 5766 persecutionis
2530 5691 2856 5763 proscriptus
2886 5731 2903 5757 ,
2932 5698 3122 5747 cuncta
3153 5691 3429 5744 amiserat.
3464 5687 3535 5742 At
3563 5702 3689 5741 vero

2119 5802 2246 5858 pace
2277 5784 2525 5843 Ecclesiis
2579 5781 2781 5840 reddita
2815 5822 2831 5851 ,
2878 5796 3000 5839 cum
3032 5790 3211 5853 posset
3246 5780 3369 5852 jura
3411 5794 3505 5835 sua
3536 5793 3691 5846 repe-
