4240 6462
558 318 583 376 ‘7
596 325 660 377 tm

1257 321 1458 375 ΒΕΟιΕ
1503 319 1955 376 VENERABILIS
1997 320 2145 378 OPP.
2191 317 2363 374 PARS
2403 317 2488 373 IV.
2531 349 2600 360 —-
2641 319 3022 377 lllS'l‘URlC.\.

3715 327 3820 384 79$

567 451 681 492 tere
714 478 728 502 ,
763 450 1091 506 ncquaquam
1121 434 1255 488 ultra
1289 435 1499 488 volebat
1533 454 1546 490 :
1574 436 1664 489 sed
1690 437 1878 489 amicis
1904 437 2133 490 suadeu-
2162 436 2210 494 Α
2241 433 2383 497 inde,
2417 436 2461 488 si
2495 450 2598 488 non
2632 435 2795 488 boves
2831 439 3118 504 reciperet,
3166 434 3449 492 exiturum.
3492 440 3640 508 Quml
3695 461 3820 498 cum

571 528 710 582 tibus
743 569 758 590 ,
792 539 846 580 ut
872 528 1047 581 debita
1100 527 1195 579 sibi
1250 526 1362 593 iura
1426 529 1730 595 reciperet,
1781 544 1898 596 quae
1926 539 2136 596 recepta

565 635 687 674 cum
740 620 925 674 fenore
969 632 1172 687 magna:
1219 619 1476 672 mercedis
1529 619 1832 687 dispergere
1894 634 1954 674 ac
2009 620 2139 675 dare

567 712 889 780 pauperibus
916 719 1116 777 posset,
1152 709 1456 763 nullatenus
1485 710 1533 763 id
1570 710 1744 764 facere
1770 711 2135 775 consentiens,

570 804 690 858 torti
764 804 1025 856 sententia
1098 803 1468 871 suggestiones
1552 818 1740 858 eorum
1822 804 2136 870 repellebat,

561 896 742 950 dicens
775 913 788 948 :
821 913 838 945 ι
874 895 1060 949 Omnia
1087 897 1214 949 mihi
1243 896 1404 952 licent
1435 937 1450 962 ,
1499 897 1592 950 sed
1626 911 1731 950 non
1775 898 1950 949 omnia
1979 913 2139 964 cxpe-

563 986 732 1041 diunt.
777 987 929 1040 Absit
978 985 1120 1040 enim
1167 997 1222 1040 ut
1275 1001 1360 1041 res
1391 1029 1404 1050 ,
1456 1001 1587 1056 quas
1635 1001 1793 1040 causa
1844 987 2140 1040 confessioa

565 1077 647 1131 nis
689 1077 934 1146 perdidi,
988 1088 1263 1146 repetam;
1314 1077 1500 1142 absit,
1559 1087 1614 1131 ut
1673 1088 1907 1132 terrenas
1963 1093 2091 1146 opes
2121 1119 2138 1145 ,

561 1183 692 1233 quas
744 1169 1038 1223 caelestium
1117 1170 1374 1224 bonorum
1448 1171 1899 1238 contemplatione
1971 1173 2136 1226 semel

559 1260 897 1327 contempsi,
948 1261 1097 1328 quasi
1139 1260 1252 1314 haec
1307 1263 1481 1314 minus
1525 1263 1636 1316 sola
1678 1262 1984 1329 sufﬁciant,
2035 1264 2136 1316 ulla

566 1352 772 1406 ratione
850 1366 1124 1420 reposcam
1187 1370 1200 1406 :
1258 1353 1382 1420 quin
1444 1353 1616 1419 potius
1685 1369 1884 1422 pauper
1949 1356 2140 1424 spiritu

563 1458 755 1511 sequar
829 1442 1051 1508 Jesum,
1123 1459 1228 1510 quo
1289 1444 1592 1512 opulentius
1667 1447 1812 1514 regni
1882 1447 2140 1501 cmlorum

565 1533 704 1587 dona
763 1535 1099 1602 pereipiam:
1153 1551 1251 1590 nec
1302 1536 1650 1590 diffidendum
1698 1539 1824 1604 quin
1875 1538 1995 1602 ille,
2049 1540 2138 1607 qui

563 1642 650 1682 me
704 1637 760 1682 et
811 1629 1038 1683 vinculis
1086 1629 1428 1698 tenebrisque
1477 1630 1578 1683 diri
1632 1631 1865 1684 carceris
1912 1632 2140 1699 eripuit,

563 1728 619 1774 et
673 1719 739 1773 ab
787 1719 1092 1773 hominibus
1157 1731 1420 1773 secretmu
1475 1728 1624 1773 tanto
1682 1730 1922 1789 tempore
1977 1723 2137 1788 pavit,

2239 524 2326 578 die
2355 536 2464 579 toro
2487 541 2618 579 voce
2647 527 2860 595 quidem
2893 530 3114 594 rustica,
3169 532 3262 583 sed
3294 531 3597 586 ﬁdelissima
3640 547 3823 587 meum

2242 615 2478 679 fecisset,
2504 619 2916 682 superveniente
2947 635 3194 687 vespera,
3228 623 3429 689 ejectns
3457 637 3539 677 εει
3568 625 3820 681 violentia

2242 707 2432 773 turbtc,
2462 717 2514 761 et
2532 708 2696 762 sacris
2729 711 3069 776 promilsatus
3113 712 3182 764 ab
3211 713 3434 768 aedibus.
3464 714 3621 769 Vertit
3642 730 3820 772 autem

2242 797 2481 862 domum,
2515 815 2612 853 nec
2652 801 2851 854 omittit
2891 803 3158 854 Continuis
3215 804 3265 856 in
3322 807 3568 860 lamentis
3609 820 3818 862 noctem

2240 888 2436 942 ducere
2463 891 2791 960 pervigilem.
2825 892 3018 946 Verum
3046 895 3166 963 quia
3189 896 3362 949 omnis
3403 899 3488 966 qui
3528 900 3657 966 petit
3682 903 3822 954 acci-

2242 979 2338 1046 pit,
2369 989 2422 1032 et
2449 982 2537 1048 qui
2571 981 2758 1048 quan-it
2792 984 3015 1045 invenit,
3064 995 3118 1038 et
3164 985 3393 1054 pulsanti
3450 989 3735 1056 aperietur,
3767 1003 3822 1044 ct

2241 1069 2380 1122 sicut
2410 1069 2689 1124 Psalmista
2723 1071 2814 1137 ait,
2842 1074 3169 1129 desiderium
3218 1092 3510 1145 pauperum
3547 1083 3821 1136 exaudivit

2248 1161 2500 1216 Dominus
2532 1179 2543 1214 :
2571 1166 2748 1218 medio
2782 1166 2954 1220 noctis
3003 1177 3242 1235 tempore
3270 1186 3390 1225 cum
3413 1174 3621 1228 caeteris
3649 1175 3820 1229 humi-

2241 1255 2398 1309 nibus
2423 1270 2487 1310 ac
2514 1257 2674 1313 rebus
2696 1261 2944 1314 omnibus
2967 1263 3182 1329 quietis,
3225 1266 3338 1332 ipse
3385 1269 3533 1323 solus
3551 1272 3820 1328 excitante

2241 1361 2340 1400 suo
2386 1347 2572 1404 dolore
2624 1364 2688 1404 ac
2736 1361 3051 1421 paupertate
3081 1357 3300 1426 pervigil
3349 1359 3552 1427 jaceret
3585 1365 3818 1418 :mirum

2242 1437 2409 1500 dictu,
2429 1454 2625 1495 venere
2649 1443 2828 1497 subito
2859 1445 2924 1498 ad
2954 1448 3153 1501 ostium
3183 1450 3298 1517 ejus
3323 1450 3504 1519 boves,
3525 1469 3656 1521 quos
3677 1471 3821 1524 qum-

2243 1528 2415 1594 rebat,
2447 1531 2627 1585 divino
2652 1534 2904 1591 videlicet
2932 1549 3059 1592 nutu
3085 1549 3138 1592 et
3171 1542 3510 1609 praedonibus
3552 1549 3737 1613 erepti,
3768 1561 3822 1604 et

2244 1621 2309 1674 ad
2329 1622 2547 1700 domum
2583 1625 2785 1681 domini
2817 1644 2915 1698 per
2942 1631 3057 1686 loca
3083 1634 3201 1686 avia
3226 1633 3367 1689 inter
3385 1639 3631 1692 tenebras
3655 1642 3822 1695 noctis

2246 1716 2556 1785 errorisque
2615 1722 2852 1775 revocati
2895 1741 2907 1776 :
2959 1726 3333 1798 pulsantesque
3381 1733 3634 1787 cornibus
3685 1737 3820 1789 ostia

562 1811 726 1867 etiam
776 1822 971 1866 cauere
993 1813 1112 1865 vita!
1145 1828 1276 1866 mea:
1323 1813 1494 1880 spatio
1523 1853 1536 1875 ,
1560 1811 1849 1882 iactantem
1887 1814 1937 1866 in
1971 1827 2028 1867 se
2049 1828 2141 1868 co-
2176 1786 2217 1844 Β

2176 1786 2217 1844 Β
2244 1807 2359 1872 ejus
2387 1807 2438 1860 in
2469 1819 2578 1876 quo
2609 1812 2860 1867 manebat
2889 1819 3105 1884 tugurii,
3129 1819 3236 1884 jam
3267 1837 3385 1876 sese
3425 1825 3703 1880 advenisse
3748 1829 3820 1882 si-

564 1902 784 1969 gitatum
845 1917 1056 1966 meum,
1111 1903 1224 1970 ipse
1274 1917 1361 1956 me
1391 1902 1642 1956 enutriet.
1701 1903 1852 1956 llnnc
1906 1907 2142 1959 retinens

565 1989 797 2045 animum
824 1992 1010 2046 beatus
1039 1994 1316 2046 confessor
1345 2036 1358 2059 ,
1411 1993 1508 2046 tria
1535 2003 1738 2046 tantum
1783 1996 1966 2062 jugera
2005 1997 2140 2050 ruris

561 2081 787 2147 modici,
835 2093 889 2136 et
947 2083 1056 2137 huic
1111 2084 1370 2138 conducta
1395 2126 1411 2150 ,
1451 2096 1499 2138 et
1539 2101 1699 2139 unum
1728 2084 1994 2140 hortulum
2021 2103 2141 2155 pro-

563 2173 660 2239 prii
685 2173 821 2240 juris
845 2215 859 2239 ,
887 2176 1027 2228 unde
1052 2175 1256 2230 viveret
1284 2215 1298 2237 ,
1353 2175 1554 2230 habuit.
1607 2178 1712 2232 Sed
1758 2177 1870 2230 lucc
1895 2188 2137 2245 utraque,

564 2278 631 2317 ne
659 2280 762 2317 uno
788 2265 1002 2334 quidem
1033 2265 1230 2319 famulo
1253 2265 1496 2336 adjutus,
1523 2267 1735 2334 propria
1771 2281 1928 2320 manu
1951 2267 2134 2320 coluit:

563 2355 789 2408 fructum
835 2366 1010 2409 autem
1075 2356 1312 2423 ejusdem
1358 2372 1466 2410 sua:
1518 2358 1746 2422 messis,
1796 2358 1875 2412 vel
1943 2358 2138 2415 hortuli

559 2447 796 2501 adultum
820 2464 938 2502 cum
970 2451 1293 2519 pauperibus
1333 2467 1548 2518 semper
1577 2455 1972 2509 communicare
1999 2471 2137 2524 gau-

558 2537 736 2593 debat.
767 2539 1018 2593 Eanidem
1043 2553 1220 2596 autem
1253 2553 1304 2596 et
1354 2545 1402 2596 in
1434 2543 1618 2598 habitu
1647 2547 2029 2612 parcimouiam
2059 2551 2138 2604 vir

562 2628 902 2686 beatissimus
931 2633 1233 2686 sectabatur
1261 2677 1274 2695 ,
1305 2635 1374 2687 ita
1405 2645 1460 2687 ut
1487 2636 1715 2702 simplici
1749 2646 1946 2691 tantum
1971 2641 2136 2694 vesti-

557 2730 740 2776 mento
767 2761 782 2787 ,
826 2730 879 2775 et
929 2724 1065 2789 quod
1113 2739 1486 2792 nonnunquam
1529 2727 1610 2778 vix
1666 2727 1766 2779 sibi
1825 2723 2093 2784 sufﬁceret
2120 2773 2136 2798 ,

556 2821 697 2866 esset
745 2823 1064 2880 contentus;
1119 2817 1162 2868 si
1210 2817 1335 2886 quid
1391 2831 1519 2870 vero
1567 2829 1904 2884 superesset,
1942 2837 2154 2897 paupe-_

560 2902 705 2956 ribus
749 2915 994 2973 erogaret
1024 2922 1038 2957 :
1069 2916 1122 2958 et
1161 2907 1202 2959 si
1233 2907 1366 2960 forte
1410 2907 1620 2962 aliunde
1651 2910 1871 2978 Contigit.
1894 2923 1943 2963 ut
1971 2915 2138 2981 gemi-

564 3011 688 3048 num
739 2995 956 3050 haberet
1010 2997 1414 3064 indumentum,
1470 3016 1590 3053 mox
1651 3002 1846 3056 nudum
1919 3003 2136 3059 meliore

558 3086 771 3139 refovit.

629 3197 741 3252 Tali
779 3199 956 3254 vivens
987 3201 1181 3268 pietate
1203 3200 1282 3254 vir
1311 3210 1362 3254 et
1394 3202 1610 3258 nomine
1640 3213 1694 3258 et
1723 3206 1914 3260 merito
1961 3206 2133 3274 Felix,

560 3291 745 3356 plenus
771 3291 976 3346 dierum
1009 3304 1166 3361 atque
1191 3309 1412 3360 operum
1467 3296 1729 3350 bonorum
1784 3307 1810 3335 α
1859 3300 2137 3356 defunctus

556 3393 638 3435 est
671 3399 683 3435 :
709 3397 770 3436 ac
799 3384 934 3436 viam
971 3394 1178 3451 patrttm
1204 3394 1439 3452 scentus,
1470 3397 1726 3442 aeternam
1777 3400 1858 3443 cst
1892 3403 2136 3460 recoptus

559 3471 879 3542 in'gloriam,
912 3476 1045 3529 sicut
1072 3479 1233 3530 etiam
1265 3479 1412 3546 signa
1438 3494 1554 3547 qum
1586 3478 1638 3532 in
1688 3483 1914 3535 ecclesia
1959 3483 2010 3536 iu
2034 3501 2134 3553 qua

553 3559 580 3599 ι’
602 3565 843 3630 sepultus
864 3573 946 3616 est
969 3576 1093 3618 sunt
1116 3564 1250 3619 facta
1278 3569 1525 3637 perplura
1559 3578 1835 3625 testantur.

627 3653 751 3707 Erat
777 3654 919 3708 enim
945 3655 1015 3709 ibi
1046 3656 1258 3725 quidam
1293 3660 1521 3712 rusticus
1575 3675 1776 3728 pauper
1820 3665 1999 3728 rebus,
2040 3665 2132 3720 scd

560 3745 665 3800 fide
693 3745 920 3815 integer,
948 3748 1037 3815 qui
1078 3759 1357 3817 angustam
1411 3752 1717 3821 pauperiem
1771 3755 1998 3810 duorum
2040 3774 2128 3810 so-

555 3837 830 3892 lummodo
861 3840 1018 3893 boum
1047 3842 1386 3909 possessione
1416 3845 1767 3912 sustentabat,
1803 3849 1880 3902 vel
1909 3849 2020 3916 ipse
2050 3852 2130 3902 vi-

550 3927 747 3983 delicet
773 3930 853 3983 liis
880 3939 1053 3997 utens,
1091 3933 1170 3988 vel
1202 3933 1389 3988 vicinis
1417 3937 1642 3991 utendos
1689 3949 1836 4006 pacta
1881 3943 2131 3999 mercede

549 4021 1090 4094 conimodanszquos
1121 4041 1240 4080 cum
1290 4029 1452 4082 multa
1502 4029 1656 4100 inops
1704 4047 1830 4086 cura
1885 4034 2132 4104 diligeret

550 4121 709 4182 atque
733 4125 995 4183 servaret,
1027 4119 1256 4186 quadam
1284 4129 1440 4174 nocte
1464 4121 1605 4176 furto
1627 4123 1833 4180 ablatos
1858 4127 2088 4195 perdidit
2112 4148 2123 4183 :

551 4216 614 4256 ac
642 4216 800 4256 mane
827 4202 988 4270 facto,
1021 4219 1141 4259 cum
1193 4221 1287 4261 eos
1318 4209 1522 4266 furatos
1569 4215 1866 4270 certissime
1915 4232 2128 4287 compe-

551 4293 733 4359 risset,
767 4295 960 4348 amissa
991 4296 1136 4350 omni
1160 4313 1254 4365 spe
1283 4314 1391 4353 sua:
1439 4305 1770 4370 qua‘sitionis
1827 4308 1905 4361 vel
1939 4311 2126 4364 inven-

552 4382 734 4448 tionis,
770 4384 902 4450 petit
934 4385 1121 4451 rapido
1145 4403 1303 4440 cursu
1359 4393 1640 4447 ecclesiam
1689 4398 1858 4450 sancti
1903 4397 2125 4467 Felicis;

2242 1897 2495 1963 gnabant.
2543 1901 2644 1954 Sed
2678 1902 2768 1958 ille
2797 1907 3020 1960 tnultum
3069 1919 3326 1978 tremens,
3358 1929 3462 1969 non
3505 1916 3614 1986 jam
3662 1919 3822 1974 tht‘S

2242 2003 2388 2055 suos,
2440 1993 2533 2045 sed
2584 1992 2728 2049 fures
2769 1998 2870 2052 sibi
2920 2016 3103 2056 rursus
3133 2006 3326 2060 adesse
3350 2013 3594 2074 credens,
3627 2013 3821 2068 diutius

2243 2078 2387 2134 fores
2439 2085 2650 2150 aperire
2701 2089 2950 2159 tardavit,
3001 2092 3172 2149 donec
3229 2095 3388 2151 iidem
3433 2100 3613 2168 boves,
3670 2106 3821 2172 quasi

2241 2185 2454 2224 causam
2484 2175 2686 2230 domini
2719 2180 2978 2236 tardantis
3025 2185 3410 2257 intelligentes,
3461 2196 3661 2262 mugitu
3691 2212 3822 2264 quo-

2241 2274 2343 2330 que
2367 2265 2564 2319 emisso
2591 2282 2648 2320 se
2691 2285 2831 2336 esse,
2882 2276 2968 2341 qui
3013 2276 3078 2328 ad
3130 2280 3266 2332 ostia
3312 2280 3602 2337 domestica
3637 2289 3821 2355 pulsa-

2245 2357 2866 2423 rent,demonstrarent.
2896 2365 3147 2437 Reccptis
3179 2382 3354 2426 autem
3381 2373 3546 2430 bobus
3571 2379 3819 2444 rusticus,

2241 2461 2346 2500 non
2396 2450 2594 2504 rustice
2622 2454 2715 2506 sed
2761 2455 2918 2510 docte
2963 2473 3026 2510 ac
3074 2461 3301 2518 fideliter
3345 2481 3528 2534 agens,
3557 2469 3823 2525 festinavit

2240 2537 2414 2606 primo
2445 2557 2600 2595 mane
2627 2543 2835 2599 debitas
2865 2548 3123 2604 reddituri
3149 2569 3246 2605 suo
3271 2559 3469 2622 gratias
3507 2563 3816 2628 rependere.

2240 2631 2533 2686 Assumens
2586 2636 2732 2690 'enim
2767 2652 2945 2693 secum
2995 2641 3178 2709 boves,
3233 2649 3376 2700 venit
3424 2649 3491 2703 ad
3539 2653 3819 2710 ecclesiam

2241 2726 2409 2778 sancti
2440 2725 2655 2790 Felicis,
2688 2733 2936 2788 omnibus
2968 2746 3021 2788 et
3073 2736 3165 2789 illo
3191 2737 3290 2791 iter
3316 2737 3514 2795 faciens
3541 2752 3595 2797 et
3624 2744 3815 2799 ibidem

2240 2824 2578 2888 perveniens,
2625 2821 2882 2877 bent-licia
2932 2841 3051 2894 qum
3082 2843 3110 2880 a
3145 2841 3329 2884 sancto
3370 2834 3673 2890 eonl'essore
3701 2853 3818 2907 per-

2240 2910 2494 2976 cepisset,
2528 2911 2826 2966 la'tabunda
2861 2931 2990 2971 voce
3023 2920 3287 2987 rcpliCans
3311 2936 3362 2977 et
3392 2927 3699 2980 ostendens.
3751 2929 3818 2982 Et

2240 3003 2360 3070 quia
2387 3004 2611 3056 multum
2650 3007 2882 3072 plorans,
2907 3009 2993 3063 vel
3029 3011 3342 3080 inquirendo
3380 3029 3504 3069 suos
3529 3015 3710 3083 boves,
3736 3021 3816 3074 vel

2241 3092 2291 3145 in
2326 3092 2627 3158 recipiendo
2664 3111 2770 3163 plu:
2817 3099 3032 3167 gaudio,
3081 3104 3358 3158 ocnlorum
3398 3123 3609 3176 quoquc
3647 3111 3814 3165 aciem

2242 3198 2345 3236 non
2389 3184 2664 3238 minimum
2723 3187 2968 3243 lasserat:
3003 3202 3054 3244 et
3105 3193 3258 3263 hujus
3309 3195 3614 3253 detrimenti
3668 3202 3816 3256 sola-

2241 3276 2369 3329 tium
2407 3292 2435 3329 a
2482 3277 2635 3331 beato
2688 3279 2861 3336 Felice
2907 3299 3176 3354 quterens,
3223 3291 3450 3357 accepit.
3499 3291 3692 3362 Sicque
3713 3295 3814 3349 do-

2240 3383 2383 3421 mum
2441 3368 2642 3432 rediit,
2690 3369 2886 3439 duplici
2945 3376 3127 3444 gratia:
3172 3380 3404 3435 cmlestis
3462 3399 3682 3440 munere
3725 3401 3808 3442 re-

2239 3460 2428 3527 pletus.

2307 3568 2548 3640 Cumque
2577 3573 2627 3626 in
2658 3573 2911 3630 honorem
2935 3577 3172 3645 ejusdem
3206 3582 3344 3637 beati
3373 3585 3694 3641 confessoris
3714 3601 3812 3642 an-

2235 3665 2441 3730 gustior
2470 3667 2697 3720 ecclesia
2724 3667 3095 3737 fabricaretnr,
3127 3685 3279 3728 erant
3310 3677 3360 3729 in
3381 3681 3621 3747 proximo
3644 3680 3810 3749 ipsius

2233 3757 2475 3810 ecclesiae
2522 3758 2628 3812 duo
2670 3765 2866 3815 rustica
2894 3764 3116 3819 aedilicia
3149 3767 3446 3836 inipi'rtuna
3489 3774 3620 3837 situ,
3651 3775 3805 3826 simul

2233 3859 2286 3901 et
2315 3848 2577 3904 deformia
2609 3852 2747 3916 visu,
2778 3868 2896 3923 qua:
2926 3871 3085 3911 oniue
3115 3858 3278 3913 decus
3305 3863 3542 3916 ecclesia;-
3590 3880 3690 3916 non
3717 3881 3807 3933 pa-

2233 3957 2350 3995 rum
2369 3957 2463 3997 sua
2495 3946 2824 4001 obscuritate
2875 3947 3164 4006 ftedabant.
3223 3955 3414 4009 Volens
3444 3968 3617 4012 autem
3643 3975 3804 4016 vene-

2231 4034 2414 4090 rabilis
2463 4050 2527 4090 ac
2577 4037 2687 4090 Deo
2737 4038 2962 4094 dilectus
3011 4043 3234 4098 antistes
3280 4045 3532 4101 Paulinus
3566 4051 3668 4102 tolli
3694 4052 3804 4106 haec

2229 4126 2475 4193 :edilicia,
2510 4138 2563 4183 et
2608 4131 2883 4186 emundari
2941 4133 3052 4188 loca
3096 4136 3148 4189 iu
3180 4142 3372 4206 qubus
3427 4140 3525 4196 sita
3574 4143 3798 4210 fuerant,

2232 4219 2519 4285 postulavit
2561 4235 2683 4285 eos,
2732 4221 2797 4274 ad
2844 4240 3067 4292 quorum
3123 4233 3514 4293 possessionem
3568 4236 3798 4301 pertine-

2232 4309 2379 4374 bant,
2409 4309 2550 4365 hanc
2584 4312 2739 4367 beato
2768 4314 2931 4370 Felici
2968 4317 3204 4384 prarbere
3237 4325 3608 4391 reverentiam,
3641 4335 3698 4380 ut
3736 4328 3801 4380 ad

2233 4400 2606 4455 illustrandum
2665 4403 3136 4474 decorandutnque
3185 4412 3354 4464 locum
3403 4415 3639 4470 ecclesia:
3689 4417 3804 4486 ejus

551 4475 856 4543 ibidemque
880 4477 1194 4544 adveniens,
1227 4490 1352 4536 ante
1380 4481 1519 4539 fores
1559 4487 1749 4540 domus
1776 4501 1974 4544 sancta:
2004 4509 2125 4560 ιιι-ο·
2153 4498 2206 4559 D
2233 4493 2437 4561 privata
2461 4511 2555 4549 sua
2594 4506 2731 4550 tecta
2766 4509 3074 4564 paterentur
3117 4500 3334 4557 auferri.
3389 4505 3460 4558 At
3504 4506 3576 4560 itli
3622 4524 3804 4578 preces

543 4568 820 4636 sternitur,
847 4569 1059 4639 ﬁxaque
1085 4572 1135 4625 in
1169 4583 1364 4627 terram
1395 4577 1538 4630 vultu
1571 4578 1821 4646 implorat
1866 4595 1918 4636 et
1968 4584 2124 4637 obse-

543 4669 657 4712 crat
679 4672 922 4715 sanctuni
949 4662 1182 4717 Felicem
1210 4666 1436 4723 reddere
1458 4669 1557 4722 sibi
1597 4671 1758 4726 boves
1787 4688 1919 4741 quos
1949 4677 2124 4743 perdi—

542 4748 718 4816 derat,
745 4761 967 4808 testatus
999 4756 1224 4812 multum
1269 4774 1388 4813 cum
1439 4760 1711 4832 lacrymis,
1763 4781 2028 4836 nunquam
2066 4782 2126 4822 se

616 4931 641 4999 ἐ
672 4921 1154 5008 Dep:nctus,_@tas
1176 4929 1232 5008 S‘.
1272 4930 1458 5008 Felicis
1485 4950 1511 4987 a
1543 4936 1768 5008 Paulino
1803 4954 1905 4991 non
1932 4944 2124 5008 expri-

545 4992 728 5066 mitur.
753 4997 932 5062 lneple
952 4999 1370 5066 Cliristophorns
1399 5005 1756 5060 Phreislebius
1782 5013 1926 5062 circa
1953 4992 2124 5064 Theo-

543 5063 676 5116 dosii
713 5074 946 5132 tempora
972 5063 1180 5123 vixisse.
1200 5075 1403 5128 scribit.
1427 5076 1687 5132 Henricus
1719 5078 1998 5134 Fabricius
2021 5063 2124 5136 cir-

542 5136 676 5187 citcr
706 5151 901 5217 annum
946 5139 1140 5217 Christi
1178 5141 1300 5217 βυ)
1329 5146 1527 5200 obiiSse
1556 5148 1850 5212 existimat,
1879 5153 1972 5203 sed
2007 5170 2124 5217 qua:

544 5213 652 5256 tum
705 5220 799 5283 past
853 5208 1141 5263 Ecclesiai?
1174 5212 1391 5266 “aneos
1443 5217 1657 5270 circiter
1708 5208 1848 5283 5w,
1903 5208 2119 5276 Michael

543 5277 836 5357 monachus
868 5294 970 5357 non
1003 5283 1154 5357 longe
1183 5292 1302 5357 post
1347 5301 1545 5340 annum
1577 5289 1702 5349 312,
1735 5277 1844 5357 quo
1867 5291 1986 5344 data
2021 5311 2120 5352 pax

540 5342 816 5425 Ecclesiae.
869 5348 962 5402 Est
1011 5342 1126 5405 lucc
1176 5342 1403 5409 aliorum
1462 5342 1700 5427 quoque
1730 5342 1783 5413 et
1837 5342 2124 5428 probabilis

535 5425 735 5480 Opinio.

611 5483 638 5520 ι»
666 5486 927 5570 ἔεριιίιτισ.
959 5490 1521 5570 Multa_.\lartyrologia
1551 5515 1613 5554 ac
1640 5500 1969 5558 Breviarium
1998 5521 2122 5570 quo-

539 5567 641 5618 que
667 5555 964 5638 [tertiarium
991 5555 1473 5638 sepultuuthalieirt
1509 5587 1670 5638 prope
1701 5555 1884 5626 Nolam
1910 5575 1960 5628 iu
2005 5555 2122 5627 loco

543 5639 698 5692 quem
728 5627 984 5713 in‘i’incis
1019 5635 1302 5713 veI_Pinei_s
1320 5627 1678 5713 appellabant.
1709 5650 1774 5697 At
1805 5661 1906 5697 non
1957 5661 2121 5713 pauca

541 5709 751 5772 quoque
783 5695 1152 5772 lilartyrologia
1197 5708 1294 5759 sub
1343 5695 1555 5764 nomine
1599 5695 2117 5770 Usuardiict—adias:

546 5763 772 5820 Felicem
803 5763 1100 5826 liairianuni
1118 5779 1485 5853 presbitcrum
1510 5763 1559 5836 ct
1586 5763 1894 5854 martyrem,
1929 5787 2015 5855 qui
2039 5788 2118 5840 via

2227 4584 2343 4653 ejus
2375 4588 2569 4640 rustica
2593 4588 2952 4644 obstinatione
3007 4603 3344 4660 spernentes,
3376 4597 3542 4664 magis
3584 4613 3642 4651 se
3686 4599 3801 4652 aui-

2232 4690 2347 4730 mas
2377 4676 2507 4731 dare
2537 4693 2696 4746 quam
2746 4693 2872 4733 suas
2929 4684 3293 4747 possessiones
3322 4686 3618 4754 relinquere
3650 4704 3802 4756 pesse

2228 4765 2498 4822 dicebant.
2534 4769 2771 4840 Cumque
2799 4771 3108 4842 episcOputn
3158 4777 3376 4830 taederet
3420 4777 3645 4834 rusticos
3693 4780 3802 4834 rixa

2229 4944 2509 4999 Portucnsi
2565 4946 2803 5021 sepulais
2861 4957 2963 5021 est,
3013 4951 3111 5003 hoc
3143 4951 3262 5006 loco
3309 4954 3570 5021 sepultum
3601 4971 3804 5008 memo-

2228 5027 2363 5069 rant.
2398 5018 2553 5070 Certe
2585 5019 2729 5085 regio
2755 5026 2836 5092 est
2859 5020 3004 5072 urbis
3053 5023 3259 5089 ltomze,
3309 5018 3446 5078 nunc
3487 5039 3593 5088 MV,
3627 5042 3743 5092 qua:
3775 5045 3802 5078 ει

2229 5086 2388 5138 Pinea
2419 5102 2609 5160 nomen
2657 5091 2841 5160 sortita
2875 5099 2980 5154 est,
3013 5086 3299 5160 censetque
3327 5086 3587 5149 Octavius
3611 5086 3798 5149 Pauci-

2229 5161 2373 5210 rolns
2397 5175 2424 5208 a
2451 5156 2936 5234 pinu_quapiam‘id
2959 5174 3159 5215 natum.
3208 5156 3262 5216 hi
3306 5180 3422 5218 eam
3467 5165 3602 5220 forte
3626 5169 3800 5234 regio-

2227 5244 2346 5278 nem
2385 5243 2415 5300 e
2459 5229 2538 5279 via
2589 5228 2867 5300 Portuensi
2927 5233 3062 5285 haud
3113 5235 3268 5300 longe
3325 5245 3530 5294 semota
3578 5228 3798 5290 relatum

2227 5298 2397 5351 sancti
2432 5299 2683 5366 martyris
2713 5299 2906 5352 Felicis
2934 5316 3153 5370 corpus,
3173 5298 3327 5369 eique
3355 5307 3570 5359 basilica
3595 5317 3794 5370 erecta,

2224 5381 2344 5432 qua:
2362 5370 2445 5422 vel
2473 5383 2576 5421 non
2602 5379 2794 5432 exstat,
2821 5371 2904 5425 vel
2924 5387 3118 5426 nomen
3143 5376 3386 5429 mutavit.
3417 5378 3605 5429 Volunt
3623 5387 3797 5431 tamen

2224 5439 2414 5492 Nolani
2445 5456 2598 5512 suum
2657 5440 2886 5494 Felicem
2919 5447 3283 5498 conlessorem
3317 5447 3369 5498 in
3412 5447 3584 5500 l’iucis
3614 5449 3796 5512 sepul-

2227 5517 2358 5586 tum,
2390 5521 2442 5562 et
2473 5511 2617 5586 δυιω
2649 5513 2718 5586 in_
2747 5525 2880 5580 pago
2929 5513 3250 5568 Caeriieterio
3283 5527 3433 5569 vetus
3470 5511 3796 5586 episcupiiim

2227 5577 2386 5630 fuisse
2417 5591 2469 5631 et
2502 5581 2671 5655 locum
2706 5577 2985 5655 iiiuPiiicis
3033 5604 3044 5637 :
3088 5601 3275 5654 es=que
3306 5587 3460 5641 isthic
3493 5577 3678 5654 puteus
3706 5591 3796 5655 qui

2225 5663 2412 5716 magna
2445 5650 2698 5726 religione
2723 5651 2918 5726 aditur,
2966 5658 3104 5723 quod
3137 5650 3259 5710 olim
3311 5650 3563 5725 sanguine
3596 5650 3796 5726 marty-

2225 5734 2339 5771 rum
2372 5721 2560 5787 plenns
2584 5721 2792 5774 dicatur
2823 5721 3005 5780 fuisse.
3041 5727 3098 5781 ln
3122 5743 3177 5782 rc
3202 5738 3304 5781 tam
3330 5721 3556 5785 obscura
3580 5721 3799 5783 diilicile

2225 5799 2305 5844 est
2333 5790 2605 5845 veritatem
2637 5792 2944 5848 decernere.
