4240 6464
385 337 487 390 7-37

1505 341 1694 398 SECT.
1740 343 1800 398 il.
1846 364 1909 382 -—
1951 338 2512 401 MAIiTYliOLOGlA.

3549 349 3656 402 798

386 467 624 519 vincere,
656 451 779 506 victi
803 461 926 507 sunt
949 452 1143 508 divinae
1173 456 1421 523 potentia:
1445 474 1624 513 manu.
1645 460 1775 513 Nam
1803 470 1966 514 nocte
1996 464 2041 518 Α
2073 467 2291 513 exustus
2313 500 2327 524 ,
2384 463 2773 518 absumeretur.
2832 463 2928 520 Ubi
2985 479 3110 520 vero
3161 474 3448 536 tempestas
3505 477 3647 521 tanta

385 534 614 609 quadam
639 545 1034 614 quiescentibus
1063 549 1291 614 eunetis,
1350 550 1554 606 subitus
1596 554 1733 622 ignis
1764 569 1829 606 ex
1860 571 1962 607 una

387 634 640 688 cel'arum
667 635 976 692 earumdem
1008 640 1276 702 exoriens,
1309 643 1479 696 vicina
1517 645 1765 712 paulatim
1794 648 1963 702 aedili-

383 725 462 778 cia
500 735 679 793 petere
708 732 890 797 empit,
921 731 989 781 ita
1022 734 1264 799 utmagis
1308 736 1578 805 magisque
1627 737 1737 789 suis
1786 739 1965 791 inere-

388 818 582 872 mentis
607 818 884 885 adauctus,
911 833 963 874 et
993 837 1154 890 prope
1185 834 1235 876 et
1258 824 1412 894 longe
1443 827 1608 891 posita
1658 827 1956 882 habitacula

389 921 577 963 cuneta
619 912 1033 978 eonsttmplurus
1075 930 1194 969 esse
1241 917 1534 972 videretur.
1597 917 1744 973 Tunc
1797 921 1959 977 tantis

383 999 597 1052 oscitati
636 1000 933 1068 iragoribbs
971 1014 1025 1056 et
1053 1005 1224 1072 globis
1253 1008 1474 1076 ignium,
1520 1009 1664 1064 cives
1713 1027 1964 1068 accurre-

388 1098 530 1150 runt,
567 1099 622 1142 ut
650 1091 730 1143 Vel
762 1093 1088 1154 incendium.
1118 1097 1160 1149 si
1187 1109 1423 1165 possent,
1447 1116 1606 1154 omne
1639 1117 1803 1173 aquas
1839 1107 1964 1159 fun-

382 1176 559 1231 dendo
607 1179 997 1251 restinguerent
1033 1202 1044 1237 :
1079 1186 1161 1240 vel
1190 1189 1257 1241 de
1304 1191 1414 1244 suis
1469 1193 1658 1261 singuli
1711 1197 1964 1252 domibus

385 1284 720 1341 quaecunque
741 1289 952 1343 possent
975 1278 1080 1349 igni
1105 1282 1469 1350 pra'ripientes
1491 1287 1779 1342 auferrent.
1800 1289 1964 1343 Cunt-

386 1374 488 1432 que
509 1377 568 1419 se
593 1367 669 1420 nil
701 1369 879 1424 “valere
911 1385 1065 1438 posse
1094 1374 1488 1444 conspicerent,
1518 1390 1800 1448 coeperunt
1822 1399 1965 1450 quae~

388 1462 507 1510 rere
563 1456 838 1524 divinum,
896 1463 983 1517 ubi
1035 1467 1325 1520 humanum
1371 1471 1633 1533 cessabat,
1689 1473 1964 1528 auxilium.

384 1549 650 1605 Advolant
699 1565 831 1621 ergo
877 1556 1011 1611 duce
1059 1559 1310 1628 episcopo
1358 1562 1422 1615 ad
1477 1565 1752 1618 ecclesiam
1795 1568 1968 1622 sancti

383 1635 598 1708 Felicis,
625 1642 842 1698 ﬂectunt
870 1662 1064 1716 genua,
1097 1664 1344 1718 superum
1397 1656 1587 1707 attxilia
1623 1659 1970 1724 preteetionis

386 1734 675 1804 implorant
707 1755 722 1792 :
755 1737 1024 1794 divertunt
1072 1741 1194 1796 inde
1232 1743 1298 1797 ad
1352 1747 1634 1800 ecclesiam
1693 1751 1965 1804 beatorum

2074 556 2242 623 Sopita
2270 565 2370 621 est,
2395 568 2448 612 et
2479 573 2630 612 mane
2661 561 2916 616 redeunte
2969 562 3112 617 cives
3141 558 3254 617 dira
3291 565 3462 618 noctis
3489 579 3648 632 opera

2073 649 2412 703 considerare
2436 663 2707 715 venerunt,
2737 654 3019 707 credentes
3041 669 3099 707 se
3129 670 3232 706 non
3284 671 3440 720 parva
3488 658 3650 709 tantis

2074 742 2334 796 incendiis
2365 743 2557 796 damna
2604 759 2722 796 esse
2768 759 3074 812 perpessos,
3111 746 3379 800 inventum
3407 754 3487 800 est
3518 747 3648 800 nilnl

2073 848 2292 901 prorsus
2322 845 2593 900 exustum,
2628 837 2726 889 nisi
2777 839 2916 905 quod
2971 840 3200 895 debebat
3241 842 3412 895 aduri.
3444 843 3515 895 Ex
3551 842 3654 898 illis

2070 930 2266 982 etenim
2300 930 2544 983 domibus
2565 929 2789 994 duabus,
2811 930 2876 984 de
2903 931 3093 1000 quibus
3124 934 3496 1003 praediximus,
3516 945 3650 1002 quas

2071 1031 2124 1075 et
2178 1020 2423 1076 homines
2471 1037 2786 1078 consantere
2817 1035 2976 1092 atque
3019 1024 3226 1078 auferre
3255 1027 3646 1092 disposuerant,

2070 1129 2228 1168 unam
2261 1115 2489 1169 ﬂammis
2519 1115 2852 1182 absumptam
2885 1115 3156 1170 videbant.
3202 1117 3319 1184 Quo
3351 1119 3486 1171 laeto
3516 1119 3651 1172 Inul-

2073 1216 2180 1258 tum
2214 1206 2425 1260 erubuit
2456 1208 2686 1261 rusticus
2719 1207 2826 1272 ille,
2857 1209 2945 1275 qui
2972 1223 3066 1260 sua
3119 1217 3255 1262 tecta
3285 1219 3468 1261 contra
3494 1208 3652 1262 deco-

2071 1313 2184 1352 rem
2217 1310 2520 1353 sanetorutn
2549 1298 2897 1355 mdilieiornm
2930 1300 3128 1354 stolida
3171 1302 3528 1356 obstinatione
3557 1302 3651 1355 de-

2073 1388 2329 1455 fenderat,
2360 1406 2583 1446 cernens
2614 1407 2676 1445 se
2719 1393 2940 1446 invitum
2991 1393 3132 1446 nulla
3183 1394 3430 1446 meret-de
3472 1394 3650 1458 perdi-

2073 1484 2236 1549 disSP,
2285 1501 2402 1554 qua:
2453 1487 2504 1539 in
2559 1486 2784 1553 gratiam
2836 1493 3145 1539 sanctorum
3198 1495 3388 1554 sponte
3438 1485 3652 1538 nolebat.

2072 1576 2318 1631 amittere
2352 1593 2364 1627 :
2396 1585 2448 1629 et
2476 1591 2595 1630 mox
2627 1578 2760 1644 ipse,
2783 1576 2922 1644 quod
2953 1575 3058 1644 igni
3089 1575 3506 1645 superlueratde
3525 1577 3654 1629 aedi-

2072 1669 2194 1735 bus,
2229 1670 2440 1739 propria
2468 1671 2634 1737 cmpit
2660 1685 2820 1723 manu
2843 1671 3082 1734 abolere,
3113 1683 3375 1739 quatenus
3402 1671 3654 1724 ocissime

2074 1763 2251 1814 omnis
2270 1761 2409 1814 eirea
2434 1761 2711 1814 ecclesiam
2737 1762 2872 1814 beati
2898 1761 3222 1815 confessoris
3255 1761 3400 1814 locus
3419 1776 3652 1829 congrua

388 1829 774 1898 apostolorum,
805 1847 924 1898 quae
951 1835 1198 1903 contigua
1224 1848 1336 1889 erat
1358 1840 1598 1893 ecclesiae
1642 1841 1779 1894 beati
1825 1841 1961 1896 Feli-
1993 1830 2040 1891 Β

1993 1830 2040 1891 Β
2071 1853 2270 1905 sanctis
2295 1851 2542 1905 claritate
2571 1865 2632 1904 ac
2664 1851 2782 1906 inec
2830 1852 3150 1906 redderetur
3195 1853 3435 1921 insignis.
3465 1852 3651 1906 Ablata

380 1927 478 1987 (is,
509 1926 564 1975 et
594 1922 719 1976 inde
749 1938 847 1991 per
878 1926 1319 1982 intercessionem
1352 1931 1696 1998 apostolicam
1729 1935 1961 1990 emlestis

384 2013 612 2076 praesidii
637 2015 774 2068 dona
811 2013 1126 2085 ﬂagitantes.
1173 2017 1274 2073 Ubi
1317 2031 1590 2089 postquam
1619 2031 1824 2078 oratum
1855 2037 1957 2093 εει,

379 2102 764 2157 rediitdomum
796 2108 1099 2176 episcopus,
1124 2122 1500 2181 sumptumque
1526 2114 1591 2166 de
1623 2115 1765 2182 ligno
1787 2115 1960 2170 donti-

381 2196 513 2249 nica:
543 2198 718 2252 crttcis
753 2214 855 2251 non
887 2202 1138 2269 grandem
1171 2203 1422 2268 assulam,
1459 2205 1602 2258 misit
1635 2207 1685 2258 in
1725 2208 1958 2262 medium

379 2287 609 2341 incendii
641 2287 1203 2363 furentis,statitnque
1251 2296 1503 2350 immensa
1555 2294 1639 2352 illa
1685 2301 1957 2356 volumina

378 2371 734 2442 iiannnarnm,
769 2397 886 2450 quze
919 2391 1061 2435 tanta
1093 2385 1322 2438 virorum
1370 2401 1558 2441 manus
1605 2403 1770 2457 aquas
1808 2407 1959 2460 spar-

377 2470 552 2538 gendo
581 2473 920 2541 exstinguere
952 2478 1288 2545 n'cquiVerat,
1338 2478 1451 2546 ipse
1483 2480 1679 2551 lignum
1710 2483 1956 2538 addendo

383 2564 650 2618 restinxit.
683 2563 851 2620 Tanta
875 2567 1071 2621 etenim
1107 2580 1302 2622 sanctm
1333 2573 1507 2625 crucis
1550 2583 1661 2625 erat
1689 2576 1875 2638 virtus,
1901 2585 1958 2629 ut

375 2669 498 2709 sese
528 2666 711 2709 natura
764 2659 1130 2725 relinqueret:
1177 2671 1230 2717 et
1283 2664 1420 2733 ignis
1468 2666 1555 2734 qui
1600 2668 1775 2719 omnia
1820 2669 1957 2723 solet

374 2745 512 2816 ligna
558 2747 842 2819 devorare,
876 2752 995 2822 ipso
1022 2752 1163 2824 ligno
1205 2755 1491 2812 dominicre
1524 2759 1783 2826 passionis
1809 2765 1952 2817 velut

444 2910 468 2936 ³
504 2902 776 2962 Paulinus.
817 2908 908 2961 ilic
936 2911 1220 2972 quotannis
1262 2913 1320 2966 S.
1372 2911 1565 2966 Felicis
1597 2915 1826 2970 natalem
1855 2931 1949 2969 na-

373 2973 543 3025 taiitio
570 2981 806 3031 carmine
851 2983 1108 3033 celebrat.
1160 2982 1356 3035 llorum
1410 2987 1707 3038 carminum
1739 2997 1952 3040 exstant

372 3046 554 3098 decem
591 3047 813 3124 integra.
846 3047 1113 3124 Dungafus
1141 3054 1300 3105 etiam
1328 3064 1566 3106 vetustus
1597 3058 1828 3124 scriptor
1860 3058 1951 3124 qtti

371 3125 494 3195 ante
522 3131 688 3195 annus
717 3118 821 3173 800
850 3118 1000 3195 vixit,
1036 3133 1234 3195 sancta:
1280 3127 1455 3176 crucis
1496 3118 1948 3194 reliquiarumqne

373 3195 429 3238 et
457 3188 744 3254 imaginum
783 3191 982 3245 cultum
1039 3194 1299 3248 adversus
1349 3195 1553 3248 Claudii
1603 3188 1952 3252 Taurineusis

2069 1953 2247 1995 autem
2265 1943 2409 1996 omni
2434 1943 2670 1996 lteditate
2698 1943 2946 1996 ruderum
2972 1959 3034 1996 ac
3063 1944 3297 1997 sordium
3320 1943 3648 2010 earumdem,

2071 2034 2340 2101 perstabat
2365 2035 2550 2088 beatus
2583 2038 2804 2089 antistes
2837 2038 2861 2065 ⁸
2902 2036 3152 2089 Paulinus
3183 2036 3460 2090 ecclesiam
3491 2052 3648 2106 quam

2067 2135 2304 2192 (mperat
2358 2127 2424 2178 ad
2467 2125 2761 2194 perlectum
2811 2126 3126 2181 deducere:
3169 2126 3320 2196 cujus
3364 2128 3647 2182 mdilicium

2068 2231 2228 2270 omne
2257 2216 2424 2270 tribus
2454 2218 2612 2271 annis
2647 2217 2890 2284 perfecit,
2919 2229 2970 2269 et
2998 2219 3048 2271 in
3082 2219 3302 2286 picturis
3329 2230 3484 2286 atque
3505 2220 3649 2274 omni

2067 2318 2260 2360 ornatu
2285 2322 2382 2360 suo
2409 2308 2590 2360 debito
2635 2310 2738 2362 line
2767 2309 3026 2362 conclusit
3060 2325 3073 2362 :
3105 2310 3156 2362 in
3189 2323 3294 2378 qua
3347 2309 3650 2362 felicissima

2063 2395 2201 2452 beati
2240 2393 2433 2453 Felicis
2465 2400 2568 2452 vita
2605 2409 2656 2453 et
2684 2401 2859 2468 passio
2911 2401 2961 2453 in
2991 2410 3246 2454 a-ternum
3288 2399 3650 2455 memorabilis

2067 2492 2402 2557 celebratur;
2445 2493 2533 2560 qui
2572 2489 2659 2546 die
2711 2501 2897 2562 quarta
2941 2493 3146 2544 decima
3199 2492 3396 2543 mensis
3447 2489 3644 2544 Janua-

2063 2585 2164 2652 rii,
2206 2593 2577 2638 consummato
2630 2599 2789 2638 cursu
2847 2584 3156 2637 certaminis
3206 2583 3462 2650 gloriosi,
3517 2597 3642 2650 per-

2063 2677 2206 2742 cepit
2237 2689 2488 2729 coronam
2527 2675 2672 2740 vitte,
2707 2689 2865 2743 quam
2900 2673 3207 2742 repromisit
3253 2673 3388 2726 Dens
3415 2672 3641 2742 diligen-

2063 2765 2200 2820 tibus
2238 2780 2315 2820 se.

2061 2919 2292 2986 episcopi
2328 2918 2616 2972 sententias
2649 2931 3009 2986 propugnans,
3060 2916 3364 2987 quindecim
3423 2927 3643 2987 enume-

2060 3001 2142 3043 rat
2174 2993 2429 3043 natalesa
2461 2989 2679 3042 Paulino
2725 3000 2986 3048 cantatus,
3041 2986 3093 3041 et
3139 2988 3425 3054 fragmenta
3482 3002 3543 3039 ex
3577 2986 3642 3039 iis

2053 3063 2150 3185 sini
2182 3062 2438 3116 hactenus
2464 3062 2650 3130 ignoti,
2683 3062 2946 3128 producit.
2973 3060 3224 3113 Paulinus
3253 3059 3444 3112 colitur
3469 3074 3495 3109 κ
3517 3056 3632 3109 Kal.

2088 3132 2199 3185 ulii.

2088 3147 2199 3186 ιιιιι.

393 3353 3644 3394 ..ι-ψη·ψῷ

379 3383 3644 3411 W

364 3521 886 3637 BEDJE
1057 3523 2312 3639 VENEBABILIS
2457 3520 3640 3638 PRESBYTER!

785 3772 1623 3981 OPEBA
1718 3769 3202 3985 HISTORICA.

963 4256 1352 4330 SECTIO
1405 4257 1736 4329 SECUN
1755 4257 1926 4328 DA.
1963 4272 2075 4302 ···“
2118 4253 3000 4326 MAB'lYROLOGlA
3032 4299 3059 4340 ,

1027 4428 1249 4485 JUXTA
1291 4425 1740 4483 EXEMPLARIA
1780 4422 2214 4516 CQLONIENSE
2254 4424 2341 4480 ET
2383 4425 2940 4481 BOLLANDIANUM.

1163 4731 1839 4816 PATBOLOGl/E
1897 4737 2284 4812 EDITOR
2363 4725 2823 4810 LECTORI.

425 4935 642 4994 Nullum
703 4953 770 4993 ex
823 4937 976 4992 Beda:
1029 4938 1359 4993 Venerabilis
1404 4939 1654 5007 operibus
1696 4940 1852 4992 toties
1906 4941 2130 5008 prmium
2170 4939 2418 5005 obtinuit,
2458 4937 2665 5006 quoties
2712 4934 3142 5008 Martyrologium
3185 4936 3352 5006 ipsius
3403 4937 3626 4993 nomine

354 5031 666 5100 insignitum
701 5049 714 5084 :
751 5032 944 5099 quippe
982 5030 1118 5097 quod
1167 5047 1270 5084 non
1316 5032 1491 5084 minus
1531 5031 1814 5100 quinquies
1865 5033 1915 5086 in
1964 5033 2134 5088 lucem
2182 5033 2400 5101 prodiit.
2445 5031 2676 5084 Primum
2711 5029 2925 5096 quidem
2970 5032 3238 5100 vulgatum
3287 5039 3368 5084 est
3408 5032 3458 5083 in
3493 5031 3619 5085 Edi-

358 5122 505 5177 tione
531 5122 765 5191 Operum
797 5123 1035 5177 omnium
1078 5123 1253 5185 Bedaz,
1307 5123 1542 5178 Colonia:
1574 5125 1906 5192 Agrippinae,
1934 5139 2074 5176 anno
2109 5123 2313 5178 Domini
2362 5122 2499 5176 1616
2528 5123 2796 5189 absoluta;
2844 5123 3074 5176 secunda
3104 5137 3278 5176 autem
3311 5124 3447 5186 vice,
3485 5125 3624 5179 inter

351 5213 689 5268 Monumenta
732 5213 1096 5278 Bollandiana,
1129 5229 1194 5268 ex
1242 5215 1433 5282 quibus
1463 5216 1511 5267 iu
1560 5215 1852 5269 editionem
1901 5214 2314 5279 Londinensem,
2365 5230 2392 5266 a
2423 5215 2729 5268 doctissimo
2761 5217 2874 5268 viro
2920 5216 3096 5268 Smitb
3131 5230 3269 5267 anno
3301 5214 3437 5268 l722
3463 5215 3622 5268 ador-

352 5313 549 5369 natam,
577 5306 801 5359 transiit.
831 5302 962 5357 Cum
991 5318 1116 5358 vero
1155 5303 1274 5357 du:e
1314 5304 1418 5358 illas
1472 5303 1756 5368 editiones,
1811 5319 1933 5373 quae
1960 5304 2168 5359 caeteris
2221 5314 2633 5371 anteponuntur,
2683 5313 2865 5356 mutuo
2913 5319 2970 5356 se
3027 5303 3334 5370 perficiant,
3385 5305 3628 5372 notisque

349 5395 522 5450 Smitb
559 5397 935 5451 eruditissimis
989 5395 1148 5449 simul
1184 5403 1238 5448 et
1281 5395 1622 5464 amplissimis
1673 5395 1934 5464 posterior
1975 5394 2287 5458 iiiustretur,
2349 5392 2556 5455 ambas,
2609 5407 2715 5445 uno
2743 5393 2930 5445 intuitu
2961 5392 3384 5458 conspiciendas,
3434 5393 3485 5446 in
3531 5407 3628 5461 pa-

358 5486 494 5556 ginis
527 5490 726 5542 nostris
768 5486 1096 5558 conjungere
1136 5489 1442 5551 statuimus,
1475 5489 1582 5541 illis
1614 5499 1822 5554 postea,
1850 5488 1997 5557 quasi
2037 5486 2510 5555 complementum,
2538 5486 2792 5552 triplicem
2824 5483 3062 5551 ejusdem
3120 5485 3472 5555 Martyrologii
3503 5487 3617 5551 epi-

358 5592 534 5634 tomen
567 5581 873 5633 subnexuri.
909 5581 961 5632 In
993 5579 1240 5646 sequenti
1270 5593 1399 5633 vero
1441 5579 1696 5633 Editionis
1729 5578 2089 5633 Bollmtdiame
2124 5577 2499 5646 descriptione,
2550 5577 2839 5630 contractis
2881 5577 3139 5630 linearum
3191 5578 3479 5633 intervallis
3521 5581 3612 5634 illa

353 5679 737 5730 AlibiTAMENTA
763 5674 1106 5728 distinximus
1128 5688 1244 5741 quae
1275 5673 1408 5740 apud
1432 5672 1603 5726 Smitb
1636 5673 1822 5738 medio,
1866 5684 1924 5727 ut
1947 5673 2061 5741 ipse
2089 5674 2183 5738 ait,
2214 5673 2262 5724 id
2284 5681 2368 5725 est
2390 5671 2604 5734 minori,
2629 5669 2921 5724 charactere
2937 5685 3187 5738 expressa
3211 5681 3353 5738 sunt,
3387 5677 3627 5742 exceptis

349 5776 526 5821 tamen
564 5767 797 5823 Auctarli
831 5767 964 5822 locis
987 5781 1104 5839 qua:
1138 5765 1304 5836 ipsius
1334 5765 1475 5819 Fieri
1508 5781 1702 5819 nomen
1739 5765 2048 5835 praeierunt,
2081 5775 2134 5822 ct
2164 5765 2284 5821 ideo
2313 5765 2452 5819 nulla
2484 5763 2824 5819 distinctione
2857 5765 3112 5835 indigent.
