4240 6452
627 330 731 393 Ἱῦξ)
1332 328 1534 387 ΒΕῡίΕ
1576 331 2025 385 κἘΝΕιιλιιιιΛδ
2064 328 2210 383 OPP.
2256 326 2301 380 1³η

2204 369 2210 383 .
2256 326 2432 383 PARS
2468 325 2560 381 ιν.
2600 355 2667 366 ——
2705 326 3090 383 lllS'l'OlllCA.
3766 326 3878 385 800

631 500 2187 531 ’,ΜΝ

1775 605 2097 680 SMlTH
2160 599 2711 679 PPuEFATIO.

698 869 1142 939 Martyrologium,
1171 868 1304 939 quod
1343 869 1456 939 jam
1503 866 1846 925 exhibuimus,
1875 878 1938 915 ex
1964 862 2211 914 Actorum
2257 866 2547 910 sanctorum
2591 853 2793 918 Martii,
2822 861 2953 905 torno
2983 849 3044 903 ll
3076 852 3328 904 dedimus.
3376 851 3697 907 Hense/tertio
3738 856 3875 909 enim

624 978 733 1015 cum
763 963 881 1015 olim
924 973 1176 1015 constaret
1210 960 1634 1027 Martyrologium
1662 958 1754 1010 sub
1787 953 1955 1008 Baeda:
1983 953 2188 1005 nomine
2215 964 2450 1002 excusant
2504 950 2785 1016 genuinum
2820 946 2969 999 istius
3021 948 3322 1013 Opusculum
3372 963 3473 1001 non
3503 950 3682 1014 fuisse,
3726 966 3788 1003 ea:
3815 971 3873 1003 eo

622 1055 758 1124 quod
786 1055 896 1106 Ado
915 1064 960 1106 et
995 1054 1260 1107 Usuardus
1291 1062 1537 1105 testantur
1559 1067 1676 1102 eum
1714 1050 2041 1118 quamplures
2071 1045 2178 1096 dies
2212 1043 2427 1093 intactos
2463 1039 2727 1109 reliquisse
2754 1054 2771 1091 :
2796 1038 2891 1090 hoc
2936 1039 3123 1091 indicio
3154 1048 3256 1091 tum
3287 1052 3421 1094 certo
3453 1044 3721 1105 excitatus,
3750 1046 3872 1097 dum

622 1147 809 1215 regina:
833 1147 1025 1201 Suecia:
1050 1147 1316 1200 Christian?
1356 1146 1554 1196 codices
1575 1142 1701 1195 Mss.
1740 1142 1914 1195 (ionice
1939 1146 2219 1198 scrutatur,
2252 1134 2405 1200 huius
2435 1130 2792 1199 Martyrologii
2832 1130 3175 1197 fragmentum
3206 1131 3327 1182 olim
3368 1134 3437 1184 ad
3460 1150 3605 1187 usum
3631 1135 3875 1188 Ecclesia:

625 1235 950 1290 Bituricensis
989 1237 1227 1304 descripti
1277 1237 1481 1293 invenit.
1514 1243 1560 1285 ct
1598 1250 1698 1302 quo
1731 1231 1914 1283 certius
1942 1230 2164 1280 crederet
2214 1223 2382 1277 dew
2412 1238 2518 1275 esse
2545 1224 2682 1291 quod
2709 1222 2988 1283 invenerat,
3026 1221 3386 1291 obsignabatur
3419 1224 3589 1278 Codex
3634 1241 3876 1281 consueta

625 1327 718 1379 illa
748 1329 967 1394 antiquis
1008 1328 1275 1395 formula:
1318 1326 1545 1393 Explieit
1596 1322 2031 1392 Martyrologium
2084 1317 2256 1369 Buzdzn
2308 1313 2629 1383 presbyteri.
2696 1310 2810 1363 Hoc
2858 1322 3033 1379 postea
3086 1313 3338 1381 integrant
3380 1316 3503 1368 vidit
3552 1316 3762 1374 Divione
3818 1325 3872 1375 in

622 1414 937 1472 Bibliotheca
987 1418 1293 1485 amplissimi
1339 1417 1585 1471 senatoris
1636 1413 1915 1477 Bon/aerii;
1970 1415 2117 1481 cujus
2149 1408 2320 1461 codice
2354 1422 2471 1458 cum
2521 1408 2803 1473 fragmento
2851 1402 3011 1473 Regio
3039 1404 3248 1467 collato,
3293 1410 3399 1460 Itth
3430 1409 3529 1462 duo
3559 1414 3873 1482 exemplaria

620 1508 798 1561 iisdem
827 1526 1036 1579 prorsus
1064 1511 1245 1573 verbis,
1278 1520 1322 1561 et
1349 1510 1497 1577 apice
1525 1509 1604 1558 ria:
1634 1506 1943 1558 ullomurato
1972 1505 2231 1556 convenire
2257 1516 2344 1567 per
2364 1500 2532 1551 omnia
2562 1500 2788 1568 reperiit,
2820 1512 3026 1565 excepto
3056 1500 3192 1568 quod
3214 1504 3263 1552 in
3303 1501 3496 1572 integro
3540 1504 3639 1559 Ms.
3667 1510 3877 1562 addita-

622 1609 789 1651 menta
826 1601 1061 1669 quaedam
1087 1609 1273 1665 essent,
1320 1597 1617 1650 minusculis
1672 1594 1909 1647 litterulis
1960 1596 2169 1657 scripta,
2198 1606 2311 1660 qute
2359 1590 2517 1657 priori
2560 1590 2857 1657 imperpicto
2899 1590 3126 1643 deerant.
3166 1590 3290 1643 lla’c
3334 1595 3679 1649 additamenta
3730 1598 3877 1654 Flori

621 1690 780 1757 fuisse
832 1691 1049 1755 primum
1089 1693 1374 1756 suspicatus
1421 1697 1530 1750 est;
1560 1695 1736 1754 postea
1784 1694 1952 1735 tamen
1998 1681 2133 1734 hunc
2178 1679 2375 1733 nullam
2404 1681 2456 1732 in
2505 1680 2600 1731 isto
2630 1678 2983 1746 supplemento
3027 1690 3220 1749 partem
3258 1682 3491 1736 habuise
3531 1687 3871 1756 decernebat;

619 1784 806 1851 quippe
836 1782 975 1834 breve
1016 1781 1288 1833 admodum
1314 1790 1463 1846 atque
1480 1779 1744 1847 jejunum,
1795 1775 1977 1843 cuique
2020 1770 2235 1839 proinde
2290 1786 2394 1823 non
2424 1770 2686 1822 conveniat
2715 1772 2851 1837 quod
2895 1772 3046 1822 tradit
3088 1772 3141 1824 in
3181 1775 3393 1845 prologo
3429 1773 3719 1843 Usuardus,
3759 1797 3873 1835 eum

618 1874 810 1928 scilicet
855 1874 1023 1927 deae
1045 1871 1233 1941 stylum
1282 1872 1331 1921 in
1371 1869 1547 1937 elogiis
1596 1866 1822 1920 texendis
1856 1867 2090 1918 tenuisse.
2128 1862 2253 1915 Cum
2283 1861 2580 1915 Divionensi
2626 1862 2796 1915 codice
2842 1878 2932 1914 sea:
2983 1862 3132 1927 alios,
3165 1864 3385 1932 primum
3428 1868 3589 1920 sancti
3638 1867 3779 1922 Petri
3818 1874 3867 1925 in

632 1961 896 2028 ιιαείεαηο⁹
920 1963 1134 2015 auarum
1164 1958 1464 2014 Monasterii
1494 1957 1654 2010 sancti
1681 1953 1879 2024 Cyriari
1902 1956 1953 2006 in
1981 1954 2228 2016 Thermis,
2259 1954 2457 2005 tertium
2497 1968 2559 2005 ea:
2580 1953 2960 2006 eminentissimi
2993 1951 3253 2008 Francisci
3283 1958 3559 2011 cardinalis
3592 1958 3877 2017 Barbarim’

618 2055 938 2119 bibliotheca,
987 2054 1202 2122 denique
1249 2051 1345 2104 tria
1380 2048 1586 2116 Belgica
1635 2045 1987 2098 llensrhenius
2028 2043 2261 2107 contulit,
2310 2053 2355 2095 et
2388 2058 2451 2095 ea:
2491 2043 2553 2094 iis
2596 2043 2830 2094 omnibus
2856 2042 3140 2096 additiones
3183 2054 3228 2095 et
3257 2048 3606 2114 supplementa
3646 2054 3871 2122 collegit.

615 2150 909 2202 Auctarium
971 2147 1105 2200 istud
1156 2145 1292 2214 quod
1335 2142 1424 2195 sub
1466 2139 1610 2193 Flori
1662 2140 1863 2191 nomine
1923 2136 2102 2200 edidit,
2162 2134 2452 2188 charactere
2492 2136 2659 2187 medio
2701 2136 2953 2187 distinxit.
3016 2134 3326 2188 Litterarum
3367 2150 3536 2190 autent
3587 2142 3765 2208 quibus
3820 2144 3872 2195 in

615 2242 932 2294 additiOnum
978 2239 1272 2292 collectione
1302 2235 1533 2289 utebatur
1562 2234 1846 2301 compendii
1878 2248 2053 2297 causa,
2087 2230 2473 2295 explicationem
2502 2231 2582 2281 hic
2627 2231 2771 2283 habe.
2804 2232 2867 2283 Α.
2898 2229 3269 2295 Atrebatcnse,
3315 2229 3378 2286 Β.
3406 2233 3862 2306 Barbariuianum,

616 2337 674 2389 C.
701 2334 879 2389 Sancti
921 2331 1148 2404 Cyriaci,
1181 2330 1245 2384 υ.
1293 2330 1628 2391 Divioiwiise,
1654 2325 1715 2377 L.
1747 2324 2028 2382 Liutiense.
2062 2324 2123 2375 Il.
2159 2322 2371 2391 Regina:
2414 2322 2640 2385 Sueciae,
2673 2319 2738 2373 T.
2765 2320 3122 2385 Toruacense,
3164 2320 3221 2375 V.
3259 2321 3585 2377 Vaticanum.
3636 2325 3864 2397 Denique

612 2440 806 2486 certum
836 2432 1067 2481 lectorem
1095 2427 1197 2480 vult
1245 2425 1294 2476 in
1333 2424 1561 2475 omnibus
1609 2421 1743 2473 hisce
1799 2418 1924 2470 Mss.
1969 2420 2261 2469 verbotenus
2301 2415 2471 2468 haberi
2512 2414 2682 2467 omnia
2707 2430 2818 2480 qua:
2844 2414 2937 2465 sub
2963 2414 3131 2467 Btcda:
3160 2416 3361 2467 nomine
3400 2417 3582 2484 majori
3624 2430 3868 2474 notantur

610 2520 921 2583 charactere,
955 2519 1051 2570 nisi
1078 2516 1139 2569 de
1167 2514 1419 2585 aliquibus
1445 2512 1753 2565 contrarium
1793 2510 1845 2562 in
1876 2509 2100 2576 margine
2130 2516 2331 2560 notetur
2356 2522 2374 2560 :
2413 2522 2755 2571 excusumque
2796 2505 2846 2556 in
2875 2504 3043 2558 dea:
3072 2505 3306 2575 operibus
3356 2505 3777 2579 Martyrologium
3807 2532 3869 2569 ex

617 2614 787 2667 Adone
818 2611 968 2666 sumi.

1892 2800 2122 2856 EDlTlO
2161 2798 2630 2856 COLONIENSIS.

2219 2899 2263 2956 Α
2297 2902 2413 2962 post
2462 2895 2619 2946 multa
2670 2903 2931 2948 tormenta
2978 2896 3153 2964 gladio
3183 2906 3263 2950 est
3316 2900 3507 2953 occisa.
3557 2900 3753 2957 Eodem
3784 2904 3870 2959 die

2293 2984 2432 3052 apud
2462 2986 2738 3054 Spoletum
2786 2987 3056 3040 civitatem
3085 2988 3351 3053 Tltuscim,
3382 2991 3551 3045 sancti
3589 2992 3866 3049 Concordii

2294 3078 2563 3146 martyris,
2591 3078 2679 3144 qui
2710 3085 2828 3142 post
2871 3077 3093 3143 plurima
3137 3087 3395 3131 tormenta
3436 3081 3727 3138 decollatus
3766 3096 3866 3139 est.

3307 2721 3521 2732 _..—

3528 2724 3843 2738 “—

1058 2902 1302 2959 MENSIS
1360 2899 1526 2956 JANU
1538 2897 1737 2953 ARIUS

953 2995 1101 3048 habet
1138 2996 1244 3048 dies
1284 3008 1431 3056 xxxt,
1477 2991 1673 3042 Lunam
1714 3002 1849 3041 xxx.

683 3090 747 3144 Δ.
770 3088 1011 3142 Ksuzso.
1040 3088 1309 3141 Jauosnu.
1332 3115 1401 3125 —-
1417 3081 1763 3137 Circumcisio
1788 3078 1994 3134 Domini
2020 3076 2183 3131 nostri

609 3180 735 3237 Jesu
767 3181 963 3234 Christi
1006 3180 1296 3232 secundum
1328 3191 1562 3235 carnem,
1607 3182 1659 3226 et
1700 3184 1883 3226 oetava
1925 3169 2182 3223 Dominici

609 3271 818 3325 natalis.
866 3271 1046 3324 Roma:
1077 3269 1247 3323 natale
1276 3270 1443 3321 sancti
1479 3264 1737 3321 Almachii
1783 3262 2051 3333 martyris,
2095 3261 2182 3328 qui

604 3364 829 3431 jubente
876 3362 1066 3430 Alypio
1116 3361 1260 3414 urbis
1292 3358 1557 3427 prrel‘ecto,
1599 3372 1718 3411 cum
1747 3354 1946 3408 diceret
1980 3371 1991 3405 :
2021 3352 2186 3407 Hodie

608 3463 809 3506 octavae
836 3450 1091 3505 Dominici
1116 3450 1219 3504 dici
1242 3457 1366 3504 sunt
1394 3465 1408 3514 ;
1438 3457 1646 3502 cessate
1669 3461 1697 3498 a
1722 3442 2185 3513 superstitionibus

603 3540 868 3595 idolorum
895 3549 951 3593 et
979 3539 1253 3594 sacriﬁciis
1297 3539 1512 3606 pollutis
1537 3552 1551 3591 :
1578 3536 1673 3588 hac
1695 3534 1763 3588 de
1790 3548 1949 3587 causa
1974 3543 2182 3599 captus,

602 3643 657 3684 et
705 3648 734 3685 a
780 3632 1159 3700 gladiatoribus
1208 3630 1413 3681 occisus
1444 3636 1547 3681 est.
1590 3625 1717 3679 ltem
1765 3622 1948 3676 Roma:
1986 3633 2183 3676 sanctas

605 3720 847 3775 Martium
893 3720 1134 3789 virginis,
1185 3733 1305 3788 qua:
1331 3717 1431 3771 sub
1475 3714 1780 3772 Alexandro
1834 3714 2176 3780 imperatore,

2295 3166 2422 3220 Item
2449 3167 2629 3220 Itonia:
2656 3167 2737 3219 via
2762 3168 2930 3236 Appia
2961 3184 3173 3223 corona!
3204 3169 3425 3224 militum
3456 3173 3687 3243 triginta.
3717 3177 3866 3243 Apud

2292 3257 2523 3311 Africam
2555 3259 2730 3311 natale
2772 3260 2939 3313 sancti
2980 3261 3265 3329 Fulgent‘ii,
3296 3262 3529 3331 episcopi
3579 3266 3868 3336 RUSpensis

2295 3350 2565 3415 Ecclesim,
2592 3349 2743 3417 cujus
2782 3350 2886 3403 vita
2916 3350 3197 3404 virtutibus
3230 3351 3382 3420 plena
3429 3353 3669 3409 trahetur.
3715 3360 3863 3426 Apud

2291 3440 2666 3494 Alexandriam
2714 3450 2913 3495 sancta:
2966 3440 3259 3495 Eulrosinte
3310 3444 3550 3513 virginis.
3603 3445 3723 3517 Ipso
3779 3450 3865 3504 die

2288 3528 2455 3582 sancti
2486 3529 2791 3597 Paragodaz,
2839 3530 3049 3600 septimi
3092 3530 3409 3588 Viennensis
3450 3536 3702 3605 episcopi.
3733 3538 3863 3595 item

2287 3620 2456 3674 sancti
2492 3620 2669 3673 Basilii
2699 3620 2934 3689 episcopi
2965 3632 3017 3675 et
3058 3624 3226 3676 sancti
3260 3623 3494 3693 Eugeudi
3524 3627 3751 3682 abbatis.

2357 3710 2417 3765 Β.
2447 3710 2510 3766 ιγ
2538 3710 2670 3765 Nos.
2700 3709 2966 3766 human.
3002 3743 3068 3757 ν-
3095 3711 3277 3768 Natale
3308 3713 3445 3770 beati
3486 3716 3731 3775 Macharii
3762 3721 3863 3777 ξιιμ
3898 3773 3920 3779 ,_

1856 3822 2082 3877 EDI'I'IO
2126 3816 2625 3873 BOLLANDIANA.

1161 3912 1561 3971 JANUARIUS.

675 4010 1105 4065 l.-—-liru.ennts.
1138 4008 1350 4063 Octava'.
1376 4003 1605 4067 Domini,
1636 4012 1689 4059 et
1716 4000 2006 4057 secundum
2048 4014 2174 4052 car-

599 4119 717 4156 nem
736 4102 1075 4155 Circumcisio
1093 4100 1226 4169 ejus.
1245 4100 1309 4153 Et
1330 4099 1519 4152 natalis
1538 4095 1793 4150 Almacliii
1814 4112 1828 4160 ;
1851 4096 1938 4163 qui
1951 4093 2173 4163 juhente

599 4195 788 4265 Alypio
823 4193 979 4247 Urbis
1030 4191 1300 4261 praefecto,
1340 4204 1460 4244 cum
1493 4190 1695 4244 diceret
1727 4205 1738 4239 :
1773 4187 1939 4241 Hodie
1969 4194 2171 4240 octava:

600 4286 885 4340 Dominica:
907 4284 1012 4337 diei
1040 4293 1182 4346 sunt,
1225 4292 1427 4336 cessate
1449 4298 1476 4334 a
1507 4280 1971 4349 superstitionibus
2009 4277 2172 4334 idolo-

595 4395 715 4433 rum
772 4389 823 4432 et
869 4377 1142 4431 sacriﬁciis
1196 4376 1429 4445 pollutis,
1458 4390 1487 4428 a
1533 4371 1913 4443 gladiatoribus
1966 4372 2066 4428 hac
2101 4373 2170 4429 de

595 4486 750 4525 causa
782 4468 989 4522 occisus
1017 4476 1118 4523 est.

663 4569 796 4623 A.T.
825 4569 883 4623 L.
912 4568 974 4622 C.
1011 4567 1206 4620 Eodem
1235 4567 1321 4622 die
1351 4565 1540 4619 natalis
1563 4565 1621 4619 S.
1650 4564 1828 4618 Basilii
1863 4573 1890 4601 ι
1914 4566 2169 4633 episcopi,

595 4641 654 4693 Et
678 4640 877 4711 [Romae
911 4640 1104 4711 passio.
1126 4637 1214 4707 Ἥ]
1244 4636 1489 4711 ιιιιεξίοβ.
1518 4634 1543 4671 ι)
1570 4634 2167 4711 Μειιίιὶιιειξιιζίιέἰιιίελιλ.

590 4711 655 4765 Ει
680 4704 705 4751 ἒ
733 4712 789 4766 8.
841 4704 1213 4778 Euphrosinte.
1241 4709 1299 4763 L.
1334 4707 1530 4764 Eodem
1563 4707 1648 4761 die
1675 4707 1726 4760 in
1757 4704 2028 4775 ASthiopia
2055 4706 2167 4759 Ru-

2283 3908 2399 3961 tuli.
2426 3907 2790 3977 lliero~olyma
2823 3910 2997 3963 natale
3025 3910 3080 3964 S.
3112 3910 3387 3982 Stephani.

2351 3999 2405 4051 ἓ.
2431 4028 2499 4039 -
2525 3998 2588 4051 ιν
2620 3999 2814 4054 ΝυΝΑΞ.
2840 3999 3005 4055 Vacat
3039 4002 3214 4057 lla-da.

2351 4088 2537 4143 Florus
2567 4090 2618 4143 in
2641 4090 2705 4143 Α.
2734 4090 2795 4146 Τ.
2850 4090 2908 4143 L.
2946 4110 2957 4143 :
2985 4091 3164 4147 Romae
3210 4097 3384 4151 nata-le
3408 4095 3432 4134 ἀ
3460 4098 3517 4153 8.
3545 4099 3854 4169 Teiespbori

2280 4196 2430 4251 papae
2479 4190 2534 4235 et
2581 4181 2850 4252 martyris.
2895 4182 2944 4239 Is
3001 4199 3065 4240 ex
3113 4186 3427 4241 anachoreta
3461 4204 3581 4243 cum
3635 4206 3728 4260 per
3780 4209 3852 4249 ιιι

2277 4287 2447 4325 annos
2487 4273 2741 4328 Ecclesite
2773 4274 3023 4329 Romanas
3053 4287 3327 4345 prmesset,
3364 4279 3623 4348 jejunium
3648 4293 3850 4351 septem

2277 4364 2726 4419 hebdomadarum
2775 4377 2899 4421 ante
2954 4367 3176 4433 Pascha,
3221 4379 3275 4423 et
3330 4372 3544 4425 missam
3592 4375 3644 4428 in
3696 4384 3854 4431 nocte

2274 4454 2472 4507 Natalis
2514 4455 2756 4525 Domini;
2802 4457 2895 4510 sed
2944 4466 2997 4510 et
3049 4470 3172 4513 ante
3221 4461 3543 4515 sacriﬁcium
3597 4463 3848 4534 hymnum

2274 4550 2619 4619 Angi-licum;
2652 4551 2898 4605 videlicet
2928 4551 3105 4604 Gloria
3146 4554 3198 4605 in
3230 4554 3435 4608 excelsis
3473 4555 3585 4609 Deo
3611 4597 3626 4622 ,
3652 4558 3851 4612 decan-

2276 4642 2491 4694 tandqu
2539 4639 2803 4704 instituit;
2848 4655 3141 4711 passusque
3186 4651 3271 4697 est
3320 4646 3648 4714 temporibus
3688 4648 3851 4703 Auto-

2278 4730 2385 4783 niui
2416 4742 2469 4784 et
2503 4732 2661 4786 Marci
2689 4733 3023 4803 martyrium.

1970 4815 2175 4870 SMITH
2215 4816 2444 4874 NOTAE.

655 4919 684 4948 ³
712 4908 895 4965 Basilii
924 4909 1331 4975 Cappadocensis
1378 4907 1604 4975 episcOpi
1649 4904 1711 4962 ϐ.
1768 4905 2149 4971 Archiepiscopi

585 4981 651 5037 A.
679 4982 732 5035 In
756 4983 994 5035 Caesarea
1016 4980 1361 5045 Cappadocim
1391 4980 1651 5043 depositio
1683 4977 1739 5031 8.
1771 4977 1972 5037 Basilii,
1996 4976 2150 5044 cujus

584 5053 863 5106 celebritas
892 5067 1018 5106 xvtu
1051 5050 1313 5104 Kalendas
1347 5049 1470 5103 Julii
1512 5046 1844 5115 potissimum
1877 5046 2148 5099 recolitur.

586 5122 819 5177 USUABD.

656 5192 680 5228 δ
736 5192 992 5246 Martium.
1046 5190 1176 5256 Quae
1237 5200 1384 5257 patre
1444 5196 1525 5243 ter
1577 5186 1796 5241 consule
1852 5194 2015 5247 nats,
2060 5186 2159 5240 sub

582 5263 902 5329 imperatore
946 5260 1254 5315 Alexamer
1279 5259 1511 5312 diversis
1548 5257 1834 5325 generibus
1864 5266 2157 5311 tormento—

582 5348 698 5385 rum
730 5334 961 5386 cruciata
982 5373 996 5395 ,
1029 5331 1284 5400 martyrio
1315 5330 1525 5400 laudem
1557 5330 2015 5400 llomzecomuata
2042 5337 2151 5380 est:

580 5417 679 5470 pro
709 5402 859 5471 cujus
889 5404 1119 5453 vindicta
1151 5397 1875 5471 imperatorimpiamuvitam
1918 5397 2152 5467 seipsutn

582 5467 861 5526 laceranda
893 5473 1079 5524 linivit.
1112 5471 1384 5524 BULLAND.
1415 5469 1643 5522 llrabau.
1680 5467 1899 5523 Notker.

654 5554 675 5581 ε
708 5542 1075 5609 Euphrosynw.
1107 5543 1259 5610 Apud
1295 5539 1663 5593 Alexandriam
1707 5555 1719 5590 :
1751 5553 1872 5608 qius:
1900 5534 2153 5610 orationi-

580 5610 679 5663 bus
714 5615 876 5679 patris
904 5607 985 5665 sui
1018 5607 1296 5679 l’apli'uutii
1327 5611 1394 5665 de
1423 5610 1588 5663 sterili
1637 5607 1805 5662 matre
1853 5607 2147 5679 progenita,

581 5682 630 5733 iu
675 5676 857 5747 puerili
907 5691 1062 5734 aetate
1097 5676 1392 5735 constituti
1426 5684 1560 5734 clam
1605 5679 1945 5731 mouaSticaiu
1980 5676 2144 5729 vitam

582 5751 721 5820 petiit
751 5789 765 5815 ,
800 5750 1071 5819 Smaragili
1108 5750 1207 5806 sibi
1240 5766 1432 5807 nomen
1482 5751 1778 5819 imponens.
1813 5748 1936 5804 Post
1986 5748 2143 5803 etiam

2256 4907 2437 4975 viginti
2494 4916 2617 4962 octo
2664 4923 2831 4962 annos
2860 4948 2875 4976 ,
2929 4909 3118 4963 morbo
3175 4919 3314 4965 tacta
3363 4920 3417 4967 et
3464 4924 3689 4971 mortem
3740 4916 3845 4973 sibi

2255 4980 2442 5032 adesse
2502 4993 2889 5059 .eognpsceus,
2948 4980 3309 5059 manifestavit
3364 4999 3423 5037 se
3487 4987 3620 5059 patri
3677 4986 3844 5055 ipsam

2257 5048 2537 5120 grumenti.
2569 5048 2737 5119 Hujus
2777 5050 3039 5120 depositio
3079 5052 3380 5107 celebratur
3413 5048 3566 5108 tertio
3599 5048 3719 5111 ldus
3748 5057 3846 5111 Fe-

2264 5117 2481 5172 bruarii.
2514 5121 2649 5173 Anu.

2334 5188 2701 5259 diTeleSphori.
2737 5188 2868 5244 Vide
2910 5190 3121 5246 Eusebii
3166 5191 3308 5245 Eccl.
3363 5193 3493 5246 llist.
3549 5211 3618 5259 iv,
3662 5196 3748 5259 It).
3792 5206 3849 5250 et

2261 5258 2321 5313 S.
2353 5258 2609 5313 Irenaeum
2640 5268 2826 5315 contra
2858 5261 3057 5316 llaues.
3092 5276 3172 5327 Ill,
3196 5264 3251 5317 5.
3281 5264 3486 5317 Colitur
3514 5258 3609 5319 hic
3629 5258 3756 5320 vero
3778 5268 3844 5321 ab

2260 5332 2450 5402 Adone
2477 5338 2531 5384 et
2552 5330 2983 5402 AUsuardoNonis
3004 5331 3276 5397 Januarii;
3303 5342 3356 5387 et
3374 5333 3606 5402 leget-ns
3630 5335 3847 5390 Paullus

2258 5399 2627 5473 scriptorejus
2668 5399 2821 5461 νίιιιι,
2851 5417 2968 5473 qua;
3008 5411 3187 5473 existat
3237 5406 3376 5473 apud
3428 5399 3691 5470 Bolland.,
3721 5421 3841 5460 eum

2258 5470 2445 5543 eodem
2478 5470 2562 5543 die
2587 5485 2799 5543 passum
2833 5471 3013 5526 tradit.
3050 5472 3178 5525 Vide
3207 5470 3366 5528 etiam
3392 5476 3526 5528 intra
3558 5480 3694 5543 apud
3729 5477 3833 5529 No-

2260 5539 2503 5614 ttus_Jan_.
2527 5541 3046 5614 ‘in__Ad_ditamentis.
3087 5543 3338 5611 Sepultus
3362 5554 3446 5597 est
3470 5539 3618 5613 juxta
3646 5560 3841 5614 corpus

2258 5610 2316 5662 Β.
2357 5611 2496 5664 l’etri
2526 5611 2575 5664 iu
2612 5610 2888 5667 Vaticano.
2929 5612 3098 5669 Cruci
3144 5610 3264 5671 eum
3296 5610 3483 5671 colunt
3507 5631 3611 5673 χιιι
3645 5610 3801 5672 rem.

2259 5687 2315 5735 ut
2343 5689 2488 5750 patet
2510 5698 2576 5736 ex
2606 5680 2836 5735 Menaeis.
