4240 6464
292 350 392 407 SOI

1415 333 1603 390 SECT.
1649 332 1716 386 11.
1756 359 1823 371 --
1865 324 2427 382 ΜΑΙΠῩΠΟΙΩΟΙΑ.

3447 314 3550 371 8οΞ

1547 422 1771 477 Ευιτιυ
1809 413 2273 473 CULONIENSIS.

292 530 428 587 batis
454 545 467 594 ;
494 536 548 583 et
588 526 639 580 in
673 523 842 579 Ponto
880 521 1094 577 civitate
1125 516 1342 573 Thomis
1396 517 1554 571 trium
1601 514 1823 568 fratrum
1857 527 1872 564 :
1904 517 1955 574 Α
1984 504 2179 570 miano,
2207 504 2329 557 etin
2351 500 2645 557 coemiterio
2667 494 3135 594 Callistisepoltus
3154 501 3238 594 est
3260 492 3554 594 viaAppia.

296 621 475 691 Argei,
506 618 758 679 Narcissi.
799 623 856 669 et
882 612 1173 669 Marcellini
1211 612 1376 680 pueri,
1410 610 1496 679 qui
1542 609 1639 663 sub
1671 606 1873 662 Licinio

296 713 434 767 inter
481 721 696 779 tyrones
750 703 1203 773 comprehensus,
1242 716 1362 755 cum
1408 701 1571 754 nollet
1620 699 1872 765 militare,

297 818 467 859 caesus
508 803 572 855 ad
613 811 860 862 mortem,
889 807 942 850 et
970 797 1061 850 ditt
1110 797 1162 849 in
1209 809 1423 848 carcere
1461 801 1781 855 maceratus,
1824 792 1874 844 in

299 912 445 952 mare
483 906 690 948 mersus
732 888 1038 957 martyrium
1081 886 1489 941 Consummavit.
1524 885 1730 951 Corpus
1760 884 1878 950 ejus

300 986 366 1040 ad
407 986 529 1039 litus
572 984 838 1043 delatum,
889 996 942 1032 et
980 992 1008 1031 a
1055 976 1311 1042 religiosis
1365 975 1489 1027 viris
1536 974 1873 1042 depositum,

301 1075 508 1145 magnis
538 1079 783 1127 coruscat
807 1069 1108 1123 virtutibus.
1139 1069 1204 1122 Et
1229 1069 1397 1122 sancti
1430 1068 1613 1121 lsidori
1639 1065 1871 1136 episcopi

299 1176 355 1221 et
379 1164 649 1236 martyris.

372 1320 433 1375 C.
468 1321 529 1374 111
561 1318 693 1373 Non.
722 1317 988 1372 ΙΑκυΑιιιι.
1026 1345 1097 1356 -
1126 1314 1308 1368 Roma:
1349 1315 1522 1367 natale
1562 1314 1729 1368 sancti
1768 1314 1878 1366 An-

304 1413 456 1466 tlierii
488 1424 636 1478 papa:
666 1418 719 1461 et
757 1408 1024 1476 martyris,
1068 1406 1157 1474 qui
1189 1404 1471 1459 vicesimus
1510 1417 1627 1474 post
1669 1406 1879 1458 beatum

309 1504 542 1567 Petrum,
588 1516 706 1554 cum
753 1499 1030 1553 duodecim
1078 1500 1252 1562 annis,
1299 1512 1481 1550 mense
1522 1512 1647 1561 uno,
1696 1497 1882 1552 dielms

306 1593 586 1649 duodecim
635 1593 866 1646 rexisset
896 1589 1211 1654 Ecclesiam,
1242 1603 1425 1657 passus
1454 1596 1537 1642 est
1578 1588 1677 1641 sub
1724 1587 1888 1641 Maxi-

1982 598 2036 653 ln
2067 596 2283 651 civitate
2308 593 2593 649 Parisiensi
2622 601 2818 645 sanctae
2848 586 3136 644 Genovel'a:
3164 582 3405 651 virginis,
3434 597 3555 650 qua:

1979 704 2011 743 a
2042 691 2195 744 beato
2220 685 2486 741 Germano
2515 681 2913 738 Altissidorensi
2943 680 3193 747 episcopo
3234 675 3446 729 Chrism
3475 673 3558 727 di—

1980 791 2121 846 cata,
2152 778 2481 834 admirandis
2510 775 2793 829 virtutibus
2824 774 2928 827 late
2954 772 3164 835 claruit,
3195 779 3250 825 et
3296 783 3466 838 usque
3491 769 3557 821 ad

1982 870 2246 939 octoginta
2278 884 2445 923 annos
2477 868 2527 921 in
2570 865 2763 920 Christi
2795 864 3055 917 servitute
3100 863 3397 916 consenuit.
3450 861 3557 915 Eo-

1983 960 2101 1015 dem
2131 960 2218 1014 die
2238 958 2405 1013 sancti
2430 956 2677 1012 Florentii
2707 953 3025 1009 Viennensis
3050 952 3305 1018 epi<copi,
3337 962 3390 1006 et
3420 967 3563 1005 mar-

1986 1051 2117 1120 tyris
2148 1046 2321 1102 octavi
2362 1047 2598 1116 ejusdem
2630 1045 2797 1099 urbis.
2825 1042 3008 1096 Natale
3045 1042 3212 1095 sancti
3242 1040 3559 1109 Theogenis,

1989 1142 2261 1212 martyris,
2282 1152 2335 1194 et
2366 1140 2532 1193 sancti
2558 1137 2695 1192 Petri
2722 1134 2991 1206 martyris.
3025 1134 3078 1187 ln
3108 1133 3324 1187 Tliomis
3347 1133 3565 1187 civitate

1987 1233 2161 1285 natale
2190 1230 2355 1284 sancti
2387 1229 2502 1283 Filii
2535 1226 2791 1297 episcopi,
2821 1222 2909 1295 qui
2944 1232 3061 1294 post
3089 1223 3190 1276 alia
3221 1231 3483 1275 totmenta
3511 1220 3564 1275 in

1988 1336 2137 1377 mare
2161 1332 2244 1376 est
2267 1337 2491 1377 mersus.

2064 1413 2121 1465 D.
2154 1412 2302 1466 Pam.
2336 1411 2464 1465 Nos.
2493 1409 2758 1465 Jaauaau.
2785 1436 2859 1450 -
2884 1405 3072 1461 Natale
3101 1404 3240 1459 beati
3282 1404 3405 1469 Titi,
3438 1418 3570 1474 apo-

1990 1508 2241 1559 stolorum
2300 1503 2567 1573 discipuli,
2621 1502 2708 1569 qui
2755 1500 3028 1555 ordinatus
3077 1508 3159 1552 est
3210 1497 3277 1549 ab
3327 1496 3571 1564 apostolo

1998 1599 2163 1653 Paulo
2193 1596 2529 1651 Cretensium
2571 1594 2887 1663 episcOpus;
2918 1591 3004 1645 cui
3054 1588 3263 1659 scripsit
3292 1588 3571 1656 epistolam

1546 1678 1772 1735 EDITIO
1815 1682 2319 1742 BOLLANDIANA.

378 1773 444 1827 ι).
483 1772 630 1841 Apud
666 1769 994 1844 Antiochiam
1014 1767 1211 1844 _pass_io
1244 1767 1304 1844 8.
1331 1772 1355 1800 ⁸
1388 1765 1577 1844 Ιξῐάοτὶ
1611 1769 1879 1844 Episcopi.
1917 1784 1962 1841 Β
1988 1787 2071 1831 est
2098 1789 2410 1844 suspensus,
2451 1780 2505 1827 et
2549 1786 2669 1826 cum
2713 1768 2861 1839 jussu
2906 1766 3241 1836 imperatoris
3284 1780 3472 1822 secare
3517 1772 3575 1822 et

310 1845 375 1898 Et
403 1846 454 1897 in
482 1836 647 1897 Ponto
694 1842 908 1895 civitate
939 1839 964 1878 δ
1012 1839 1194 1910 Tomis
1232 1839 1387 1910 trium
1421 1836 1665 1910 fratrum,
1698 1836 1880 1910 Argei,

311 1914 541 1968 Narcissi
570 1922 625 1967 et
668 1910 977 1972 Marcellini,
1011 1908 1160 1979 pueri
1201 1924 1213 1960 :
1246 1909 1335 1973 qui
1382 1908 1481 1961 sub
1514 1907 1716 1963 Licinio
1743 1907 1885 1979 priu-

310 1986 427 2051 cipe
477 1986 615 2037 inter
671 1982 883 2051 tirones,
914 1978 1354 2051 comprehensus,
1402 1979 1667 2051 intersione
1696 1984 1886 2051 Amaris

314 2047 682 2122 martyrizatus
712 2061 813 2122 est.
845 2050 904 2122 Cf.
928 2049 1015 2122 κγ.
1058 2047 1740 2122 HierosolymaStepliani,
1774 2054 1884 2105 illa-

314 2123 421 2177 cati
446 2117 686 2189 Alibatis,
716 2121 895 2174 Isidori
926 2118 1192 2187 Episcopi.
1233 2118 1298 2172 Τ.
1329 2117 1528 2172 Eodem
1560 2118 1643 2173 dic
1671 2121 1887 2189 deposi-

317 2193 391 2247 tio
417 2193 478 2249 B.
506 2194 712 2246 abbatis
741 2200 764 2228 °
791 2190 1022 2244 Macarii.

382 2279 435 2334 5.
460 2280 618 2333 -111
650 2278 779 2334 NON.
814 2278 994 2331 Romae
1035 2272 1192 2330 nat.d
1224 2276 1448 2330 Anteros
1480 2292 1625 2347 papa:
1651 2287 1704 2333 et
1730 2290 1885 2336 mart.

312 2372 402 2444 qui
428 2371 706 2426 duodecim
738 2385 907 2423 annos
956 2368 1093 2422 rexit
1145 2368 1460 2434 Ecclesiam,
1486 2378 1539 2422 et
1591 2373 1641 2425 in
1695 2388 1892 2430 cmme-

317 2465 451 2519 terio
478 2464 669 2517 Calixti
703 2463 941 2529 sepultus
966 2470 1049 2514 est
1081 2461 1161 2513 via
1206 2458 1399 2529 Appia.
1452 2463 1648 2518 Eodem
1680 2466 1767 2521 die
1797 2468 1893 2523 Pa-

316 2554 474 2609 risius
508 2562 530 2589 °
561 2552 843 2607 Genovefte
866 2551 1103 2621 virginis.

388 2646 575 2699 Florus
621 2645 672 2699 iu
722 2643 875 2699 A.T.
926 2644 985 2697 Ι..
1034 2642 1213 2696 addit:
1248 2642 1377 2707 Qua:
1428 2643 1478 2696 in
1528 2658 1749 2712 corpore
1804 2662 1897 2715 po-

319 2735 417 2787 sita
450 2746 649 2787 tantum
679 2734 730 2788 in
761 2732 955 2787 virtute
985 2732 1296 2802 praevaluit,
1352 2741 1409 2787 ut
1438 2744 1702 2787 mortuum
1733 2736 1900 2790 susci-

324 2836 479 2879 taret.

393 2915 578 2971 Florus
609 2914 660 2969 in
693 2917 757 2968 Α.
789 2913 851 2968 Τ.
886 2912 949 2970 L.
978 2911 1033 2966 ln
1074 2912 1289 2967 civitate
1331 2913 1559 2967 Auclara
1590 2913 1799 2986 [Potius
1847 2917 1899 2972 in

321 3007 535 3060 civitate
588 3000 811 3074 Auloua]
843 3005 1018 3072 passio
1041 3002 1101 3057 S.
1132 3002 1271 3056 Petri
1310 3000 1327 3039 ί
1364 3002 1449 3069 qui
1480 3006 1763 3059 crutzilixus
1817 3017 1898 3062 est

321 3097 420 3150 sub
441 3096 751 3149 Maximiano
775 3096 1114 3164 imperatore.
1142 3094 1258 3161 lpso
1283 3093 1369 3149 die
1397 3096 1569 3162 passio
1590 3105 1613 3141 8
1647 3096 1894 3151 S.'I‘lieoo

323 3190 473 3259 genis
506 3188 591 3255 qui
616 3186 973 3255 prrecipitatus
1005 3194 1085 3238 est
1115 3185 1165 3237 iu
1185 3185 1318 3237 mari
1352 3195 1587 3252 tempore
1617 3185 1803 3239 Licini.
1834 3188 1900 3241 Et

326 3278 513 3333 natalis
545 3275 571 3314 δ
604 3276 759 3331 Potiti
787 3277 874 3346 qui
920 3278 1018 3330 sub
1047 3276 1313 3329 Antonino
1359 3276 1679 3344 imperatore
1730 3281 1902 3347 primo

325 3370 549 3425 fustibus
582 3384 751 3423 caesus
793 3378 904 3432 est;
937 3368 1129 3422 deinde
1174 3382 1387 3421 carcere
1418 3368 1679 3432 inclusus,
1714 3386 1904 3438 magno

324 3462 562 3530 pondere
612 3458 739 3515 ferri
776 3459 1091 3523 damnatus;
1131 3456 1269 3511 unde
1310 3456 1530 3511 eductus
1568 3459 1618 3513 in
1660 3461 1902 3515 eculeum

1990 1867 2212 1922 canibus
2243 1864 2506 1933 projicere
2537 1862 2738 1916 vellent
2766 1875 2888 1913 eum
2935 1858 3133 1911 milites
3154 1900 3169 1924 ,
3220 1864 3438 1924 tangere
3468 1872 3573 1911 non

1992 1963 2254 2022 poterant.
2283 1952 2406 2006 Inde
2426 1952 2606 2020 jussus
2638 1960 2715 2003 est
2750 1948 2867 2017 frigi
2900 1949 2951 2001 in
2982 1950 3270 2015 sartagine,
3302 1946 3573 2017 frixusquo

1991 2046 2208 2116 plumbo
2238 2042 2582 2112 superfundi;
2614 2050 2795 2110 postea
2823 2053 2946 2094 vero
2986 2038 3105 2103 palo
3132 2037 3304 2092 ferreo
3330 2042 3464 2093 fixus
3489 2048 3573 2093 est

1993 2152 2022 2191 ιι
2045 2136 2220 2200 capite
2250 2148 2417 2203 usque
2447 2137 2718 2186 deorsum.
2748 2130 2865 2196 Quo
2891 2129 2956 2181 ab
2977 2129 3165 2197 angelo
3190 2137 3425 2197 ereptus,
3455 2128 3575 2198 jus-

1992 2225 2063 2279 sit
2102 2225 2177 2279 illi
2210 2226 2498 2290 imperator
2548 2221 2780 2289 linguam
2827 2216 3065 2271 abseiudi
3113 2228 3167 2271 et
3212 2218 3401 2271 oculos
3427 2234 3575 2272 com-

1997 2314 2176 2384 pungi.
2213 2314 2415 2366 Etcum
2449 2325 2547 2365 ncc
2570 2310 2646 2363 sic
2671 2308 2806 2362 vinci
2850 2320 3047 2377 posset,
3083 2306 3265 2378 jussus
3294 2317 3375 2363 est
3406 2308 3581 2377 capite

1999 2406 2179 2476 plecti,
2213 2420 2335 2459 cum
2365 2412 2514 2459 esset
2547 2401 2800 2455 tredecim
2830 2414 3088 2453 annorum
3128 2414 3279 2468 puer.

2071 2508 2133 2560 A.
2164 2505 2217 2559 In
2250 2520 2383 2573 pago
2413 2514 2590 2557 autem
2626 2498 3026 2573 Viromandensi
3059 2499 3293 2553 inventio
3332 2500 3575 2573 corporis

2004 2577 2062 2631 Β.
2096 2572 2299 2641 Quirini
2325 2572 2354 2613 κε
2394 2576 2548 2628 Mart.
2595 2575 2661 2625 ab
2704 2572 2870 2638 Eligio
2898 2572 3179 2638 episcopo,
3222 2583 3273 2623 et
3307 2572 3583 2623 translatio

2004 2650 2185 2715 ipsius.
2220 2646 2423 2699 Etenim
2456 2658 2649 2711 corpus
2672 2644 2913 2715 ejusdem
2941 2642 3188 2708 martyris
3208 2654 3325 2715 pro,
3343 2650 3586 2706 tempore

2007 2711 2056 2771 iit
2088 2719 2308 2770 secretis
2340 2717 2466 2769 locis
2510 2714 2819 2780 repositum,
2865 2711 2970 2763 illic
3001 2726 3028 2762 a
3063 2712 3266 2777 populis
3297 2712 3383 2761 diu
3413 2726 3575 2764 νοτυς.

2005 2788 2218 2841 rabatur
2258 2784 2345 2838 ubi
2375 2801 2477 2837 non
2510 2792 2644 2837 crat.
2680 2784 2859 2850 Itaque
2890 2782 2946 2834 S.
2976 2781 3176 2848 liligius
3221 2780 3400 2832 dixioo
3448 2792 3578 2833 nutu

2006 2860 2320 2925 instigatus,
2354 2856 2631 2922 quaesitum
2686 2862 2847 2925 nocte
2898 2852 3096 2917 repetit
3145 2866 3159 2903 :
3208 2850 3583 2925 pet-[oramque

2006 2921 2207 2980 tumulo
2240 2921 2439 2979 tantum
2476 2936 2670 2987 lumen,
2715 2924 3003 2975 comitante
3047 2922 3376 2986 permaxima
3404 2921 3585 2973 odoris

2005 2998 2313 3067 fragrantia,
2348 3012 2410 3048 ex
2448 3009 2533 3067 eo
2581 2994 2831 3067 manavit,
2883 3001 2939 3043 ut
2983 2992 3363 3067 obscuritatem
3410 2992 3581 3067 noctis

2007 3068 2057 3120 in
2089 3060 2328 3133 magnam
2358 3065 2460 3119 diei
2488 3065 2781 3116 claritatem
2810 3069 3055 3133 mutaret.
3086 3060 3365 3133 Sicquede
3399 3062 3585 3114 tellure

1926 3143 1971 3204 (Ἰ
2001 3131 2262 3191 ciuitatum
2285 3136 2622 3197 exusculans,
2646 3150 2763 3185 cum
2792 3148 2856 3185 ex
2889 3131 3097 3183 maxilla
3123 3146 3238 3197 ejus
3266 3132 3454 3183 dentes
3484 3147 3579 3204 pro

2004 3207 2235 3275 reliquiis
2267 3205 2521 3267 auferret,
2552 3204 2619 3256 de
2665 3203 2841 3275 radice
2880 3216 3065 3254 eorum
3111 3210 3261 3267 gutta
3311 3201 3587 3269 sanguinis

2004 3279 2190 3331 exivit.
2213 3275 2481 3342 Scriptum
2521 3275 2571 3326 in
2602 3274 2765 3343 gestis
2796 3274 2934 3341 ejus.

2073 3366 2125 3419 4.
2152 3365 2277 3419 -11
2304 3380 2430 3418 nos.
2465 3362 2628 3417 Vacat
2661 3363 2838 3417 Baeda.

2082 3460 2146 3514 D.
2172 3460 2375 3514 Natalis
2408 3459 2466 3513 Β.
2495 3456 2622 3528 Titi,
2655 3456 2745 3527 qui
2785 3456 3063 3512 ordinatus
3111 3464 3195 3512 est
3238 3457 3305 3514 ab
3351 3457 3593 3528 apostolo

1725 3549 1936 3605 SMITII
1978 3550 2208 3606 NOTAE.

399 3651 425 3680 ι
456 3641 665 3697 lsidori.
716 3639 1154 3709 Martyrologium
1206 3639 1514 3710 Hieronymi
1562 3655 1591 3694 a
1646 3641 1904 3696 Daclierio

326 3713 526 3769 editum
560 3713 914 3777 :Antiocltiae,
962 3710 1189 3765 Sil'itlllni
1234 3710 1468 3777 episcopi
1511 3712 1750 3777 ejusdem
1781 3714 1900 3766 loci.

330 3785 586 3839 Baronius
608 3790 783 3835 tamen
817 3782 866 3836 in
909 3783 1045 3833 notis
1082 3782 1146 3832 ad
1190 3781 1639 3849 Martyrolwgioin,
1687 3785 1760 3834 ait
1814 3783 1906 3835 lsi-

329 3854 539 3916 dorum,
570 3854 661 3920 qui
710 3866 830 3904 cum
875 3851 1120 3905 Siritono
1175 3850 1481 3919 ilierOuymi
1528 3854 1734 3905 videtur
1781 3868 1903 3907 esse

328 3923 491 3986 idem,
510 3935 836 3990 nequaquam
857 3924 1245 3975 Aotioclienum
1259 3922 1564 3988 episcopum
1582 3922 1764 3981 fuisse.
1782 3923 1906 3977 licet

330 3992 627 4047 Antiochiae
657 4005 841 4056 passus
893 3994 1165 4058 prodatur.
1212 3990 1470 4061 Eusebius
1497 3993 1661 4055 enim,
1695 3995 1784 4061 qui
1813 4008 1904 4047 re-

332 4074 516 4117 censet
559 4074 747 4117 omnes
796 4061 1157 4115 Antiochenos
1204 4060 1501 4129 episcopos.
1535 4060 1735 4116 nullum
1793 4065 1910 4129 ejus

334 4133 566 4187 nominis
596 4134 776 4198 ponit,
808 4132 945 4184 sicut
989 4145 1086 4184 nec
1136 4129 1469 4198 Nicepliorus
1510 4130 1778 4188 Callistus.
1807 4133 1911 4188 Ga-

334 4204 554 4257 lesiuius
595 4202 830 4256 affirmat
880 4201 1019 4255 hunc
1063 4200 1131 4255 ab
1167 4200 1343 4269 impiis
1391 4200 1602 4255 Arianis
1651 4205 1909 4257 occisum.

336 4270 450 4325 Hoc
478 4274 636 4326 etiam
684 4272 771 4325 die
798 4270 1101 4326 celebratur
1150 4272 1289 4324 alius
1327 4272 1561 4326 Isidorus
1592 4271 1775 4329 Nitriae
1804 4275 1915 4342 epi-

334 4356 547 4410 scapus.

407 4411 435 4451 δ
488 4410 682 4467 Tomis.
743 4410 1003 4467 Nonnulla
1076 4410 1353 4481 martyrol.
1431 4420 1652 4466 narrant
1722 4412 1912 4468 fratres

335 4482 436 4537 hos
464 4486 675 4537 easdem
710 4497 893 4548 pugnas
932 4481 1167 4535 dedisse.
1217 4470 1481 4548 'i‘leraque
1525 4498 1650 4535 vero
1680 4488 1910 4552 produnt
1943 4470 1992 4530 Ι)

337 4568 524 4607 omnes
551 4553 763 4619 quidem
793 4567 975 4619 passos
1000 4567 1141 4616 esse,
1173 4553 1268 4604 sed
1301 4553 1660 4604 Marcellinum
1701 4564 1902 4606 tantum

338 4624 390 4678 in
430 4638 576 4677 mare
606 4633 954 4691 mersutn;_et
977 4636 1145 4691 sane,
1168 4623 1457 4675 secundum
1491 4622 1759 4691 Martyrol.
1804 4623 1912 4677 lio-

340 4709 553 4747 manum
599 4691 831 4753 Baronii,
884 4689 1071 4744 fratres
1104 4690 1393 4746 Marcellini
1424 4693 1601 4759 gladio
1626 4689 1907 4761 perempti

339 4774 478 4818 sunt.
516 4762 821 4832 liierooynii
852 4761 1123 4832 Martyrol.
1169 4764 1408 4829 proximo
1437 4763 1524 4817 die
1565 4767 1662 4818 ltos
1710 4780 1913 4816 memo-

341 4844 423 4888 rat
446 4846 650 4902 passos.

415 4899 460 4943 θ’
492 4900 766 4955 Macharii.
816 4899 1183 4956 Alexandrini.
1244 4901 1360 4956 Fuit
1412 4902 1572 4957 etiam
1619 4901 1754 4957 alius
1809 4903 1916 4957 Ma-

340 4973 554 5026 cbarius
584 4971 882 5043 Aigyptius,
907 4972 995 5038 qui
1020 4972 1334 5041 simpliciter
1362 4971 1643 5043 Egyptius
1676 4975 1918 5027 nomina-

344 5054 427 5097 tus
450 5053 551 5096 est.
600 5041 675 5094 De
706 5043 981 5096 Macltariis
1010 5044 1130 5095 vide
1170 5043 1364 5097 Bullini
1421 5041 1559 5098 Eccl.
1595 5045 1728 5097 llist.
1753 5060 1811 5110 ιι,
1859 5045 1914 5098 4.

344 5116 553 5168 Sperat.
585 5125 656 5175 tv,
692 5115 776 5176 l8,
802 5118 857 5165 et
882 5116 1163 5166 Sozomcn.
1198 5128 1271 5178 u',
1308 5115 1392 5168 15.

413 5180 441 5219 ἀ
476 5184 707 5234 Anteros.
741 5183 835 5236 llic
861 5192 1005 5249 gesta
1058 5193 1348 5252 martyrum
1390 5185 1674 5252 diligenter
1701 5200 1729 5237 a
1762 5194 1918 5239 nota-

345 5254 439 5306 riis
464 5251 770 5321 exquisivit,
794 5263 846 5305 et
873 5267 923 5304 tit
947 5254 1169 5306 ecclesia
1198 5251 1514 5317 recondidit,
1540 5268 1755 5323 propter
1779 5257 1919 5322 quod

343 5340 374 5376 a
405 5324 637 5395 Maxiuui
663 5323 912 5395 praelecto
931 5323 1199 5395 martyrio
1230 5337 1512 5379 coronatus
1541 5329 1922 5395 est,imperan-

345 5402 397 5446 te
427 5394 732 5466 Maximino.
768 5392 897 5446 Vide
929 5393 1099 5466 Baeda:
1129 5394 1459 5466 Qlirotiicon,
1475 5406 1529 5450 et
1547 5392 1923 5466 tittirtyroliigia

343 5466 544 5517 omnia.
579 5464 839 5517 Eusebius
868 5473 1041 5517 tamen
1066 5465 1117 5516 in
1147 5464 1279 5517 llist.
1310 5480 1390 5527 tv,
1441 5465 1476 5519 2
1497 5472 1530 5529 l,
1566 5470 1639 5519 ait
1668 5464 1921 5523 Anterota

348 5539 713 5602 pouttttcatum
762 5536 1083 5601 suscepisse,
1135 5548 1256 5587 cum
1312 5534 1611 5589 Gordianus
1656 5537 1707 5590 iu
1759 5538 1924 5591 Maxi~

349 5607 478 5656 :uifii
502 5608 672 5657 locum
705 5608 1084 5669 successisset;
1126 5621 1222 5657 nec
1248 5606 1525 5659 duodecim
1557 5609 1711 5661 anuis
1740 5610 1925 5663 Eccle-

349 5675 481 5795 ⁸1.ιηί
516 5676 733 5799 νοῗιεδρ,
781 5676 871 5730 sed
923 5678 1059 5729 intra
1102 5676 1300 5731 mensis
1349 5686 1578 5745 spat‘utu
1625 5680 1927 5735 sacerdotio

354 5758 450 5799 rer
474 5761 571 5799 unc
598 5759 705 5798 uin.

354 5758 705 5813 pertunctuut.

2086 3653 2109 3680 ⁶
2144 3642 2426 3707 Genoveftt’.
2481 3642 2608 3707 Quae
2647 3656 2674 3693 a
2728 3640 2884 3694 beato
2932 3640 3201 3695 Germano
3249 3639 3461 3695 Christo
3508 3643 3591 3697 di-

2009 3725 2126 3766 cata
2170 3714 2493 3766 admirandis
2542 3712 2823 3765 virtutibus
2869 3712 2975 3764 late
3003 3713 3199 3764 claruit
3227 3719 3282 3763 et
3312 3727 3476 3779 usque
3518 3716 3585 3768 ad

2010 3787 2276 3853 octoginta
2308 3799 2475 3838 annos
2502 3783 2555 3836 itt
2578 3783 2792 3853 Christi
2822 3788 3081 3853 servitute
3125 3786 3421 3835 consenuit.
3451 3784 3587 3847 Ano,

2012 3851 2249 3909 Usutno.
2294 3854 2537 3909 No'ntsn.
2573 3852 2703 3906 Vide
2737 3851 2905 3904 Vitam
2937 3852 3052 3918 ejus
3081 3854 3220 3919 apud
3251 3852 3491 3907 Bolland.
3536 3864 3592 3909 et

2011 3924 2062 3977 iii
2095 3924 2401 3990 Appenilice
2431 3928 2495 3975 ad
2531 3924 2737 3975 [laedam
2767 3922 3185 3975 tjltilllctiauum.

2088 3993 2105 4031 ί
2144 3989 2305 4047 Petri.
2331 3994 2621 4062 Apselami,
2654 3993 2765 4045 sive
2810 3992 3058 4053 Balsauii,
3088 3992 3189 4045 orti
3215 4005 3279 4045 ex
3306 3989 3419 4045 vico
3442 3992 3587 4049 Anea

2014 4065 2220 4131 inagro
2267 4064 2826 4130 Eleutlteropnlitano;
2871 4062 2957 4126 qui
2988 4065 3186 4115 Severo
3236 4063 3462 4129 praeside
3505 4065 3590 4132 ju-

2018 4138 2177 4188 beute
2206 4147 2517 4203 suspensus,
2565 4132 2775 4201 ungulis
2806 4132 3100 4203 laceratus,
3149 4131 3377 4198 denique
3407 4136 3584 4189 cruci-

2018 4206 2151 4257 fixus
2174 4218 2273 4268 εει,
2303 4201 2380 4257 vel
2405 4204 2582 4273 gladio
2612 4203 2939 4273 interfectus,
2968 4209 3028 4255 ut
3058 4201 3357 4273 ilrabanus,
3386 4205 3465 4257 vel
3499 4221 3588 4257 ro-

2018 4290 2117 4339 go,
2162 4272 2527 4342 consumptus,
2561 4283 2616 4326 ut
2650 4272 2908 4326 Eusebius
2962 4282 3143 4325 narrat
3188 4272 3240 4326 iu
3290 4274 3469 4327 ltbello
3522 4275 3590 4328 de

2020 4345 2336 4411 Martyribus
2367 4344 2665 4409 PaleStinte,
2696 4358 2813 4411 cap.
2850 4342 2934 4396 10.
2960 4342 3236 4398 llrabanus
3260 4344 3401 4399 hunc
3431 4345 3594 4400 refert

2018 4418 2084 4468 ad
2114 4418 2255 4468 d.em
2288 4420 2603 4483 proximum.

2090 4494 2115 4531 ε
2151 4482 2444 4555 Theogenis.
2490 4486 2589 4552 Qut
2624 4484 2721 4538 fuit
2749 4483 2887 4539 ﬁlius
2914 4484 3170 4552 episcopi,
3202 4482 3593 4555 perductusque

2012 4557 2078 4609 ad
2112 4554 2379 4609 tribunum
2410 4556 2747 4609 Ziltcentium
2780 4564 2833 4609 et
2864 4556 3200 4620 praepositum
3228 4554 3592 4619 Posidonium,

2015 4628 2187 4692 primo
2218 4630 2354 4681 inter
2382 4639 2614 4695 quatuor
2646 4634 2794 4694 patos
2818 4635 3019 4695 tensus,
3040 4623 3264 4676 fu5tibus
3290 4639 3462 4677 caesus
3483 4640 3586 4689 est,

2013 4697 2280 4750 deindein
2313 4694 2583 4751 carcerem
2615 4698 2835 4756 ιιιὶδηυε,
2867 4706 2925 4745 ut
2954 4694 3022 4746 ibi
3055 4696 3227 4757 pretiis
3254 4702 3307 4745 et
3330 4696 3593 4748 l'aiuemo-

2016 4782 2253 4831 reretur;
2282 4766 2351 4820 ibi
2384 4775 2557 4819 autem
2586 4781 2614 4817 a
2658 4771 2844 4817 sancto
2886 4764 3085 4831 Spiritu
3132 4764 3474 4830 pascebatur;
3525 4765 3594 4821 ad

2017 4836 2254 4889 ultimmu
2282 4842 2331 4889 iu
2362 4839 2491 4889 mari
2517 4836 2793 4888 demersus
2816 4843 2926 4895 est,
2959 4848 3115 4899 quem
3152 4833 3417 4900 Eutyclies
3440 4876 3453 4898 ,
3490 4836 3593 4889 Eu.

2016 4908 2267 4971 Statltius,
2302 4907 2536 4968 Zoticus,
2560 4915 2609 4958 et
2634 4904 2722 4957 alii
2748 4919 2813 4957 ex
2859 4903 3110 4956 fratribus
3135 4904 3202 4956 de
3244 4904 3372 4955 mari
3405 4906 3597 4960 tollen-

2020 4986 2099 5028 tes
2136 4980 2461 5043 sepelierunt
2504 4976 2653 5043 juxta
2687 4988 2869 5026 muros
2903 4976 2952 5026 in
2999 4975 3118 5025 villa
3169 4975 3457 5027 Adatuanti
3514 4978 3599 5030 vel

2019 5042 2241 5099 Atnandi
2283 5042 2669 5115 religiosissimi
2726 5044 2823 5096 viri
2864 5044 2915 5097 iu
2975 5042 3251 5115 hypogzeo.
3296 5043 3424 5115 Vide
3473 5045 3592 5114 ejus

2020 5124 2148 5171 Acta
2178 5119 2315 5182 apud
2341 5112 2584 5170 Botlond.
2612 5116 2889 5168 llrabanus
2912 5125 2964 5168 et
2987 5114 3246 5167 Notkcrus
3263 5112 3329 5166 ad
3354 5130 3386 5165 ιι
3412 5112 3590 5169 Nonas

2020 5186 2141 5240 Jan.
2172 5202 2291 5239 eum
2326 5188 2580 5243 referunt.

2096 5254 2121 5292 ιι
2153 5254 2337 5311 Potiti.
2387 5258 2515 5311 Vide
2542 5257 2658 5324 ejus
2696 5257 2826 5310 Acta
2864 5253 3003 5323 apud
3052 5254 3288 5311 Bolland.
3320 5270 3411 5309 xm
3445 5253 3586 5322 Jan.,

2022 5342 2128 5396 quo
2157 5328 2244 5380 die
2272 5328 2464 5381 colitur
2490 5328 2636 5395 juxta
2662 5325 3087 5392 Martyrologium
3123 5326 3352 5379 baronii.

2102 5395 2117 5433 ί
2155 5398 2382 5463 Quirini.
2428 5399 2641 5451 Rectius
2670 5398 2923 5464 Quintilii.
2970 5394 3093 5448 llaec
3118 5404 3201 5451 est
3240 5396 3471 5451 Stcunda
3519 5396 3568 5450 itt

2366 5437 2382 5453 σ
2428 5415 2641 5451 ιιεοιιιιε
2670 5415 2923 5453 υιιιιιιιιιι.
2970 5415 3093 5448 "EBG
3118 5415 3201 5451 εει
3240 5415 3471 5451 5101111αὲ
3519 5415 3599 5450 ΙΙΙ·

2026 5473 2204 5521 ventio
2256 5471 2495 5535 corporis
2535 5468 2691 5535 hujus
2737 5468 2927 5520 sancti.
2984 5467 3115 5520 Nam
3161 5467 3259 5520 sub
3309 5466 3597 5521 Maximino

2028 5540 2334 5607 Martyrium
2360 5553 2570 5607 passus,
2603 5548 2658 5591 et
2684 5538 2734 5591 in
2757 5540 2987 5591 Semona
3018 5539 3071 5607 11.
3115 5538 3329 5605 plumbo
3375 5537 3596 5592 immer-

2027 5622 2118 5662 sus
2147 5606 2234 5661 diu
2268 5608 2437 5662 latuit.
2481 5607 2717 5662 Tandem
2757 5621 2953 5674 corpus
2999 5606 3116 5675 ejus
3163 5608 3433 5662 inventum
3488 5610 3601 5662 col-

2031 5682 2265 5732 locatum
2294 5688 2377 5733 est
2404 5677 2471 5733 ab
2512 5679 2737 5733 Eusebia
2780 5685 3019 5747 matrona
3067 5680 3118 5730 in
3167 5678 3427 5747 superiori
3479 5680 3600 5733 loco

2034 5749 2395 5818 praeminentis
2450 5748 2668 5820 oppidi,
2715 5746 2857 5817 quod
2901 5748 3192 5819 antiquitus
3236 5746 3472 5818 Augusta
3501 5747 3605 5807 Ve-
