4240 6528
434 358 543 415 805

1575 354 1765 410 SECT.
1812 355 1874 408 ll.
1923 383 1988 393 -—-
2027 351 2602 407 MARTYROLOGIA.

3607 358 3714 414 806

1728 470 1952 524 ElltTlU
1989 467 2456 523 CULON‘IENSIS.

436 577 673 635 praesens
705 561 937 631 torqueri
986 570 1039 614 et
1072 561 1121 613 in
1175 561 1347 628 ignem
1395 561 1709 629 pra'cipitari
1743 562 2013 628 jussisset.
2050 577 2097 633 Α
2124 560 2315 613 tiochia
2350 557 2490 612 beati
2518 556 2657 612 Cleri
2686 558 2895 613 diaconi
2923 566 2979 614 et
3005 562 3255 631 martyris
3278 606 3291 632 ,
3321 565 3410 633 qui
3442 574 3564 633 post
3594 569 3713 636 plu-

435 656 602 708 illzrsa
629 653 937 720 permansit.
972 651 1175 705 Deinde
1203 652 1451 706 mamillis
1479 654 1752 718 abscissis,
1781 662 1835 708 et
1860 669 2023 720 squa-

436 748 549 799 lore
577 743 809 798 carceris
834 743 1052 802 afflicta,
1081 757 1244 810 super
1267 753 1427 797 testas
1458 743 1787 798 acutissimas
1815 755 1868 798 et
1901 759 2026 812 pru-

433 849 538 889 nas
565 833 820 896 volutata,
844 845 1006 886 orans
1036 833 1282 898 migravit
1312 833 1377 887 ad
1410 833 1714 890 Dominum.

513 991 577 1045 ϐ.
610 988 697 1042 VII
723 990 836 1043 lous
860 989 978 1044 ΠΝ.
1009 1015 1077 1029 -—
1107 988 1316 1044 Relatio
1348 992 1495 1058 pueri
1518 991 1642 1046 Jesu
1672 1008 1735 1046 ex
1767 992 2018 1063 Egypto.

442 1083 507 1134 lit
537 1081 710 1136 natale
749 1081 917 1134 sancti
959 1080 1175 1134 Luciani
1209 1083 1550 1136 Antiochena:
1596 1084 1844 1137 lictlesite
1877 1099 2022 1151 prcs-

441 1173 610 1242 byteri
639 1181 692 1226 et
741 1173 1010 1240 martyris,
1038 1171 1137 1226 viri
1181 1172 1474 1228 doctissimi
1500 1183 1659 1241 atque
1695 1175 2020 1244 eloquentis-

440 1259 578 1324 simi,
621 1259 708 1328 qui
753 1275 940 1328 passus
986 1270 1068 1313 est
1115 1260 1456 1325 Nicomediae,
1509 1265 1608 1315 snh
1657 1265 2023 1331 persecutione

442 1352 730 1420 Maximini,
761 1354 1107 1423 sepultusque
1139 1353 1450 1423 llclenopoli
1490 1355 1772 1426 Bithynae.
1817 1356 1871 1409 ln
1916 1359 2023 1409 An-

2131 653 2264 705 rima
2291 661 2554 706 tormenta
2579 651 2869 706 decollatus
2899 662 3002 707 est.

2202 745 2265 797 A.
2315 744 2378 797 Vl
2410 743 2528 797 lous
2579 743 2703 796 Jan.
2733 773 2803 784 —
2829 743 3044 811 Neapoli
3076 745 3384 811 Campania!
3416 750 3582 803 sancti
3613 753 3714 806 Se-

2130 832 2298 886 verini
2353 832 2589 900 episcopi
2652 840 2703 885 et
2756 833 3124 898 confessoris;
3183 835 3360 889 fratris
3423 839 3714 894 beatissimi

2130 925 2411 986 Victorini,
2456 925 2738 978 clarissimi
2788 924 2886 977 viri
2936 925 2985 977 in
3037 927 3341 992 miraculis;
3389 933 3476 999 qtti
3521 945 3574 984 et
3604 933 3716 999 ipse

2129 1017 2308 1072 fratris
2356 1018 2611 1080 imitator,
2655 1028 2774 1085 post
2829 1019 3110 1071 multarum
3155 1023 3404 1074 virtutum
3440 1034 3715 1092 perpetra.

2133 1108 2351 1173 tionem,
2402 1109 2679 1162 sanctitate
2711 1109 2897 1176 plenus
2925 1110 3126 1179 quievit
3160 1130 3171 1163 :
3205 1115 3445 1178 sepultus
3478 1117 3529 1169 itt
3572 1118 3716 1185 loco,

2133 1199 2219 1251 ubi
2253 1199 2560 1268 priuSquam
2591 1200 2656 1252 ad
2690 1201 3054 1268 episcopatum
3088 1213 3386 1269 vocaretur,
3422 1223 3720 1261 conversa-

2133 1299 2217 1344 tus
2249 1291 2435 1343 fuerat.
2472 1291 2752 1344 Bellovaco
2783 1301 3090 1346 sanctorum
3124 1305 3438 1366 martyrum,
3493 1298 3716 1354 Luciani

2131 1388 2184 1432 et
2214 1379 2487 1443 Messiani,
2518 1391 2568 1434 et
2610 1380 2872 1435 Timothei
2906 1383 2956 1435 in
2988 1381 3214 1438 Graicia.

1712 1467 1938 1522 EDI'I‘IU
1980 1468 2464 1525 BOLL-lNDIANA

443 1560 665 1628 praeside
696 1569 936 1628 tempore
955 1559 1268 1614 Diocletiani
1296 1567 1350 1612 et
1381 1558 1702 1612 Maximiani.
1734 1559 2025 1628 llucusqtte

443 1651 503 1705 L.
535 1650 632 1716 Qui
679 1649 940 1715 Julianus,
995 1659 1116 1719 post
1165 1649 1369 1718 flagella
1411 1659 1465 1703 et
1492 1659 1804 1703 catenarum
1851 1664 2024 1703 nexus

442 1744 718 1812 variasque
744 1742 1031 1808 torsiones,
1072 1741 1348 1811 przefatum
1375 1757 1617 1811 puerum,
1652 1743 1866 1797 nomine
1895 1741 2021 1796 Cel-

445 1853 582 1903 sum,
630 1836 791 1891 lilium
822 1835 1086 1903 praesidis,
1137 1836 1421 1898 convertit,
1467 1849 1759 1904 eorumque
1791 1845 2024 1904 p08tmo-

442 1929 566 1982 dum
596 1927 844 1982 custodes
873 1936 928 1979 et
957 1933 1180 1979 matrem
1211 1926 1385 1993 pueri,
1440 1940 1663 1980 uxorem
1694 1926 1858 1993 ipsius
1887 1941 2022 1992 prte-

442 2019 592 2074 sidis.
627 2019 813 2072 Postea
847 2032 971 2072 vero
1003 2015 1150 2070 missi
1184 2017 1236 2068 in
1282 2030 1574 2079 carcerem,
1615 2017 1830 2071 cmteris
1863 2018 2025 2071 truci-

444 2110 601 2176 datis,
638 2110 888 2164 videlicet
921 2109 1102 2176 viginti
1132 2107 1391 2162 militihus
1413 2117 1467 2162 et
1497 2119 1702 2177 septem
1728 2111 2021 2179 germanis,

442 2201 687 2256 Julianus
717 2202 781 2255 ad
831 2200 1155 2254 audientiam
1187 2207 1240 2252 et
1269 2212 1388 2251 cum
1423 2199 1528 2252 lilio
1559 2208 1750 2268 mater,
1779 2211 1831 2254 et
1860 2201 2026 2253 Anto-

444 2294 561 2349 nius
590 2294 890 2364 presbyter,
933 2300 986 2346 et
1015 2292 1106 2346 ille
1152 2306 1309 2361 quem
1361 2290 1418 2344 S.
1467 2288 1713 2344 Julianus
1742 2291 1811 2346 de
1855 2304 2027 2347 morte

444 2387 829 2451 suscitaverat,
879 2383 1132 2438 reservati
1189 2394 1332 2437 sunt.
1391 2382 1579 2435 Postea
1627 2383 1786 2450 jussit
1831 2399 2027 2448 praeses

443 2479 504 2534 S.
540 2477 752 2533 Iuliano
802 2486 858 2530 et
900 2474 1058 2530 Celso
1105 2489 1268 2544 puero
1317 2485 1491 2528 cutem
1544 2476 1734 2542 capitis
1784 2474 2024 2538 auferri,

443 2581 633 2627 sancto
667 2583 792 2623 vero
838 2568 1071 2623 Antonio
1123 2569 1434 2636 presbytero
1480 2577 1534 2620 et
1582 2566 1885 2633 Anastasio,
1937 2567 2024 2635 qui

445 2661 733 2715 suscitatus
769 2658 960 2722 fuerat,
1017 2658 1203 2710 oculos
1232 2674 1246 2721 ;
1297 2666 1538 2709 sanctam
1572 2671 1700 2709 vero
1732 2656 2030 2711 Marcianil-

448 2755 556 2807 lam
590 2762 812 2805 matrem
848 2751 994 2817 pueri
1025 2749 1283 2803 Dominus
1303 2748 1543 2802 defendit
1564 2763 1628 2802 ne
1659 2750 1799 2817 tangi
1829 2758 2026 2817 posset.

444 2843 548 2900 Sed
578 2853 695 2912 post
745 2843 867 2896 talia
925 2850 1213 2911 tormenta,
1260 2856 1381 2896 eum
1417 2841 1532 2894 sani
1584 2849 1766 2896 essent
1809 2843 2027 2909 inventi,

446 2936 620 3005 gladio
647 2943 768 2988 sunt
792 2933 1007 2986 addicti.

519 3075 578 3128 L.
613 3075 676 3128 Et
721 3073 985 3142 depositio
1035 3075 1239 3128 Alberti
1292 3076 1528 3143 episcopi
1578 3089 1630 3130 et
1684 3078 2026 3133 confesSnris.

450 3147 509 3198 ll.
541 3147 594 3200 ln
627 3146 896 3198 territorio
931 3145 1181 3200 llemensi
1215 3147 1388 3215 passio
1413 3147 1470 3202 S.
1505 3147 1695 3201 Macra:
1723 3161 1748 3185 υ
1777 3149 2026 3216 virginis:

2131 1574 2249 1639 quas
2278 1560 2498 1626 iubente
2548 1561 2856 1639 Rictiovaro
2886 1564 3129 1639 praeside,
3181 1581 3322 1639 cum,
3347 1567 3395 1620 in
3424 1569 3546 1632 igne
3577 1586 3712 1638 prte-

2130 1633 2342 1696 cipitata
2375 1641 2536 1694 esset,
2566 1633 2859 1698 permansit
2881 1634 3062 1686 illaesa.
3085 1637 3354 1689 llltedonis
3450 1633 3651 1692 stetabu
3683 1643 3708 1678 ι)

2130 1701 2375 1779 episcopi
2409 1713 2461 1754 et
2508 1704 2848 1779 confessoris.
2899 1703 2959 1756 γ.
2984 1704 3045 1757 (Ζ.
3071 1704 3138 1760 Et
3170 1708 3344 1775 passio
3369 1711 3463 1764 SS.
3488 1710 3714 1779 Jaliani,

2137 1781 2188 1822 et
2219 1770 2508 1836 Basilissae,
2533 1780 2587 1825 et
2611 1771 2770 1826 Celsi.

2199 1883 2252 1938 7.
2291 1911 2354 1922 —-
2383 1882 2470 1937 γιι
2523 1882 2658 1937 lous.
2697 1883 2857 1938 Vacat
2888 1885 3065 1942 Baeda.

2200 1973 2388 2028 Florus
2423 1975 2474 2028 in
2502 1975 2629 2029 Mss.
2658 1978 2720 2028 A.
2753 1975 2816 2029 Τ.
2852 1976 2912 2030 L.
2943 1976 2998 2030 In
3029 1977 3334 2034 Nicomedia
3357 1982 3413 2036 S.
3448 1981 3664 2038 Luciani
3686 1995 3708 2024 θ

2129 2066 2424 2138 presbyteri
2454 2084 2466 2119 :
2497 2067 2583 2135 qui
2632 2069 2682 2120 in
2714 2077 2942 2136 quatuor
2972 2079 3053 2122 est
3098 2083 3276 2136 partes
3323 2072 3529 2127 divisus
3555 2092 3570 2140 ;
3601 2075 3712 2130 sin-

2127 2160 2262 2225 gulae
2290 2168 2465 2212 autem
2501 2167 2678 2226 partes
2703 2159 2926 2227 singulis
2950 2159 3211 2228 lapidibus
3235 2162 3459 2230 alligatae
3494 2165 3545 2218 in
3578 2165 3710 2219 mari

2130 2257 2254 2302 sunt
2279 2263 2466 2302 mersa:
2494 2265 2505 2301 :
2554 2264 2688 2318 quas
2721 2249 2829 2303 Deo
2857 2251 3278 2320 redintegrante,
3311 2253 3589 2322 Elenopili
3636 2258 3715 2310 al-

2132 2347 2240 2392 tera
2268 2337 2352 2391 die
2383 2339 2773 2393 consolidatum
2807 2356 3004 2408 corpus
3032 2357 3150 2395 cum
3184 2343 3310 2407 ipsis
3343 2346 3602 2412 lapidibus
3626 2348 3708 2400 in-

2131 2439 2343 2484 ventum
2372 2440 2470 2484 est.
2507 2429 2634 2484 Item
2663 2429 2690 2467 ἀ
2722 2431 2904 2486 clerici
2933 2445 2986 2487 et
3015 2434 3221 2487 diacotti
3247 2435 3583 2502 Antiocheni,
3618 2439 3707 2508 qui

2130 2524 2328 2590 septies
2357 2523 2480 2574 torti
2511 2531 2567 2575 et
2596 2522 2660 2574 de
2691 2537 2906 2577 cat-cete
2936 2524 3202 2592 producti,
3229 2525 3474 2585 decollati
3507 2539 3652 2582 sunt.

2202 2609 2264 2663 D.
2312 2610 2520 2684 Relatip
2564 2612 2720 2684 put-ri
2762 2612 2888 2684 Jesu
2937 2629 2998 2684 ex
3053 2613 3302 2684 Aigypm.
3347 2616 3403 2668 D.
3448 2617 3505 2668 ν.
3557 2619 3616 2670 C.
3652 2619 3706 2673 In

2130 2679 2437 2734 Nicomedia
2474 2680 2531 2734 S.
2564 2681 2776 2734 Ltteiani
2823 2679 3174 2749 presbyteri:
3198 2679 3260 2739 ν.
3293 2686 3351 2740 C.
3382 2687 3435 2739 ιιι
3468 2689 3703 2744 Militana

2130 2753 2340 2806 civitate
2369 2761 2477 2805 nat.
2512 2752 2753 2816 Poliocti,
2787 2751 3036 2820 januarii.

2202 2864 2255 2917 8.
2289 2895 2356 2904 —
2383 2863 2447 2918 Vl
2502 2865 2640 2918 lpus.
2673 2863 2838 2918 Vacat
2865 2863 3038 2918 Baeda.

2206 2956 2392 3010 Florus
2439 2957 2491 3010 in
2525 2957 2590 3010 Α.
2625 2955 2687 3010 Τ.
2720 2955 2782 3011 L.
2834 2957 3091 3011 Belvacus
3134 2958 3349 3014 civitate
3399 2961 3573 3016 natale
3602 2963 3708 3022 SS.’

2138 3060 2160 3087 ο
2192 3049 2406 3103 Luciani
2441 3047 2755 3118 presbyteri,
2791 3047 3117 3114 Maximiani,
3145 3049 3339 3105 Juliani
3371 3067 3658 3123 martyzutn
3692 3073 3706 3109 :

2133 3142 2218 3209 qui
2252 3137 2562 3211 [Lueianus]
2593 3142 2658 3193 ab
2707 3140 2838 3192 urbe
2889 3139 3056 3194 Roma
3103 3157 3371 3210 egressus,
3423 3143 3710 3203 Galliarum

1869 3258 2075 3314 Slll'l’ll
2117 3253 2344 3310 NOTAE.

519 3359 543 3385 ἰ
580 3349 789 3404 Μασηε.
839 3349 998 3402 Passa
1045 3359 1125 3403 est
1168 3351 1218 3402 in
1265 3351 1635 3418 persecutione
1685 3351 2016 3404 Diocletiani.
2049 3352 2095 3414 C
2129 3346 2500 3419 persecutione
2527 3345 2793 3419 Maximini
2844 3346 2894 3397 in
2925 3361 3194 3419 carcerem
3245 3349 3519 3419 conjectus
3544 3365 3623 3408 est
3655 3367 3710 3413 et

448 3423 578 3474 Cum
619 3431 795 3474 autem
825 3423 1079 3474 evasisset
1107 3435 1137 3474 e
1167 3421 1392 3473 flammis
1426 3421 1610 3482 illaesa,
1652 3422 1899 3472 mamillis
1925 3421 2017 3473 ah.

449 3492 626 3546 scissis
658 3500 711 3543 et
733 3492 976 3559 squalore
1000 3491 1228 3543 carceris
1249 3492 1470 3558 anhela,
1500 3505 1658 3558 super
1677 3500 1835 3544 testas
1860 3493 2017 3543 etiam

450 3560 781 3614 acutissimas
829 3575 890 3613 ac
922 3574 1122 3627 prunas
1153 3561 1406 3623 volutata,
1455 3575 1614 3614 orans
1661 3562 1907 3629 migravit
1953 3560 2020 3614 ad

453 3632 752 3686 Dominum.
781 3631 1057 3684 Tutnulata
1083 3638 1165 3684 est
1188 3632 1322 3683 haud
1349 3635 1571 3699 procula
1595 3632 1731 3696 luco,
1755 3632 1838 3683 ubi
1868 3644 2018 3698 passa

449 3712 548 3755 est.
597 3701 908 3754 Celebratur
935 3715 964 3753 a
995 3700 1372 3754 Wandalberto
1413 3717 1467 3754 ιιι
1495 3701 1688 3754 Martii.
1739 3701 1864 3765 Ejus
1902 3716 2020 3753 cor-

452 3788 546 3842 pus
571 3773 881 3825 translatum
912 3779 994 3824 est
1034 3771 1317 3842 aquodam
1353 3771 1663 3838 Lentlulpho
1707 3771 1934 3824 bubulco
1964 3771 2018 3824 in

447 3840 726 3897 ecclesiam
759 3842 1041 3909 quamdam
1072 3840 1130 3895 S.
1163 3842 1393 3896 Martini.
1451 3843 1633 3895 Postea
1666 3841 1745 3894 vir
1790 3856 2012 3894 venera-

453 3913 570 3966 bilis
589 3910 878 3980 Dangullus
905 3911 1119 3965 domum
1135 3911 1466 3978 splendidam
1495 3912 1748 3975 fundavit,
1782 3911 1834 3964 iit
1857 3927 2013 3980 quam

453 3984 509 4038 S.
540 3983 726 4035 Macra:
752 3997 942 4050 corpus
984 3982 1256 4036 transtulit
1301 3997 1358 4036 ιιι
1390 3982 1507 4038 Kal.
1553 3981 1716 4048 Junii,
1762 3991 2018 4050 regnante

450 4054 768 4115 imperatore
794 4065 1001 4104 summo
1029 4051 1240 4106 Carolo.

523 4121 548 4161 b
580 4121 812 4175 Melauii.
866 4121 962 4175 Hic
1005 4120 1104 4174 fuit
1147 4122 1214 4175 de
1245 4124 1489 4191 parochia
1533 4122 1838 4185 Venetcnsi,
1884 4122 2015 4176 etin

452 4193 611 4247 tundo
640 4196 726 4258 qui
761 4193 936 4245 Placio
965 4199 1182 4245 vocatur
1213 4196 1461 4248 nutritus.
1486 4194 1752 4249 Successit
1773 4194 2016 4246 Amando

453 4265 507 4317 in
547 4262 854 4333 episcopatu
887 4262 1245 4333 Bhedonensi,
1295 4276 1350 4318 et
1393 4265 1559 4318 factus
1599 4274 1682 4320 est
1712 4266 1821 4333 regi
1852 4264 2020 4316 Fran-

454 4350 634 4405 corum
664 4332 949 4405 Clodovaao
978 4332 1348 4401 causiliarius;
1382 4345 1697 4405 congregata
1727 4332 1939 4402 quoque
1968 4339 2020 4387 in

460 4404 826 4457 Aurelianensi
851 4403 1064 4456 civitate
1094 4407 1317 4471 synodo,
1371 4403 1526 4472 supra
1559 4413 1785 4458 emteros
1816 4407 2022 4472 episco-

2129 3422 2358 3471 occisus.
2408 3417 2629 3480 Euseh.,
2678 3416 2809 3468 llist.
2843 3431 2918 3481 Ix,
2952 3416 3002 3469 6.
3038 3421 3228 3472 Suidas
3259 3432 3313 3473 et
3349 3416 3567 3479 Simeon
3603 3428 3707 3481 Me-

2133 3489 2426 3556 tapltrastes
2453 3501 2571 3560 eum
2605 3501 2816 3560 passum
2848 3489 3084 3560 scribunt
3110 3491 3208 3541 sub
3235 3490 3576 3560 Maximiano,
3607 3499 3700 3552 sed

2127 3565 2310 3612 contra
2364 3557 2747 3632 auctoritatem
2775 3558 2984 3632 Eusebii
3027 3570 3078 3613 et
3127 3560 3432 3632 Hieronymi
3467 3567 3516 3616 in
3541 3557 3701 3620 Cata-

2130 3629 2597 3708 logoscriptnrum
2617 3627 3120 3708 ΔΙεὶςρΙςεεςὶηξιιοοιῚιιιι
3149 3645 3266 3708 cap.
3302 3627 3386 3697 7'7,
3422 3643 3476 3687 et
3507 3637 3703 3708 Mat-ty-

2131 3706 2240 3770 rol.
2264 3698 2485 3752 Usnardi
2520 3707 2572 3750 et
2605 3699 2825 3752 Adonis.
2876 3699 3053 3752 Genus
3099 3700 3254 3770 hujus
3279 3708 3463 3758 mortis
3493 3698 3702 3764 diverse

2133 3769 2398 3822 traditur:
2453 3770 2589 3821 fame
2612 3776 2666 3820 et
2711 3771 2988 3824 tormentis
3019 3769 3284 3825 mortuum
3335 3775 3492 3828 habet
3537 3778 3700 3832 Meta-

2129 3845 2394 3908 phrastes,
2428 3848 2519 3891 aut
2544 3839 2715 3892 adhuc
2744 3841 3033 3905 Spiranletn
3065 3843 3118 3895 iit
3149 3858 3292 3896 mare
3332 3845 3618 3911 abjectum,
3650 3859 3706 3904 et

2128 3924 2156 3960 a
2188 3911 2440 3975 delphino
2467 3911 2534 3962 ad
2568 3918 2764 3962 terram
2797 3912 3070 3974 delatum;
3107 3913 3346 3967 llul‘linus
3376 3932 3496 3969 eum
3526 3919 3707 3973 decol-

2129 3979 2292 4055 latum
2350 3989 2549 4032 natrat.
2600 3979 2812 4055 Florus,
2864 3980 3145 4055 Notkerus,
3176 3992 3230 4036 et
3258 3986 3340 4035 alii
3385 3985 3438 4037 in
3479 3998 3710 4055 quatuor

2127 4050 2412 4124 dissectum
2441 4063 2616 4118 partes
2642 4053 2900 4124 scribunt.
2932 4052 2984 4124 In
3011 4053 3387 4122 Martyrologio
3410 4050 3706 4124 Gallicam),

2130 4122 2372 4191 Andreas
2398 4124 2695 4191 SaIISsayus
2723 4121 2919 4174 tlicitS.
2949 4120 3161 4174 Lnt-iani
3193 4120 3441 4191 reliquias
3464 4141 3491 4178 a
3515 4120 3709 4184 Carolo

2127 4190 2312 4257 Magno
2346 4190 2868 4265 Arelatutnﬂdelatas,
2900 4193 3279 4265 _:edilicataqtte
3311 4190 3361 4246 in
3391 4195 3506 4265 ejus
3541 4200 3710 4253 hono-

2130 4277 2241 4314 rem
2276 4262 2531 4332 ecclesia,
2569 4261 2674 4313 illic
2717 4261 3016 4314 reconditas
3045 4279 3137 4329 per
3163 4261 3458 4332 'l‘urpinutit
3491 4271 3705 4324 archie-

2129 4333 2400 4400 piscopum
2429 4330 2806 4384 Rhemensem.
2836 4333 3028 4385 -Gra:ci
3057 4349 3179 4387 enm
3210 4330 3390 4390 colunt
3422 4353 3486 4389 xv
3515 4341 3709 4400 Uctob.

2202 4405 2227 4436 ιι
2259 4403 2460 4454 Clerici.
2499 4401 2592 4454 llic
2641 4404 2833 4456 menda
2886 4413 2966 4455 est
3014 4404 3314 4459 manifesta.
3370 4407 3497 4462 Nam
3531 4415 3707 4463 omnia

458 4489 550 4540 pos
581 4473 808 4526 maxime
835 4473 1070 4526 emicuit.
1115 4473 1351 4526 Miranda
1401 4476 1589 4527 mortui
1623 4475 2025 4528 resnscitatione
2057 4483 2106 4541 ι)
2131 4474 2508 4542 ntartyrologia
2544 4473 2740 4526 habent
2779 4475 2879 4527 hoc
2909 4477 3063 4526 modo
3091 4492 3106 4529 :
3157 4477 3438 4530 Antiochia:
3485 4479 3546 4532 S.
3575 4481 3710 4534 Cleri

464 4543 784 4599 Venetenses
824 4543 889 4596 ad
919 4543 1078 4596 tidem
1109 4545 1397 4600 convertit.
1448 4547 1588 4598 Obiit
1615 4546 1755 4597 circa
1782 4559 1869 4596 an.
1893 4543 2020 4597 550.

462 4613 572 4669 Etsi
600 4613 811 4683 quidem
835 4628 888 4683 vt
918 4612 1035 4666 Jan.
1069 4623 1308 4667 mortuus
1335 4615 1556 4675 feratur,
1619 4625 1792 4683 tamen
1827 4629 1931 4666 non
1957 4628 2022 4667 eo

459 4686 566 4749 die,
622 4682 714 4737 Sed
745 4697 799 4736 vr
833 4682 962 4737 Nov.
1005 4685 1056 4735 in
1090 4683 1426 4739 Rhedonensi
1468 4687 1679 4740 ditecesi
1711 4682 1942 4750 colitur;
1975 4692 2030 4736 et

460 4770 587 4808 sane
615 4756 875 4822 appendix
908 4752 1106 4806 Adonis
1145 4767 1237 4806 VIII
1279 4754 1353 4807 Id.
1389 4755 1644 4808 Novemb.
1693 4756 1793 4807 ista
1825 4756 2020 4806 habet:

464 4822 528 4876 lu
556 4821 752 4876 ciuitate
789 4821 1083 4892 Regidonas
1109 4824 1358 4893 depositio
1389 4825 1450 4880 S.
1478 4824 1691 4878 Melanii
1731 4825 1954 4893 episcOpi
1981 4833 2029 4876 et

463 4895 782 4961 confessoris.
835 4895 948 4945 Ado
993 4894 1105 4962 ipse
1135 4910 1280 4959 vero,
1334 4905 1388 4949 et
1419 4896 1573 4948 Baeda
1623 4895 1862 4962 vulgatus
1905 4909 2028 4947 eum

466 4963 625 5034 refert
651 4965 714 5016 ad
748 4978 820 5016 sit
850 4963 1105 5034 Novemb.
1134 4963 1240 5018 Sed
1269 4965 1697 5034 Martyrologium
1726 4965 2022 5018 Carthttsize

469 5031 828 5101 Ultrajectina:
853 5047 973 5087 eum
1001 5033 1216 5087 exhibet
1243 5051 1292 5087 XI
1325 5031 1586 5088 Octobris.
1631 5035 1899 5088 Paschalis
1927 5037 2031 5086 lto-

467 5105 638 5157 bittius
665 5104 751 5170 qui
786 5102 956 5157 Vitam
979 5103 1134 5167 hujus
1157 5104 1340 5168 edidit,
1375 5105 1532 5159 tradit
1572 5106 1707 5158 inter
1734 5106 1856 5168 alia,
1891 5118 2030 5158 anno

468 5188 686 5226 DCCCLIH
740 5187 860 5226 cum
893 5173 1178 5226 Namnetas
1219 5176 1452 5242 populati
1491 5186 1670 5229 8983M.
1717 5175 2027 5239 Normanni,

467 5245 524 5297 ὃ.
557 5243 762 5296 Melanii
808 5257 1001 5312 eorpns
1051 5242 1334 5297 Bituricam
1375 5245 1539 5298 fuisse
1569 5247 1902 5312 deportatum
1932 5261 1942 5295 :
1976 5256 2031 5298 et

469 5315 801 5380 Argentracus
836 5314 968 5367 lhst.
997 5313 1198 5366 Britan.
1231 5328 1306 5377 tv,
1337 5316 1425 5380 16,
1450 5315 1610 5368 tradit
1635 5331 1774 5368 anno
1799 5328 2030 5368 “CCXXXI

467 5385 532 5436 ad
561 5383 1159 5454 Prnlliacuurcastrum,
1193 5384 1348 5453 vulgo
1379 5386 1611 5454 Preulty,
1641 5384 1890 5454 dioecesis
1919 5385 2028 5437 'fu-

470 5455 730 5516 ronensis,
773 5452 830 5506 S.
873 5451 1084 5506 Melanii
1111 5451 1305 5521 corpus
1336 5455 1402 5507 ab
1427 5451 1826 5524 archiepiscopo
1855 5453 2028 5507 Turo-

470 5525 619 5578 nensi
650 5538 768 5576 esse
798 5525 1128 5576 translatum.
1159 5525 1423 5578 llOLunn.

541 5605 562 5630 ο
597 5592 833 5646 Luciam'.
889 5595 982 5646 llic
1012 5593 1109 5646 fttit
1152 5594 1494 5647 Antiochena:
1520 5594 1778 5648 Ecclesia:
1811 5595 2030 5664 presby-

469 5675 568 5726 ter,
601 5666 679 5717 vir
709 5673 922 5729 propter
965 5666 1347 5717 continentiam
1393 5665 1511 5717 vita:
1542 5675 1594 5716 et
1616 5665 1913 5718 doctrinam
1947 5679 2030 5717 sa-

467 5750 673 5786 crarum
707 5733 1102 5799 Scripturarutn
1135 5734 1412 5798 laudatus;
1463 5735 1819 5787 Ninotneiliatn
1866 5737 2030 5787 alidu-

468 5812 600 5868 t-ttts,
633 5803 686 5856 itt
717 5819 814 5872 qua
846 5806 1060 5858 civitate
1109 5803 1396 5874 Imperator
1427 5815 1534 5857 tum
1577 5806 1902 5870 morabatur,
1924 5809 2024 5860 sub

2131 4544 2352 4616 diaconi,
2401 4546 2484 4616 qui
2514 4559 2606 4610 pro
2632 4544 2979 4616 confessionis
3007 4547 3173 4612 gloria
3203 4550 3382 4616 septies
3411 4557 3594 4613 (οι-ιρις,
3650 4569 3711 4604 ac

2127 4613 2180 4665 in
2206 4629 2404 4667 carcere
2431 4615 2520 4666 diu
2563 4624 2873 4675 maceratus,
2913 4615 2981 4665 ad
3007 4618 3239 4668 ultimum
3259 4613 3546 4670 decolletur
3572 4637 3710 4673 mar-

2129 4686 2314 4752 tyrium
2338 4689 2723 4738 consummavit.
2768 4687 3043 4738 Sententia
3079 4697 3238 4754 igitur
3264 4688 3339 4739 sit:
3371 4700 3666 4753 corrigatur
3694 4709 3708 4744 :

2130 4758 2263 4826 Item
2291 4754 2352 4809 S.
2379 4755 2510 4807 Cleri
2532 4756 2736 4826 diaconi
2763 4756 3080 4818 Autiocheui,
3114 4760 3202 4824 qui
3233 4760 3418 4826 septies
3444 4769 3626 4824 lor’us,
3656 4771 3704 4813 et

2131 4824 2194 4875 de
2222 4840 2422 4877 carcere
2449 4825 2726 4892 productus
2752 4826 3031 4877 decolletur;
3053 4837 3142 4878 est.

2205 4903 2228 4930 ε
2258 4894 2490 4968 Lucinui.
2545 4897 2602 4946 S.
2637 4895 2776 4968 Petri
2806 4895 3128 4968 discipulus,
3175 4911 3202 4948 a
3235 4895 3513 4952 Clemente
3565 4899 3703 4968 Papa

2133 4975 2314 5031 postea
2342 4964 2627 5033 adjunctus
2670 4965 2848 5017 socius
2890 4964 3140 5034 Dionysio
3183 4971 3426 5033 apostolo
3477 4964 3710 5024 Parisio-

2133 5050 2269 5106 rum.
2319 5037 2519 5100 Qutbtts
2541 5035 2695 5086 simul
2729 5036 3088 5102 pergentibus,
3132 5051 3248 5089 eum
3279 5037 3427 5106 juxta
3459 5040 3700 5094 Parmam

2133 5105 2394 5157 Luciauns
2440 5107 2860 5172 eVungeltzat-et,
2915 5105 3292 5160 incarceratus
3322 5117 3424 5171 est,
3477 5113 3698 5164 eductus

2137 5183 2314 5247 tamen
2343 5189 2372 5225 a
2397 5174 2714 5247 Christianis
2747 5175 2918 5228 'l'teitti
2951 5178 3276 5243 praedicant,
3326 5180 3518 5232 deinde
3562 5183 3703 5247 apud

2131 5245 2490 5298 Arelatenses.
2538 5244 2882 5313 Tandemque
2930 5252 3146 5299 veniens
3193 5247 3530 5302 Bellovacutn
3581 5244 3704 5305 cum

2131 5316 2292 5368 sociis
2321 5314 2659 5379 Maximiano,
2703 5317 2787 5383 qui
2816 5327 2868 5370 et
2891 5317 3064 5370 dictus
3091 5317 3381 5370 MasStanus
3409 5329 3463 5373 et
3492 5321 3707 5374 Messia-

2133 5400 2232 5438 ntts
2262 5384 2634 5457 etAMaxianus,
2667 5386 2968 5457 etJuliano,
3006 5388 3074 5438 ibi
3110 5389 3515 5454 evangelizavit.
3558 5389 3701 5457 Quo-

2134 5470 2248 5524 rum
2307 5454 2444 5506 fama
2499 5454 2854 5524 adrethnicos
2898 5468 3264 5522 persecutores
3317 5454 3701 5524 perveniente,

2133 5522 2484 5577 Maximianus
2505 5534 2558 5578 et
2573 5523 2596 5577 J
2609 5526 2816 5578 uhanus
2838 5526 3083 5592 prehensi
3108 5529 3276 5594 primo
3289 5522 3535 5582 decollati
3556 5522 3702 5594 sunt,

2133 5596 2323 5647 deinde
2352 5595 2466 5660 ipse
2496 5597 2553 5648 ὃ.
2586 5594 2867 5648 Ltteianus.
2912 5597 3033 5650 llaec
3061 5598 3368 5652 acciderunt
3400 5599 3698 5655 Domitiano

2135 5665 2450 5739 imperante,
2497 5679 2615 5717 cum
2648 5664 2886 5739 Julianus
2917 5666 3222 5736 praefectus,
3253 5683 3355 5723 uon
3386 5670 3703 5739 imperator,

2134 5736 2462 5789 Christianos
2494 5737 2721 5789 vexavit.
