4240 6528
434 342 540 397 309

1560 337 1751 393 SECT.
1794 336 1859 392 11.
1894 366 1965 377 --
2004 332 2566 393 MARTVHOLOGIA.

3600 337 3702 391 Sl‘.)

1703 447 1929 503 EDITIO
1967 446 2437 503 COLONIENSIS.
2850 523 2857 529 .

435 543 701 613 quoddam
750 541 971 605 idolum,
1000 552 1120 594 cum
1170 538 1480 593 exufflasset
1522 539 1575 593 in
1627 539 1775 603 illud,
1807 539 2025 607 signans
2057 543 2102 601 Α
2132 538 2221 592 rit.
2250 536 2404 605 Apud
2434 536 2687 591 Viennam
2712 538 2878 591 sancti
2906 535 3028 591 Veri
3054 535 3312 605 episcopi,
3337 532 3423 606 qui
3457 537 3707 607 prmscdit

434 637 537 693 sibi
591 636 841 696 frontem,
878 632 1056 687 statim
1096 634 1328 695 corruit;
1379 634 1449 686 ob
1477 647 1633 703 quam
1683 646 1896 686 causam
1928 632 2023 685 de-

436 728 663 782 eollatus
704 735 810 780 est.
862 724 1060 778 Eodem
1105 722 1213 791 die,
1252 723 1421 777 sancti
1453 722 1701 777 Arcliadii
1751 712 2019 793 martyris,

438 834 637 888 genere
664 825 717 869 et
742 816 1011 869 miraculis
1043 814 1195 868 clari.

510 910 567 963 F.
601 910 716 963 lous
742 908 861 962 ἄλη.
904 934 974 946 —-
1004 907 1184 959 Romae
1230 906 1311 960 via
1345 907 1601 961 Lavicana
1634 920 1845 961 coronae
1884 906 2023 959 mili-

428 1014 548 1058 tum
581 1004 953 1073 quadraginta,
998 1001 1095 1055 sub
1128 1000 1371 1055 Gallieno
1421 1001 1760 1068 imperatore.
1793 998 2022 1053 l’ictavis

438 1095 605 1149 sancti
645 1094 825 1146 Hilarii
859 1090 1098 1161 episcopi
1126 1098 1181 1145 et
1210 1089 1557 1155 confessoris,
1589 1088 1678 1156 qui
1727 1089 1797 1142 ob
1839 1090 2024 1142 catho-

440 1188 599 1243 licam
652 1185 808 1237 fidem
840 1182 1197 1251 quadriennio
1235 1180 1374 1249 apud
1425 1178 1704 1249 Phrygiam
1739 1178 2023 1245 relegatus,

442 1279 580 1333 inter
606 1274 737 1329 alias
769 1273 996 1327 virtutes
1027 1272 1195 1327 fertur
1222 1270 1365 1340 quod
1414 1278 1678 1324 mortuum
1724 1268 2024 1322 suscitave-

2128 631 2381 686 Ecclesiae
2424 640 2543 699 post
2586 641 2830 684 sanctum
2889 629 3191 684 Evantium.
3241 629 3485 685 Treveris
3541 630 3711 687 sancti

2128 720 2313 788 Agritii
2346 720 2601 788 episeOpi,
2636 727 2690 773 et
2720 728 2907 772 netata
2934 718 3260 787 Epiphanim.

2197 812 2265 865 Ο.
2297 810 2413 864 XIX
2446 810 2687 863 KALEND.
2718 807 2879 862 Feen.
2911 838 2978 847 —
3011 808 3159 877 Apud
3189 808 3372 862 Nolam
3403 808 3710 878 Campaniae

2129 903 2267 957 beati
2322 902 2515 956 Felicis
2568 900 2883 972 presbyteri.
2922 900 3015 955 Hic
3059 916 3087 953 a
3136 902 3453 955 Maximiano
3496 902 3713 955 Nolana:

2133 995 2284 1048 urbis
2312 994 2585 1062 episcopo,
2620 992 2931 1062 presbyterii
2965 991 3165 1046 honore
3197 993 3441 1060 praelatus
3477 1003 3578 1047 est.
3611 992 3713 1059 Qui

2132 1099 2252 1139 cum
2302 1085 2462 1138 multa
2495 1099 2523 1137 a
2557 1085 2772 1153 perfidis
2807 1099 2901 1151 pro
2932 1084 3145 1138 nomine
3193 1084 3389 1138 Christi
3422 1093 3708 1152 pateretur,

2137 1177 2541 1246 volentibusque
2583 1177 2828 1229 omnibus
2874 1175 3114 1243 ejusdem
3148 1176 3314 1242 urbis,
3348 1187 3400 1227 ut
3430 1178 3713 1244 episcopus

2135 1270 2418 1335 levaretur,
2471 1285 2573 1324 non
2616 1270 2920 1334 consensit;
2968 1268 3060 1323 sed
3130 1268 3353 1324 alterum
3400 1269 3601 1338 eligens
3646 1269 3714 1324 ad

1689 1359 1917 1413 EDITIO
1966 1357 2464 1415 BOLLANDIANA.

445 1461 629 1523 fertur,
658 1458 777 1526 quia
800 1456 922 1508 dum
950 1463 1069 1509 ante
1090 1454 1363 1519 cujusdam
1393 1453 1518 1505 idoli
1550 1452 1804 1517 templum
1837 1461 2016 1505 trans-

444 1553 565 1618 iret,
588 1560 640 1602 el
668 1547 807 1600 idem
840 1543 1035 1599 iJolnm
1064 1544 1114 1596 in
1141 1542 1315 1595 fronte
1338 1539 1635 1593 insufflaret
1658 1554 1719 1593 ac
1742 1538 2021 1607 consigna-

445 1649 547 1707 ret,
582 1639 758 1693 statim
808 1635 1105 1697 corruerit;
1146 1633 1299 1701 cujus
1347 1632 1577 1685 cultores
1631 1631 1729 1685 hoc
1782 1630 2025 1684 videntes

445 1733 565 1788 duci
599 1731 803 1792 dicunt,
835 1735 1114 1781 narrantes
1163 1724 1301 1794 quod
1355 1723 1583 1786 fecerat;
1615 1737 1715 1790 qua
1757 1721 1824 1775 de
1865 1734 2023 1775 causa

446 1823 819 1881 decollationis
848 1821 1009 1873 ictum
1040 1816 1268 1886 acrepit.

2142 1452 2329 1507 Florus
2354 1453 2548 1507 ibidem
2579 1472 2590 1505 :
2613 1452 2795 1508 Remis
2813 1452 3073 1521 depositio
3095 1453 3154 1507 S.
3180 1450 3208 1492 δ
3235 1452 3455 1525 Remigii
3479 1450 3718 1523 episcOpi

2139 1555 2188 1597 et
2221 1546 2569 1598 confessoris.
2601 1544 2696 1598 llic
2726 1546 2925 1613 primus
2957 1542 3284 1599 Francorum
3317 1557 3526 1615 gentem
3550 1588 3562 1611 ,
3596 1561 3718 1602 cum

2137 1633 2411 1689 Clodoveo
2444 1635 2679 1703 principe
2710 1649 2895 1687 eorum
2920 1674 2934 1698 ,
2968 1634 3272 1703 baptizavit.
3323 1636 3423 1703 Qui
3471 1636 3723 1704 plurimo-

2135 1743 2251 1781 rum
2298 1726 2675 1780 miraculorum
2721 1725 2891 1794 signis
2937 1740 3244 1790 cornscans,
3271 1726 3523 1794 puellam,
3560 1741 3718 1796 quam

2134 1821 2281 1888 prius
2325 1821 2593 1875 dmmon‘o
2618 1829 2861 1873 vexatam
2892 1829 3204 1885 sanaverat,
3239 1831 3421 1888 postea
3457 1832 3718 1877 mortuam

520 1932 605 1996 V.,
630 1932 684 1984 In
712 1930 903 1984 Achaia
933 1927 1158 1997 Cyriaci.
1196 1923 1371 1997 V.AC.,
1402 1925 1458 1979 ltt
1489 1922 2027 1997 AfricagznticiLRo-
2058 1892 2105 1951 Β
2137 1926 2194 1963 su

2058 1892 2105 1951 Β
2137 1908 2428 1965 suscitavit.
2454 1909 2722 1978 Scriptum
2750 1912 2798 1962 in
2817 1912 2980 1977 gestis
3011 1910 3146 1977 ejus.
3177 1910 3374 1963 Ibidem
3403 1922 3525 1965 ante
3546 1914 3722 1968 omnia

447 1994 849 2074 gati,'Modesti.
883 1994 1224 2061 C.,—Castnli,
1256 1995 1481 2048 Corona:
1512 2005 1566 2048 et
1596 1995 1820 2047 militum
1854 1994 1949 2047 XI.

523 2097 608 2150 l3.
633 2124 704 2135 —
727 2093 914 2146 IDIBUS.
944 2091 996 2143 In
1031 2088 1255 2142 Pictavis
1283 2087 1545 2155 depositio
1571 2096 1594 2121 ⁸
1633 2086 1715 2140 Ilil
1738 2086 1817 2140 irii
1852 2086 2026 2139 l‘icla-

449 2189 626 2243 vensis
676 2186 909 2252 episcopi
960 2191 1015 2236 et
1064 2181 1422 2243 confessoris,
1454 2180 1519 2234 de
1558 2192 1664 2247 quo
1717 2180 1857 2233 inter
1898 2180 2028 2233 alias

454 2279 673 2332 virtutes
702 2275 870 2330 fertur
899 2273 1038 2342 quod
1070 2283 1333 2325 mortuum
1360 2271 1720 2324 snsc'taverit.

524 2367 710 2423 Florus
734 2367 785 2420 in
815 2366 877 2420 A.
904 2366 965 2418 Τ.
999 2364 1084 2432 L.,
1105 2363 1205 2429 Qui
1229 2363 1298 2417 ob
1330 2361 1448 2415 fidei
1478 2362 1753 2415 veritatem
1779 2362 1830 2415 in
1868 2361 2033 2434 Phrya

452 2460 537 2529 gia
582 2474 610 2512 a
648 2457 960 2513 Con5tantio
1003 2456 1325 2523 imperatore
1374 2453 1640 2522 relegatus
1687 2463 1768 2505 est
1814 2453 2035 2507 exsilio.

459 2551 553 2605 Hic
606 2551 860 2604 doctrinis
903 2556 958 2602 et
1000 2545 1270 2601 miraculis
1312 2544 1464 2599 valde
1518 2544 1833 2600 coruscavit.
1885 2546 2028 2600 Idem

2140 2011 2407 2070 pentintur
2431 2042 2443 2063 ,
2478 2008 2680 2052 octavze
2713 1999 3043 2068 Epiphaniae,
3079 2000 3154 2052 vel
3187 1998 3572 2067 Theophanite.

2209 2091 2295 2147 14.
2342 2122 2407 2131 —-
2432 2091 2553 2145 XIX
2583 2091 2716 2145 Kac.
2743 2092 2901 2145 FEBR.
2933 2092 2985 2145 ln
3014 2092 3306 2159 Campania
3338 2102 3448 2148 nat.
3478 2101 3499 2132 ο
3534 2093 3725 2150 Felicis

2138 2183 2434 2254 presbyteri
2466 2191 2520 2238 et
2568 2183 2770 2237 confes.
2801 2182 2868 2239 de
2901 2198 3005 2252 quo
3055 2184 3193 2237 inter
3237 2184 3339 2237 alia
3370 2184 3556 2239 scribit
3588 2185 3725 2241 l’au-

2139 2272 2276 2327 linus
2302 2274 2601 2342 cpiscopus,
2635 2274 2759 2343 quia
2789 2289 2908 2328 cum
2964 2289 2993 2328 a
3037 2275 3474 2343 persecutoribus
3509 2277 3560 2330 in
3605 2291 3725 2332 car-

2139 2381 2262 2421 cere
2290 2367 2617 2427 ntitteretur,
2641 2375 2695 2420 et
2715 2365 2948 2420 cochleis
2971 2380 3032 2419 ac
3056 2364 3267 2420 testulis
3299 2366 3506 2421 vinctus
3534 2380 3723 2437 super-

2144 2457 2346 2524 positus
2379 2455 2604 2525 jaceret,
2638 2471 2732 2524 per
2770 2466 2980 2510 noctem
3010 2455 3076 2509 ab
3113 2455 3301 2525 angelo
3332 2456 3537 2513 solutus
3563 2468 3722 2528 atque

2138 2549 2360 2603 eductus
2382 2550 2468 2603 sit.

1847 2635 2050 2691 SMITH
2087 2638 2318 2694 ΝΟΤίΕ.

534 2737 559 2766 ⁸
591 2726 805 2782 Hilarii.
838 2725 929 2780 Hic
955 2725 1055 2779 fuit
1080 2723 1309 2777 validum
1337 2724 1586 2778 Ecclesiae
1609 2732 1790 2777 contra
1819 2724 2039 2781 Arianos

461 2799 916 2882 propugnaculum
939 2834 957 2857 ,
996 2812 1022 2847 a
1066 2798 1256 2882 quibus
1289 2807 1503 2874 propter
1536 2796 1691 2882 fidem
1720 2798 2037 2882 catholicam

463 2864 514 2924 in
545 2864 749 2939 synodo
794 2867 1081 2919 Biterrensi
1123 2868 1422 2939 damnatus,
1457 2867 1505 2917 in
1536 2864 1820 2939 Phrygiam
1852 2867 2038 2939 abim-

462 2935 708 3010 peratore
733 2939 994 3010 relegatue
1013 2945 1112 3010 est.
1141 2935 1391 3010 [fierique
1412 2937 1653 3010 sentiunt
1667 2935 1866 2987 obitum
1894 2936 2037 3010 illius

462 3004 514 3062 in
543 3012 685 3064 dietn
716 3022 810 3061 xm
841 3004 959 3060 Jan.
994 3009 1115 3057 anni
1147 3004 1246 3057 567
1293 3005 1560 3058 incidisse.
1618 3005 1677 3056 Et
1722 3019 1785 3056 eo
1825 3007 2035 3073 quidem

462 3083 549 3135 dte
580 3084 628 3132 in
666 3080 906 3140 lliernn.,
940 3076 1113 3140 Baeda,
1150 3075 1325 3135 Floro,
1358 3075 1542 3128 codice
1574 3074 1877 3128 Gellonensi
1924 3092 2036 3130 mo-

464 3129 753 3205 riavst’erioia
787 3129 974 3200 Gat'olo
1006 3129 1192 3214 Magno
1236 3129 1381 3206 daio,
1415 3144 1657 3210 plurimis
1686 3146 1832 3197 libris
1859 3129 2033 3199 sacra.
2065 3129 2110 3191 (ἶ

464 3230 787 3282 mentorum,
817 3217 1099 3269 missarum
1145 3225 1301 3281 atque
1341 3216 1684 3269 collectarum
1722 3215 1836 3277 ejus
1875 3215 2036 3283 depo-

464 3293 710 3345 sitionem
744 3290 918 3354 legere
943 3293 1043 3339 est.
1088 3283 1274 3337 Eidem
1300 3285 1539 3352 opinioni
1578 3284 1715 3338 favet
1747 3285 2032 3351 Sulpicius,

464 3363 588 3414 dum
618 3359 872 3412 Hilarium
902 3364 1055 3409 sexto
1072 3370 1211 3407 anno
1235 3364 1510 3423 postquam
1537 3355 1762 3408 redierat
1791 3355 1842 3407 in
1868 3356 2034 3420 patria

461 3433 657 3485 obiissc
684 3428 886 3482 scribit.
920 3426 1025 3479 Sed
1070 3438 1167 3479 nec
1197 3423 1377 3477 Hilarii
1421 3426 1674 3477 memoria
1709 3428 1756 3476 in
1789 3424 2034 3480 omnibus

464 3498 732 3555 veteribus
778 3497 929 3550 libris
969 3495 1344 3549 ecclesiasticis
1378 3494 1445 3546 ita
1477 3495 1816 3562 consignatur
1858 3492 2035 3548 Idibus

463 3569 748 3632 Januariis,
780 3575 836 3619 ut
880 3582 981 3618 non
1010 3566 1171 3618 etiam
1201 3564 1377 3629 aliter,
1411 3573 1530 3630 puta
1559 3576 1645 3617 ant
1673 3566 1771 3616 alia
1798 3562 2034 3620 Januarii

463 3642 569 3703 die,
604 3649 691 3692 aut
717 3651 843 3692 χχιιι
874 3634 1036 3699 Junii,
1069 3644 1159 3686 aut
1197 3633 1447 3688 Kalendis
1474 3633 1860 3687 Novembribus
1893 3637 1941 3688 in
1970 3637 2034 3689 iis

466 3710 746 3764 recolatnr.
780 3707 893 3759 Kal.
924 3705 1183 3758 Novemb.
1218 3705 1268 3756 in
1302 3715 1508 3756 vetusto
1550 3706 1837 3771 exemplari
1867 3708 2038 3760 eccle-

464 3783 556 3835 sia:
581 3781 636 3834 S.
667 3777 869 3833 Gatiani
915 3775 1245 3829 Turonensis
1278 3774 1540 3827 habentur
1576 3775 1805 3843 quinque
1838 3774 2033 3841 missm,

464 3865 685 3913 quarum
708 3849 885 3916 quinta
910 3856 987 3898 est
1014 3845 1079 3897 de
1101 3846 1154 3896 5.
1182 3844 1378 3916 Hilario
1397 3859 1519 3916 _c_nm
1542 3844 1638 3916 hac
1661 3844 2032 3911 inscriptione:

471 3912 656 3972 Eadem
679 3912 862 3988 quippe
881 3918 963 3968 die
982 3915 1271 3988 soletnnitas
1298 3913 1357 3967 S.
1389 3912 1575 3988 Hilarii
1598 3916 1820 3988 episcopi
1840 3924 2038 3988 etport-

468 3985 699 4062 {essoris.
729 3985 1032 4062 Solemnem
1067 3987 1293 4062 aliquam
1318 3985 1730 4062 translationem
1774 3985 2037 4062 liicninlli-

467 4054 577 4113 'cari
610 4062 748 4112 ultro
777 4054 1161 4110 concederetur
1184 4094 1199 4119 ,
1235 4054 1332 4105 nisi
1364 4055 1413 4106 in
1463 4055 1647 4107 codice
1679 4056 1818 4122 regis
1854 4054 2037 4108 Gallia:

467 4131 534 4183 ab
561 4130 713 4181 annis
739 4127 954 4181 circiter
980 4124 1086 4179 900
1106 4127 1325 4187 scripto,
1354 4132 1407 4175 et
1438 4124 1486 4176 in
1514 4125 1825 4191 perantiquo
1850 4125 2035 4177 libaui-

468 4199 642 4254 censis
672 4198 911 4253 ecclesiae
961 4193 1246 4263 pontificali
1295 4208 1398 4247 non
1443 4194 1668 4260 simplex
1707 4194 2034 4258 solemnitas,

468 4271 559 4323 sed
591 4268 767 4331 mttale
799 4267 965 4319 sancti
1010 4263 1191 4317 Hilarii
1226 4263 1479 4316 Kalendis
1521 4265 1723 4317 eisdem
1772 4275 2037 4329 praenota-

470 4348 635 4394 relttr.
671 4339 734 4391 Et
762 4350 883 4390 cum
928 4345 1192 4403 postrema
1224 4335 1322 4386 hac
1367 4336 1587 4400 cpocha,
1620 4335 1663 4387 si
1696 4335 1831 4387 forte
1858 4338 2034 4403 Sulpi.

470 4411 613 4463 cium
657 4406 910 4474 excipias,
954 4406 1109 4474 longe
1158 4403 1344 4456 melius
1390 4418 1547 4468 quam
1594 4418 1712 4455 cum
1757 4406 2035 4471 superiore

2139 2738 2338 2802 tantum
2374 2744 2527 2783 versu
2559 2730 2861 2802 Aattollalur.
2924 2729 3051 2802 Vide
3099 2727 3272 2802 Vitam
3316 2744 3501 2802 novam
3555 2729 3713 2802 hujus

2138 2800 2463 2920 clottfessoris
2506 2800 2700 2853 editam
2734 2812 2858 2853 ante
2901 2801 3187 2853 editionem
3227 2800 3345 2868 ejus
3378 2798 3514 2869 Opp.
3550 2798 3718 2858 Bene-

2139 2885 2152 2919 ί
2179 2880 2416 2920 ιειιηέιῐη.
2618 2892 2621 2893 ⁷

2139 2880 2416 2922 (lteltnam.
2618 2892 2621 2893 ⁷

2209 2938 2235 2976 δ
2264 2939 2496 3009 Remigii.
2532 2939 2677 2993 Alias
2701 2940 2986 2994 Remedius
3009 2939 3211 3003 dictus;
3237 2938 3488 2993 defuncto
3512 2940 3717 2995 Benne-

2141 3007 2253 3074 dio,
2286 3007 2487 3079 rapitur
2512 3013 2575 3063 ad
2600 3012 2964 3079 episeopatutn
2988 3009 3348 3063 llbemcnsem
3371 3025 3539 3064 annos
3566 3024 3724 3067 natus

2141 3078 2322 3147 viginti
2378 3078 2529 3132 duos.
2591 3078 2703 3133 ne:
2751 3080 3122 3141 Chlodovcns,
3159 3081 3296 3132 inter
3342 3081 3720 3145 baptizandum

2149 3149 2443 3202 Ludovicus
2491 3149 2684 3209 dictus.
2715 3165 2809 3217 per
2856 3150 3141 3202 consilium
3187 3149 3410 3214 Remigii
3462 3151 3513 3202 in
3548 3155 3720 3206 Aure-

2146 3219 2290 3272 liano
2322 3220 2533 3273 civitate
2560 3221 2819 3285 synodum
2849 3220 3181 3271 convocavit.
3214 3218 3394 3271 Adfuit
3424 3220 3580 3272 etiam
3612 3220 3718 3275 Re-

2142 3288 2334 3355 migius
2361 3289 2568 3357 synodo
2591 3289 2881 3342 Galliarum
2912 3300 2963 3340 et
2991 3288 3185 3355 Belgiae
3206 3289 3599 3356 episcoporum,
3626 3290 3717 3344 ubi

2141 3373 2206 3411 eo
2236 3359 2565 3425 ingrediente
2606 3359 2834 3412 Arianus
2855 3357 3069 3425 quidam
3101 3359 3384 3411 haereticus
3424 3358 3714 3414 obmutuit.

2141 3427 2428 3495 Postquam
2473 3429 2625 3482 annis
2656 3428 2721 3481 Ἠ
2751 3432 3111 3495 episcopatum
3141 3428 3589 3492 aduiiuistrasset,
3617 3444 3720 3484 an-

2142 3513 2236 3552 nos
2290 3508 2441 3551 natus
2489 3499 2558 3551 96
2605 3498 2773 3559 obiit,
2818 3498 3161 3565 sepultusque
3209 3505 3289 3549 est
3333 3497 3384 3549 in
3433 3498 3717 3553 ecclesiola

2143 3570 2199 3623 Β.
2234 3570 2481 3638 martyris
2507 3568 2896 3634 Cltristophori.
2945 3567 3188 3633 Sigebert
3219 3567 3269 3620 in
3298 3568 3499 3638 Chron.
3531 3570 3717 3623 scribit

2141 3648 2321 3692 natum
2351 3634 2438 3691 an.
2486 3639 2614 3706 M9,
2645 3649 2880 3691 creatum
2909 3640 3213 3704 episcopum
3244 3651 3331 3690 an.
3362 3634 3490 3699 471,
3520 3638 3718 3693 abiisse

2139 3709 2279 3762 diem
2327 3722 2412 3761 an.
2461 3709 2587 3764 545.
2646 3707 2848 3761 Colitur
2897 3708 3158 3771 praecipue
3217 3708 3266 3759 in
3320 3708 3718 3776 tnarlyrologiis

2140 3779 2258 3833 Kal.
2306 3779 2518 3844 Octob.,
2549 3777 2667 3847 quia
2700 3793 2763 3830 eo
2802 3778 2888 3833 die
2917 3777 3031 3845 ejus
3059 3790 3250 3843 corpus
3291 3776 3534 3848 manibus
3560 3792 3723 3848 ange-

2143 3850 2259 3903 licis
2309 3845 2621 3901 translatum
2653 3858 2733 3902 est
2764 3848 2813 3899 in
2843 3858 3078 3916 cryptam
3110 3857 3253 3900 retro
3292 3848 3457 3899 altare
3500 3845 3713 3903 factam.

2142 3920 2384 3975 Secundo
2413 3920 2572 3972 etiam
2613 3918 2924 3971 translatum
2967 3926 3047 3970 est
3092 3919 3141 3969 in
3191 3927 3428 3984 cryptam
3461 3918 3717 3982 majorem

2140 4001 2192 4043 et
2223 3990 2575 4057 pulchriorem
2607 4004 2695 4041 an.
2719 3986 2845 4040 Sir}.
2884 3986 2996 4039 Vita
3027 3988 3141 4054 ejus
3170 3998 3341 4038 exatat
3376 3988 3427 4039 in
3456 3986 3595 4039 Surii
3624 3988 3714 4042 Ja-

2143 4074 2345 4113 IIHaI'IO.

2214 4141 2235 4169 α
2272 4126 2478 4181 Felicis.
2509 4127 2673 4195 Hujus
2699 4126 2865 4180 Vitam
2894 4125 3044 4178 Baeda
3073 4124 3311 4195 scripsit,
3331 4132 3387 4177 tit
3414 4132 3623 4195 qinstat
3652 4141 3718 4181 cx

2142 4199 2373 4252 indiculo
2414 4192 2634 4266 Operum
2661 4198 3007 4266 isuorumgad
3053 4196 3207 4266 finem
3256 4194 3388 4250 llist.
3424 4192 3596 4266 Ecclﬂ
3627 4197 3718 4250 ubi

2141 4271 2254 4325 hinc
2297 4262 2475 4338 legere
2503 4277 2619 4321 est:
2646 4265 2856 4338 Librum
2892 4262 3023 4338 Viue
3047 4278 3093 4318 et
3130 4264 3386 4338 Passionis
3428 4264 3489 4320 S.
3526 4262 3718 4319 Felicis

2140 4335 2437 4408 confessoris
2480 4343 2543 4390 de
2570 4339 2771 4408 metrico
2819 4335 3214 4408 Pauliniuopere
3242 4336 3721 4408 iu_prosant_tram-

2142 4404 2256 4464 tuli.
2287 4409 2429 4462 Felix
2466 4418 2620 4461 natus
2649 4407 2817 4471 Nolae,
2851 4408 2988 4459 lilins
3022 4404 3247 4459 Hermia:
3273 4404 3414 4474 Syri,
3444 4404 3717 4460 ordinatus

472 4478 756 4543 convenit,
780 4472 1039 4548 quidquid
1084 4482 1320 4548 veterum
1366 4473 1722 4548 monumentis
1760 4474 1833 4548 de
1869 4488 2038 4548 morte
2067 4472 2116 4531 D
2141 4490 2218 4534 est
2251 4479 2524 4548 presbyter
2551 4494 2580 4531 a
2608 4477 2836 4532 Maximo
2873 4477 3015 4548 Nube
3046 4472 3332 4548 epi~eopoi
3358 4491 3461 4548 quo
3492 4475 3720 4548 Maximo

474 4548 660 4603 Hilarii
708 4542 1013 4601 mandatum
1063 4551 1163 4598 est.
1216 4542 1293 4594 Ac
1338 4544 1508 4608 primo
1552 4542 1763 4610 quidem
1797 4543 2038 4611 Gregorii

476 4619 676 4673 Turon.
728 4614 1085 4670 testimonium
1128 4621 1230 4673 est,
1260 4612 1400 4680 quod
1449 4622 1637 4678 quarto
1686 4612 2041 4667 Valentiniani

474 4698 529 4742 et
556 4687 790 4742 Valentis
817 4698 956 4737 anno
995 4683 1052 4737 S.
1087 4681 1317 4735 Hilarius
1359 4681 1603 4749 migravit
1640 4682 1705 4735 ad
1754 4684 1941 4737 cmlos.
1975 4687 2044 4737 At

474 4774 603 4813 vero
625 4756 779 4811 tertio
804 4753 1068 4808 Kalendas
1100 4752 1266 4805 Martii
1301 4754 1422 4803 anni
1450 4750 1552 4806 567
1584 4752 1790 4805 initium
1818 4756 2045 4820 sumpsit

477 4837 701 4897 quartus
734 4823 1081 4897 Valentiniani
1110 4821 1433 4897 et_V_alentis_
1476 4836 1664 4897 annus.
1701 4822 1953 4897 litigilur
1990 4825 2041 4876 in

481 4892 618 4951 hunc
649 4911 750 4948 non
782 4895 1019 4947 incidunt
1059 4893 1183 4944 anni
1230 4892 1328 4945 567
1386 4892 1502 4943 ldus
1550 4892 1812 4953 Januarii,
1845 4895 1915 4945 ita
1946 4906 2046 4947 nec

480 4969 535 5022 in
580 4968 760 5020 Hilarii
791 4965 1011 5018 exitum.
1064 4962 1293 5029 ldipsum
1353 4976 1572 5028 prorsus
1617 4976 1678 5014 ex
1735 4962 2046 5030 Hieronymi

480 5038 730 5092 cbronico
756 5035 1020 5087 conficere
1062 5040 1164 5091 est.
1195 5031 1246 5085 in
1274 5047 1379 5098 quo
1404 5033 1467 5082 ad
1494 5047 1689 5084 annum
1723 5031 1824 5084 507
1853 5035 1919 5083 ita
1954 5048 2047 5085 re-

479 5118 726 5163 censetur
749 5103 929 5157 Hilarii
950 5118 1114 5163 mors,
1134 5113 1188 5153 ut
1209 5101 1493 5154 Gratianus
1514 5103 1576 5151 atl
1605 5102 1809 5163 imperii
1836 5103 2045 5155 culmen

481 5188 694 5231 evectus
721 5178 861 5241 prius
883 5172 1333 5237 meumretur,qni
1358 5185 1496 5222 nouo
1521 5170 1784 5223 Kalendas
1806 5172 2049 5238 Septem-

484 5248 593 5301 bris
623 5248 746 5298 anni
776 5242 876 5296 507
913 5243 1190 5308 imperium
1221 5250 1445 5306 adeptus
1473 5252 1574 5294 est.
1609 5243 1757 5308 Apud
1790 5242 2049 5310 Hierony-

484 5333 627 5370 mum
648 5383 652 5384 ν
675 5316 831 5384 igitur
859 5320 979 5384 apte
1020 5310 1303 5384 dispositus
1334 5323 1415 5384 es_t
1444 5312 1576 5384 o_rd_o
1615 5326 1793 5384 rerum
1825 5314 1866 5364 si
1901 5314 2047 5384 llila-f

484 5388 592 5439 rius
634 5380 884 5439 Kalendis
924 5380 1181 5435 Novemb.
1228 5396 1348 5431 anni
1385 5381 1485 5432 567
1514 5381 1777 5440 decessit;
1809 5396 1963 5435 secus
2006 5382 2048 5434 si

486 5457 659 5509 Idibus
704 5452 962 5508 Januarii.
1011 5452 1113 5503 Has
1158 5447 1227 5503 ob
1274 5464 1461 5503 causas
1501 5452 1589 5517 qui
1620 5452 1854 5503 omnium
1888 5464 2052 5519 prope

485 5529 613 5580 Mss.
650 5525 752 5577 fide
799 5522 1024 5590 permoti
1057 5520 1176 5573 Idus
1205 5520 1485 5573 Januarias
1527 5520 1766 5583 malunt,
1798 5521 1943 5574 illum
1985 5520 2051 5574 ad

486 5610 686 5648 annum
729 5594 834 5646 568
882 5592 1074 5644 vixisse
1120 5592 1447 5643 eaisnmant.
1486 5590 1621 5643 Cum
1666 5591 1763 5643 hac
1802 5597 2052 5658 opinione

487 5665 811 5719 Conveniunt
838 5661 1079 5730 Gregorii
1104 5659 1306 5731 Turon.
1342 5661 1523 5724 verba,
1550 5674 1721 5727 neque
1744 5660 2053 5731 Hieronymi

488 5734 788 5787 Chrenicon
815 5727 1091 5799 repugnat,
1124 5727 1168 5781 si
1211 5728 1323 5783 lia-c
1349 5738 1469 5781 nota
1500 5731 1786 5785 numeralis
1813 5729 1919 5785 568
1949 5727 2055 5785 uno

814 5847 1081 5903 PATROL.
1122 5840 1339 5903 XCIV.

2144 4545 2291 4603 seni—0
2321 4545 2475 4603 detuli
2529 4550 2946 4615 persecutionem
2992 4546 3258 4614 fugiente,
3296 4545 3444 4598 Felix
3486 4546 3716 4615 capitur,

2147 4628 2201 4673 et
2225 4620 2499 4673 tormentis
2525 4614 2683 4671 variis
2704 4620 2967 4671 cruciatur
2989 4617 3039 4668 in
3064 4629 3298 4669 carcere.
3328 4614 3513 4678 Angeli
3545 4623 3721 4670 tamen

2146 4690 2384 4743 subsidio
2410 4702 2624 4742 carcere
2653 4689 2897 4749 eductus,
2921 4687 3226 4751 episcopum
3256 4682 3466 4750 quaerit,
3495 4683 3720 4737 invenit-

2147 4775 2249 4824 que
2283 4775 2414 4825 pene
2443 4758 2767 4819 exanimem,
2793 4768 2845 4808 et
2869 4756 3089 4817 refovet,
3110 4756 3429 4819 domumque
3460 4761 3718 4825 reportat.

2148 4821 2376 4882 Rursum
2409 4840 2549 4879 mota
2581 4825 2975 4895 persecutione,
3011 4825 3263 4895 quaesitus
3306 4825 3418 4887 ipse
3454 4822 3521 4874 ab
3558 4821 3723 4876 hosti-

2148 4898 2268 4958 bus,
2302 4900 2351 4950 in
2382 4899 2547 4949 ruinis
2583 4893 2838 4951 semiruti
2886 4893 3137 4945 ιιοιιιίοἰιιί
3193 4893 3318 4945 latet
3366 4904 3575 4945 aranea:
3620 4895 3722 4947 tela

2148 4970 2323 5021 subito
2371 4974 2701 5035 prmscplus;
2731 4963 2922 5016 deinde
2952 4975 3126 5015 autem
3171 4962 3293 5014 alibi
3341 4959 3622 5035 secedens,
3653 4963 3724 5015 ab

2152 5038 2328 5104 ignara
2359 5031 2440 5100 pia
2470 5031 2689 5089 muliere
2719 5035 2949 5101 pascilur
2980 5049 3071 5086 scx
3101 5046 3332 5084 menses.
3367 5031 3553 5104 Postea
3580 5045 3725 5084 mor-

2152 5102 2240 5159 tuo
2294 5106 2521 5159 Maximo
2578 5106 2778 5158 electus
2833 5105 2952 5157 licet
2999 5112 3358 5170 eptsropatum
3411 5102 3585 5170 renuit
3625 5116 3638 5153 :
3673 5108 3728 5154 et

2152 5178 2363 5229 tandem
2406 5178 2454 5228 in
2494 5190 2620 5242 pace
2652 5173 2870 5243 quievit.
2919 5173 3011 5227 Hic
3036 5168 3103 5225 ab
3132 5168 3314 5224 Adone
3341 5180 3393 5224 et
3423 5168 3654 5243 Notkero
3676 5179 3729 5225 et

2152 5249 2269 5301 alits
2318 5240 2823 5300 εοιιῑιιιιιίιιιινίτιιιη
2881 5243 3054 5296 Felice
3112 5244 3422 5310 presbytero
3466 5240 3725 5293 Humano.

2153 5316 2197 5369 A
2221 5319 2322 5384 iqui
2351 5332 2470 5369 eum
2517 5326 2802 5385 martyrem
2836 5324 3053 5385 vocant,
3090 5316 3181 5365 sed
3225 5313 3347 5385 licet
3384 5310 3576 5363 multos
3607 5324 3729 5363 cru-

2153 5396 2320 5440 etatus
2354 5400 2632 5453 perpessus
2661 5383 2780 5447 'est,
2806 5399 2906 5437 non
2956 5384 3019 5436 iis
3060 5394 3237 5453 tamen
3286 5383 3726 5453 immortuusest.

2154 5456 2237 5510 Ab
2267 5450 2470 5525 raptu.)
2499 5456 2807 5524 presbytero
2835 5454 3095 5520 sepultum
3123 5452 3274 5525 [Leda
3299 5450 3557 5525 vulgatus,
3585 5450 3725 5525 i_\_do,

2156 5520 2349 5596 aliique
2396 5520 2840 5596 asserttttlﬂNon
2872 5528 3161 5596 ιιιειιιιηθιρε
3209 5522 3558 5596 Turonensis,
3588 5520 3729 5596 _Mar_-

2157 5590 2339 5663 celius,
2375 5598 2524 5649 lla-da
2558 5596 2606 5648 in
2654 5594 2877 5648 Historia
2908 5595 3024 5645 vita:
3050 5635 3063 5657 ,
3095 5592 3380 5645 Paulinus:
3414 5591 3522 5644 imo
3540 5590 3633 5663 llic
3662 5590 3729 5644 ab

2159 5658 2404 5723 universo
2445 5668 2637 5735 pupula
2668 5667 2821 5719 funus
2852 5670 3090 5718 Curatum
3132 5663 3314 5715 scribit
3342 5663 3502 5716 natali
3534 5658 3585 5714 6.

3260 5834 3338 5892 26
