4240 6458
447 324 551 380 817

1571 316 1758 371 SECT.
1808 316 1867 369 ll.
1910 345 1979 356 —--
2016 314 2553 374 MAR'I‘YBOLOGIA

3603 325 3708 379 8m

1702 434 1927 491 EDITIO
1965 432 2423 490 COLONIENSIS.

447 536 617 606 scopi,
648 535 887 605 quicum
929 530 1327 600 Quatuordecim
1372 545 1561 595 annos,
1594 544 1807 585 menses
1854 530 2019 585 unde—
2048 531 2096 591 Α
2125 542 2245 581 eum
2292 526 2644 581 Diocletianus
2687 528 2738 580 in
2789 527 3194 598 hippodromum
3243 531 3419 600 palatii
3465 534 3608 600 duci,
3649 547 3707 592 ct

444 631 573 696 cim,
614 626 729 682 dies
771 624 1052 680 duodecim
1099 622 1350 677 Ecclesiae
1395 630 1671 690 prmesset,
1715 636 1900 688 passus
1946 628 2029 677 est

447 719 788 788 martyrium,
832 724 1070 782 tempore
1115 712 1279 778 Decii,
1311 721 1365 767 et
1392 712 1444 766 in
1483 713 1782 767 cmmiterio
1820 712 2026 767 Callisti

446 809 702 878 sepultus.
759 807 852 860 llic
900 804 1141 873 regiones
1189 804 1369 859 divisit
1412 803 1761 869 diaconibns,
1804 814 1857 858 et
1902 803 2029 858 fecit

446 909 653 969 septem
682 898 957 961 diaconos,
991 896 1080 964 qui
1107 903 1310 963 septem
1344 894 1562 948 notariis
1594 897 2023 962 prmeminerent,

445 1001 502 1047 ut
531 1003 675 1061 gesta
706 1000 997 1059 martyrum
1032 989 1085 1041 in
1140 987 1400 1057 integrum
1446 987 1772 1054 colligerent.
1821 986 2024 1041 Eodem

444 1086 530 1139 die
559 1084 725 1136 sancti
760 1078 1061 1135 Sebastiani
1114 1077 1384 1149 martyris,
1414 1078 1501 1145 qui
1536 1079 1587 1132 in
1635 1086 1840 1132 tantum
1872 1094 2026 1133 carus

441 1186 558 1232 erat
605 1177 931 1231 Diocletiano
981 1182 1034 1228 et
1089 1174 1410 1229 Maximiano
1463 1172 1913 1241 imperatoribus,
1970 1179 2027 1225 ut

442 1270 792 1339 principatum
818 1268 864 1322 ei
901 1265 1085 1335 prima:
1114 1266 1353 1318 cohortis
1384 1265 1674 1318 traderent.
1706 1263 1872 1330 Quem
1905 1260 2027 1316 Dio-

442 1361 703 1415 cletianus
734 1359 821 1412 ttbi
870 1356 1230 1412 Christianum
1272 1355 1538 1423 cognovit,
1568 1353 1721 1421 jussit
1772 1352 1921 1420 ligari
1974 1351 2025 1406 in

448 1452 627 1508 medio
656 1466 867 1520 campo,
899 1452 1046 1520 quasi
1076 1450 1286 1520 signum
1318 1448 1381 1500 ad
1409 1447 1675 1516 sagittam,
1710 1455 1762 1500 et
1790 1446 2026 1512 sagittari

444 1560 473 1599 a
506 1544 778 1598 militibus.
811 1542 909 1609 Qui
954 1556 1072 1595 cum
1121 1540 1324 1610 sagittis
1356 1539 1565 1608 plenus,
1611 1539 1760 1606 quasi
1795 1537 2024 1591 liericius

446 1642 631 1699 staret,
663 1643 907 1703 putantes
953 1646 1071 1687 eum
1116 1641 1407 1693 mortuum,
1437 1629 1700 1683 abierunt.
1735 1628 1898 1682 Nocte
1928 1644 2024 1682 au-

443 1734 550 1781 tem
582 1724 798 1779 veniens
828 1721 1069 1791 quaedam
1102 1720 1311 1783 mulier,
1346 1719 1560 1773 nomine
1594 1719 1809 1782 llirene,
1840 1717 2026 1772 tollere

442 1829 652 1883 corpus,
699 1814 898 1868 invenit
936 1827 1056 1867 enm
1098 1812 1296 1876 vivum,
1341 1819 1396 1865 et
1440 1810 1659 1865 adduxit
1713 1812 1762 1863 in
1811 1809 2023 1865 domum

2130 614 2369 684 lustigari
2416 615 2585 670 donec
2633 615 2910 682 deﬁceret;
2944 633 3099 686 quem
3143 631 3436 685 mortuum,
3470 622 3524 677 itt
3563 623 3709 679 ctua--

2125 725 2242 766 cam
2269 711 2555 765 maximam
2587 710 2862 765 miserunt.
2891 710 3000 767 Sed
3024 711 3114 767 ille
3146 713 3392 781 apparuit
3421 714 3475 769 in
3506 719 3710 773 somnis

2127 810 2325 855 sancta:
2350 810 2606 854 matronae
2636 799 2869 863 Lucinae,
2898 799 3100 867 dicens,
3130 801 3280 871 juxta
3310 803 3523 860 Circum
3551 806 3706 862 inve-

2128 892 2243 947 nies
2270 906 2466 960 corpus
2497 906 2673 945 meum
2708 892 2946 959 pendens
2971 892 3022 946 in
3055 908 3215 957 unco,
3242 895 3342 951 hoc
3376 895 3563 952 sordes
3599 913 3707 954 non

2129 982 2447 1049 tetigerunt;
2480 991 2533 1036 et
2571 981 2695 1036 dum
2738 981 3018 1048 levaveris,
3050 982 3312 1050 perdnccs
3342 986 3409 1041 ad
3445 989 3707 1044 Catacun-

2127 1072 2244 1137 bas,
2276 1083 2329 1127 et
2359 1073 2587 1142 sepelies
2618 1087 2702 1126 me
2729 1071 2778 1125 in
2805 1080 3010 1142 crypta,
3054 1072 3206 1142 juxta
3237 1077 3456 1146 vestigia
3494 1089 3707 1146 aposto-

2128 1163 2329 1229 lorum;
2363 1180 2480 1235 qute
2506 1166 2614 1234 ipsa
2643 1174 2800 1220 nocte
2832 1165 3051 1221 veniens
3079 1181 3198 1222 cum
3221 1169 3408 1239 servis,
3442 1180 3609 1227 totum
3634 1173 3707 1228 ita

2127 1254 2435 1323 complevit.
3690 1272 3695 1277 '

2200 1347 2265 1402 G.
2298 1347 2387 1401 Xll
2416 1347 2654 1403 KALEND.
2688 1349 2847 1403 ann.
2876 1379 2945 1390 ---
2974 1350 3157 1407 Natale
3179 1351 3493 1409 beatissima:
3533 1353 3707 1425 Agne-

2133 1438 2197 1492 tis
2238 1439 2457 1510 virginis
2505 1450 2559 1494 et
2601 1440 2871 1510 martyris,
2921 1458 3037 1510 (Illi!)
3090 1444 3245 1497 tertio
3288 1444 3496 1500 decimo
3540 1447 3711 1501 aetatis

2132 1546 2243 1584 sua:
2286 1522 2446 1595 anno,
2498 1531 2548 1585 in
2599 1532 2731 1586 urbe
2777 1532 2943 1587 Roma
2994 1548 3149 1601 passa
3179 1544 3277 1590 est.
3330 1536 3454 1591 llatc
3492 1538 3616 1593 dum
3645 1540 3712 1592 ab

2130 1622 2327 1676 St'IIO'iS
2357 1623 2661 1686 revertitur,
2692 1638 2721 1676 a
2762 1622 2995 1691 praefecti
3045 1625 3154 1679 tilio
3199 1625 3519 1683 adamatur:
3550 1642 3709 1697 quam

2130 1726 2250 1767 cum
2282 1711 2426 1765 nullo
2457 1712 2616 1767 modo
2641 1712 2742 1768 sibi
2781 1714 3045 1769 associare
3076 1714 3350 1781 voluisset,
3388 1724 3508 1784 post
3549 1720 3712 1774 multa

2134 1814 2395 1861 tormenta
2428 1805 2480 1860 in
2509 1815 2720 1876 gutture
2743 1806 2859 1875 ejus
2901 1806 3078 1875 gladio
3128 1822 3377 1877 percussa
3416 1816 3516 1863 est.
3553 1811 3715 1867 Passa

442 1918 616 1969 suam,
646 1912 700 1957 et
731 1918 912 1956 curam
942 1902 1055 1971 ejus
1082 1903 1219 1971 egit;
1254 1902 1343 1972 qui
1389 1901 1476 1955 ubi
1515 1902 1804 1967 convaluit,
1836 1902 2029 1956 nmltos
2064 1884 2107 1942 Β
2135 1907 2219 1951 est
2243 1907 2417 1951 autem
2447 1898 2598 1951 beata
2626 1900 2801 1967 Agnes
2838 1897 3218 1967 sub'prrel‘ecto
3267 1902 3417 1956 urbis
3464 1901 3715 1972 Simpho-

444 1996 498 2048 in
523 1994 627 2049 lide
647 1994 990 2053 conlortavit.
1021 2010 1117 2049 nec
1142 2010 1309 2057 mora,
1344 1995 1471 2063 ipsis
1496 1995 1905 2060 imperatoribus
1932 2011 2036 2064 ap-

445 2097 661 2152 parens,
688 2082 788 2138 bos
836 2093 991 2153 prout
1016 2083 1160 2154 digni
1190 2094 1365 2149 erant,
1393 2084 1671 2155 corripuit.
1700 2084 1849 2141 Tunc
1878 2086 2031 2153 jussit

2133 1989 2298 2054 riano,
2349 1988 2547 2042 vicario
2595 1988 2833 2057 ejusdem
2884 1989 3030 2044 urbis
3074 1989 3323 2059 Aspasio.
3357 1990 3413 2046 ln
3464 1990 3713 2062 llispania

2130 2080 2345 2136 civitate
2388 2080 2689 2135 Tarracona
2740 2080 2914 2136 natale
2958 2090 3264 2137 sanctorum
3292 2080 3569 2139 Fructuosi
3600 2085 3712 2153 epi-

1687 2198 1911 2254 EDlTlO
1953 2196 2450 2254 BOLLANDIANA.

443 2288 623 2357 viginti
655 2286 887 2355 quinque
919 2286 1074 2340 annis
1121 2287 1372 2342 Ecclesiae
1406 2296 1676 2356 praeesset,
1714 2303 1898 2353 passus
1944 2298 2027 2343 est

446 2377 753 2448 martyrium
786 2385 1024 2445 tempore
1052 2376 1215 2441 Decii,
1247 2387 1298 2431 et
1340 2376 1647 2431 cterueterio
1687 2377 1895 2431 Callixti
1940 2393 2026 2434 se-

446 2468 642 2537 pultus.
676 2466 875 2521 Eodem
927 2466 1012 2520 die
1058 2466 1118 2523 S.
1169 2474 1193 2503 ⁸
1222 2467 1563 2523 Sebastianus
1593 2469 1659 2523 de
1703 2469 2021 2539 Mediolano,

445 2558 533 2626 qui
564 2558 615 2611 in
643 2567 843 2612 tantum
871 2558 1065 2613 cbarns
1103 2569 1218 2613 erat
1263 2560 1669 2628 imperatoribus
1702 2562 2026 2619 Diocletiano

447 2659 502 2702 et
530 2648 865 2713 Maximiano,
898 2657 954 2702 ut
984 2648 1334 2718 principatum
1363 2649 1411 2704 ei
1442 2652 1624 2719 prima:
1652 2652 1888 2707 cohortis
1920 2662 2027 2706 tra-

445 2741 650 2795 derent.
680 2741 847 2808 Quem
881 2740 1239 2795 Diocletianus
1285 2741 1369 2795 ubi
1399 2741 1755 2798 Christianum
1786 2747 2022 2815 agnovit,

443 2850 543 2889 nec
565 2851 592 2887 a
618 2835 720 2889 lide
744 2848 897 2903 posse
922 2836 1178 2900 revocari,
1200 2834 1357 2904 jussit
1385 2834 1533 2903 ligari
1565 2836 1615 2889 iu
1642 2835 1815 2888 medio
1838 2850 2027 2904 campo

442 2925 589 2989 quasi
618 2925 825 2993 signum
853 2924 918 2979 ad
948 2926 1185 2993 sagittas,
1221 2932 1272 2978 et
1302 2923 1538 2993 saginari
1568 2938 1597 2978 a
1622 2922 1893 2979 militibus.
1925 2925 2026 2991 Qui

441 3031 563 3070 cum
610 3016 812 3084 sagittis
864 3016 1049 3085 plenus
1094 3015 1243 3083 quasi
1291 3015 1487 3068 ericius
1540 3022 1726 3079 staret,
1781 3025 2027 3083 putantes

2127 2286 2281 2341 Juxta
2309 2284 2518 2339 Circum
2560 2285 2797 2340 invenies
2838 2298 3031 2353 corpus
3058 2300 3232 2339 meum
3267 2287 3504 2352 pendens
3534 2289 3582 2340 in
3608 2304 3703 2343 un-

2129 2390 2191 2429 co
2220 2394 2231 2427 :
2267 2375 2364 2429 hoc
2404 2375 2588 2429 sordes
2620 2390 2722 2429 non
2754 2377 3035 2444 tetigerunt
3062 2393 3073 2427 :
3106 2385 3159 2429 et
3186 2376 3312 2429 dum
3356 2374 3551 2430 laveris
3580 2392 3702 2445 per-

2128 2465 2288 2521 duces
2319 2466 2383 2520 ad
2404 2465 2770 2533 Catacumbas,
2800 2478 2852 2521 et
2880 2467 3108 2536 sepelies
3138 2483 3224 2523 me
3249 2468 3304 2523 in
3330 2475 3535 2537 crypta,
3557 2467 3713 2537 juxta

2129 2558 2348 2628 veStigia
2386 2560 2779 2639 apostolorum.
2815 2560 2946 2627 Quae
3002 2559 3115 2629 ipsa
3168 2571 3323 2615 nocte
3367 2575 3486 2616 cum
3538 2562 3711 2615 servis

2132 2652 2349 2707 veniens
2379 2659 2542 2705 totum
2572 2652 2641 2705 ita
2668 2650 2990 2720 complevit.]
3019 2651 3217 2706 Eodem
3246 2650 3332 2707 die
3361 2661 3470 2705 nat.
3493 2661 3709 2705 sancto-

2134 2758 2249 2797 rum
2292 2754 2314 2782 α
2346 2742 2491 2797 Marii
2536 2752 2588 2797 et
2630 2743 2847 2797 Martha:
2893 2758 3010 2797 cum
3063 2744 3184 2797 ﬁliis
3230 2743 3340 2798 suis
3384 2742 3608 2797 Audita:
3659 2756 3711 2795 rt

2135 2832 2351 2886 Abacuc
2382 2831 2634 2885 nobilium
2683 2832 2749 2886 de
2791 2831 3026 2897 Persida,
3057 2830 3142 2900 qui
3186 2830 3250 2884 ad
3279 2833 3576 2886 orationem
3609 2849 3709 2885 ve-

2135 2929 2327 2977 nerant
2356 2921 2579 2976 Romam
2608 2930 2846 2987 tempore
2875 2922 3078 2976 Claudii
3108 2923 3355 2991 principis
3388 2939 3400 2975 :
3443 2938 3473 2977 e
3499 2923 3691 2993 quibus

2138 3022 2256 3082 post
2287 3014 2538 3068 toleratos
2569 3013 2753 3078 fustes,
2784 3014 3090 3081 equulenm,
3124 3016 3288 3083 ignes,
3322 3029 3542 3084 ungues,
3594 3031 3699 3069 ma-

443 3121 564 3159 cum
597 3117 861 3159 mortuum
902 3105 1164 3159 abierunt.
1212 3103 1378 3159 Nocte
1425 3115 1599 3159 autem
1632 3106 1846 3160 veniens
1876 3122 2020 3176 qum-
2047 3107 2098 3172 α
2133 3123 2292 3161 nuum
2323 3108 2683 3176 praecisiones,
2710 3106 2911 3161 Martha
2944 3109 2995 3161 in
3027 3107 3263 3176 Nympha
3297 3120 3502 3175 necata,
3528 3113 3706 3163 caueri

446 3196 565 3248 dam
598 3196 810 3259 mulier,
855 3193 1068 3249 nomine
1095 3193 1321 3260 Herene,
1356 3194 1542 3249 tollere
1579 3207 1791 3262 corpus,
1825 3196 2027 3250 invenit

446 3302 565 3340 enm
598 3285 883 3353 viventem,
914 3294 964 3339 et
991 3283 1211 3338 adduxit
1234 3284 1296 3337 ad
1323 3283 1538 3338 domum
1563 3299 1736 3349 suam,
1762 3294 1816 3338 et
1843 3300 2023 3340 curam

442 3379 557 3445 ejus
574 3378 813 3447 egit.Qui
848 3376 934 3430 ubi
953 3375 1225 3430 convaluit
1247 3375 1443 3430 multos
1464 3373 1517 3428 in
1543 3373 1643 3428 [ide
1672 3375 2017 3430 conlortavit:

441 3466 610 3540 [necb
640 3485 789 3525 mora
846 3469 974 3538 ipsis
1025 3466 1431 3536 imperatoribus
1478 3480 1763 3535 apparens,
1808 3466 1925 3530 bos,
1966 3474 2027 3520 ut

443 3563 587 3631 digni
618 3572 788 3627 erant,
822 3562 1098 3629 corripuit.
1131 3560 1278 3614 Tunc
1313 3558 1473 3628 jussit
1498 3574 1622 3614 eum
1658 3559 2021 3615 Diocletianus

445 3655 495 3707 in
524 3653 930 3723 hippodromum
978 3650 1124 3716 duci,
1154 3659 1207 3705 et
1250 3648 1485 3718 instigari
1534 3649 1703 3705 donec
1743 3649 2018 3706 deliceret.

442 3746 610 3810 Quem
641 3755 903 3798 mortuum
934 3743 987 3797 in
1014 3743 1246 3797 cloacam
1281 3739 1562 3796 maximam
1596 3742 1848 3795 miserunt
1880 3757 1893 3803 ;
1926 3742 2019 3796 sed

446 3838 534 3893 ille
546 3837 783 3906 apparuit
796 3838 846 3890 in
861 3833 1061 3891 somnis
1077 3841 1538 3889 sancttetnatrome
1552 3830 1787 3898 Lucinae,
1803 3832 2015 3886 dicens:

2129 3199 2399 3261 decollati,
2432 3207 2487 3252 et
2515 3205 2707 3251 caetera
2731 3207 2855 3251 sunt
2884 3198 3059 3251 omnia
3095 3200 3333 3252 incensa.

2201 3288 2286 3353 L.,
2331 3289 2392 3341 Et
2421 3286 2657 3341 membra
2684 3301 2869 3339 eorum
2895 3300 3031 3340 caesa
3060 3296 3219 3354 atque
3251 3286 3487 3342 incensa.

2196 3378 2285 3431 Ἦ.
2325 3408 2393 3417 -
2415 3376 2505 3431 Xll
2539 3377 2671 3431 Kac.
2706 3376 2885 3431 ltomte
2912 3378 2970 3432 S.
3000 3375 3025 3414 ά
3055 3377 3275 3445 Agnetis
3303 3392 3422 3447 qur
3451 3378 3551 3433 sub
3575 3395 3702 3447 pt‘.t.'~

2129 3469 2269 3524 lecto
2301 3468 2442 3522 urbis
2485 3467 2798 3536 Sempronio
2828 3467 3037 3537 ignibus
3084 3467 3314 3538 injecta,
3359 3466 3452 3522 sed
3502 3467 3583 3524 bis
3612 3486 3704 3539 per

2128 3558 2421 3613 orationem
2453 3557 2562 3627 t'jus
2597 3559 2873 3614 exstinctis
2894 3601 2907 3625 ,
2938 3558 3112 3629 gladio
3142 3574 3396 3628 percussa
3421 3570 3524 3618 est.

2197 3650 2385 3705 Florus
2420 3652 2469 3704 in
2499 3654 2560 3705 A.
2588 3650 2650 3705 Τ.
2682 3651 2766 3717 L.,
2799 3651 2917 3720 Ipso
2945 3650 3029 3706 die
3056 3652 3107 3706 in
3130 3652 3379 3722 llispania
3402 3654 3714 3711 Tarracone.

2125 3740 2362 3803 civitate,
2397 3743 2569 3808 passio
2594 3750 2897 3797 sanctorum
2931 3754 2953 3780 ε
2989 3742 3267 3799 Fructuosi
3295 3745 3562 3813 episcopi,
3594 3748 3706 3798 Au-

2125 3832 2260 3900 gurii
2292 3841 2343 3886 et
2382 3832 2581 3902 Eulogii
2610 3832 2952 3889 diaconurutn
2977 3876 2991 3901 ,
3042 3834 3130 3904 qui
3164 3850 3257 3905 per
3298 3836 3472 3905 ignem
3502 3836 3717 3891 conles‘

1857 3922 2071 3977 SMITH
2103 3924 2331 3979 ΝΟΤᾸΞ.

446 4023 643 4085 steriis,
675 4021 741 4074 ab
766 4020 1015 4088 episcopo
1039 4017 1273 4075 Fabiano
1301 4031 1403 4070 non
1452 4017 1597 4086 prius
1635 4030 1756 4071 esse
1798 4016 2020 4081 permis-

444 4107 584 4155 sum,
615 4106 771 4160 quam
806 4087 1023 4157 peccata
1054 4103 1147 4143 sua
1176 4088 1541 4160 conﬁteretur,
1580 4095 1634 4141 et
1684 4088 1820 4141 inter
1850 4087 2021 4160 pinni-

447 4155 847 4216 tentes'staret.
896 4160 1112 4221 Euseb.,
1161 4174 1233 4225 Vl,
1289 4157 1375 4210 54.
1417 4158 1569 4210 Circa
1611 4167 1817 4224 tempus
1867 4155 2020 4220 hujus

448 4233 782 4296 puntilicatus
813 4244 998 4297 magna
1045 4240 1128 4284 est
1175 4230 1311 4282 inter
1354 4236 1597 4281 auctores
1643 4227 2018 4297 discrepantia.

446 4303 540 4356 Hic
562 4302 718 4354 tradit
742 4315 863 4353 eum
886 4296 1090 4353 sedisse
1116 4314 1283 4352 annos
1318 4298 1399 4362 lt,
1427 4312 1635 4351 menses
1663 4296 1749 4360 10,
1778 4298 1893 4350 dies
1928 4298 2009 4351 ll.

449 4372 539 4426 ille
576 4370 854 4435 annoslS,
905 4369 1019 4423 dies
1048 4370 1101 4422 4.
1151 4369 1295 4422 Alius
1342 4380 1509 4419 annos
1556 4368 1641 4430 M,
1691 4382 1899 4421 menses
1936 4368 2016 4431 ll,

446 4443 559 4496 dies
592 4442 677 4495 1'2.
711 4445 904 4495 Auctor
934 4448 1112 4492 noster
1142 4453 1310 4491 annos
1336 4436 1428 4490 ‘25.
1462 4437 1609 4488 Alius
1641 4451 1807 4489 annos
1838 4436 1920 4489 l5.
1955 4436 2021 4491 Ut

447 4523 622 4565 tamen
667 4513 719 4565 in
751 4519 891 4564 tanta
942 4524 1280 4562 numerorum
1321 4506 1715 4574 perturbatione
1746 4508 2020 4560 veritatem

447 4583 846 4649 investigemus,
893 4581 1219 4633 inveniamus
1249 4586 1499 4649 quantum
1542 4576 1793 4649 temporis
1821 4591 1847 4629 a
1878 4577 2024 4649 caede

444 4654 501 4707 ὃ.
552 4645 730 4706 Anteri
773 4652 837 4705 ad
886 4650 1049 4717 ipsius
1079 4649 1134 4703 S.
1190 4645 1405 4703 Fabiani
1456 4660 1641 4717 necem
1684 4647 2021 4717 intercessit;

448 4721 774 4790 pronuntiari
818 4714 975 4788 igitur
992 4714 1614 4790 _pos_snmnsgannos_l_4,
1665 4716 1779 4790 dies
1810 4714 1898 4790 l7,
1933 4731 2022 4770 re-

445 4786 569 4847 vera
593 4786 960 4845 intervenisse.
992 4786 1120 4856 Pagi
1148 4804 1274 4853 ergo
1304 4788 1356 4841 in
1379 4802 1470 4840 sua
1503 4786 1854 4855 Chronologia
1884 4797 2020 4840 tem-

446 4877 545 4928 pus
590 4862 884 4916 rectissime
931 4868 1145 4913 notasse
1194 4860 1336 4913 visus
1376 4868 1476 4928 est.
1518 4856 1710 4910 Statuit
1731 4859 1868 4928 etum
1900 4872 2020 4928 cum

445 4925 529 4987 Cl.
572 4933 857 4987 Pearsonio
885 4927 1062 4984 sedem
1095 4944 1311 4983 vacasse
1339 4926 1449 4981 dies
1479 4936 1621 4987 octo,
1652 4936 1709 4980 et
1736 4926 1795 4981 S.
1830 4925 2020 4980 Fabia-

449 5019 574 5058 num
603 5001 806 5057 sedisse
831 5014 995 5054 annos
1024 4998 1109 5063 ll,
1138 4999 1251 5053 dies
1284 4998 1364 5052 l0.
1401 4996 1495 5051 llic
1522 4997 1800 5051 defunctus
1824 5004 1906 5047 est
1931 5011 2019 5050 an.

447 5071 573 5140 950,
606 5072 859 5141 martyrio
888 5080 1172 5125 coronatus
1197 5069 1296 5141 sub
1320 5065 1901 5141 Decio,_quigpm__odio
1930 5066 2023 5141 ad-

392 5190 399 5197 .
448 5137 634 5199 versus
687 5137 980 5208 Philippum
1036 5140 1461 5208 persecutionem
1508 5137 1681 5208 intulit
1744 5137 2017 5208 Ecclesiae.

449 5214 620 5273 Graeci
653 5227 777 5267 eum
804 5205 967 5266 edunt
990 5205 1208 5277 v'Aug.,
1237 5218 1296 5263 ut
1316 5218 1458 5276 patet
1486 5222 1551 5261 ex
1580 5205 1808 5277 Menaeis.

525 5293 550 5321 ι
580 5284 931 5338 Sebastianus.
960 5279 1057 5345 Qui
1085 5274 1259 5349 legere
1300 5274 1676 5349 vultdeghujus
1699 5275 1866 5349 sancti
1896 5274 2023 5349 reli-

450 5353 587 5425 quiis
612 5363 665 5408 et
691 5347 1450 5425 ιηιιξιειίοιιὶὺιιςίοοηευιθιιι
1496 5347 1596 5425 hoc
1622 5348 1737 5415 ipso
1767 5347 1852 5402 die
1895 5347 2021 5401 Bol-

450 5416 698 5488 landum;
726 5422 915 5477 colitur
941 5435 968 5473 a
998 5419 1198 5475 Graecis
1228 5434 1351 5473 xvut
1380 5416 1628 5473 Decemb.

521 5497 545 5532 δ
585 5484 773 5549 Omnia
807 5495 942 5547 inter
982 5504 1073 5543 nec
1118 5505 1262 5543 mora
1290 5498 1343 5543 et
1368 5487 1638 5556 complevit
1668 5484 1862 5541 desunt
1892 5486 1943 5541 in
1975 5484 2021 5541 A

445 5574 499 5623 et
525 5566 582 5620 L.

521 5650 543 5677 ο
587 5635 764 5689 Marii.
797 5633 993 5688 llorum
1027 5643 1250 5698 corpora
1280 5637 1405 5683 sunt
1430 5628 1645 5682 incensa
1686 5627 2022 5698 nesepultu-

448 5722 563 5764 ram
596 5707 870 5759 haberent.
901 5696 1138 5757 Matrona
1182 5714 1311 5753 vero
1339 5698 1583 5768 quaedam
1627 5696 1844 5768 nomine
1874 5696 2020 5751 Feli-

450 5778 583 5835 citas
614 5774 787 5846 rapuit
832 5787 1054 5843 corpora
1102 5785 1285 5826 eorum
1333 5766 1620 5835 semiusta,
1653 5776 1706 5822 et
1734 5766 1786 5822 in
1817 5768 2019 5835 praedio

2055 4473 2105 4533 Ι)

2126 4030 2223 4087 suo
2254 4018 2532 4085 sepelivit;
2587 4016 2846 4072 Mirtham
2900 4019 3058 4071 etiam
3113 4018 3311 4073 levavit
3361 4020 3427 4073 de
3455 4031 3612 4087 puteo
3649 4031 3707 4077 et

2124 4085 2300 4152 junxit
2346 4087 2660 4154 corporibus
2707 4089 2933 4150 sanctis,
2987 4089 3090 4141 sub
3136 4088 3223 4141 die
3253 4104 3344 4143 χιιι
3391 4085 3505 4144 Kal.
3544 4091 3705 4148 Febr.

2134 4154 2261 4210 Vide
2286 4172 2476 4212 eorum
2503 4168 2619 4210 acta
2651 4159 2788 4223 apud
2820 4159 3053 4211 Bolland.
3083 4157 3257 4213 Pridie
3287 4160 3473 4213 horum
3506 4165 3716 4217 interni-

2130 4241 2256 4280 nere
2283 4228 2553 4296 Martyrol.
2591 4228 2760 4281 Βεὼρ
2794 4227 2985 4291 vulgati
3039 4237 3093 4281 et
3133 4230 3343 4283 Barnnii
3365 4270 3377 4285 .
3411 4240 3464 4283 et
3492 4232 3702 4284 addita-

2130 4307 2305 4367 menta
2334 4298 2493 4351 Flori.
2532 4298 2662 4353 Item
2691 4299 2746 4353 S.
2782 4298 2986 4352 Martha
3015 4314 3173 4367 supra
3221 4301 3273 4353 iit
3308 4301 3700 4357 Additamcntis

2130 4365 2273 4421 Flori
2300 4384 2385 4422 xu
2414 4368 2650 4423 Januarii
2673 4369 2983 4422 collocatur.

2198 4438 2222 4473 ά
2265 4439 2492 4509 Agnetis.
2526 4439 2653 4503 Qua:
2678 4439 2771 4493 sub
2795 4441 3031 4509 praefecto
3054 4440 3191 4493 urbis
3235 4439 3585 4509 Symphronio
3614 4458 3706 4507 pro

2132 4524 2190 4561 co
2211 4511 2344 4577 quod
2374 4508 2559 4562 Christi
2599 4520 2645 4564 et
2668 4508 2967 4579 virginitatis
3010 4528 3041 4564 a
3062 4526 3179 4563 nare
3220 4508 3382 4576 ﬁlium
3409 4512 3518 4579 ejus
3544 4515 3704 4563 muri-

2132 4587 2236 4631 tum
2258 4581 2485 4647 accipere
2508 4578 2751 4646 noluerit,
2772 4581 2840 4633 ad
2863 4583 3080 4647 lupanar
3118 4580 3372 4633 illusionis
3393 4578 3559 4647 gratia
3583 4598 3704 4645 per-

2130 4649 2283 4702 ducta
2297 4667 2354 4702 ac
2369 4652 2647 4715 denudata,
2670 4652 2887 4714 primum
2911 4649 3112 4715 capillis
3134 4650 3237 4703 suis
3258 4657 3502 4715 contecta,
3519 4652 3704 4703 deinde

2130 4720 2316 4773 caelesti
2342 4729 2472 4774 veste
2510 4721 2729 4785 donata,
2769 4721 2935 4786 ipsum
2974 4720 3199 4785 prwl'ecti
3235 4719 3400 4782 ﬁlium
3439 4736 3491 4772 se
3534 4720 3702 4783 impu-

2128 4791 2329 4842 dentius
2372 4798 2688 4858 appetentem
2728 4797 2775 4842 et
2816 4790 2877 4842 ob
2918 4790 3011 4858 hoc
3048 4805 3079 4841 a
3121 4788 3325 4841 diabolo
3366 4792 3702 4858 prrcfocatum

2127 4857 2586 4929 orationisyvirtute
2626 4859 2907 4913 suscitavit.
2950 4857 3075 4911 Post
3108 4858 3215 4911 lucc
3252 4857 3449 4929 ignibus
3493 4861 3702 4929 injecta,

2128 4939 2231 4982 etc.
2264 4928 2475 4982 Notker.
2520 4930 2676 4983 Passa
2700 4938 2779 4983 eet
2815 4929 2914 4983 sub
2944 4930 3184 4983 Gallieno
3216 4928 3557 4993 imperatore.
3592 4929 3703 4983 Mo-

2128 4999 2279 5053 lanns
2328 4998 2380 5052 in
2410 4998 2644 5054 lndiculo
2670 5010 2972 5053 sanctorum
3003 4998 3165 5065 Belgii
3194 4998 3379 5053 scribit
3408 5001 3463 5054 ὃ.
3486 5000 3703 5067 Agnetis

2127 5070 2375 5137 reliquias
2425 5070 2476 5124 in
2512 5073 2690 5123 tumba
2721 5069 3012 5125 honorifice
3041 5070 3315 5137 quiescere
3344 5067 3615 5137 Ultrajecti
3647 5069 3711 5123 in.

2126 5140 2413 5194 cathedrali
2455 5141 2712 5202 ecclesia,
2770 5156 2967 5208 easque
3016 5140 3347 5193 transtulisse
3399 5140 3700 5192 Baldricum

2125 5210 2431 5278 episcopum
2460 5226 2600 5265 anno
2628 5211 2753 5278 966,
2786 5211 2888 5265 sub
2918 5210 3147 5266 Othone.
3183 5212 3304 5265 Dies
3337 5210 3695 5264 translationis

2125 5289 2207 5333 est
2236 5296 2285 5333 tv
2314 5282 2489 5336 Nonas
2520 5282 2870 5347 Septembris.

2200 5359 2222 5386 ο
2263 5347 2556 5405 Fructuosi.
2610 5350 2679 5405 lli
2727 5352 2889 5421 primo
2929 5351 2981 5403 in
3025 5365 3271 5403 carcerem
3312 5349 3475 5416 trusi,
3519 5348 3701 5421 deinde

2124 5422 2346 5488 ﬂammis
2382 5423 2556 5490 injecti
2577 5460 2592 5487 ,
2638 5422 2829 5475 exustis
2861 5420 3106 5485 vinculis,
3146 5421 3377 5473 manibus
3416 5422 3468 5472 in
3494 5420 3701 5490 modum

2124 5496 2286 5545 crucis
2311 5489 2568 5559 expansis,
2609 5504 2808 5544 orantes
2848 5502 2900 5543 ut
2933 5500 3192 5544 urerentur
3234 5491 3575 5544 obtinuerunt.
3629 5489 3689 5542 Et

2124 5578 2245 5617 mox
2271 5578 2401 5616 unus
2439 5579 2465 5615 ε
2492 5561 2765 5629 fratribus,
2809 5570 2858 5613 et
2880 5560 2990 5629 [ilia
3033 5560 3261 5628 prwsidis
3300 5576 3411 5629 quae
3436 5559 3694 5619 adstabat,

2124 5632 2354 5685 viderunt
2375 5633 2571 5685 animus
2592 5639 2901 5701 sanctorum,
2921 5634 3101 5686 costum
3122 5633 3453 5685 conscendere
3484 5644 3699 5684 coronae

2128 5712 2224 5757 tas.
2268 5702 2402 5769 Ado,
2441 5703 2615 5757 Dtcda.
2656 5700 2808 5773 Vulg.
