4240 6496
593 325 693 379 πίει

1332 326 1530 382 BEDrE
1573 323 2023 381 VENEHADHJS
2058 322 2207 377 UPP.
2248 323 2421 379 PAllS
2460 323 2550 377 IV.
2590 351 2658 363 --
2698 322 3074 379 lllSTORlCA.

3725 326 3835 381 8‘20

1828 430 2053 487 EDITIO
2090 430 2535 486 COLONIENSIS

593 531 766 600 scopi,
813 530 1001 598 Augoli
1050 536 1103 584 et
1147 528 1348 598 Eulogii
1397 529 1764 592 diaconorum,
1803 528 1890 594 qui
1923 536 2159 590 tempore
2185 525 2237 585 Δ
2261 538 2454 592 corpus
2485 524 2603 593 ejus
2629 525 2679 578 in
2708 538 2949 592 campum
2981 524 3107 579 feris
3135 534 3187 579 et
3216 526 3399 581 avibus
3419 528 3572 596 jussit
3596 535 3787 598 exponi
3813 550 3828 597 ;

595 621 819 677 Gallieni
851 620 949 675 sub
986 619 1290 691 Aimyliano
1339 618 1585 687 prteside,
1612 618 1781 685 primo
1810 618 1862 671 in
1892 630 2158 670 carcerem

598 712 749 775 trusi,
777 710 966 764 deinde
996 710 1220 763 llammis
1251 708 1449 778 injecti,
1478 709 1678 762 exustis
1708 706 1951 770 vinculis,
1982 705 2161 758 mani-

598 801 695 855 bus
742 801 794 855 in
843 800 1055 855 modum
1102 800 1279 855 crucis
1326 799 1592 868 expansis,
1624 804 1835 851 orantes
1861 804 1917 850 ut
1946 809 2161 849 ureren-

601 905 705 961 tur,
750 892 1113 956 obtinuerunt,
1167 900 1222 946 et
1267 905 1389 945 mox
1443 904 1578 943 unus
1615 903 1646 944 e
1686 887 1930 941 fratribus
1960 896 2014 941 et
2050 885 2158 963 tilia

598 979 860 1048 praesidis,
910 995 1028 1049 qua:
1084 979 1386 1043 assistebat,
1419 978 1661 1032 viderunt
1707 983 2010 1030 sanctorum
2048 971 2164 1026 ani-

595 1088 708 1126 mas
755 1073 949 1127 cmlum
994 1071 1355 1126 conscendere
1408 1077 1706 1123 coronatas.
1757 1065 1911 1133 Apud
1966 1064 2163 1120 Trecas

594 1163 759 1217 sancti
786 1162 1010 1217 Patrocli
1042 1160 1313 1231 martyris.

667 1255 732 1308 A.
773 1250 843 1307 Xl
882 1251 1120 1307 KALEND.
1161 1252 1323 1306 ann.
1353 1281 1413 1295 ——
1440 1251 1493 1306 In
1536 1249 1803 1321 Hispaniis
1832 1248 2008 1305 natale
2037 1263 2163 1303 san-

600 1346 672 1399 cti
712 1345 967 1401 Vincentii
997 1345 1203 1399 diaconi
1246 1354 1301 1399 et
1345 1343 1613 1415 martyris,
1656 1343 1745 1413 qui
1793 1358 1912 1395 cum
1956 1340 2165 1395 Valerio

597 1436 849 1504 episcopo
881 1449 979 1489 suo
1007 1450 1036 1486 a
1060 1435 1460 1500 Caesaraugusta
1495 1432 1707 1486 civitate
1746 1430 2040 1485 Valentiam
2070 1442 2162 1483 use

596 1542 699 1593 que
725 1524 975 1595 gravibus
1006 1538 1174 1578 nexus
1218 1525 1438 1588 catenis,
1484 1522 1705 1591 jubente
1755 1520 2003 1585 Daciano,
2037 1534 2167 1588 per-

598 1619 787 1672 ductus
812 1627 914 1679 est,
946 1617 1120 1685 ibique
1144 1615 1282 1669 fame
1310 1625 1363 1669 et
1389 1616 1637 1684 squalore
1664 1614 1891 1667 carceris
1919 1612 2006 1665 diu
2047 1624 2164 1665 ma-

596 1716 827 1772 ceratus,
855 1706 1133 1760 tormentis
1174 1704 1408 1775 equulei,
1448 1712 1501 1757 et
1546 1702 1857 1771 ungularum
1904 1700 2164 1755 horrenda

601 1796 923 1851 laceratione
951 1802 1188 1861 vexatus,
1221 1794 1380 1849 etiam
1410 1793 1627 1862 grabato
1659 1793 1831 1846 ferreo
1868 1791 2165 1845 diutissime

2262 614 2353 667 sed
2398 628 2522 667 mox
2553 628 2743 668 corvus
2787 615 3043 669 divinitus
3086 615 3148 668 ad
3179 616 3468 671 eusmdiam
3508 620 3620 685 ejus
3650 620 3827 685 datus,

2262 718 2365 757 non
2393 704 2563 758 solum
2588 705 2721 757 alias
2745 717 2871 757 aves
2892 705 3128 769 arcebat,
3152 706 3243 759 sed
3269 716 3323 760 et
3346 708 3624 761 immanem
3648 710 3827 778 lupum

2261 810 2290 848 a
2314 806 2496 850 sancto
2524 811 2747 866 corpore
2778 798 2987 865 repulit.
3023 796 3174 863 Quod
3214 812 3336 851 cum
3381 800 3677 853 nuntiatum
3729 803 3830 857 Da.

2262 884 2417 939 ciano
2442 896 2605 951 esset,
2638 886 2793 953 jussit
2819 901 2941 940 eum
2973 887 3201 941 insutum
3226 890 3399 953 culeo,
3430 890 3479 942 in
3512 889 3827 959 profundam

2263 975 2423 1028 maris
2468 989 2588 1027 cum
2634 974 2945 1044 gravissimo
2988 976 3101 1029 saxi
3148 976 3378 1045 pondere
3428 976 3702 1046 immergi;
3733 979 3826 1031 sed

2264 1065 2410 1135 prius
2437 1066 2627 1120 virtute
2660 1066 2750 1119 Dei
2798 1080 2961 1134 super
2989 1066 3156 1120 undas
3185 1075 3371 1120 natans
3412 1067 3479 1122 ad
3500 1067 3641 1122 littus
3678 1067 3827 1122 dela-

2266 1162 2386 1219 tus,
2436 1166 2488 1209 ct
2516 1154 2692 1209 arenis
2736 1155 2983 1209 conditus
3024 1164 3125 1220 est,
3156 1170 3317 1225 quam
3347 1157 3573 1226 remiges
3618 1169 3826 1226 portum

2266 1253 2481 1313 tangere
2508 1246 2822 1314 potuissent.
2855 1244 2979 1300 Inde
3010 1260 3130 1300 cum
3158 1260 3217 1301 se
3258 1256 3471 1300 sanctus
3500 1258 3696 1317 martyr
3718 1246 3827 1302 cui-

2264 1334 2384 1388 dam
2416 1335 2559 1389 ﬁdeli
2586 1337 2706 1390 anui
2736 1335 2940 1391 Ionicae
2965 1338 3248 1391 revelasset
3270 1378 3283 1402 ,
3316 1350 3553 1393 cessante
3583 1354 3829 1407 persecu-

2267 1426 2424 1479 tionis
2452 1426 2620 1492 rabie,
2651 1441 2679 1479 a
2706 1426 3017 1481 Christianis
3047 1436 3354 1483 reverenter
3388 1431 3643 1493 sublatus,
3675 1439 3728 1485 et
3775 1431 3830 1485 in

2266 1518 2482 1573 basilica
2522 1520 2763 1575 conditus
2810 1530 2909 1576 est.
2940 1520 2992 1575 In
3042 1520 3223 1577 Galliis
3266 1523 3479 1578 civitate
3521 1523 3824 1589 Ebreduuo,

2266 1619 2571 1665 sanctorum
2600 1624 2910 1682 martyrum,
2960 1612 3239 1681 Vincentii,
3272 1616 3471 1670 Orontii
3504 1628 3558 1672 et
3584 1618 3827 1674 Victoris.

2267 1699 2447 1754 Romae
2473 1702 2537 1755 ad
2570 1703 2745 1770 Aquas
2772 1704 2980 1758 Salinas
3013 1706 3184 1759 natale
3218 1708 3382 1760 sancti
3422 1710 3680 1763 Anastasii
3711 1727 3826 1764 mo-

2268 1792 2440 1858 nachi,
2473 1802 2527 1846 et
2554 1794 2797 1863 martyris
2826 1793 2891 1849 de
2918 1794 3156 1860 Persida,
3186 1798 3271 1864 qui
3303 1806 3421 1865 post
3463 1799 3685 1866 plurima
3718 1810 3826 1854 tor-

600 1887 882 1952 ustulatus,
911 1886 1107 1941 arvinae
1148 1885 1329 1955 guttis,
1362 1895 1411 1939 et
1451 1885 1742 1952 crepitante
1784 1881 1897 1936 sale
1922 1880 2161 1951 perfusus
2194 1865 2236 1926 Β
2269 1895 2441 1938 menta
2491 1884 2741 1947 carceris,
2786 1885 3065 1939 verberum
3107 1894 3162 1940 et
3210 1865 3558 1949 vinculorum,
3609 1904 3723 1955 qua:
3774 1890 3825 1943 iu

595 1988 717 2045 est;
746 1990 862 2047 post
890 1978 1003 2033 haec
1040 1979 1091 2032 iu
1132 1975 1457 2032 teterrimum
1488 1987 1757 2030 carcerem
1790 1982 1985 2037 trusus,
2016 1970 2164 2025 diva-

598 2070 773 2124 rLcatis
800 2068 853 2122 in
887 2082 1048 2123 nervo
1075 2066 1340 2127 cruribus,
1372 2080 1532 2133 super
1561 2062 1865 2118 acutissima
1910 2071 2160 2116 testarum

596 2162 889 2229 fragmenta
921 2158 1188 2228 projectus
1215 2165 1330 2221 est;
1362 2156 1447 2211 ubi
1475 2166 1628 2210 nocte
1659 2154 1745 2209 lux
1786 2155 1968 2224 ingens
1997 2168 2159 2223 appa-

596 2254 720 2319 ruit,
748 2263 799 2309 et
833 2254 1029 2306 virtute
1058 2250 1151 2305 Dei
1181 2249 1384 2304 solutus
1426 2258 1625 2318 martyr
1661 2246 1799 2301 inter
1842 2245 2080 2316 angelos,
2128 2259 2158 2298 a

592 2345 789 2414 quibus
816 2343 1016 2398 visitari
1058 2344 1269 2407 meruit,
1298 2340 1554 2412 hymnum
1592 2340 1835 2402 canebat,
1863 2337 1932 2391 ita
1952 2347 2019 2417 _ut
2048 2337 2161 2405 ipse

593 2447 771 2491 custos
819 2435 1082 2491 crederet.
1128 2434 1281 2490 Mane
1327 2442 1507 2489 autem
1558 2432 1714 2494 laeto,
1763 2445 1885 2489 cum
1916 2427 2162 2497 iussisset

600 2542 719 2582 eum
765 2525 1026 2581 Decianus
1071 2523 1126 2580 in
1157 2525 1295 2580 lecto
1341 2521 1652 2579 mollissimo
1678 2520 1941 2586 reclinari,
1974 2528 2029 2572 ut
2063 2517 2160 2571 ali-

592 2618 900 2686 quantulum
932 2628 1206 2673 recreatus
1250 2614 1426 2669 acrius
1469 2614 1646 2669 denuo
1692 2618 2041 2680 torqueretur,
2076 2608 2159 2669 in-

595 2708 912 2779 fatigabilem
937 2706 1186 2778 spiritum
1212 2706 1424 2769 Christo
1452 2703 1697 2763 reddidit.
1722 2703 1870 2760 Tunc
1898 2702 2160 2765 Dacianus

2266 1974 2508 2029 Ctesarea
2542 1974 2832 2029 Palaestinm
2862 1989 3141 2044 perpessus
3166 1974 3353 2039 fuerat,
3380 1991 3408 2027 a
3433 1977 3607 2031 Persis
3629 1988 3826 2045 postre-

2268 2077 2356 2117 mo
2385 2063 2435 2116 in
2484 2063 2696 2117 Perside
2726 2065 2887 2117 multa
2939 2078 3093 2133 paena
3138 2064 3376 2129 affectus,
3406 2076 3563 2134 atque
3604 2069 3667 2121 ad
3709 2070 3829 2124 ulti-

2267 2170 2410 2209 tnum
2440 2154 2732 2209 decollatus
2761 2164 2841 2208 est
2870 2168 2898 2207 a
2930 2169 3051 2221 rege
3074 2170 3253 2208 eorum
3284 2156 3539 2222 Chosroe,
3570 2172 3687 2209 cum
3710 2157 3827 2210 aliis

2270 2246 2628 2315 septuaginta.
2664 2244 2920 2314 Reliquiae
2948 2244 3185 2313 corporis
3214 2245 3327 2314 ejus
3358 2246 3501 2315 prius
3530 2246 3829 2318 Hierosoly-

2269 2336 2369 2391 mis
2412 2334 2477 2388 ad
2527 2336 2902 2388 monasterium
2933 2349 3107 2400 suum,
3137 2335 3329 2389 deinde
3369 2335 3582 2389 Romam
3620 2336 3825 2397 delatae,

2263 2434 2584 2490 venerantur
2612 2422 2666 2476 in
2699 2424 3024 2489 monasterio
3053 2424 3191 2478 beati
3234 2422 3378 2477 Pauli
3417 2424 3657 2494 apostoli,
3686 2426 3826 2494 quod

2262 2514 2454 2570 dicitur
2478 2515 2545 2568 ad
2576 2516 2755 2583 Aquas
2784 2512 3026 2579 Salinas;
3057 2523 3110 2569 et
3132 2512 3300 2571 sancti
3334 2514 3584 2569 Vincentii
3610 2516 3825 2585 presby~

2266 2606 2362 2661 teri
2396 2614 2449 2660 et
2478 2605 2746 2675 martyris.

2336 2698 2395 2749 Β.
2440 2695 2481 2748 Χ
2522 2694 2759 2749 Kareso.
2801 2694 2964 2750 Fara.
3008 2724 3076 2736 —
3114 2694 3292 2753 Romae
3340 2705 3535 2757 sanctae
3578 2695 3822 2751 Eme-ren-

1831 2790 2057 2846 EDITIO
2100 2784 2598 2843 BULLANDIANA.

594 2887 758 2943 sionis
781 2900 892 2942 sua:
917 2884 1140 2957 gloriam
1179 2891 1498 2954 acceperunt
1542 2882 1642 2937 sub
1690 2879 1976 2949 .Emiliano
2019 2894 2156 2949 pra:-

595 2983 753 3045 t'ecto,
779 2989 1016 3048 tempore
1044 2976 1305 3033 Valeriani
1331 2986 1385 3034 et
1414 2976 1618 3033 Galieui
1651 2976 2049 3044 imperatorum.

670 3090 753 3155 L.,
785 3091 850 3143 Et
874 3089 925 3143 iu
961 3088 1160 3141 Valeria
1206 3087 1417 3141 civitate
1443 3087 1501 3143 8.
1533 3096 1559 3125 ι
1593 3086 1782 3141 Valerii
1826 3084 2063 3155 episcopi
2106 3092 2161 3138 et.

597 3160 861 3285 martyris.
891 3158 1134 3227 C.,Alibi
1155 3156 1366 3225 Felicis,
1396 3156 1695 3224 Fructuosi,
1722 3156 1993 3222 Ceciliani,
2024 3154 2161 3211 Mar-

597 3244 660 3285 tta
687 3247 748 3285 ts.

595 3244 748 3287 ιιίιιιε.

666 3340 757 3396 22.
796 3371 865 3382 —
914 3339 985 3400 χι
1013 3339 1146 3396 ΚΑι..
1179 3339 1234 3395 In
1267 3337 1512 3410 Hispania
1538 3336 1564 3377 δ
1590 3336 1845 3393 Vincentii
1875 3332 2082 3390 diaconi
2103 3342 2159 3389 et

594 3434 862 3506 martyris.
897 3434 978 3489 Ad
1004 3434 1180 3504 Aquas
1218 3432 1424 3489 Salvias
1471 3432 1529 3488 8.
1568 3441 1589 3470 ο
1621 3427 1881 3486 Anastasii
1911 3425 2155 3484 monachi

590 3540 641 3584 et
671 3529 918 3600 martyris
946 3528 1013 3583 de
1038 3527 1252 3587 Persida
1293 3545 1305 3579 :
1355 3526 1443 3596 qui
1477 3533 1595 3595 post
1620 3523 1841 3593 plurima
1897 3528 2155 3575 tormenta

590 3619 848 3684 carceris,
882 3617 1162 3674 verberum
1211 3627 1265 3671 et
1295 3616 1620 3673 vinculorum
1641 3654 1657 3680 ,
1684 3627 1804 3683 qua:
1832 3612 1882 3666 in
1913 3612 2155 3666 Cmsarea

596 3707 873 3767 Palestina:
902 3718 1189 3775 perpessus
1215 3703 1386 3764 fuerat
1425 3718 1456 3758 a
1486 3704 1694 3768 Persis;
1744 3712 2068 3772 postremum
2099 3703 2153 3757 in

593 3796 808 3859 Perside
837 3796 1003 3851 multa
1029 3810 1183 3863 pmna
1211 3794 1462 3861 aliectus,
1495 3803 1653 3864 atque
1681 3795 1746 3850 ad
1785 3794 2025 3850 ultimum
2056 3794 2152 3851 de-

588 3886 811 3940 collatus
840 3895 917 3940 est
947 3900 976 3939 a
1003 3899 1125 3953 rege
1148 3899 1333 3939 eorum
1370 3884 1628 3940 Chosroe.

660 3974 846 4032 Florus
873 3974 924 4030 in
955 3977 1020 4039 Α.
1053 3975 1117 4029 Τ.
1150 3975 1242 4044 L.,
1271 3976 1327 4033 In
1361 3974 1592 4030 Valentia
1622 3974 1837 4031 civitate
1860 3974 2146 4045 Hispaniae,

590 4066 764 4133 passio
811 4066 868 4122 8.
915 4064 1175 4121 Vineentii
1220 4064 1433 4123 diaconi
1483 4066 1584 4122 sub
1630 4066 1861 4121 Daciano
1901 4066 2147 4135 praeside.

590 4157 740 4219 llunc
763 4157 904 4213 enim
930 4171 1127 4225 prteses
1163 4157 1335 4231 primo
1363 4159 1586 4230 equuleo
1613 4158 1865 4227 suspendi
1908 4158 2067 4228 jussit
2093 4168 2150 4214 et

586 4249 928 4312 vehementer
954 4246 1207 4317 torqueri.
1235 4247 1385 4303 Unde
1410 4248 1680 4317 depositus
1708 4256 2002 4318 torquetur,
2028 4256 2148 4302 tun-

586 4339 748 4406 ditur,
778 4337 1087 4409 ﬂagellatur,
1120 4340 1378 4408 exuritur,
1403 4351 1457 4397 el
1477 4342 1723 4399 distentis
1753 4342 2003 4399 membris
2032 4358 2146 4399 cre-

2267 2876 2448 2931 scebat
2476 2890 2671 2944 corpus
2696 2875 2761 2930 ad
2786 2890 2995 2946 ptenam
3023 2896 3034 2930 :
3068 2877 3161 2937 sed
3185 2877 3418 2947 spiritus,
3448 2879 3535 2948 qui
3559 2879 3825 2936 Christum

2266 2964 2547 3020 Dominum
2578 2964 2865 3033 fatebatur,
2895 2969 2946 3022 in
2980 2968 3194 3023 victoria
3228 2970 3584 3038 permanebat.
3638 2970 3825 3025 Ilacte-

2268 3076 2365 3116 nus
2398 3059 2739 3116 Atrebatense
2766 3071 2819 3115 et
2845 3061 2966 3117 hinc
2992 3061 3055 3124 ad
3086 3062 3423 3127 Anastasium
3454 3064 3637 3117 transit
3666 3081 3677 3116 :
3722 3062 3823 3115 alia

2267 3153 2374 3208 duo
2403 3152 2531 3208 Mss.
2562 3153 2791 3222 elogium
2835 3164 3221 3225 prosequuntur
3246 3153 3326 3217 his
3354 3154 3560 3215 verbis:
3599 3173 3617 3207 ι
3641 3155 3821 3224 lmpri-

2269 3253 2483 3297 muntur
2510 3243 2759 3299 ardentes
2781 3245 2978 3313 pectori
3008 3243 3239 3311 lamina,
3267 3254 3322 3299 et
3348 3244 3657 3314 liquefactus
3686 3246 3821 3299 inter

2262 3334 2404 3401 ipsas
2433 3332 2705 3388 candentis
2736 3334 2858 3388 ferri
2889 3334 3029 3393 acies
3058 3334 3231 3404 liquor
3270 3338 3433 3403 guttis
3461 3336 3665 3389 llamma
3696 3336 3821 3390 stri-

2261 3424 2419 3479 dente
2447 3426 2791 3495 respergitur.
2840 3423 3067 3485 Vulnera
3099 3425 3402 3483 vulneribus
3428 3426 3818 3495 imprimuntur,

2261 3526 2315 3570 et
2341 3530 2501 3585 supra
2535 3526 2797 3571 tormenta
2847 3516 3162 3571 deszeviunt.
3208 3516 3357 3572 Sales
3404 3519 3609 3591 ignibus
3649 3520 3817 3587 sparsi

2261 3608 2647 3674 crepitantibus
2668 3607 2905 3663 minutiis
2934 3624 3026 3677 per
3048 3610 3283 3663 membra
3314 3609 3602 3665 dissiliunt:
3634 3622 3682 3666 et
3705 3612 3813 3681 jam

2263 3713 2366 3752 non
2393 3699 2457 3752 ad
2485 3710 2629 3753 artus
2658 3708 2858 3753 tantum
2880 3739 2896 3765 ,
2926 3700 3023 3755 sed
3053 3699 3118 3754 ad
3158 3702 3272 3769 ipsa
3300 3703 3499 3761 viscera
3526 3703 3815 3770 supplicio-

2255 3804 2371 3847 rum
2401 3790 2499 3844 tela
2528 3789 2819 3860 jaciuntur,
2851 3792 2992 3846 nulla
3019 3792 3129 3861 jam
3164 3795 3405 3863 corporis
3436 3806 3584 3864 parte
3614 3796 3812 3865 integra

2254 3892 2580 3938 remanente.
2613 3884 2717 3939 Sed
2746 3886 3085 3954 postmodum
3114 3886 3324 3942 clausus
3353 3904 3566 3945 carcere
3586 3900 3639 3945 et
3656 3906 3813 3959 super

2252 3975 2552 4043 congeriem
2608 3984 2857 4031 testarum
2893 3976 3206 4047 lragminum
3237 3981 3425 4035 missus
3473 3980 3674 4050 jacere,
3705 3997 3808 4036 non

2252 4066 2419 4123 multo
2449 4077 2565 4135 post
2593 4072 2751 4123 tantis
2778 4068 2995 4125 ali'ectus
3023 4072 3213 4141 poenis,
3265 4073 3489 4129 invictus
3518 4074 3637 4141 ﬁde,
3667 4073 3810 4131 dele-

2250 4157 2322 4212 cit
2344 4173 2584 4228 corpore.
2598 4177 2618 4210 ι

2319 4249 2380 4304 Τ.
2418 4249 2615 4305 Eodem
2640 4250 2724 4304 die
2756 4251 2929 4305 natale
2961 4250 2983 4288 ἀ
3014 4251 3235 4305 Victoris
3263 4261 3316 4307 et
3340 4253 3561 4308 Orontii.

2316 4340 2405 4394 25.
2444 4370 2514 4384 --
2557 4341 2602 4397 Χ
2666 4341 2797 4403 ΚΜ..
2851 4342 3033 4397 Itonia:
3078 4344 3268 4399 natalis
3313 4344 3373 4399 8.
3422 4345 3807 4402 Emerentiante

1983 4430 2186 4486 SMlTll
2225 4429 2453 4485 NOTAE.

657 4528 684 4558 ⁸
729 4520 940 4585 Valerii.
966 4520 1061 4589 llic
1092 4520 1189 4591 fuit
1213 4520 1493 4590 episcOpus
1520 4522 1934 4591 Carsaraugustaa
1960 4522 2141 4575 civita-
2172 4528 2224 4588 Ι)
2251 4521 2422 4586 rizim,
2457 4531 2510 4575 et
2534 4521 2829 4585 Caesaream
2863 4523 3153 4578 Patrestinm
3173 4565 3188 4587 ,
3221 4525 3304 4578 ubi
3337 4526 3387 4578 in
3417 4540 3681 4582 carcerem
3711 4530 3808 4584 da-

583 4596 673 4658 tis,
697 4594 784 4661 qui
814 4608 915 4648 una
948 4606 1067 4655 cum
1095 4592 1149 4646 S.
1178 4590 1451 4644 Vincentio
1479 4591 1703 4645 diacono
1735 4590 2023 4645 Valentiam
2052 4606 2142 4646 us-

580 4680 704 4733 que,
729 4662 947 4732 jubente
967 4662 1194 4725 Daciano
1218 4661 1442 4733 pragside
1462 4704 1476 4727 ,
1503 4662 1787 4733 perductus
1812 4672 1917 4733 est,
1943 4670 1997 4733 et
2022 4662 2145 4733 inde

582 4730 636 4793 in
663 4730 903 4796 exsilium
936 4747 1128 4784 missus
1157 4740 1256 4794 est.
1288 4730 1382 4785 Hie
1413 4730 1514 4784 non
1546 4730 1766 4784 Valerim
1788 4774 1802 4797 ,
1827 4731 1921 4786 sed
1950 4731 2143 4784 Valen-

582 4807 667 4863 tia:
696 4816 881 4871 passus
907 4800 1413 4871 estallieronymus,
1446 4801 1579 4871 Ado,
1616 4800 1918 4865 Hrabanus,
1948 4800 2142 4871 Notke-

581 4888 671 4936 rus
688 4869 710 4936 ,“
730 4881 782 4925 et
813 4873 968 4935 Baeda
1018 4869 1268 4941 Vulgatus
1312 4869 1567 4939 postridie
1610 4886 1731 4927 eum
1762 4885 1977 4941 passum
2011 4870 2145 4926 scri-

576 4946 727 4998 bunt.

650 5012 675 5048 b
724 5002 993 5073 Vincentii.
1028 5008 1124 5063 ilic
1150 5024 1268 5062 cum
1298 5007 1352 5063 S.
1382 5008 1588 5064 Valerio
1609 5022 1790 5077 passus
1815 5019 1897 5065 est
1919 5010 2016 5065 sub
2046 5009 2145 5063 im‘

618 5084 735 5141 erio
762 5082 1092 5135 Diocletiani.
1139 5080 1237 5144 Qui
1269 5078 1334 5132 de
1360 5094 1423 5133 eo
1462 5081 1572 5133 vult
1601 5080 1749 5150 plura
1778 5080 1985 5151 legere,
2022 5081 2143 5135 Bol-

585 5153 787 5217 laudum
821 5158 978 5218 petat.

650 5236 669 5259 ιτ
712 5216 990 5275 Anastasii.
1024 5217 1118 5272 Hic
1147 5232 1266 5271 cum
1298 5218 1531 5271 exercitu
1574 5216 1691 5272 Suis
1729 5218 1985 5287 principis
2018 5218 2143 5274 Per-

580 5306 754 5354 sarum
800 5291 864 5355 ad
908 5290 1234 5342 obsidionem
1283 5288 1635 5341 Chalcedonis
1678 5290 1849 5353 venit;
1906 5289 2029 5342 inde
2081 5290 2134 5342 in

582 5362 853 5425 Orientem
915 5358 1107 5423 rediit;
1156 5359 1221 5409 ab
1269 5358 1504 5410 exercitu
1553 5360 1802 5423 recessit;
1865 5358 2132 5424 Hierapoli

574 5430 834 5497 primum,
883 5444 1000 5481 mox
1051 5427 1428 5497 Hierosolyma:
1473 5426 1738 5480 auril‘abro
1776 5427 2128 5491 cohabitavit;

578 5499 769 5563 Cluiin
798 5500 954 5563 tidem
983 5498 1290 5567 complexus
1309 5538 1322 5559 ,
1359 5499 1463 5550 imo
1492 5506 1543 5551 et
1574 5498 1919 5567 monasticam
1966 5498 2125 5550 vitam

575 5566 861 5633 lndictioue
891 5580 1013 5630 vut,
1044 5567 1266 5619 Heraclii
1297 5581 1436 5618 anno
1466 5583 1518 5631 x,
1552 5566 1746 5620 Christi
1781 5566 1914 5632 (ὀξυ,
1949 5581 2129 5633 perse-

580 5639 776 5695 veravit
806 5638 856 5691 in
883 5637 1198 5690 monasterio
1226 5636 1379 5689 annis
1408 5646 1637 5705 septem,
1669 5637 1789 5691 dein
1834 5636 1899 5689 ad
1931 5648 2127 5703 marry-

574 5706 709 5775 rium
738 5719 989 5772 accensus
1019 5706 1260 5767 discessit
1282 5720 1310 5760 e
1336 5706 1656 5769 monasterio
1682 5706 1992 5777 Diospolim,
2024 5706 2126 5762 Ga-

2250 4600 2332 4664 tus
2357 4607 2496 4645 anno
2519 4594 2640 4645 Chr.
2669 4594 2793 4656 627,
2817 4604 2869 4645 et
2894 4594 3112 4648 lleraclai
3140 4596 3222 4657 l7,
3254 4596 3541 4649 celebravit
3562 4598 3802 4664 Septem-

2250 4661 2331 4715 bri
2385 4676 2567 4716 meuse
2625 4664 2959 4717 festivitatem
3012 4666 3251 4717 exaltant
3303 4667 3401 4717 sub
3454 4661 3804 4726 Constantino

2247 4730 2434 4803 Magno
2466 4731 2751 4803 Dominiea:
2784 4733 2997 4797 crucis;
3029 4733 3289 4787 abductus
3319 4734 3548 4803 denique
3592 4737 3641 4790 in
3678 4737 3802 4793 Per-

2247 4800 2413 4853 sidem
2446 4801 2696 4869 martyrio
2727 4811 3005 4855 coronatus
3032 4813 3111 4855 est
3139 4819 3222 4855 an.
3255 4804 3382 4859 Chr.
3416 4800 3542 4869 7‘28,
3577 4808 3803 4864 Heraclii

2249 4870 2455 4924 decimo
2477 4880 2683 4929 octavo.
2726 4869 2963 4925 Bolland.
2993 4873 3125 4923 Cum
3156 4876 3222 4927 70
3246 4872 3364 4927 aliis
3393 4877 3618 4929 funiculo
3643 4877 3804 4931 suﬂ’o-

2247 4949 2393 4992 catus
2415 4947 2514 5014 est,
2539 4951 2717 5014 postea
2743 4950 2897 5014 caput
2920 4942 2966 5014 ei
2988 4941 3086 5004 soli
3114 4944 3385 5014 praecisum
3415 4956 3512 4999 est.
3549 4946 3801 5014 Reliquias

2226 5009 2484 5082 corporis
2516 5010 2631 5082 ejus
2662 5009 2847 5082 _primo
2898 5010 3275 5082 Hierosolymis
3326 5014 3388 5065 ad
3420 5009 3793 5073 monasterium

2245 5092 2417 5141 suum,
2445 5078 2633 5131 deinde
2660 5079 2876 5143 llontam
2902 5082 3087 5133 delata:
3117 5078 3438 5136 venerantur
3463 5084 3512 5137 in
3544 5098 3801 5142 monaste-

2245 5149 2325 5220 rio
2356 5148 2590 5220 BaPanli
2618 5150 2861 5220 apostoli,
2893 5152 3029 5216 quod
3064 5151 3251 5204 dicitur
3272 5152 3338 5203 ad
3372 5156 3547 5220 Aquas
3576 5154 3797 5212 Salvias.

2244 5218 2378 5291 Ado,
2420 5216 2637 5291 Notlter,
2670 5218 2822 5291 Daeda
2857 5220 3059 5287 angat.
3109 5216 3487 5291 lnlllenofogio
3530 5239 3560 5277 a
3591 5224 3800 5283 Cauisio

2245 5286 2391 5340 edito
2420 5301 2485 5339 xv
2511 5286 2630 5341 Jan.
2665 5288 2721 5341 S.
2756 5286 3064 5342 AnastaSius
3098 5286 3413 5345 celebratur.

2310 5354 2358 5433 ᾗ
2391 5355 2621 5410 Victoris.
2672 5356 2967 5433 lJ_suardu_s,
3005 5358 3299 5433 yotkerus_,
3334 5361 3486 5415 Baeda
3514 5361 3796 5433 Vulgatus,

2240 5432 2293 5476 et
2323 5424 2616 5479 Romanum
2673 5426 2947 5494 Martyrol.
3004 5429 3214 5482 Baronii
3269 5431 3367 5484 hoc
3417 5432 3571 5486 modo
3614 5424 3797 5491 deliis

2238 5495 2431 5572 sanctis
2454 5497 2689 5572 scribunt
2713 5513 2740 5572 _:_
2766 5496 3117 5572 Ebr_e_t_iuui_in
3151 5498 3319 5572 Gallia
3358 5501 3465 5555 SS.
3513 5514 3797 5572 martyrum

2248 5560 2514 5637 Vincentii,
2544 5565 2740 5637 Orontii
2781 5577 2829 5618 et
2864 5565 3093 5631 Victoris,
3117 5569 3203 5637 qui
3234 5571 3286 5622 in
3310 5560 3795 5636 persecutiorrevbio-

2237 5633 2421 5704 cleteni
2448 5634 2689 5704 martyrio
2729 5638 2955 5688 coronati
2986 5633 3139 5690 δειναί
3174 5633 3371 5694 Revera
3416 5650 3587 5695 tamen
3623 5643 3790 5697 Ehre-

2234 5702 2361 5770 duni
2393 5719 2494 5759 nou
2526 5702 2663 5774 passi
2692 5712 2834 5773 sunt,
2884 5707 2975 5762 sed
3000 5706 3258 5763 Gerunda:
3291 5711 3341 5765 in
3371 5710 3643 5783 Hispania,
3688 5714 3790 5769 sub
