4240 6456
483 300 582 358 εὲι

1625 288 1818 346 SECT.
1859 286 1923 342 Il.
1973 317 2033 329 -—
2073 283 2634 343 MARTYROLOGIA.

3649 280 3754 333 82!

436 460 439 463 Α
1752 379 1973 436 EDITIO
2008 378 2470 435 cowmsusrs.

438 482 643 566 :tiana
689 479 907 550 virginis
952 486 1007 533 et
1061 475 1353 546 martyris,
1399 488 1519 546 qua:
1575 482 1691 529 erat
1739 472 2066 528 collectanea
2094 479 2147 539 Α
2179 471 2271 525 Dei
2318 485 2349 524 a
2407 468 2678 533 fratribus,
2729 468 3020 536 injunctum
3072 465 3304 519 ofticium
3362 462 3755 532 prcedicationis

480 584 683 633 sanctis:
711 574 954 645 Agnetis,
980 581 1033 627 et
1058 571 1184 627 dum
1213 579 1388 624 oraret
1414 569 1479 623 ad
1510 568 1812 638 sepulcrum
1842 565 1981 636 ejus,
2014 573 2072 620 ut

481 680 601 721 eam
628 680 658 719 a
687 662 962 734 gentilium
996 661 1212 715 laesione
1253 658 1582 723 defenderet,
1626 654 1852 726 lapidata
1892 662 1975 708 est
2004 652 2071 709 ab

483 757 581 811 eis.
617 755 684 809 Et
729 755 784 809 in
826 752 1163 815 Mauritania,
1199 751 1417 806 civitate
1460 749 1846 816 Neocaasarete,
1895 744 2073 800 natale

482 846 650 903 sancti
683 844 979 910 Severiani,
1014 852 1067 899 et
1095 843 1300 913 Aquila:
1323 841 1502 896 uxoris
1532 841 1668 910 ejus,
1692 839 1904 908 ignibus
1925 851 2072 893 com-

482 938 793 1001 bustorum;
826 937 877 991 in
911 935 1170 1002 Philippis
1201 934 1341 988 beati
1392 933 1667 987 Parmente
1714 930 1949 993 diaconi,
1982 929 2072 998 qui

483 1044 620 1085 unus
649 1028 748 1084 fuit
772 1026 837 1084 de
883 1035 1090 1098 septem
1117 1026 1445 1082 diaconibus.
1478 1024 1585 1093 Qui
1620 1022 1844 1079 traditus
1880 1021 2072 1091 gratiae

2172 561 2322 629 plena
2370 559 2471 612 [ide
2520 558 2928 626 consummavit,
2964 554 3205 626 martyrii
3234 554 3459 624 gloriam
3506 552 3753 623 adeptus,

2170 651 2428 723 Philippis
2452 653 2675 720 quievit.

2238 744 2301 798 C.
2344 742 2409 797 lX
2454 742 2690 797 Kausno.
2736 740 2898 795 Fsen.
2939 771 3009 781 —
3050 738 3200 808 Apud
3248 738 3525 809 Ephesum
3576 737 3755 792 natale

2171 834 2338 887 sancti
2370 833 2634 887 Timothei
2658 832 2904 899 discipuli
2936 831 3072 887 beati
3100 830 3268 896 Pauli,
3292 832 3380 899 qui
3409 829 3557 900 apud
3577 831 3753 899 Ephe-

2170 939 2286 978 sum
2337 940 2363 976 a
2417 924 2579 978 beato
2622 923 2865 991 apostolo
2917 926 3199 992 episcopus
3254 923 3571 987 ordinatus,
3632 936 3753 993 post

2172 1018 2367 1071 multos
2400 1034 2493 1085 pro
2542 1015 2753 1071 Christo
2795 1028 2991 1085 agones
3032 1012 3308 1076 dormivit;
3358 1014 3515 1083 cujus
3554 1027 3749 1082 corpus

1723 1133 1951 1189 EDI'I‘IO
1991 1128 2498 1187 BOLLANDIANA.

480 1250 696 1323 virginis
724 1247 921 1306 Christi
959 1256 1013 1303 et
1043 1245 1292 1316 martyris
1338 1259 1455 1315 qua:
1481 1252 1598 1301 erat
1635 1243 1964 1299 collactanea
1989 1242 2050 1298 8.

483 1344 718 1413 Agnetis,
752 1353 802 1395 et
822 1342 945 1395 dum
963 1348 1138 1393 oraret
1158 1337 1224 1391 ad
1248 1337 1549 1405 sepulcrum
1572 1335 1628 1390 8.
1647 1334 1882 1403 Agnetis,
1908 1348 1971 1388 ac
1984 1332 2059 1386 si-

481 1437 588 1490 mul
621 1446 832 1490 orantes
854 1450 880 1487 a
909 1434 1183 1504 gentilium
1209 1432 1423 1485 laesione
1452 1430 1793 1492 defenderet,
1827 1427 2054 1496 lapidata

479 1538 562 1585 est
590 1528 655 1582 ab
677 1528 776 1581 eis.

554 1624 639 1687 A.,
675 1621 738 1674 Et
761 1618 942 1672 Passio
970 1629 995 1655 ει
1015 1617 1288 1672 Parmeuzr
1316 1616 1545 1677 diaconi,
1575 1613 1677 1687 eth
1700 1613 1936 1687 Macarii.
1964 1614 2052 1679 C.,

482 1685 681 1747 Eodem
711 1690 793 1744 die
821 1689 875 1744 8.
902 1691 1109 1744 Savium
1136 1688 1371 1758 virginis.
1392 1687 1458 1741 T.
1486 1690 1570 1752 ιι,
1604 1685 1802 1741 Eodem
1834 1686 1922 1740 die
1952 1700 2052 1739 na-

484 1763 600 1816 talis
626 1762 683 1818 S.
714 1760 926 1815 Macarii
958 1760 1228 1829 martyris.

548 1853 639 1907 24.
668 1882 736 1891 —
768 1850 832 1905 IX
860 1850 989 1905 ΚΑι.
1024 1850 1205 1905 Natale
1230 1848 1286 1904 S.
1305 1847 1608 1903 cTimothei
1640 1847 1888 1915 apostoli.
1916 1846 1981 1900 Et
2003 1847 2056 1900 in

480 1942 757 1998 Antiochia
785 1943 842 1998 S.
866 1940 891 1979 ά
920 1942 1152 2013 Babylla:
1175 1950 1229 1996 et
1252 1941 1409 1996 trium
1442 1940 1799 2010 parvulorum,
1836 1936 2056 2007 Urbani,

480 2033 750 2089 Prilidiani
767 2044 820 2089 et
843 2033 1102 2102 Epolonii.
1138 2031 1440 2092 Eademdie
1455 2031 1512 2086 S.
1540 2029 1789 2085 eSabina:
1815 2029 2055 2097 virginis.

550 2122 741 2179 Florus
769 2122 821 2177 in
856 2123 917 2176 A.
950 2122 1013 2177 Τ.
1045 2122 1131 2189 L.,
1167 2122 1220 2175 ln
1253 2120 1535 2200 Antiochia
1561 2120 1735 2186 passio
1778 2119 1834 2174 S.
1868 2119 2062 2173 Babilae

479 2212 736 2282 episcOpi,
786 2222 839 2268 et
866 2214 1025 2267 trium
1080 2212 1419 2281 parvulorum
1442 2251 1456 2276 ,
1492 2210 1736 2273 Urbani,
1771 2208 2058 2263 Parilidani

481 2304 591 2381 [A.,
625 2304 914 2377 Prilidani]
938 2314 989 2361 et
1022 2303 1263 2376 Epolonii
1314 2305 1415 2360 sub
1464 2302 1786 2358 Numeriano
1825 2302 2056 2372 impera—

2170 1251 2322 1297 tore:
2371 1257 2528 1312 quem
2559 1242 2851 1312 imperator
2901 1257 2995 1313 per
3026 1257 3241 1298 manum
3292 1241 3550 1301 Victorini
3593 1244 3743 1300 ducis

2168 1335 2356 1391 validis
2383 1339 2585 1391 catenis
2615 1336 2764 1407 ligari
2803 1337 2995 1405 jussit,
3047 1344 3102 1391 et
3145 1351 3239 1406 per
3279 1335 3548 1392 civitatem
3583 1337 3744 1390 trahi.

2167 1426 2289 1482 Post
2314 1428 2426 1483 hmc
2440 1427 2675 1483 Bibilam
2704 1429 2755 1483 in
2778 1429 3004 1499 equuleo
3024 1428 3297 1498 suspendi,
3321 1437 3377 1484 et
3397 1442 3591 1498 pueros
3614 1444 3751 1499 pra:-

2166 1521 2304 1589 cepit
2333 1521 2603 1575 verberari
2629 1538 2642 1574 :
2671 1536 2897 1591 quorum
2926 1521 3127 1589 primus
3152 1519 3431 1575 duodecim
3455 1534 3741 1583 annorum,

2166 1612 2428 1666 secundus
2458 1626 2673 1672 novem,
2719 1612 2908 1664 tertius
2937 1620 3143 1678 septem
3174 1609 3366 1663 fuerat.
3418 1609 3620 1663 Deinde
3650 1624 3743 1678 pa-

2170 1705 2295 1759 riter
2324 1704 2376 1757 in
2409 1702 2511 1758 tlde
2536 1713 2591 1758 et
2618 1703 2813 1758 virtute
2860 1712 3264 1773 perseverantes
3289 1742 3304 1769 ,
3334 1705 3626 1772 imperator
3652 1718 3746 1757 eos

2171 1796 2343 1865 gladio
2363 1795 2518 1850 ferire
2540 1795 2717 1865 jussit.
2745 1794 2945 1851 Eodem
2972 1794 3058 1850 die
3080 1795 3276 1850 Trecas
3309 1795 3487 1863 passio
3504 1795 3561 1851 S.
3588 1792 3605 1831 ί
3639 1794 3748 1850 Sa-

2174 1887 2367 1941 viniani
2418 1880 2699 1957 martyris.
2738 1887 2805 1941 Et
2842 1886 3105 1954 depositio
3154 1886 3213 1941 8.
3253 1885 3463 1942 Sabinas
3488 1883 3508 1957 [
3532 1883 3620 1951 T.,
3652 1884 3748 1941 Sa.-

2095 1985 2136 2044 Β
2167 1978 2355 2032 biame.
2394 1977 2437 2031 L
2466 2017 2481 2043 ,
2513 1978 2743 2050 Savinr]
2777 1978 3012 2048 virginis,
3046 1980 3247 2033 sororis
3278 1978 3414 2049 ejus.

2241 2094 2331 2156 A.,
2360 2092 2509 2158 Apud
2546 2091 2810 2159 Ephesum
2843 2092 3017 2144 natale
3040 2089 3378 2145 S.Timothei
3410 2090 3648 2159 episcopi
3692 2100 3746 2144 et

2169 2163 2443 2229 martyris,
2487 2161 2729 2228 discipuli
2774 2162 2915 2216 beati
2960 2161 3105 2214 Pauli
3138 2161 3384 2227 apostoli.
3421 2161 3621 2215 Eodem
3652 2161 3743 2215 die

2167 2234 2398 2313 elevatio
2439 2233 2679 2302 corporis
2719 2232 2775 2287 S.
2822 2242 2847 2279 ις
2894 2231 3135 2288 Autberti
3172 2232 3591 2287 Cameracensis
3626 2232 3742 2300 epis

2163 2318 2339 2371 sc0pi.

1877 2413 2081 2470 SMITU
2123 2416 2350 2470 NOTAE.

481 2529 695 2586 Buflino
725 2531 971 2600 praeside.
997 2540 1050 2587 et
1074 2541 1254 2601 postea
1285 2530 1351 2583 ab
1376 2527 1604 2601 Hactore
1632 2529 1860 2596 quodam
1891 2527 2057 2584 Ehre-

480 2603 678 2656 dunum
711 2604 949 2669 plaustro
983 2600 1172 2656 avecti.
1211 2602 1269 2655 lli
1302 2616 1490 2654 omnes
1533 2600 1776 2653 decollati
1808 2608 1949 2652 sunt.

554 2680 578 2707 ι
623 2670 905 2727 Pal-mente.
954 2670 1209 2742 Philippis
1236 2670 1645 2742 ionacedonia,
1672 2671 1757 2737 qui
1800 2670 2052 2742 fuitunns

480 2741 547 2795 de
568 2752 752 2804 septem
778 2745 952 2809 primis
977 2740 1225 2798 diaconis.
1261 2741 1358 2793 llic
1380 2741 1599 2793 traditus
1622 2742 1799 2807 gratia:
1825 2740 1917 2792 Dei
1937 2780 1950 2798 .
1975 2741 2054 2793 in-

484 2815 710 2875 iunctum
751 2814 845 2865 sibi
884 2829 916 2865 a
944 2813 1183 2880 fratribus
1226 2813 1443 2881 ofﬁcium
1486 2812 1859 2876 praedicationis
1905 2809 2053 2879 plena

483 2881 585 2949 ﬁde
631 2897 1003 2946 ronsummans,
1046 2884 1135 2935 sub
1176 2882 1405 2951 Trojano
1447 2881 1683 2951 martyrii
1724 2882 1939 2951 gloriam
1982 2892 2053 2934 est

483 2953 730 3023 adeptus.
778 2953 982 3023 Baronii
1029 2950 1298 3023 Martyrol.
1349 2950 1607 3005 Baronius
1656 2950 1931 3023 in’Niitat.
1986 2953 2052 3023 ad

484 3020 755 3091 Martyrol.
811 3021 877 3075 ait
913 3038 959 3075 λι
994 3020 1178 3077 Martii
1211 3038 1272 3076 ac
1306 3024 1501 3075 iterum
1546 3036 1623 3091 ιιι
1646 3022 1767 3075 Maii
1795 3036 1831 3091 a7
1854 3021 2055 3091 Graecis

2171 2529 2322 2597 linis,
2377 2531 2603 2586 loculum
2649 2531 2858 2603 Babyla}
2916 2532 3204 2602 martyris;
3255 2547 3321 2587 ex
3371 2546 3476 2599 quo
3524 2529 3736 2603 quidem

2168 2612 2406 2671 tempore
2439 2603 2632 2656 dicitur
2674 2602 2996 2656 dmiuouium
3046 2603 3247 2656 nulhun
3295 2604 3609 2671 Oraculum,
3644 2602 3734 2655 ubi

2161 2682 2551 2735 Consueverat,
2596 2674 2846 2727 edidisse.
2898 2674 3016 2739 Quo
3064 2673 3286 2738 audito,
3318 2672 3557 2726 Julianus
3580 2670 3738 2739 jussit

2163 2756 2372 2795 sacrum
2404 2759 2597 2809 corpus
2631 2743 2753 2796 inde
2804 2742 3014 2803 efferri;
3068 2743 3244 2811 itaque
3279 2741 3569 2797 Christiani
3615 2756 3737 2794 cum

2164 2814 2455 2880 psalmodia
2476 2814 2597 2866 idin
2622 2814 2806 2865 urbem
2827 2814 3157 2867 Antiochiam
3184 2814 3372 2867 iterum
3388 2811 3733 2867 transferunt.

2238 2889 2261 2916 θ
2303 2883 2529 2937 Sabimc.
2572 2884 2735 2937 Soror
2765 2884 2879 2938 haec
2930 2882 3028 2937 fuit
3059 2884 3117 2938 S.
3161 2882 3472 2947 Sabiniani,
3505 2883 3735 2949 parenti-

2166 2953 2262 3004 bus
2296 2963 2414 3007 nata
2445 2953 2533 3008 inii
2556 2954 2747 3009 lelibus
2775 2972 2786 3006 :
2831 2968 2951 3007 cum
2979 2962 3156 3007 autem
3202 2952 3367 3007 frater
3395 2953 3508 3021 ejus
3545 2952 3613 3005 ab
3640 2967 3738 3005 an-

2165 3024 2284 3092 gelo
2318 3025 2603 3078 iustructus
2634 3040 2660 3075 a
2681 3025 2839 3077 domo
2867 3034 3084 3092 paterna
3106 3023 3414 3092 profugerit,
3449 3037 3555 3089 pre
3582 3022 3736 3076 desi-

486 3084 638 3162 hunc,
653 3091 928 3156 celebrari,
955 3103 1013 3146 ut
1033 3103 1252 3161 apparet
1277 3106 1556 3162 exreorum
1581 3090 1894 3162 Menologio.
1922 3090 2055 3144 Neu.
2084 3084 2130 3144 C
2165 3084 2315 3147 derio
2346 3094 2461 3162 ejus
2488 3095 2683 3148 afﬂicta
2712 3084 2904 3147 frustra
2938 3084 3237 3148 idolis'suis
3264 3084 3563 3146 immolavit
3588 3109 3601 3155 ;
3643 3107 3735 3146 an-

487 3171 571 3216 tro
591 3161 679 3215 die
697 3162 811 3229 ejus
829 3164 1024 3217 mentio
1045 3159 1263 3216 habetur
1279 3163 1329 3215 in
1346 3161 1642 3229 Menologio
1659 3164 1797 3228 quod
1815 3159 2057 3215 Canisius

482 3230 650 3286 edidit
670 3233 1007 3285 autblenmis.
1036 3234 1139 3287 Sed
1164 3233 1213 3287 in
1247 3233 1483 3300 utrisque
1523 3246 1558 3283 ιι
1587 3231 1733 3293 Maii,
1764 3233 2059 3299 iterumque

488 3303 540 3355 in
557 3300 765 3355 Matimis
786 3319 853 3354 xu
876 3301 1014 3364 Maii,
1034 3303 1083 3357 in
1106 3302 1400 3369 Menolngio
1419 3317 1468 3354 vr
1496 3300 1612 3354 Maii
1642 3318 1655 3366 ;
1690 3301 1845 3354 etiam
1877 3316 2058 3354 rursus

485 3387 646 3425 xxvtu
677 3371 801 3425 Julii
825 3373 876 3426 in
897 3372 1082 3425 eodem
1108 3372 1405 3440 Menologio
1424 3372 1537 3440 ejus
1561 3371 1757 3424 Natalis
1774 3369 2056 3440 invenitur.

556 3441 583 3480 δ
624 3442 861 3495 Macarii.
900 3442 1175 3497 Hrahanus
1206 3439 1365 3497 habet
1394 3460 1405 3494 :
1459 3439 1521 3493 In
1553 3442 1730 3493 eodem
1770 3442 1852 3493 die
1880 3439 2059 3495 Passio

484 3510 765 3582 celebratur
795 3512 899 3567 SS.
926 3524 1229 3582 martyrum,
1256 3511 1507 3565 Macharii
1528 3520 1575 3563 et
1598 3510 1837 3580 Eugenii,
1861 3512 1948 3579 qui
1969 3512 2059 3564 sub

483 3579 696 3634 Iuliano
712 3583 887 3652 judice
907 3579 1074 3635 multa
1093 3592 1337 3636 tormenta
1368 3582 1501 3651 passi
1539 3579 1695 3643 sunt,
1715 3581 1808 3633 Itoc
1831 3590 1923 3644 est,
1947 3597 2059 3634 cra-

486 3651 691 3704 ticulam
716 3651 960 3717 incendii,
976 3654 1024 3705 in
1045 3670 1144 3722 qua
1170 3655 1257 3722 pia:
1277 3662 1427 3722 atque
1448 3653 1612 3705 oleum
1634 3652 1898 3720 superfusa
1919 3660 2056 3721 sunt,

484 3722 577 3793 sed,
601 3738 802 3775 noneos
832 3723 967 3793 ignis
983 3724 1154 3789 twsit;
1194 3724 1376 3776 deinde
1415 3723 1597 3792 viperis
1621 3724 1931 3793 serpentibus
1954 3730 2059 3793 tra-

486 3792 580 3844 diti
599 3802 739 3853 sunt,
767 3791 862 3845 sed
881 3792 1024 3846 nullo
1052 3796 1198 3846 modo
1221 3795 1282 3847 ab
1304 3795 1404 3846 illis
1435 3791 1549 3846 sunt
1571 3791 1680 3845 laesi
1697 3807 1716 3856 ,'
1740 3802 1913 3859 postea
1936 3792 2058 3846 dra-

487 3876 663 3913 canem
688 3865 941 3930 ingentem
963 3864 1275 3918 orationibus
1298 3863 1670 3925 exstinxerunt,
1694 3863 1760 3913 ad
1781 3873 2060 3916 extremum

487 3946 599 3982 vero
642 3935 885 4001 martyrio
924 3936 1152 3987 coronati
1190 3933 1326 3987 sunt.
1370 3932 1681 3986 Celebratur
1730 3933 1915 3986 horum
1947 3947 2059 3988 me-

486 4002 665 4074 moria
681 4002 732 4056 in
763 4006 953 4074 Baron_.
986 4005 1263 4074 Martyrol.
1298 4021 1363 4058 xx
1392 4002 1643 4074 Decemb.

558 4081 581 4109 ο
626 4071 889 4127 Timothei.
907 4072 1037 4128 Cum
1063 4071 1371 4129 idololatria:
1383 4073 1522 4127 diem
1543 4072 1822 4140 quemdam
1844 4071 2054 4138 festum,

486 4143 624 4208 quod
652 4148 962 4216 κοᾳριγώγιον
991 4144 1356 4216 appellabant,
1389 4142 1583 4212 Ephesi
1619 4143 1787 4211 patrio
1816 4144 1918 4216 ritu
1949 4145 2059 4211 agi-

491 4222 661 4265 tarent
696 4212 817 4267 fidei
852 4212 1061 4278 hostes,
1092 4215 1229 4269 idola
1261 4229 1420 4268 uiaiiu
1463 4223 1754 4283 gestantes,
1808 4224 1863 4268 et
1892 4214 2058 4267 larvis

487 4283 804 4349 quibusdam
858 4284 1062 4348 induti,
1105 4293 1159 4339 et
1187 4284 1237 4338 in
1270 4284 1352 4338 his
1398 4287 1745 4338 decantantes
1767 4322 1782 4347 ,
1812 4292 1972 4351 atque
2004 4285 2056 4338 in

489 4351 630 4406 viros
662 4352 989 4423 feminasque
1035 4356 1295 4408 latronum
1348 4368 1498 4407 more
1546 4353 1835 4419 irruentes,
1868 4354 1928 4408 Β.
1961 4353 2055 4408 Ti-

2160 3164 2326 3232 gelica
2368 3178 2496 3219 vero
2545 3167 2747 3218 visione
2793 3164 3063 3217 admonita
3106 3175 3160 3218 et
3192 3165 3302 3231 ipsa
3351 3163 3571 3231 patriam
3603 3162 3735 3230 fugit

2160 3248 2279 3287 cum
2327 3236 2479 3288 unica
2527 3234 2718 3287 ancilla
2769 3233 3125 3287 Maximiniola
3176 3234 3390 3287 fratrem
3447 3246 3732 3300 quaerens;

2159 3318 2383 3369 Cumque
2410 3306 2498 3357 diu
2522 3314 2663 3358 esset
2696 3306 3024 3373 peregrinata
3070 3302 3290 3373 Romam
3322 3302 3532 3373 tandem
3564 3303 3728 3365 venit,

2162 3374 2247 3426 ubi
2282 3372 2540 3441 baptizata
2571 3383 2655 3428 est
2678 3388 2708 3427 a
2739 3372 2870 3440 papa
2906 3373 3166 3428 Eusebio:
3218 3372 3411 3426 deinde
3446 3372 3637 3425 iterum
3670 3373 3738 3427 ab

2159 3444 2347 3511 angelo
2378 3446 2576 3498 monita
2626 3455 2682 3498 ut
2718 3444 2783 3497 ad
2816 3443 3033 3497 fratrem
3088 3442 3484 3509 profisciscatur
3529 3442 3736 3496 ltaven-

2161 3530 2282 3567 nam
2309 3517 2438 3581 petit
2463 3532 2478 3581 ;
2507 3529 2735 3582 cumque
2762 3513 3041 3568 Trecensis
3071 3513 3298 3567 civitatis
3320 3512 3370 3567 in
3391 3522 3733 3579 conspectum

2161 3585 2412 3649 venisset,
2469 3601 2532 3639 ex
2578 3582 2801 3639 Lucerio
2840 3584 3068 3649 quodam
3117 3583 3363 3651 intelligit
3411 3592 3635 3635 mortem
3682 3592 3737 3636 et

2161 3654 2460 3722 sepulcrum
2509 3654 2711 3709 fratris.
2759 3654 2876 3719 Quo
2918 3658 3152 3722 cognito,
3205 3661 3434 3707 mortem
3478 3660 3534 3706 et
3566 3652 3734 3719 ipsaa

2162 3724 2389 3779 Domino
2429 3734 2638 3793 precata
2665 3763 2681 3787 ,
2734 3728 2876 3790 pium
2921 3726 3163 3791 spiritum
3213 3722 3583 3793 emisitannos
3612 3726 3740 3775 nata

2161 3794 2250 3859 48,
2304 3796 2390 3851 die
2418 3792 2465 3849 tv
2498 3795 2614 3850 Kal.
2662 3794 2960 3850 Februarii.
3013 3794 3138 3849 Acta
3170 3795 3286 3861 ejus
3316 3792 3453 3860 apud
3489 3792 3731 3845 Bolland.

2160 3880 2229 3918 xx
2258 3864 2377 3920 Jan.
2410 3867 2523 3934 Quo
2548 3867 2637 3919 die
2668 3868 2718 3919 in
2761 3864 3075 3933 quibusdam
3118 3862 3510 3934 martyrologiis
3539 3862 3737 3934 ethauc

2158 3946 2212 3989 et
2235 3936 2395 3991 frater
2422 3932 2537 4005 ejus
2559 3932 2785 3990 colitur.
2804 3934 2993 3990 Noster
3016 3945 3190 3988 tamen
3215 3932 3419 4005 auctor,
3452 3942 3506 3987 et
3532 3932 3617 3985 alii
3640 3947 3735 3985 eos

2161 4006 2332 4131 lipdig
2348 4008 2545 4129 collum.
2580 4005 2786 4061 Colitur
2823 4006 2982 4060 etiam
3032 4005 3172 4073 apud
3210 4004 3469 4074 quosdam
3500 4017 3568 4057 xx
3597 4004 3733 4071 Aug.

2161 4090 2191 4131 e
2238 4093 2269 4129 ν
2335 4091 2402 4131 eo
2431 4116 2444 4130 .

2159 4086 2213 4131 et
2238 4093 2269 4129 ν
2295 4086 2444 4145 Sept.

2235 4144 2256 4184 τ
2300 4141 2587 4201 Sabiniani.
2615 4146 2712 4212 Qui
2744 4156 2798 4201 et
2826 4145 3143 4202 Sabinianus
3172 4152 3226 4197 et
3268 4141 3530 4197 Sabianus
3556 4154 3608 4197 et
3636 4141 3737 4197 Fa-

2161 4216 2348 4272 bianus
2369 4227 2421 4270 et
2445 4218 2672 4272 Savinus
2701 4217 2900 4277 dictus.
2930 4232 2961 4271 e
2992 4216 3159 4285 patria
3184 4213 3451 4276 discessit,
3481 4213 3733 4267 veniens-

2161 4303 2264 4357 que
2295 4289 2345 4340 in
2376 4289 2637 4341 ditionem
2668 4289 3050 4341 Trecassenam
3085 4285 3282 4339 multos
3330 4285 3735 4357 convertituui-

2163 4354 2344 4413 raculo
2370 4360 2530 4428 virga:
2560 4359 2911 4413 ﬂorescentis.
2944 4357 3324 4428 Quamobrem
3349 4354 3415 4407 ab
3447 4355 3732 4428 Aureliano

488 4422 731 4478 motbeus
759 4424 1086 4498 talefacinus
1116 4423 1311 4498 intueri
1338 4438 1442 4477 non
1464 4425 1753 4498 sustinens,
1776 4424 2058 4477 stultitiam
2090 4436 2139 4496 ι)
2166 4422 2485 4498 imperatore
2514 4430 2566 4483 in
2594 4444 2865 4483 carcerem
2899 4422 3143 4493 mittitur,
3180 4426 3270 4479 ubi
3301 4426 3370 4477 48
3395 4423 3611 4486 milites,
3644 4426 3733 4498 qui

487 4508 672 4546 eorum
703 4496 976 4561 arguebat.
1009 4495 1177 4560 Quem
1210 4494 1329 4547 ideo
1358 4493 1499 4561 lmpii
1528 4493 1755 4546 fustibus
1775 4504 2055 4548 contusum

492 4576 521 4613 e
550 4563 721 4617 medio
746 4566 1097 4627 sustulerunt,
1126 4565 1407 4633 imperium
1439 4563 1843 4633 administrante
1863 4562 2055 4630 Nerva,

498 4642 550 4688 ut
575 4636 656 4705 ait
690 4633 1013 4705 Polycrates,
1038 4636 1160 4705 ejus
1204 4632 1332 4688 Vita:
1355 4633 1583 4705 scriptor
1632 4632 2056 4705 antiquissimus.

489 4702 658 4774 Graeci
690 4712 742 4757 et
768 4701 1002 4758 nonnulli
1031 4701 1338 4759 Latinorum
1369 4704 1436 4758 de
1455 4718 1520 4759 eo
1542 4713 1703 4774 agunt
1726 4719 1833 4757 χχιι
1859 4701 2058 4757 ianua.-

491 4773 575 4860 r‘ii,
594 4788 712 4860 ‘quo
738 4774 1082 4860 interemptus
1110 4787 1212 4857 est.
1261 4773 1643 4860 Cujus‘corpus
1671 4789 1788 4854 cum
1821 4774 2057 4860 reliquiis

495 4844 552 4897 Β.
581 4844 806 4898 Andreae
853 4853 909 4899 et
933 4844 1088 4898 Luca:
1129 4844 1384 4900 vicesimo
1426 4843 1715 4897 Constantii
1747 4858 1884 4896 arino
1912 4843 2057 4897 Cou-

491 4914 884 4983 stautinOpolim
910 4915 1220 4969 translatum
1242 4924 1343 4969 est.
1369 4912 1651 4979 Noikerus,
1685 4915 1837 4967 Baeda
1872 4912 2020 4983 Vulg.

561 4982 587 5020 ά
631 4981 866 5038 Βαῡὶιιαξ.
912 4985 1170 5040 Eusebius
1197 4993 1253 5040 et
1303 4986 1355 5039 iu
1405 4984 1776 5038 Ecclesiastica
1829 4981 2057 5038 Historia

490 5062 549 5109 et
573 5052 623 5108 in
663 5054 951 5122 Chronico,
985 5055 1339 5124 Hieronymus
1369 5069 1576 5124 quoque
1603 5054 1653 5107 in
1686 5054 1778 5107 lib.
1809 5054 1877 5107 de
1906 5054 2058 5124 Scri-

482 5140 513 5194 p
530 5136 633 5179 tor.
659 5125 885 5191 Eccles.,
907 5141 1027 5195 cap.
1052 5126 1142 5191 54,
1163 5123 1399 5180 scribunt
1426 5125 1482 5179 S.
1508 5124 1752 5194 Dabylam
1776 5124 1875 5178 sub
1898 5123 2057 5195 Decio

481 5205 611 5260 post
639 5195 1025 5250 confessionem
1074 5196 1128 5250 in
1157 5210 1374 5250 carcere
1420 5196 1578 5247 vitam
1629 5198 1764 5248 hanc
1803 5209 1921 5247 cum
1950 5194 2055 5247 im-

480 5274 530 5311 m
547 5266 814 5320 ortalitate
839 5273 1215 5335 commutasse.
1246 5266 1545 5332 Scriptores
1565 5274 1737 5319 tamen
1759 5263 1875 5335 ejus
1899 5265 2056 5318 Acto-

482 5348 609 5388 rum
638 5336 834 5405 aliique
856 5351 976 5390 eum
1022 5336 1121 5390 sub
1142 5333 1464 5390 Numeriano
1513 5350 1723 5403 passum
1767 5333 2052 5405 afﬁrmant,

484 5418 591 5461 nec
630 5404 759 5459 eum
801 5406 852 5461 in
877 5420 1090 5460 carcere
1118 5405 1444 5467 defunctum,
1495 5405 1589 5459 sed
1636 5414 1753 5471 post
1782 5404 1922 5457 varia
1948 5412 2057 5458 tor-

492 5486 668 5531 menta
698 5491 817 5530 cum
850 5476 1016 5530 tribus
1044 5477 1220 5544 pueris
1246 5477 1584 5529 decollalum.
1641 5475 1731 5529 His
1764 5478 1832 5529 ita
1857 5475 2055 5529 consti-

495 5546 643 5608 tutis,
676 5562 778 5599 non
801 5548 1068 5600 immerito
1092 5546 1304 5613 quidam
1343 5546 1705 5613 cogitaverunt
1735 5547 1867 5599 duos
1894 5546 2056 5601 fuisse

494 5616 1044 5686 ltabylusepiscopos.
1075 5615 1406 5686 Sozoiuenus
1442 5615 1493 5668 in
1520 5614 1652 5669 Hist.
1685 5615 1853 5681 Eccl.,
1879 5630 1930 5681 v,
1965 5616 2052 5684 18,

491 5684 667 5755 prodit
697 5684 907 5739 Gallum
930 5684 1158 5740 fratrem
1190 5684 1384 5739 Juliaui
1410 5686 1745 5740 transtulisse
1794 5687 1847 5740 in
1874 5686 2051 5753 Daph-

490 5754 595 5813 nen
623 5756 933 5815 suburbium
961 5755 1276 5826 Antiochiae,
1309 5756 1397 5813 ubi
1425 5754 1701 5812 delubrum
1731 5764 1845 5813 erat
1890 5757 2051 5826 Apul-

2160 4496 2293 4567 jnssi
2323 4510 2446 4553 sunt
2471 4515 2591 4553 eum
2619 4500 2909 4563 custodire,
2943 4500 3010 4553 ab
3037 4514 3101 4551 eo
3126 4498 3381 4567 conversi
3403 4502 3547 4557 sunt,
3578 4496 3733 4567 etob

2164 4564 2321 4623 iidem
2366 4570 2633 4626 decollati.
2668 4571 2725 4623 S.
2773 4568 3092 4624 Sabinianus
3120 4567 3234 4633 ipse
3255 4564 3491 4625 creditur.
3523 4566 3733 4618 casside

2164 4640 2324 4709 ignita
2369 4649 2666 4708 torquetur,
2697 4640 2745 4693 iu
2778 4640 2943 4707 iguito
2974 4652 3194 4709 scamno
3222 4636 3537 4709 collocatur,
3574 4636 3620 4686 vi
3651 4634 3733 4709 di-

2163 4705 2281 4763 vina
2309 4725 2340 4763 e
2364 4705 2578 4765 carcere
2614 4705 2854 4776 eripitur,
2888 4718 3129 4777 repertus
3165 4706 3390 4771 denique
3397 4706 3585 4777 _capite
3615 4705 3729 4777 ple-3

2161 4781 2400 4835 ctiturtx
2426 4780 2542 4833 Kal.
2584 4772 2744 4832 Febr.
2790 4777 2904 4832 Non
2951 4772 3165 4831 tantum
3217 4790 3338 4828 uix
3396 4772 3575 4839 Febr.,
3632 4773 3726 4829 sed

2160 4851 2319 4905 etiam
2348 4865 2437 4903 vut
2470 4849 2592 4901 Jun.
2623 4846 2832 4916 colitur,
2858 4856 2915 4900 ut
2942 4848 3053 4901 vult
3082 4845 3381 4916 Saussaius.

2233 4928 2259 4966 Β
2298 4920 2541 4973 Autberti.
2578 4918 2674 4972 llic
2703 4913 2911 4971 refulsit
2942 4918 3269 4984 temporibus
3302 4913 3582 4983 Dsgoberti
3633 4914 3723 4966 in-

2159 4990 2287 5061 clyti
2338 4990 2663 5061 Francorum
2717 4990 2876 5061 regis,
2908 4990 3017 5061 sub
3045 5002 3148 5061 quo
3199 4986 3471 5061 llanuonia
3522 4985 3572 5061 in
3621 4985 3728 5061 fido

2159 5054 2357 5117 Christi
2386 5061 2546 5128 cmpit
2575 5054 3003 5113 ﬂorerefllabuit
3030 5054 3172 5112 enim
3223 5056 3277 5110 in
3318 5070 3381 5128 ea
3411 5054 3724 5128 discipulos,

2160 5123 2505 5188 Landeliuum
2526 5128 3053 5197 ahbatemCrispinii,
3093 5127 3419 5197 Vincentium
3456 5123 3723 5197 Madetga<

2158 5202 2295 5258 rium
2322 5202 2593 5266 comitem,
2622 5210 2676 5254 et
2720 5195 2999 5269 conjug‘em
3029 5199 3143 5266 ejus
3176 5195 3721 5269 VValdetrudeiu._llis

2157 5272 2514 5342 adjunxerunt
2536 5264 2596 5325 se
2624 5270 2774 5342 multi
2805 5264 3180 5342 praedicatores
3205 5283 3270 5323 ex
3312 5268 3488 5342 Spolia
3515 5274 3568 5319 et
3596 5264 3723 5342 Chal-

2158 5336 2249 5409 lia',
2289 5350 2344 5397 et
2383 5358 2445 5397 es
2481 5344 2592 5410 ipsa
2640 5336 2843 5394 Graecia
2887 5341 3252 5396 sanctissimus
3303 5336 3571 5410 Gislenus.
3623 5336 3725 5390 Per

2156 5407 2290 5484 quos
2319 5407 2591 5466 llanno'nia
2632 5410 2754 5465 fidei
2795 5410 2958 5484 initiis
2986 5422 3068 5484 est
3110 5411 3330 5484 imbuta.
3359 5407 3609 5484 Sepultus
3636 5416 3719 5461 est

2156 5477 2423 5539 Cameraci
2454 5490 2601 5537 extra
2630 5496 2811 5537 muros
2832 5486 2882 5535 in
2911 5482 2967 5537 S.
3005 5480 3143 5535 Petri
3190 5477 3434 5540 ecclesia,
3463 5492 3582 5547 qua:
3609 5492 3723 5529 aui-

2194 5554 2331 5608 liatis
2371 5553 2633 5607 iiimnibus
2680 5567 2820 5606 nunc
2858 5560 2939 5606 est
2966 5553 3104 5605 intra
3150 5564 3347 5609 muros,
3381 5549 3557 5602 Sancti
3589 5548 3726 5602 Aut~

2227 5626 2290 5679 rti
2320 5624 2551 5678 abbatis.
2584 5622 2823 5677 Natalem
2850 5622 3009 5677 habet
3051 5620 3227 5678 Idibus
3257 5620 3581 5678 Decembris.
3611 5619 3719 5677 M0-

2158 5696 2307 5753 lauus
2339 5695 2390 5751 in
2416 5693 2654 5749 ludiculo
2684 5692 2783 5751 SS.
2813 5692 2995 5764 Belgii.
