4240 6468
586 279 691 335 823

1360 278 1561 333 ΒΕΟΑΞ
1608 278 2061 335 VENEIMBILIS
2100 278 2249 333 OPP.
2296 278 2472 336 PARS
2520 280 2606 336 IV.
2644 310 2713 320 -
2756 281 3135 339 lllSTOlthA.

3746 284 3854 340 824

1862 391 2084 447 EDlTlO
2122 391 2585 448 COLONlENSIS.

584 508 705 549 cum
748 492 985 559 reliquiis
1016 492 1150 545 beati
1184 490 1408 543 Andreae
1439 498 1492 543 et
1541 489 1696 542 Luca:
1741 490 1990 543 vicesimo
2018 487 2158 542 Con-
2188 493 2239 552 Α
2266 488 2476 543 civitate
2503 488 2675 543 natale
2701 494 3003 544 sanctorum
3054 499 3365 561 martyrum,
3415 490 3681 559 Martioni,
3732 496 3847 548 Mn-

582 584 763 640 stantii
793 597 933 637 anno
959 580 1469 647 Constantinopolim
1520 580 1834 634 translatum
1871 591 1969 633 est.
2015 580 2167 649 Apud

586 676 921 732 Antiochiam
955 676 1122 728 sancti
1167 673 1375 743 Babylaa
1403 673 1657 741 episcopi,
1688 672 1776 741 qui
1801 673 2168 739 persecutione

583 763 755 829 Decii,
808 772 1147 832 posteaquam
1204 763 1508 832 frequenter
1564 763 1895 831 passionibus
1944 763 2056 817 suis
2112 773 2167 818 et

580 856 903 910 cruciatibus
948 854 1339 925 glorilicaterat
1392 852 1700 918 Dominum,
1740 852 1991 921 gloriosa:
2042 853 2164 908 vita:

580 948 739 1000 tinem
771 946 991 999 sortitus
1016 953 1100 999 est
1131 944 1184 997 itt
1215 944 1463 1009 vinculis,
1510 944 1577 997 de
1603 960 1707 1012 quo
1737 944 1789 998 in
1821 943 2027 998 decimo
2064 944 2164 1000 Ec-

577 1035 892 1091 clesiasticte
938 1034 1177 1089 historiae
1227 1033 1368 1087 libro
1408 1034 1605 1102 grande
1653 1043 1897 1086 narratur
1934 1034 2163 1088 miracu-

543 1104 553 1183 Σ
586 1129 718 1183 lum.
751 1128 880 1183 Nam
924 1144 1043 1183 cum
1075 1126 1316 1181 Julianus
1347 1128 1634 1194 imperator
1658 1125 1722 1179 ad
1761 1126 2018 1179 idolorum
2047 1125 2160 1179 cul-

580 1231 692 1276 tum
718 1236 1028 1287 conversus,
1056 1220 1284 1289 quodam
1310 1229 1547 1288 tempore
1577 1217 1807 1286 Daphnis
1830 1218 1881 1272 in
1910 1217 2161 1274 snburhio

577 1312 876 1368 Antiochia:
918 1313 1068 1382 juxta
1115 1313 1317 1368 fontem
1368 1310 1656 1367 Castalium
1692 1312 1863 1366 litaret
1905 1312 2157 1379 Apollini,

576 1417 629 1461 et
655 1408 797 1461 nulla
827 1422 892 1463 ex
938 1408 1021 1460 his
1060 1423 1177 1477 qua:
1217 1405 1512 1475 qua'rebat,
1556 1418 1809 1473 responsa
1840 1405 2155 1472 susciperet,

580 1515 873 1568 causasque
918 1499 1112 1553 silentii
1150 1506 1558 1568 percontaretur
1584 1511 1614 1549 a
1643 1495 2041 1560 sacerdotibus,
2073 1511 2157 1550 re-

582 1592 903 1658 sponderunt
949 1592 1243 1654 daemones,
1293 1590 1509 1659 Bahylac
1560 1589 1810 1657 martyris
1854 1588 2155 1655 sepulcrum

572 1695 739 1750 prope
786 1683 1059 1747 assistere,
1107 1693 1160 1736 et
1206 1682 1325 1736 ideo
1372 1695 1625 1747 responsa
1669 1695 1774 1734 non
1807 1680 1975 1734 rcddi.
2010 1680 2157 1734 Tunc

574 1772 667 1826 ille
696 1772 879 1828 venire
922 1772 1168 1828 Galilzeos
1214 1772 1346 1840 (hoc
1389 1773 1530 1825 enim
1579 1773 1793 1825 nomine
1823 1782 2033 1825 nostros
2063 1787 2156 1839 ap-

2268 581 2424 647 sonii,
2452 580 2692 649 Eugenii,
2711 582 3013 649 Mitelli,qui
3040 582 3145 652 igni
3171 582 3345 638 traditi
3369 595 3512 649 sunt,
3536 595 3589 639 et
3610 587 3847 653 reliquiae

2267 686 2453 725 eorum
2485 673 2536 725 in
2567 674 2764 725 Axium
2796 672 3013 727 ﬂuvium
3057 674 3331 742 dispersm.
3380 674 3445 727 Et
3474 676 3645 730 natale
3681 677 3845 730 trium

2267 764 2622 832 parvulorum,
2658 763 2871 829 Urbani,
2905 764 3153 818 Prilidani
3180 774 3232 818 et
3258 766 3540 834 Eupoloni.

2338 856 2400 910 Ι).
2446 856 2552 910 \‘Ill
2591 856 2831 911 Kaccsn.
2876 858 3038 911 Fcan.
3064 858 3448 912 —-Convcrslo
3471 859 3635 912 sancti
3668 859 3841 914 Pauli.

2267 944 2464 1000 Eodem
2496 945 2584 1000 die
2612 945 2778 1001 sancti
2809 945 3031 1001 Ananiae
3060 948 3198 1015 apud
3238 948 3575 1014 Damascum,
3599 950 3686 1017 qui
3716 950 3843 1005 bea-

2265 1045 2373 1091 tum
2406 1036 2623 1091 Paulum
2657 1037 2962 1109 baptizavit.
3013 1040 3169 1108 Apud
3214 1038 3528 1094 Gabilonem
3571 1040 3839 1095 civitatem

2262 1131 2435 1184 sancti
2485 1130 2756 1187 Severiani
2809 1131 3083 1200 episcopi,
3137 1131 3392 1184 mirandae
3442 1130 3736 1185 sanctitatis
3784 1143 3840 1185 et

2262 1221 2522 1276 doctrina:
2547 1222 2645 1277 viri
2678 1240 2690 1275 :
2721 1223 2847 1277 item
2876 1223 3053 1276 natale
3081 1221 3320 1292 Pra‘jecti
3349 1222 3695 1277 Arvernensis
3724 1222 3838 1291 epi-

2262 1316 2433 1382 sc0pi,
2457 1323 2511 1369 et
2540 1315 2714 1370 natale
2738 1316 2907 1369 sancti
2939 1312 3182 1383 Gregorii
3211 1313 3463 1385 theologi.

2335 1406 2394 1458 E.
2442 1404 2527 1457 Vll
2565 1404 2804 1459 KALEND.
2846 1405 3007 1459 Fsen.
3038 1434 3108 1445 -—-
3135 1405 3315 1460 Natale
3352 1404 3518 1459 sancti
3565 1404 3838 1473 Polycarpi

2262 1494 2401 1549 beati
2447 1493 2667 1549 Joannis
2695 1495 2922 1564 apostoli
2967 1473 3237 1565 discipuli,
3273 1496 3362 1565 qui
3405 1497 3472 1549 ab
3502 1510 3568 1550 eo
3595 1495 3835 1564 Smyrna:

2260 1587 2541 1654 episcopus
2585 1585 2884 1651 ordinatus,
2936 1586 3099 1640 totius
3146 1586 3285 1642 Asiae
3335 1588 3576 1656 princeps
3623 1587 3751 1651 fuit;
3780 1598 3835 1641 et

2260 1690 2380 1747 post
2406 1678 2519 1731 dira
2545 1687 2807 1732 tormenta
2835 1678 2902 1732 ad
2940 1678 3184 1732 ultimum
3231 1679 3429 1748 positus
3460 1678 3511 1731 in
3544 1679 3718 1733 medio
3748 1693 3834 1732 ro-

2258 1785 2344 1840 go,
2375 1785 2627 1825 mucrone
2654 1770 2945 1840 perfossus,
2978 1781 3084 1825 tam
3128 1772 3303 1840 largus
3333 1770 3575 1839 profusus
3600 1780 3679 1825 est
3706 1785 3831 1823 san-

574 1862 773 1932 pellare
804 1863 991 1920 solitus
1020 1863 1160 1933 erat)
1189 1874 1242 1918 et
1287 1862 1500 1919 auferre
1549 1863 1852 1930 sepulcrum
1905 1864 2154 1934 martyris
2189 1856 2229 1915 Β
2260 1862 2393 1931 guis,
2440 1870 2496 1915 ut
2542 1861 2713 1930 ignem
2761 1862 3145 1931 exstingueret.
3198 1863 3342 1917 Passi
3392 1872 3664 1917 suntcum
3692 1877 3757 1917 eo
3780 1872 3835 1916 et

573 1953 746 2024 jubet.
776 1953 892 2009 Mox
926 1955 1085 2025 igitur
1112 1955 1399 2010 Christiani
1430 1954 1805 2010 convenientes
1834 1968 2022 2023 magna
2051 1970 2145 2008 ex-

573 2047 859 2105 sultatione
906 2048 1183 2114 succincti,
1227 2049 1490 2104 sustulere
1547 2062 1725 2102 arcam
1778 2046 2045 2116 martyris,
2097 2056 2153 2102 et

574 2137 863 2205 psallentes
904 2138 957 2192 in
986 2138 1202 2193 auribus
1233 2138 1440 2209 profani
1472 2138 1744 2207 principis,
1790 2152 1882 2203 per
1908 2150 2002 2191 sex
2032 2137 2150 2191 mil-

573 2228 643 2284 lia
675 2244 926 2300 passuum
952 2231 1177 2285 summis
1205 2231 1425 2286 vocibus
1455 2239 1508 2285 et
1532 2245 1651 2284 eum
1685 2228 2044 2283 exsultatione
2072 2228 2152 2282 di-

572 2320 764 2376 cebant
796 2339 813 2377 :-
852 2322 1255 2378 Confundantur
1284 2338 1469 2377 omnes
1490 2323 1580 2392 qui
1609 2322 1835 2377 adorant
1863 2322 2149 2391 sculptilia,

570 2421 626 2469 et
649 2414 741 2483 qui
768 2414 1065 2484 gloriantur
1091 2414 1144 2469 in
1192 2414 1491 2468 simulacris
1534 2414 1663 2468 suis.
1712 2413 1779 2467 Et
1807 2413 2150 2467 Neoczesarea

2254 1953 2341 2007 alii
2366 1954 2641 2008 duodecim
2673 1970 2740 2009 ex
2776 1954 3139 2025 Philadelphia
3176 1956 3471 2011 venientes.
3501 1956 3648 2010 Tunc
3672 1956 3834 2011 etiam

2256 2046 2622 2111 Germanicus,
2650 2048 2845 2103 athleta
2876 2048 3071 2102 Christi
3104 2049 3347 2118 insignis,
3374 2049 3604 2118 glorioso
3633 2059 3833 2118 marty-

2255 2137 2318 2192 rii
2351 2151 2519 2205 agone
2544 2140 2833 2193 translatus
2856 2150 2969 2204 est;
3000 2155 3118 2193 nam
3146 2156 3265 2194 cum
3296 2156 3323 2192 a
3350 2140 3528 2207 judice
3557 2140 3832 2195 damnatus

2254 2227 2442 2282 luisset
2487 2229 2552 2283 ad
2599 2230 2817 2295 bestias,
2870 2232 3008 2285 ultro
3051 2230 3151 2285 sibi
3203 2214 3551 2300 praeparatam
3609 2232 3828 2285 bestiam

2254 2322 2581 2391 provocavit,
2627 2324 2930 2391 deSpiciens
2978 2325 3323 2393 temporalem
3374 2334 3619 2387 mortem,
3660 2332 3711 2378 et
3740 2336 3826 2378 co-

2254 2426 2437 2466 ronam
2469 2414 2589 2467 vita:
2618 2423 2828 2468 a'terna:
2858 2414 3025 2469 veloci
3081 2413 3184 2468 line
3233 2414 3452 2483 adipisci
3496 2412 3826 2469 desiderans.

1808 2524 2032 2579 EDlTlO
2074 2522 2573 2581 BOLLANDIANA.

638 2619 729 2679 25.
760 2651 830 2661 —
852 2620 962 2675 Vill
988 2619 1125 2677 Kac.
1175 2619 1232 2676 S.
1268 2629 1292 2657 α
1322 2618 1560 2690 Gregorii
1592 2618 1825 2687 tlteOlOgi
1870 2628 1923 2673 et
1970 2622 2147 2675 natale

567 2712 627 2768 S.
656 2711 682 2750 ιι
708 2711 957 2780 Projecti.

640 2801 829 2860 Florus
852 2802 905 2855 in
923 2806 984 2854 Α.
1002 2809 1056 2855 et
1079 2801 1170 2866 T.,
1193 2800 1247 2854 ιη
1271 2800 1486 2854 civitate
1512 2799 1690 2853 Mileto
1714 2798 1890 2867 passio
1910 2800 1999 2855 S.c
2014 2798 2150 2871 Tyr-

569 2895 656 2959 si,
708 2894 799 2964 qui
852 2907 1041 2963 passus
1095 2901 1178 2946 est
1232 2893 1331 2947 sub
1380 2890 1723 2958 Cumbricio,
1778 2892 2046 2962 Sylvano,
2094 2905 2150 2949 et

569 2983 801 3049 Plaudo,
834 2982 1237 3053 proconsulibus
1261 2984 1312 3037 in
1342 2983 1554 3037 civitate
1582 2982 1847 3037 Caesarea.
1882 2983 1975 3038 llic
2005 2985 2146 3040 enim

567 3073 800 3144 primum
826 3072 1005 3144 jussus
1032 3082 1114 3128 est
1162 3072 1369 3128 catenis
1408 3073 1475 3127 ad
1524 3087 1733 3140 pmnam
1801 3075 2042 3142 extendi,
2089 3085 2147 3131 ut

565 3167 955 3239 dissiparentur
1003 3165 1244 3220 membra
1283 3165 1415 3235 ejus.
1460 3163 1567 3219 Sed
1614 3166 1819 3221 catenis
1863 3165 2139 3236 disruptis,

565 3274 661 3315 vas
717 3258 984 3328 quoddam
1032 3256 1238 3328 jussum
1292 3266 1372 3313 est
1424 3256 1631 3327 impleri
1682 3272 1850 3326 aqua,
1901 3258 1955 3313 in
2001 3259 2141 3329 quod

2254 2619 2480 2674 adhaesit
2511 2638 2524 2673 :
2554 2621 2692 2686 quod
2725 2620 2817 2676 ille
2858 2635 3214 2692 cognoscens,
3253 2621 3441 2676 iterum
3470 2637 3528 2676 se
3558 2622 3609 2677 in
3636 2621 3827 2678 locello

2254 2710 2552 2777 collocavit,
2587 2712 2872 2781 taliterque
2916 2712 3175 2781 passionis
3208 2727 3316 2767 suae
3347 2712 3637 2767 terminum
3684 2714 3824 2771 fecit.

2254 2797 2320 2852 In
2352 2800 2525 2854 iisdem
2556 2800 2682 2854 Mss.
2710 2812 2756 2855 et
2780 2804 2930 2856 simul
2952 2804 3001 2856 in
3036 2801 3125 2869 L.,
3152 2802 3353 2858 Eodem
3376 2804 3461 2858 die
3489 2806 3540 2858 in
3571 2820 3701 2873 pago
3726 2805 3827 2861 Ar-

2253 2892 2472 2946 vernico
2522 2894 2713 2947 natalis
2755 2893 2983 2963 Projecti
3016 2894 3250 2963 cpisc0pi
3301 2903 3356 2949 et
3407 2897 3653 2966 martyris
3696 2899 3823 2964 :qui

2256 2996 2404 3036 more
2432 2983 2741 3051 praphetico
2769 2984 2969 3038 electus
2995 2985 3062 3040 ab
3094 2995 3265 3053 utero,
3298 2996 3677 3055 purpurantem
3715 2997 3823 3044 sto-

2255 3072 2356 3125 lam
2380 3076 2612 3127 servavit
2643 3074 2695 3128 in
2728 3074 3013 3144 triumpho.

2320 3160 2381 3216 C.
2414 3162 2477 3216 A.
2508 3163 2571 3217 Τ.
2604 3162 2690 3225 Ι...
2720 3162 3008 3219 Conversio
3038 3165 3094 3221 S.
3129 3166 3275 3222 Pauli
3299 3170 3548 3237 apostoli.

2319 3254 2412 3309 9.6.
2446 3284 2514 3294 —
2545 3254 2631 3309 VII
2678 3254 2811 3311 liat.
2861 3256 3045 3312 Natale
3090 3256 3148 3312 S.
3189 3255 3214 3295 ά
3250 3259 3548 3330 Polycarpi,
3588 3261 3820 3332 epiSCOpi

569 3358 772 3422 martyr
800 3349 1051 3405 deorsum
1082 3363 1375 3419 suspensus
1404 3350 1686 3419 capiteque
1726 3364 1933 3405 mersus
1964 3350 2148 3420 ﬂagel-
2177 3344 2223 3406 C
2252 3345 2491 3415 Smyrna:
2522 3365 2534 3401 :
2585 3347 2672 3417 qui
2703 3348 2804 3403 sub
2827 3349 3002 3404 Marco
3032 3351 3301 3406 Antonino
3330 3364 3383 3407 et
3412 3353 3574 3409 Lucio
3606 3355 3820 3410 Aurelio

565 3444 785 3498 laretur.
814 3440 952 3497 Vase
1000 3452 1177 3497 autem
1229 3443 1425 3497 virtute
1478 3441 1688 3495 Domini
1734 3441 2016 3511 dissipato,
2056 3442 2142 3498 bis

568 3532 621 3587 in
649 3547 865 3588 carcere
907 3531 1199 3588 recluditur
1229 3541 1282 3587 et
1326 3532 1392 3585 ad
1440 3531 1759 3586 audientiam
1790 3543 2093 3588 reservatur
2123 3552 2135 3588 :

565 3625 909 3693 postmodum
960 3638 1089 3678 vero
1136 3621 1400 3678 resticulis
1446 3622 1758 3693 ﬂagellatus,
1809 3625 1992 3680 hostiis
2037 3635 2143 3680 tra-

564 3716 729 3770 ditur.
764 3715 917 3770 Unde
946 3713 1143 3768 illmsus
1178 3715 1390 3780 exiens,
1419 3714 1601 3782 jussus
1642 3724 1726 3767 est
1760 3714 1869 3769 fieri
1901 3716 2135 3783 locellus,

568 3806 620 3859 in
663 3820 767 3874 quo
799 3806 994 3859 mis~ns
1023 3804 1230 3858 medius
1273 3814 1568 3857 secaretur.
1600 3804 1705 3859 Sed
1748 3805 1854 3859 illis
1884 3806 2137 3861 deiicien-

568 3897 731 3962 tibus,
776 3896 863 3966 qui
897 3910 1020 3950 eum
1069 3908 1255 3949 secare
1297 3894 1571 3955 debuerat.
1604 3911 1722 3951 cmn
1753 3897 1810 3949 Β.
1840 3896 2043 3968 Tyrsns
2072 3896 2140 3952 de

568 3984 758 4041 locello
801 3984 993 4055 exiret,
1044 3984 1227 4040 divino
1277 3994 1405 4041 nutu
1452 3985 1735 4043 calcaneus
1785 3988 1902 4057 ejus
1952 3987 2142 4045 locello

2250 3440 2561 3503 Commodo,
2596 3440 2814 3495 sedente
2846 3440 3092 3513 Smyrna:
3126 3446 3465 3511 proconsule,
3510 3449 3819 3515 conjurante

2251 3530 2639 3602 {t-onjnrgante'l
2689 3532 2739 3586 in
2797 3547 2919 3586 eum
2965 3534 3108 3588 omni
3160 3535 3392 3606 populo,
3443 3535 3548 3606 igni
3598 3536 3819 3591 traditus

2248 3629 2347 3673 est.

2320 3710 2508 3766 Florus
2536 3712 2681 3768 addit
2710 3714 2761 3768 in
2790 3714 2916 3769 Mss.
2947 3714 3195 3782 A.'l'.L.,
3224 3717 3356 3771 Cum
3388 3726 3527 3771 esset
3551 3717 3817 3785 octoginta

2249 3816 2341 3857 sex
2370 3817 2648 3858 annorum.
2676 3804 2759 3871 L.,
2789 3804 3057 3877 Scriptum
3082 3810 3131 3862 in
3166 3810 3393 3864 Historia
3423 3808 3814 3866 Ecclesiastica.

2248 3895 2337 3961 T.,
2368 3896 2501 3952 Cum
2531 3913 2657 3965 ergo
2685 3914 2803 3954 eum
2835 3903 3035 3957 catenis
3071 3902 3232 3972 ligare
3279 3903 3496 3969 vellent,
3528 3917 3812 3959 consuetu-

2247 3988 2425 4042 dinem
2470 3990 2744 4060 legemque
2785 4001 3058 4047 servantes
3098 3993 3439 4049 :Pcrmittitc
3484 4009 3568 4049 me
3598 3995 3693 4062 sic,
3726 3995 3810 4048 in-

1949 4099 2157 4156 SMITII
2196 4100 2425 4157 ΝΟΤᾹΞ.

652 4195 674 4223 ⁸
710 4195 987 4280 (ἔνορμωνίἱ.⁸
1008 4197 1636 4280 Arianzimsz-Gregor’i‘ns.
1665 4209 1820 4252 natus
1848 4207 1956 4280 est,_
1989 4214 2135 4254 sum-

569 4283 688 4321 mus
712 4268 937 4337 amicus
965 4267 1060 4321 fuit
1090 4268 1265 4337 Basilii
1300 4267 1488 4332 Magni,
1523 4268 1849 4323 Sasimorntn
1882 4272 2132 4337 primum,

566 4336 759 4391 deinde
784 4336 1054 4396 Nazianzi,
1085 4336 1312 4405 denique
1347 4336 1893 4403 ConstantinOpoleos
1920 4342 2131 4405 episco-

2242 4200 2375 4254 sium
2414 4201 2616 4271 patricii
2637 4241 2651 4263 ,
2680 4218 2827 4271 quem
2851 4204 2912 4256 ob
2939 4204 3215 4271 injustitias
3242 4204 3546 4258 Arvernettsi
3576 4202 3814 4258 Ecclesia:

2244 4271 2413 4323 illatas
2447 4270 2709 4343 Ilildricus
2742 4270 3058 4325 Francorum
3089 4289 3183 4343 rea;
3210 4284 3510 4340 peremerat,
3561 4279 3807 4343 martyrio

2245 4352 2515 4411 coronatus
2556 4352 2650 4395 est.
2683 4342 2749 4395 Et
2777 4344 3007 4397 Amerini
3034 4344 3125 4396 riri
3160 4342 3272 4407 Dei,
3317 4347 3403 4410 qui
3431 4361 3545 4396 cum
3592 4342 3807 4411 pra'fato

568 4422 664 4473 pus
707 4407 879 4483 laetus
907 4416 1007 4483 est.
1053 4406 1897 4483 Constantinopolitana_synodo
1924 4411 2120 4483 consti-
2156 4409 2207 4471 υ
2239 4409 2475 4483 Projecto
2519 4413 2759 4480 episc0po
2803 4430 2833 4467 a
2868 4414 3158 4483 proceribus
3184 4406 3338 4469 dicite
3361 4414 3495 4470 urbis
3526 4406 3807 4470 Arverne»-

566 4485 750 4531 tuente
778 4474 1077 4529 Nectaiium
1105 4478 1353 4540 Augusta:
1396 4478 1539 4530 urbis
1587 4474 1914 4544 episcopum,
1951 4480 2125 4534 Eccle-

563 4549 659 4600 siae
690 4547 922 4617 regimen
975 4549 1115 4599 ultro
1157 4546 1421 4615 deposuit.
1471 4547 1599 4600 Cum
1652 4556 1828 4601 autem
1883 4549 2130 4616 precibus

563 4618 758 4671 obnixe
804 4625 1098 4683 rogaretur,
1148 4626 1203 4669 ut
1255 4617 1436 4683 patria:
1492 4619 1716 4670 antistes
1767 4632 1887 4672 esse
1945 4620 2128 4683 vellet,

563 4688 753 4741 adduci
784 4702 887 4741 noo
921 4689 1089 4752 potuit
1121 4698 1175 4741 ut
1217 4690 1577 4756 episcopatum
1622 4688 1907 4756 acciperet,
1942 4705 2126 4745 verum

563 4758 828 4811 Eulalium
852 4757 1133 4825 quemdam
1155 4757 1251 4811 sibi
1276 4760 1525 4823 amicum,
1552 4757 1797 4813 Nazianzi
1821 4761 2131 4828 episcopum

564 4828 856 4882 constituit.
887 4830 999 4896 Ipse
1022 4844 1147 4883 vero
1174 4828 1385 4882 Arianzi
1416 4828 1574 4882 vitam
1598 4829 1841 4883 monachi
1871 4832 2128 4898 exercuit,

564 4898 743 4970 donec
766 4899 830 4952 ad
862 4900 1144 4965 nonaginta
1171 4914 1358 4962 annos,
1392 4910 1441 4953 et
1479 4900 1615 4953 ultra
1647 4908 1803 4955 artate
1828 4910 2127 4970 pervectus,

562 4966 869 5024 Theodosio
896 4970 1158 5023 decimum
1191 4970 1403 5023 tertium
1436 4971 1642 5037 imperii
1691 4966 1885 5024 annum
1914 4966 2127 5038 agente,

559 5039 723 5108 vitam
772 5054 890 5093 cum
935 5050 1102 5092 morte
1149 5042 1509 5093 commutavit.
1550 5040 1674 5094 Vide
1704 5040 1871 5093 Vitam
1929 5043 2044 5108 ejus
2100 5059 2129 5097 ιι

561 5106 819 5180 Gregorio
849 5109 1157 5180 presbytero
1204 5110 1476 5180 scriptam,
1528 5120 1581 5162 et
1630 5106 2008 5180 Hieronymum
2063 5114 2131 5168 de

560 5179 760 5247 Script.
815 5179 957 5234 Eccl.
1011 5179 1068 5233 et
1123 5179 1362 5234 Snidam.
1395 5180 1467 5232 De
1516 5180 1615 5233 hoc
1666 5195 1719 5233 Ix
1780 5179 1897 5233 Maii
1948 5180 2128 5248 Brda,

562 5250 852 5317 Usuardns,
888 5251 1002 5303 Aulo
1026 5264 1084 5304 ac
1109 5250 1334 5319 denique
1378 5252 1557 5302 caeteri
1600 5250 1928 5311 Latinorum,
1956 5254 2127 5307 erei

559 5332 734 5374 autem
768 5325 817 5375 in
856 5321 1153 5388 Menologio
1191 5337 1275 5374 XIV
1303 5320 1418 5374 Kal.
1465 5319 1647 5383 Felir.,
1673 5335 1774 5386 qua
1804 5322 1888 5375 die
1920 5324 2127 5375 exalta-

560 5391 758 5444 tionem
787 5393 1025 5460 corporis
1060 5391 1296 5457 Gregorii
1327 5391 1578 5453 Theologi
1604 5391 1901 5455 celebrant;
1945 5408 2129 5445 rursus

561 5470 734 5513 autem
769 5463 864 5515 hoc
894 5462 998 5525 die,
1033 5463 1236 5517 scilicet
1258 5477 1347 5515 vui
1376 5460 1491 5516 Kal.
1527 5462 1704 5527 γεω-η
1732 5462 1797 5516 de
1825 5462 2013 5517 eodem
2041 5478 2129 5518 so-

560 5529 873 5585 lemninrem
904 5544 1063 5599 agunt
1091 5533 1250 5585 diem.

632 5598 659 5638 ι)
676 5620 682 5626 ·
702 5598 953 5669 Profecti.
972 5603 1068 5659 Ms.
1096 5603 1517 5672 Martyrologium
1534 5606 1589 5659 S.
1612 5601 1814 5657 Gudilze
1839 5603 2125 5658 Bruxellis':

562 5668 771 5722 Ciuitate
810 5668 1046 5725 Arvernis
1086 5672 1145 5727 S.
1179 5668 1401 5741 l‘rojecti
1418 5677 1637 5741 episcopi
1675 5684 1722 5727 et
1753 5674 2006 5741 martyris,
2040 5676 2124 5741 qui

560 5756 593 5792 α
618 5741 908 5811 proceribus
938 5758 1039 5797 sua:
1065 5742 1200 5797 urbis
1226 5748 1277 5799 in
1303 5744 1543 5800 ultionem
1566 5744 1801 5799 llccwris
1832 5743 2124 5800 Μαδδέιὶκηο

2239 4482 2307 4535 sis
2335 4483 2613 4535 trucidatus
2640 4494 2733 4536 est.

2312 4583 2333 4611 ο
2380 4573 2544 4644 Τυνδὶ.
2595 4575 2650 4630 8.
2675 4575 2911 4643 Thyrsus
2942 4590 3126 4637 passus
3155 4586 3233 4631 est
3265 4585 3500 4644 tempore
3531 4577 3674 4632 Decii
3710 4581 3807 4631 im-

2238 4647 2516 4709 peratoris.
2554 4647 2685 4706 Atio,
2722 4646 2872 4699 Baeda
2899 4646 3078 4715 Vnig.,
3100 4647 3317 4701 Notker.
3342 4648 3541 4701 (lolitur
3563 4664 3661 4701 una
3686 4664 3807 4703 cum

2233 4716 2329 4769 SS.
2358 4716 2550 4769 Leucio
2580 4726 2631 4769 et
2659 4716 2914 4769 Callinico
2946 4733 3073 4771 xvm
3102 4727 3155 4771 ct
3180 4733 3337 4771 xxvnt
3366 4719 3484 4772 Jan.
3515 4733 3543 4771 a
3578 4720 3802 4783 Latinis,

2234 4796 2282 4838 et
2316 4800 2345 4840 a
2376 4786 2573 4839 Graacis
2597 4800 2705 4859 _xtv
2740 4788 2986 4842 ltecetnb.
3020 4790 3075 4843 S.
3124 4789 3359 4859 Thyrsus
3408 4803 3535 4843 vero
3584 4792 3805 4843 seorsim

2234 4864 2560 4911 memoratur
2585 4856 2702 4910 Jan.
2734 4872 2855 4909 xxv.

2304 4947 2355 5021 ἃ-
2380 4947 2673 5021 l’olycarpi.
2705 4967 2723 4999 ι
2757 4948 2871 5003 Fuit
2896 4950 2978 5007 hic
3002 4949 3221 5005 Joannis
3248 4950 3471 5021 apostoli
3510 4950 3804 5017 discipulus

2232 5028 2283 5073 et
2310 5019 2377 5074 ab
2404 5035 2468 5073 eo
2513 5020 2758 5089 Smyrna:
2805 5022 3086 5090 episcopus
3131 5019 3438 5085 ordinatus;
3472 5023 3632 5075 totius
3660 5024 3803 5076 Asia:

2233 5091 2479 5158 princeps
2503 5092 2618 5143 fuit.
2646 5091 2737 5160 llic
2768 5102 2981 5159 pmpter
3002 5090 3257 5160 quasdam
3283 5107 3444 5159 super
3472 5093 3556 5145 die
3587 5092 3805 5147 Pascha

2232 5162 2555 5229 quazstioncs
2579 5159 2676 5215 sub
2708 5159 3030 5227 imperatore
3058 5162 3323 5216 Antonino
3358 5164 3475 5226 Pio,
3515 5162 3802 5215 Ecclesium

2234 5232 2284 5283 in
2328 5231 2456 5285 urhe
2481 5244 2691 5297 regente
2723 5231 2944 5285 Anicelo
2975 5232 3192 5290 Romam
3227 5233 3391 5294 venit,
3426 5233 3513 5284 ubi
3546 5233 3802 5296 plurimos

2231 5302 2558 5354 credentium
2610 5301 2890 5355 Marcionis
2938 5314 2988 5353 et
3026 5302 3289 5354 Valicntini
3339 5304 3681 5370 persuasione
3712 5303 3805 5355 de-

2231 5384 2414 5438 ceptos
2438 5371 2721 5442 reduxitad
2745 5370 2924 5425 (idem.
2953 5373 3139 5425 Postea
3156 5386 3302 5438 vero,
3328 5382 3580 5442 regnante
3604 5372 3671 5442 Μ.
3696 5374 3806 5426 An-

2235 5442 2418 5495 tonino
2461 5451 2513 5512 et
2542 5441 2603 5495 L.
2648 5442 2861 5495 Aurelio
2901 5441 3195 5495 Commodo
3222 5482 3237 5505 ,
3287 5438 3505 5496 sedente
3558 5438 3801 5512 Suiyrntn

2234 5511 2591 5578 proconsule,
2654 5521 2707 5565 et
2758 5512 3004 5566 universo
3062 5512 3250 5581 populo
3308 5514 3357 5566 in
3412 5511 3802 5579 amphitheatro

2230 5582 2482 5634 adversus
2502 5597 2620 5634 eum
2656 5592 2993 5649 personante,
3021 5584 3124 5650 igni
3152 5584 3375 5636 traditus
3406 5592 3506 5637 est.
3538 5600 3559 5636 ›
3615 5582 3800 5637 Hiero-

2232 5666 2439 5725 nynius.
2476 5652 2764 5708 Proconsnl
2792 5651 2888 5705 fuit
2917 5652 3097 5707 Tatius
3118 5652 3437 5720 Quadratus.
