4240 6466
445 287 549 344 8‘15

1560 284 1750 341 SEC'I‘.
1796 285 1856 338 ll.
1899 312 1964 324 —
2007 283 2566 340 MARTYROLOCIA.

3585 289 3688 344 8‘26

986 435 1000 458 ι
1708 396 1934 449 ΕΟΙΤΙΟ
1972 395 2439 449 COLONIENSIS.

445 491 641 544 liodent
673 489 760 542 die
789 488 964 542 natale
992 488 1159 539 sancti
1185 485 1480 553 'I'heogenis
1505 488 1771 555 martyris,
1805 496 1857 538 ct
1885 485 2017 537 alio-
2052 491 2100 545 A
2127 485 2250 539 dmn
2286 485 2551 541 Dominica
2583 488 2852 545 nativitate
2879 492 3162 560 gloriosum
3195 495 3499 550 monasterii
3529 496 3690 565 virgi-

439 597 556 636 rum
583 595 699 636 sex.
746 581 896 648 Apud
946 579 1199 633 Bituricas
1251 582 1541 641 ciVitatctn.
1593 583 1756 635 sancti
1799 581 2010 648 Sulpitii

438 673 671 740 episcopi
699 681 752 726 et
779 669 1123 725 confessoris.

511 760 572 815 Ρ.
617 760 677 813 Vl
717 759 955 814 Kacenn.
1012 760 1172 813 Fecit.
1223 789 1292 799 —
1339 759 1520 812 Natale
1572 755 1738 814 sancti
1787 759 2011 814 Joannis

437 854 668 922 episcopi
717 853 1320 919 Constantinopolitani,
1372 863 1721 921 cognomento
1777 854 2012 922 Chryso-

437 944 619 1006 stomi,
661 943 749 1009 qui
801 941 966 994 verbo
1009 949 1168 1008 atque
1213 941 1458 1008 exemplo
1503 942 1783 1010 plurimum
1816 941 2012 1010 proiuit

435 1037 750 1092 Chrisdanaa
779 1036 1037 1104 religioni.
1070 1035 1196 1089 Item
1231 1037 1366 1090 beati
1397 1035 1560 1089 Mauri
1589 1036 1793 1090 abbatis
1822 1052 2010 1090 mona-

437 1131 584 1184 sterii
617 1129 956 1183 Bobacensis.
990 1129 1053 1182 Et
1083 1129 1218 1196 apud
1255 1129 1527 1182 Bethleem
1558 1130 1809 1184 dormitio
1841 1132 2008 1184 beata:

437 1218 612 1274 Paulie
652 1221 836 1275 matris
888 1219 1156 1274 Eustachii
1201 1220 1416 1287 virginis
1445 1220 1658 1274 Christi.
1711 1223 1837 1288 Qua.-
1885 1236 2006 1276 cum

434 1321 579 1365 esset
607 1327 636 1365 e
665 1310 994 1366 nobilissimo
1023 1319 1326 1364 senatorum
1365 1326 1560 1379 genere
1581 1352 1596 1375 ,
1627 1311 2008 1366 abrenuntians

437 1401 655 1465 saeculo,
681 1413 732 1454 et
761 1402 949 1468 apibus
977 1402 1085 1454 suis
1118 1401 1169 1453 in
1216 1415 1473 1468 pauperes
1517 1403 1768 1470 erogatis,
1811 1402 2007 1456 Christi

437 1502 722 1546 consecuta
763 1502 845 1545 cst
876 1500 1260 1560 paupertatem,
1293 1501 1345 1545 et
1382 1492 1518 1560 apud
1552 1492 1826 1561 praefatum
1859 1493 2007 1561 Oppi-

2117 578 2248 630 nalis
2274 578 2483 632 exstitit
2531 587 2718 632 mater.
2773 582 2937 649 Ilujus
2980 586 3137 636 vitam
3186 583 3470 638 virtutibus
3515 585 3685 640 adrni-

2115 667 2333 721 raudam
2367 678 2578 720 sanctus
2609 669 2961 741 Hieronymus
3006 674 3267 738 scribens,
3304 683 3524 729 testatur
3567 691 3682 730 eam

2114 757 2272 827 longo
2301 768 2606 813 coronatam
2637 775 2757 814 esse
2798 764 3068 832 martyrio.
3105 761 3169 816 Et
3195 775 3499 818 sanctorum
3543 766 3682 832 DOIi,

2114 847 2326 911 Juliani,
2364 849 2621 903 Vincentii
2652 861 2705 905 et
2739 851 2962 905 aliorum
2993 869 3163 907 xxvn.

2188 937 2251 990 G.
2295 938 2336 992 V
2378 939 2613 994 KALEND.
2659 939 2821 994 Fiam.
2877 969 2946 981 —
3001 942 3182 996 Natale
3230 955 3425 998 sancta:
3471 945 3689 1011 Agnetis

2115 1029 2369 1083 secundo.
2402 1032 2468 1085 Et
2496 1033 2546 1084 in
2574 1032 2787 1086 civitate
2817 1033 3117 1102 Apollonia,
3152 1035 3349 1099 Leucii,
3377 1035 3550 1104 Tyrsi,
3579 1035 3682 1090 Ca-

2116 1121 2269 1176 lenici
2300 1131 2614 1192 martyrum,
2646 1125 2732 1192 qui
2767 1135 3002 1188 tempore
3037 1123 3180 1178 Decii
3225 1126 3559 1192 imperatoris
3587 1128 3686 1180 sub

2117 1214 2430 1288 praesidibus
2476 1213 2790 1280 Cumbritio,
2845 1215 3062 1271 Silvano
3110 1225 3164 1269 et
3214 1215 3410 1284 Baudo,
3459 1216 3686 1271 diversis

2118 1318 2502 1362 tormentorum
2530 1306 2817 1375 generibus
2842 1307 3147 1362 cxcruciati.
3198 1307 3407 1362 Primus
3456 1316 3510 1362 et
3561 1308 3687 1363 ulti-

2118 1412 2237 1450 mus
2277 1397 2601 1450 abscissione
2647 1397 2856 1464 capitis,
2899 1398 3103 1451 medius
3140 1398 3344 1452 etclesti
3392 1412 3519 1452 voce
3560 1413 3685 1453 evo-

2113 1499 2279 1554 catus,
2301 1490 2539 1558 spiritum
2563 1487 2792 1544 reddens
2817 1491 3127 1560 martyrium
3151 1499 3672 1558 consummaverunt,

1671 1597 1900 1653 EDITIO
1941 1597 2450 1653 BOLLANDIANA.

437 1689 590 1760 quit:
621 1690 705 1758 qui
736 1688 878 1743 enim
921 1687 1048 1742 mihi
1089 1687 1232 1748 dedit
1273 1687 1432 1752 velle,
1458 1686 1716 1756 largietur
1742 1696 1798 1743 et
1823 1703 2002 1757 posse,
2047 1695 2086 1750 lt

435 1789 592 1848 atque
622 1780 792 1846 ipsum
843 1777 1170 1832 tolerabilem
1203 1776 1363 1832 faciet
1395 1777 1613 1832 violenti
1666 1777 1803 1846 ignis
1851 1779 2009 1832 ardo-

435 1884 570 1926 rem.
596 1869 779 1940 Itaque
810 1869 950 1925 ferro
972 1885 1092 1925 eum
1126 1885 1281 1925 nemo
1308 1869 1509 1923 vinxit:
1531 1871 1623 1924 sed
1654 1881 1774 1938 post
1803 1881 2007 1939 tergum

437 1959 614 2029 ligatis
654 1960 916 2026 manibus,
971 1969 1030 2015 ut
1077 1963 1300 2016 devotus
1347 1961 1504 2027 aries,
1541 1964 1801 2033 passionis
1849 1965 2006 2020 limen

436 2051 704 2120 ingressus
735 2063 817 2107 est
844 2071 855 2106 :
887 2054 1100 2122 illicque
1128 2057 1370 2109 oratione
1408 2057 1672 2124 completa
1721 2056 2010 2126 subjiciunt

435 2137 613 2210 ignem
639 2159 653 2194 :
683 2143 774 2196 sed
799 2141 1007 2196 ﬂamma
1038 2145 1290 2214 martyris
1317 2146 1690 2212 corpusculum
1723 2146 1868 2200 nullo
1898 2147 2010 2202 vio-

437 2230 581 2284 labat
605 2233 875 2301 amplexu.
910 2233 1074 2288 Toms
1093 2249 1220 2302 ergo
1246 2236 1295 2287 in
1323 2236 1443 2302 igne
1472 2235 1782 2304 splendidus
1813 2238 2007 2305 factus,

436 2334 534 2390 pro
582 2319 751 2376 fetore
799 2323 1096 2378 mirabilem
1140 2338 1206 2377 ex
1234 2339 1293 2380 se
1333 2325 1478 2380 dedit
1523 2326 1764 2382 odorem.
1796 2327 2008 2383 Jussnm

436 2409 636 2464 deinde
678 2421 761 2467 est
809 2412 1203 2481 gladiunculum
1257 2425 1444 2469 sancto
1498 2417 1692 2483 pectori
1744 2418 2010 2486 injicere:

437 2514 544 2568 qtto
584 2500 743 2568 iacto,
780 2519 905 2557 ecce
932 2505 1107 2556 subito
1157 2503 1352 2560 ﬂuente
1401 2509 1670 2575 sanguinis
1719 2509 1892 2576 copia,
1945 2510 2012 2564 de

439 2604 663 2658 corpore
685 2592 929 2646 columba
962 2594 1245 2661 processit,
1273 2609 1335 2648 ac
1361 2595 1540 2649 statim
1565 2610 1753 2651 cruore
1777 2599 2006 2666 sopitum

437 2681 602 2734 cessit
626 2682 948 2737 incendium.

511 2773 598 2840 T.,
623 2773 817 2828 Eodem
845 2777 930 2832 die
957 2777 1230 2832 Bethleem
1254 2778 1470 2835 civitate
1495 2781 1742 2836 transitus
1765 2781 1857 2837 8.8
1874 2782 2010 2837 Pau-

441 2843 526 2908 ltc,
562 2845 668 2899 Deo
699 2847 906 2898 dicati».

509 2933 599 2990 Ξῖ.
624 2965 693 2976 —-
725 2937 784 2990 γι
817 2937 948 2992 Kac.
979 2938 1140 2993 Vacat
1171 2939 1344 2994 Btnda.

2189 1689 2275 1762 D.,
2303 1689 2488 1762 Natale
2517 1689 2576 1742 B.
2609 1686 2637 1726 1³
2664 1688 2883 1762 Joannis
2906 1699 3270 1762 cognomento,
3299 1691 3634 1762 Chysostmni
3671 1709 3683 1745 :

2115 1759 2203 1827 qui
2237 1757 2413 1814 verbis
2435 1769 2589 1827 atque
2626 1761 2870 1826 exemplo
2903 1757 3183 1826 plurimum
3215 1757 3530 1815 Chrisiianae
3558 1776 3680 1829 pro-

2117 1829 2499 1902 [uitreligionh
2538 1829 2711 1902 V.7C.,
2739 1829 2793 1902 [η
2821 1829 2990 1902 Africa
3040 1831 3206 1902 Dativi
3255 1831 3377 1902 [V.,
3413 1830 3602 1901 Daviti]
3632 1840 3685 1886 et

2115 1897 2692 1962 Juliani,’Vincentiae,
2743 1899 3002 1964 Seeundi,
3038 1897 3309 1954 [Einiliaiti
3362 1897 3415 1955 et
3461 1897 3682 1954 aliorum

2119 1970 2366 2038 tringinta
2400 1971 2650 2038 quinque.
2685 1970 2828 2021 A.'l‘.
2858 1969 2940 2032 L.,
2974 1971 3025 2022 In
3058 1971 3231 2023 Africa
3265 1973 3440 2033 passio
3468 1972 3565 2025 SS.
3589 1972 3686 2025 Se-

2115 2037 2270 2092 cundi
2318 2048 2370 2092 et
2417 2037 2709 2092 Fortunati.
2763 2041 2827 2092 lit
2872 2041 3045 2093 natale
3093 2041 3151 2095 S.
3189 2041 3450 2094 Processi.
3505 2043 3572 2094 ιςι
3623 2043 3682 2095 S.

2115 2107 2334 2161 Joannis
2384 2109 2770 2177 Chrysostomi.
2816 2111 2868 2160 In
2911 2109 2969 2163 L.
3005 2111 3156 2163 dccst
3190 2108 3496 2164 Processus.
3531 2111 3586 2164 In
3618 2111 3682 2163 T.

2117 2181 2290 2302 Brimo
2321 2180 2436 2300 13ρο
2483 2182 2692 2247 ponitur
2716 2181 3127 2248 Clirysoswmus
3156 2198 3166 2232 :
3194 2181 3286 2234 sed
3325 2196 3598 2249 perperam
3631 2181 3683 2235 itt

2164 2265 2326 2302 umun
2372 2265 2438 2300 ta.

2164 2250 2438 2318 urguudia.

2188 2339 2278 2392 228.
2306 2367 2377 2380 —--
2404 2339 2438 2393 V
2471 2337 2607 2393 ΚΑΙ..
2636 2338 2819 2393 Natale
2867 2339 2923 2395 S.
2955 2347 2978 2379 ⁶
3008 2339 3229 2410 Agnetis
3256 2340 3474 2408 virginis
3501 2341 3567 2396 de
3595 2354 3688 2394 ria-

2120 2427 2261 2483 tivita
2271 2438 2341 2484 te.

2189 2525 2359 2594 Aliter
2395 2522 2498 2594 Τ.,
2526 2523 2728 2594 Roma;
2758 2525 3002 2578 nativitas
3061 2525 3118 2579 S.
3173 2525 3392 2594 Agnetis
3446 2525 3686 2594 virginis.

2117 2592 2178 2645 γ.
2222 2593 2308 2654 C.,
2336 2591 2362 2630 ἀ
2391 2593 2900 2666 PerpetuanJuliani
2932 2591 3284 2666 fetialioru'm
3337 2591 3685 2666 quadraginta

2113 2674 2364 2731 quatu0r.
2396 2669 2482 2728 A.,
2516 2665 2570 2716 ltt
2599 2665 2766 2717 Alrica
2805 2665 2992 2717 natalis
3026 2665 3192 2717 Dativi
3224 2676 3276 2716 ct
3305 2666 3518 2718 Juliani.
3553 2665 3684 2718 Εος-

2114 2735 2231 2784 dem
2266 2734 2419 2785 habet
2452 2735 2536 2793 ι...
2570 2736 2661 2786 sed
2705 2737 2906 2794 alisque
2961 2737 3076 2787 loco
3122 2737 3324 2802 agonis.
3361 2735 3447 2798 T.,
3486 2736 3680 2788 Eodem

2114 2803 2202 2855 die
2251 2803 2439 2856 natalis
2490 2804 2752 2865 Publiani,
2806 2805 3068 2868 Quintilli,
3126 2805 3286 2868 Fisti,
3335 2816 3388 2856 et
3434 2806 3683 2857 aliorum.

2116 2872 2285 2994 {lativi
2315 2883 2371 2926 et
2400 2874 2615 2927 Juliani.
2659 2874 2723 2926 Et
2766 2873 2816 2926 itt
2856 2875 3156 2943 Burgundia
3197 2876 3257 2930 S.
3291 2884 3314 2911 ⁸
3349 2874 3566 2928 Joannis
3589 2877 3687 2930 ab-

2137 2953 2272 2994 ialts.

2137 2944 2272 2997 talis.

1822 3031 2021 3088 SSIITII
2062 3031 2290 3087 NOTAE.

508 3129 530 3198 ξ’
575 3119 1277 3198 Patilw.__Qu:eAnobiIissima
1303 3123 1560 3187 Romana,
1589 3123 1773 3198 Rogati
1796 3123 2002 3198 etJBltc-
2032 3127 2077 3190 C
2107 3135 2244 3198 vetus
2268 3125 2554 3198 Imjusgdiei
2577 3126 2874 3198 inscriptio;
2904 3129 3058 3196 idque
3076 3129 3136 3182 ob
3157 3145 3270 3183 eam
3292 3145 3518 3191 causam,
3551 3147 3681 3198 quo-

437 3192 569 3246 Sillrn
601 3194 726 3258 tilia,
759 3194 965 3245 'l‘oxotii
1001 3209 1150 3252 uxor.
1177 3203 1398 3260 quatuor
1422 3209 1540 3247 cum
1569 3195 1822 3248 edidisset
1845 3195 1999 3259 tilias,

438 3261 742 3330 Blaesillam,
793 3261 1084 3326 Paulinam,
1143 3264 1484 3318 Eustochium
1537 3264 1651 3316 sive
1690 3265 1904 3328 Juliam,
1951 3272 2007 3317 et

439 3332 722 3393 liut’linam,
746 3345 794 3385 et
823 3334 988 3385 tilium
1016 3333 1316 3395 'l‘oxoiinm,
1348 3334 1500 3385 vidua
1533 3331 1720 3386 Ruina:
1751 3335 1878 3387 vixit
1905 3349 2004 3387 an-

440 3418 537 3456 nos
583 3406 840 3470 quinque;
891 3404 1010 3455 inde
1042 3413 1314 3472 peragrata
1363 3402 1544 3457 Judsea
1587 3412 1640 3456 et
1672 3402 1902 3472 [Egypto
1952 3407 2001 3457 in

449 3473 713 3526 Iiethleem
746 3475 1012 3536 consedit;
1046 3474 1128 3523 ubi
1156 3487 1383 3539 quatuor
1406 3473 1633 3526 instituit
1661 3477 2004 3539 monasteria,

440 3558 600 3594 unum
628 3544 881 3606 virorum,
917 3544 1014 3595 tria
1047 3546 1332 3612 virginum,
1357 3551 1410 3596 et
1450 3543 1629 3607 viginti
1675 3555 1840 3596 annos
1885 3558 2003 3597 eum

439 3614 678 3678 vixisset,
710 3613 900 3665 ibidem
946 3615 1147 3682 sepulta
1193 3624 1292 3677 est,
1323 3613 1425 3666 divi
1457 3614 1760 3682 Hieronymi
1791 3614 1875 3679 qui
1906 3613 2003 3668 Vi-

441 3693 546 3734 tam
571 3684 685 3747 ejus
723 3686 934 3748 scripsit
981 3681 1278 3735 testimonio
1307 3686 1466 3736 clara.
1501 3681 1670 3736 Omne
1703 3684 1820 3735 vita:
1874 3695 2006 3736 tein-

441 3767 537 3820 pus
573 3753 806 3819 implevit
831 3754 983 3806 annis
1013 3753 1388 3821 qumquaginta
1418 3767 1533 3815 sex,
1567 3754 1833 3807 mensibus
1858 3762 2002 3818 octo,

439 3822 624 3876 diebus
653 3823 835 3891 viginti
876 3832 930 3875 et
975 3838 1096 3875 uno.
1142 3824 1281 3876 Obiit
1325 3824 1384 3877 S.
1419 3823 1578 3876 Paula
1613 3823 1845 3875 Honorio
1892 3827 2003 3876 All-

438 3903 595 3961 gusto
629 3892 688 3944 Vl
718 3903 770 3944 et
798 3893 1117 3945 Aristzeneto
1154 3907 1318 3954 coss.,
1356 3893 1510 3947 tertia
1559 3894 1804 3956 Sabbati;
1835 3908 2004 3947 annos

441 3964 526 4017 hic
554 3961 749 4016 Christ.
779 3962 878 4016 fuit
899 3962 1022 4025 404,
1047 3964 1216 4015 littera
1249 3963 1554 4017 Dontinicali
1587 3965 1636 4016 in
1666 3962 1918 4018 Januario
1940 3966 2001 4018 C.

441 4034 566 4085 Nata
596 4048 724 4099 ergo
750 4043 832 4087 est
872 4034 1055 4101 quinto
1090 4033 1204 4084 Maii
1253 4048 1341 4086 an.
1383 4033 1505 4097 547,
1538 4034 1921 4101 imperantibus
1952 4037 2002 4088 in

441 4103 586 4156 Italia
616 4101 926 4168 Constante,
961 4103 1008 4156 in
1032 4104 1248 4155 Oriente
1277 4104 1607 4156 Constantio.
1644 4105 1793 4156 Baeda
1823 4103 2000 4172 Vu'g.,

439 4173 668 4296 jlsuard.
698 4184 749 4228 et
781 4175 916 4238 Ado,
942 4184 995 4227 et
1023 4173 1132 4239 alii,
1162 4188 1280 4228 eam
1312 4174 1364 4228 iit
1405 4175 1546 4228 diem
1575 4183 1884 4243 sequentem
1913 4191 2001 4230 re-

461 4257 632 4296 erunt.

461 4257 632 4297 erunt.

512 4312 536 4352 δ
576 4310 812 4366 Joannis.
845 4311 941 4366 Hic
971 4314 1149 4380 plures
1177 4313 1289 4368 dies
1318 4312 1474 4367 habet
1517 4311 1680 4365 variis
1728 4312 1796 4367 de
1825 4313 2003 4368 causis

441 4384 520 4437 sui
547 4385 770 4436 notninis
795 4387 1130 4437 veneratione
1159 4386 1414 4438 celebres.
1449 4383 1654 4436 Primus
1678 4393 1759 4436 est
1786 4384 2004 4438 electio-

443 4455 522 4505 nis
545 4455 607 4504 ad
631 4455 986 4522 episcopatum
1011 4470 1074 4507 xv
1097 4455 1339 4508 Decemb.
1362 4453 1432 4506 ita
1454 4453 1651 4505 Meliten
1671 4453 1995 4516 Graecorum.

440 4524 712 4577 Secundus
764 4535 844 4576 est
898 4525 1316 4578 consecrationis
1357 4538 1476 4576 xxvi
1509 4522 1689 4587 Febr.,
1735 4532 1789 4574 ut
1846 4526 2002 4578 tradit

443 4591 1111 4662 GeorgiusAlexandrinus
1149 4596 1198 4646 in
1221 4597 1336 4661 ejus
1368 4593 1500 4647 Vita.
1535 4593 1590 4646 lit
1632 4593 1867 4646 Florario
1900 4592 1998 4648 ille.

441 4678 475 4717 ν
503 4661 619 4717 Maii
647 4679 662 4718 :
689 4661 1142 4730 Constantinopoli
1186 4665 1444 4728 depositio
1485 4664 1549 4714 ab
1596 4663 1904 4728 episcopatu
1940 4664 1998 4716 Β.

442 4732 658 4788 Joannis
679 4735 931 4802 cpiSCopi.
968 4735 1164 4786 Deinde
1195 4750 1282 4786 xix
1311 4733 1479 4787 Martii
1503 4733 1746 4786 exsilium
1778 4733 2001 4798 primum

443 4804 559 4872 ejus
601 4813 830 4856 notatur.
867 4805 1244 4872 Metaphrastes
1285 4803 1448 4870 ipsius
1500 4803 1819 4856 revocationi
1865 4805 2002 4855 assi-

442 4871 566 4942 gnat
595 4888 687 4927 xtlt
720 4871 1046 4927 Novembris.
1073 4875 1234 4927 Juxta
1265 4871 1554 4927 Florarium
1587 4871 1682 4924 Ms.
1713 4873 1826 4939 ejus
1866 4873 2006 4942 exsi-

445 4940 571 4996 lium
605 4946 890 4997 secundum
941 4945 1124 4997 incidit
1154 4945 1203 4996 itt
1251 4960 1314 4996 xx
1366 4942 1483 4996 Jan.
1528 4943 1670 4994 Obiit
1713 4940 1998 4996 Secundum

445 5013 644 5068 Meliten
683 5028 767 5066 XIV
793 5014 1140 5078 Septembris.
1181 5013 1571 5068 Celeberrimos
1601 5013 1836 5064 omnium
1884 5012 2003 5068 dies

443 5095 525 5137 est
552 5099 694 5136 xxvrt
719 5082 968 5148 Januarii,
1003 5099 1108 5150 quo
1136 5098 1340 5136 sacrum
1370 5081 1486 5150 ejus
1523 5097 1714 5153 corpus
1745 5083 2003 5134 Constan-

445 5155 716 5220 tittOpolim
749 5156 968 5207 relatum
997 5163 1078 5207 est
1115 5155 1166 5206 iit
1198 5154 1449 5221 templum
1479 5152 1572 5208 SS.
1608 5152 2000 5218 Apostolorum,

446 5235 683 5291 tempore
730 5224 900 5277 Procli
946 5225 1255 5291 patriarcha:
1304 5234 1357 5276 et
1412 5221 1692 5275 Theodosii
1744 5221 1997 5285 minoris;

444 5294 613 5348 Crzcci
654 5297 705 5347 in
746 5294 1059 5361 Menologio.
1097 5294 1356 5348 Postridie
1402 5294 1512 5346 sive
1555 5307 1720 5344 xxvm
1766 5291 1998 5345 Januarii

441 5377 606 5417 sacrm
653 5365 733 5417 ha:
782 5365 1017 5431 reliquiae
1069 5374 1348 5416 narrantur
1377 5377 1403 5416 a
1435 5362 1714 5416 Theodoro
1760 5362 1998 5428 Lectoie,

445 5434 538 5486 lib.
565 5449 601 5487 ιι
623 5433 865 5499 Collect.,
897 5436 948 5486 in
989 5433 1124 5497 line,
1168 5436 1418 5498 deposita:
1460 5435 1524 5484 ad
1566 5432 1661 5486 SS.
1695 5434 1997 5497 apostolos:

445 5513 655 5570 peracta
685 5505 886 5557 scilicet
912 5505 1076 5569 pridie
1097 5503 1322 5556 solemni
1365 5504 1682 5558 revectione.
1709 5501 1942 5570 Denique
1971 5517 2001 5555 a

442 5573 642 5628 Grmcis
671 5577 718 5627 in
747 5577 957 5628 Menazis
988 5575 1176 5626 colitur
1200 5576 1386 5628 iterum
1428 5586 1546 5626 cum
1591 5571 1690 5626 SS.
1724 5572 1913 5625 Basilio
1951 5580 2004 5626 et

444 5642 699 5712 Gregorio
725 5643 1053 5698 Nazianzeno
1075 5660 1176 5697 xxx
1204 5644 1323 5697 Jan.

519 5709 796 5785 cltgnetis.
827 5715 896 5770 De
926 5714 1023 5769 hac
1050 5716 1163 5771 vidc
1185 5716 1342 5770 etiam
1375 5727 1464 5768 ut
1490 5710 1723 5768 Januarii
1751 5709 1878 5766 :Est
1901 5711 2008 5765 lucc

2109 3195 2247 3246 niam
2279 3211 2376 3246 non
2409 3195 2470 3247 de
2496 3206 2670 3248 actutm
2705 3197 2882 3261 prima:
2913 3199 3013 3250 diei
3058 3202 3244 3264 agitur,
3289 3211 3345 3252 ut
3383 3195 3570 3252 Octava
3599 3202 3652 3253 di
3663 3228 3682 3240 -

2108 3275 2299 3317 catur:
2329 3265 2419 3318 sed
2462 3282 2576 3332 qua:
2616 3267 2698 3318 die
2746 3275 2918 3319 octava
2949 3275 3147 3320 ostensa
3196 3277 3269 3320 est
3314 3270 3509 3321 caelitus
3540 3271 3681 3332 visio,

2107 3335 2410 3386 cetebratr.
2448 3335 2708 3388 liecolitur
2734 3338 2866 3388 enim
2907 3336 3004 3388 hac
3061 3341 3142 3388 die
3184 3340 3451 3403 memoria,
3481 3344 3684 3404 quando

2106 3405 2401 3477 parentibus
2425 3405 2492 3477 ad
2531 3409 2818 3471 sepulcrum
2858 3409 2968 3471 cjus
3008 3407 3354 3477 vigilantibus,
3382 3409 3536 3460 choro
3560 3425 3679 3462 san-

2107 3484 2318 3545 ctarutn
2357 3475 2608 3542 virginum
2654 3478 2929 3542 apparuit;
2975 3489 3020 3528 et
3058 3475 3279 3544 gloriam
3321 3479 3684 3545 sempiternam

2106 3544 2200 3596 sibi
2231 3561 2262 3595 (ι
2296 3544 2399 3595 Deo
2443 3546 2680 3613 largitain
2712 3555 2917 3608 testata,
2952 3547 3213 3598 consotata
3262 3555 3332 3600 est
3374 3544 3455 3599 eos
3486 3563 3500 3598 :
3533 3559 3681 3615 prout

2106 3615 2360 3685 continent
2393 3617 2504 3684 ejus
2541 3632 2621 3668 res
2651 3625 2804 3684 gesta:
2845 3633 2959 3683 qua:
3000 3616 3245 3670 habentur
3292 3619 3431 3685 apud
3459 3617 3520 3672 S.
3560 3619 3682 3671 Am-

2109 3683 2346 3756 brosium.
2377 3683 2631 3756 [Samnitis
2653 3683 2707 3738 in
2741 3687 3010 3756 Martyrol.

2179 3752 2205 3790 ά
2251 3754 2532 3822 l‘erpettue.
2564 3755 2686 3810 lla‘c
2727 3772 2826 3810 una
2877 3752 3004 3811 cum
3053 3757 3256 3822 Dativo,
3288 3757 3517 3823 Juliano,
3572 3758 3678 3811 ιδυ-

2108 3823 2304 3885 bliano.
2336 3826 2614 3888 Quintilio,
2647 3826 2803 3880 Festo
2829 3826 2996 3894 pridie
3019 3829 3175 3879 etiam
3205 3830 3418 3882 colitur.

2181 3904 2203 3931 ε
2244 3895 2483 3947 Joannis.
2515 3896 2614 3962 Qui
2661 3901 2824 3950 abbas
2863 3897 2958 3949 fuit
2989 3899 3294 3951 monasterii
3335 3898 3676 3952 lleomaensis

2108 3963 2161 4036 in
2191 3965 2507 4036 Lingunensi
2536 3966 2789 4036 rdimcesi,
2816 3968 2972 4036 _itttra
2998 3966 3426 4036 jurisdictionem
3467 3967 3674 4020 Torno-

2108 4035 2246 4097 dori,
2273 4035 2409 4102 quod
2427 4035 2676 4103 oppidum
2703 4047 2782 4089 est
2802 4034 3232 4090 Galliae‘Ceiticce
3279 4038 3330 4089 in
3361 4035 3674 4101 Burgundize

2110 4113 2164 4159 et
2197 4105 2335 4156 Bria:
2358 4107 2606 4175 continio.
2643 4103 2802 4158 Ortus
2830 4116 2911 4159 est
2949 4107 3049 4160 sub
3081 4105 3348 4159 territorio
3373 4105 3679 4175 Lingonica:

2109 4176 2282 4238 urbis;
2335 4174 2597 4227 nobilibus
2643 4176 2951 4242 parentibus
2993 4184 3317 4240 procreatus,
3352 4174 3500 4243 patre
3531 4176 3679 4230 llila-

2108 4244 2210 4309 rio,
2261 4254 2430 4297 matre
2476 4244 2687 4310 Quieta.
2722 4250 2904 4299 Annos
2947 4246 3157 4299 circiter
3193 4247 3379 4314 viginti
3428 4257 3581 4298 natus
3625 4247 3676 4299 in

2109 4325 2307 4366 remota
2353 4323 2498 4382 parte
2529 4314 2668 4367 villa:
2698 4317 2884 4368 cellam
2906 4367 2908 4371 ,
2931 4317 3167 4369 condidit
3207 4326 3261 4370 et
3295 4316 3406 4369 Deo
3439 4316 3684 4381 vacavit;

2109 4385 2447 4437 remotiorem
2496 4395 2670 4437 tamen
2717 4401 2986 4439 secessum
3035 4402 3278 4452 quaarens
3333 4389 3382 4440 in
3429 4388 3545 4440 loco
3588 4386 3682 4439 de-

2109 4464 2252 4507 serto
2285 4453 2500 4508 Reontai
2533 4461 2914 4510 monasterium
2956 4460 3274 4510 construxit.
3307 4457 3359 4510 In
3386 4455 3682 4510 monachus

2106 4525 2398 4578 dominium
2449 4528 2721 4592 deponens
2771 4528 3080 4580 hnnnlitatis
3135 4543 3293 4580 causa
3339 4528 3388 4580 in
3448 4529 3673 4579 insulam

2105 4594 2445 4649 Lerinensem
2480 4597 2672 4649 latendi
2694 4598 2869 4649 studio
2898 4596 3153 4650 secessit:
3183 4599 3298 4649 istic
3325 4606 3496 4648 tamen
3523 4599 3672 4662 agni-

2107 4673 2189 4717 tus
2221 4665 2286 4717 ad
2317 4681 2442 4717 suos
2470 4677 2765 4719 revocatur.
2794 4667 2936 4720 Obiit
2968 4667 3173 4718 tandem
3203 4669 3415 4718 circiter
3445 4667 3544 4717 120
3573 4682 3673 4716 an-

2106 4749 2315 4788 norurn.
2341 4736 2572 4790 {Etatem
2599 4739 2654 4787 S.
2694 4736 2912 4788 Joannis
2947 4737 3012 4786 ita
3055 4739 3313 4800 espre-sit
3341 4747 3525 4787 auctor
3555 4735 3672 4802 ejus

2105 4815 2224 4857 vita:
2251 4823 2262 4856 :
2296 4806 2338 4856 A
2361 4815 2582 4870 tempore
2613 4803 2950 4873 Valentiniani
2983 4803 3197 4857 Cttisaris
3241 4815 3391 4873 atque
3419 4803 3469 4856 Μ
3479 4808 3679 4857 urctuni

2105 4874 2444 4942 imperatoris,
2474 4874 2560 4938 qui
2579 4884 2688 4942 post
2715 4872 3048 4927 T/tcodosituu
3066 4875 3326 4943 juniorem
3356 4876 3666 4928 monui-chio:

2109 4947 2403 5012 dignitatem
2447 4943 2679 5007 obtinuit,
2702 4960 2856 5013 usque
2892 4947 2958 4997 ad
3006 4957 3228 5010 tempora
3257 4943 3668 5013 JustinianiiAu-

2106 5015 2240 5081 gusti
2269 5015 2562 5078 permansit.
2593 5014 2704 5078 Quo
2725 5012 2874 5067 etiam
2901 5027 3124 5083 tempore
3159 5013 3350 5067 Franci
3379 5031 3492 5066 cum
3522 5012 3672 5067 Citio-

2107 5085 2260 5136 doveo
2316 5100 2454 5154 rege,
2499 5087 2775 5151 postposita
2805 5089 3077 5154 republica,
3130 5086 3340 5137 militari
3385 5101 3538 5136 manu
3568 5093 3676 5137 ter-

2105 5156 2270 5239 minos
2315 5152 2658 5207 Romanorum
2722 5152 3074 5239 irruit—t'pentes,
3141 5155 3368 5208 Galliam
3428 5169 3668 5239 tttpasere.

2109 5223 2293 5290 Sicque
2322 5241 2475 5292 usque
2516 5229 2567 5277 in
2597 5235 2822 5292 tempora
2871 5223 3168 5278 Tlteodorici
3211 5228 3362 5292 regis,
3409 5226 3494 5290 qui
3534 5225 3674 5292 ﬁlius

2107 5295 2293 5365 restitit
2322 5297 2524 5364 praefati
2555 5294 2826 5360 Clodcvwi,
2854 5305 2899 5349 et
2941 5298 3036 5364 [itii
3060 5297 3168 5365 ejus
3193 5294 3516 5365 Tlteodebcrti
3563 5311 3682 5364 per-

2107 5363 2329 5417 duravit.
2363 5363 2440 5419 Εἰ
2469 5369 2548 5417 his
2571 5369 2846 5419 conlicnur
2881 5384 2983 5419 non
3013 5363 3134 5419 ante
3161 5383 3354 5420 annum
3388 5364 3512 5428 4‘25,
3562 5382 3669 5433 quo

2117 5433 2507 5488 Valentinianus
2555 5434 2619 5488 lll
2668 5437 2902 5500 suscepit
2951 5439 3268 5503 itnperinm.
3315 5447 3493 5488 natum
3551 5449 3672 5490 esse

2108 5504 2166 5559 S.
2195 5505 2474 5569 Joannem,
2506 5521 2602 5560 nec
2633 5517 2750 5574 post
2774 5506 2895 5569 548,
2928 5524 3031 5574 quo
3061 5511 3160 5560 rita
3187 5506 3396 5560 fuitetus
3421 5505 3665 5559 Theode-

2112 5575 2311 5639 bertus',
2357 5585 2642 5628 m0rtuttm.
2686 5575 2750 5628 Et
2798 5577 2972 5630 forsan
3016 5589 3257 5631 mortuus
3292 5586 3374 5631 est
3408 5591 3495 5633 an.
3541 5576 3664 5640 555,

2110 5645 2331 5714 adjectis
2356 5647 2553 5701 scilicet
2583 5646 2680 5700 120
2703 5661 2790 5700 an.
2824 5647 2889 5701 ad
2920 5664 3009 5702 an.
3038 5648 3160 5702 425.
