4240 6464
638 295 741 350 827

1385 288 1587 344 ΒΕῡίΕ
1628 287 2084 343 VENEllABILIS
2121 284 2271 339 OPP.
2314 284 2489 337 PARS
2531 283 2617 336 IV.
2658 309 2725 321 —-
2770 278 3152 333 lllSTORICA.

3776 277 3880 332 828

1922 400 2144 455 EDITIO
2182 396 2653 453 COLONlENSlS..

639 500 772 553 etin
804 497 1019 551 Christo
1048 495 1373 563 quieverunt.
1422 493 1568 559 Apud
1602 492 1975 546 Alexandriam
2011 492 2066 545 Β.
2101 490 2201 559 Cy-
2236 495 2281 552 Α
2308 487 2617 541 charitatem
2668 485 2916 540 Ecclesia:
2970 484 3149 547 rediit,
3206 499 3302 552 pro
3355 498 3477 549 qua,
3535 492 3589 536 et
3645 484 3701 535 in
3749 498 3875 550 qua,

642 588 745 641 ril'i
776 586 1031 655 episcopi,
1066 584 1152 653 qui
1183 584 1458 637 catholica:
1499 583 1620 636 fidei
1660 581 2091 650 prmelarissimus
2118 597 2208 634 ex-

640 680 775 733 stitit
820 684 1196 746 propugnator.
1258 678 1321 730 Et
1374 676 1424 728 in
1479 675 1801 729 monasterio
1861 675 2207 729 Lcomanensi

642 767 858 822 Joannis
889 766 1200 837 presbyteri,
1231 766 1325 819 viri
1360 765 1469 819 Dei.

713 862 779 914 A.
818 858 881 913 IV
922 857 1159 913 KALEND.
1204 857 1363 911 ann.
1403 887 1473 899 --
1512 856 1693 910 Romae
1737 857 1908 911 natale
1939 856 2111 924 Papiae
2157 864 2211 910 et

644 950 829 1014 Mauri,
876 950 1121 1014 militum,
1173 957 1411 1016 tempore
1458 947 1790 1014 Diocletiani,
1834 948 1923 1016 qui
1970 948 2208 1001 videntes

641 1042 991 1096 constantiam
1032 1040 1301 1094 Saturnini
1333 1049 1388 1093 et
1414 1038 1591 1093 Sisinii
1624 1048 1934 1109 martyrum,
1962 1039 2209 1092 conversi

642 1141 766 1186 sunt
805 1132 870 1186 ad
900 1131 1080 1199 tidem,
1111 1133 1397 1199 statimque
1421 1132 1627 1200 jussum
1657 1140 1739 1183 est
1777 1144 1806 1183 a
1847 1128 2098 1183 Laodicio
2124 1143 2210 1181 ur-

645 1227 727 1279 bis
775 1226 1039 1293 przefecto,
1096 1234 1153 1279 ut
1195 1240 1255 1279 os
1301 1239 1507 1284 eorum,
1557 1224 1643 1292 qui
1684 1222 1954 1277 Christum
1992 1222 2212 1276 confite-

646 1316 854 1379 bantur,
901 1331 1021 1369 cum
1070 1315 1331 1383 lapidibus
1376 1314 1845 1374 contundurentur,
1873 1322 1927 1365 et
1972 1314 2213 1366 retrude-

645 1414 825 1457 reutur
856 1404 906 1458 in
936 1419 1224 1468 carcerem,
1262 1405 1347 1457 ubi
1396 1404 1641 1472 baptizati
1669 1413 1792 1457 sunt
1816 1420 1844 1456 a
1874 1403 2027 1457 beato
2079 1417 2210 1470 papa

644 1496 911 1561 Marcello,
964 1511 1096 1564 quos
1147 1506 1265 1564 post
1314 1495 1431 1548 dies
1474 1495 1750 1548 duodecim
1798 1496 2017 1547 eductos
2055 1493 2214 1562 jussit

641 1583 807 1636 sterni
837 1584 888 1637 in
921 1593 1131 1650 terram,
1167 1594 1219 1639 et
1247 1584 1473 1638 fustibus
1503 1584 1664 1647 caedi;
1693 1583 1884 1638 deinde
1916 1583 2119 1639 levatos
2147 1583 2213 1638 de

644 1683 780 1728 terra
832 1675 1113 1742 plumbatis
1159 1673 1328 1739 cazdi,
1384 1674 1553 1727 donec
1577 1674 1926 1741 exspirarent.
1977 1672 2209 1738 Quorum

645 1778 867 1830 corpora
897 1763 1150 1832 colligens
1190 1771 1345 1817 nocte
1373 1761 1605 1816 Joannes
1640 1761 1939 1833 presbyter,
1969 1761 2211 1830 sepelivit

2316 590 2497 647 postea
2531 579 2735 631 illustre
2767 577 3076 645 martyrium
3117 577 3524 628 consummavit.
3575 573 3879 642 Hierosoly-

2314 669 2412 722 niis
2459 668 2747 722 beatissimi
2800 666 3033 721 Matthia:
3081 666 3341 734 episcopi,
3393 665 3461 718 de
3503 680 3609 733 quo
3654 666 3783 718 mira
3822 676 3880 719 et

2311 761 2413 815 fide
2443 762 2592 827 plena
2638 769 2782 827 gesta
2826 767 3129 823 narrantur,
3178 756 3267 822 qui
3318 757 3481 809 multa
3535 771 3631 823 pro
3664 756 3875 809 Christo

2311 864 2613 919 perpessus,
2644 848 2830 902 ultimo
2863 848 2914 901 in
2948 862 3075 915 pace
3105 845 3265 898 vitam
3311 845 3494 910 finivit,
3540 846 3627 914 qui
3659 855 3872 897 octavus

2313 948 2432 1009 post
2473 939 2724 993 Jacobum
2772 937 2912 992 rexit
2963 935 3275 990 Ecclesiam.
3318 935 3449 990 Item
3479 936 3615 988 beati
3647 937 3870 991 Alexnn-

2310 1030 2411 1084 dri.
2446 1029 2541 1083 llic
2573 1028 2797 1082 Deciana
2842 1026 3208 1094 persecutione
3248 1040 3350 1094 pro
3384 1025 3715 1080 confessione
3752 1026 3872 1079 lidei

2305 1123 2520 1193 judiciis
2539 1123 2765 1187 sistitur,
2790 1132 2841 1175 et
2863 1120 3082 1175 vinculis
3108 1121 3338 1176 carceris
3362 1120 3603 1176 traditur.
3628 1120 3724 1188 Qui
3749 1135 3868 1173 cum

2309 1216 2563 1284 longa2vie
2589 1215 2764 1269 aetatis
2801 1213 3102 1268 veneranda
3131 1214 3328 1267 canitie
3356 1212 3707 1282 pra-fulgeret,
3735 1223 3876 1280 post-

2309 1320 2467 1373 quam
2499 1304 2806 1374 frequenter
2836 1305 3169 1373 passionibus
3207 1305 3319 1358 suis
3348 1304 3732 1372 gloriﬁcaverat
3776 1306 3874 1357 Do-

2310 1394 2536 1459 minum,
2564 1410 2684 1449 cum
2714 1396 2783 1450 de
2810 1395 3032 1450 vinculis
3062 1395 3127 1449 ad
3161 1395 3459 1458 tribunalia,
3492 1406 3538 1449 et
3574 1410 3602 1448 a
3636 1395 3873 1449 tribuna-

2313 1488 2454 1542 libus
2479 1496 2823 1542 revocaretur
2850 1488 2915 1541 ad
2944 1488 3173 1551 vincula,
3207 1487 3345 1541 inter
3382 1490 3492 1556 ipsa
3520 1488 3747 1542 vicissim
3776 1489 3869 1541 sibi

2311 1579 2683 1633 succendentia
2715 1588 2971 1634 tormenta
3019 1580 3157 1633 bouo
3195 1579 3296 1633 line
3324 1580 3541 1647 quievit.
3571 1579 3626 1633 ln
3658 1580 3876 1634 Albodiu

2313 1670 2640 1725 monasterio
2668 1670 2843 1725 natale
2866 1670 3190 1739 Aldegtmda
3221 1670 3460 1739 virginis,
3486 1687 3601 1739 qua:
3627 1670 3875 1737 tempori-

2312 1761 2411 1816 bus
2457 1762 2737 1833 Dagoberti
2783 1764 2923 1834 regis
2970 1764 3293 1818 Francorum
3344 1781 3410 1818 ex
3471 1765 3631 1818 nobili
3684 1780 3876 1835 genere

644 1855 725 1906 via
757 1853 1084 1906 Numentana
1116 1854 1179 1905 ad
1212 1853 1474 1922 nymphas
1502 1852 1639 1905 beati
1673 1850 1835 1916 Petri,
1867 1850 1950 1904 ubi
1986 1851 2213 1919 baptiza-
2248 1842 2289 1901 Β
2318 1854 2612 1921 progenita,
2659 1854 2977 1924 virginitatis
3022 1855 3341 1924 propositum
3382 1856 3561 1925 elegit,
3603 1855 3653 1908 in
3693 1870 3795 1923 quo
3824 1863 3877 1909 et

644 1941 749 1994 bat.
776 1941 1036 2007 Scriptum
1067 1952 1149 1996 est
1172 1942 1224 1997 in
1253 1944 1413 2012 gestis
1444 1943 1578 1996 beati
1606 1958 1753 2008 papa:
1779 1942 2008 1996 Marcelli
2035 1960 2046 1994 :
2079 1943 2208 1995 Tre-

642 2035 780 2086 veris
809 2034 1067 2102 depositio
1108 2034 1245 2090 beati
1295 2034 1488 2090 Valerii
1518 2035 1777 2106 episc0pi,
1808 2035 2047 2105 discipuli
2086 2051 2207 2090 san-

640 2124 712 2179 cti
742 2125 877 2178 Petri
904 2126 1150 2193 apostoli.

715 2218 771 2270 B.
818 2217 879 2270 Ill
916 2216 1154 2271 Kauzao.
1198 2217 1361 2272 FEBR.
1403 2244 1470 2257 ε-
1510 2218 1660 2287 Apud
1710 2219 2042 2273 Antiochiam
2092 2232 2213 2285 pas-

642 2310 723 2360 sio
748 2308 915 2362 sancti
944 2309 1229 2378 liippolyti,
1262 2310 1350 2377 qui
1380 2307 1565 2362 Novati
1593 2309 1879 2363 schismate
1915 2309 2212 2377 aliquantu-

646 2398 750 2451 lum
778 2398 1054 2469 deceptus,
1087 2412 1342 2469 operante
1372 2400 1537 2469 gratia
1576 2400 1771 2454 Christi
1823 2410 2113 2464 correctus,
2144 2399 2210 2453 ad

2316 1942 2627 2011 permansit,
2679 1945 3009 2014 saepiusque,
3064 1947 3137 1999 illi
3194 1946 3427 2014 angelica
3475 1946 3606 1999 visio
3652 1947 3877 1999 revelata

2316 2031 2431 2097 fuit,
2482 2035 2778 2088 exhortans
2824 2050 2964 2095 eam,
3012 2044 3067 2089 ut
3114 2035 3162 2088 in
3216 2036 3484 2104 proposito
3526 2046 3875 2102 permaneret,

2315 2125 2603 2180 novissime
2631 2140 2755 2180 vero
2782 2141 2900 2181 cum
2930 2142 3117 2197 magna
3142 2128 3381 2181 claritate
3410 2128 3640 2182 caelestis
3665 2127 3877 2183 luminis

2312 2217 2377 2272 ad
2407 2218 2563 2272 vitam
2595 2219 2854 2286 migravit.

2384 2308 2443 2361 C.
2485 2307 2634 2361 Puto.
2686 2306 2926 2361 KALEND.
2984 2307 3144 2363 FEBR.
3184 2338 3253 2348 -
3304 2308 3456 2378 Apud
3508 2307 3876 2363 Alexandriam

2317 2397 2491 2451 natale
2536 2400 2704 2453 sancti
2754 2398 3009 2452 Methrani
3042 2400 3307 2470 martyris,
3339 2415 3494 2468 quem
3536 2400 3716 2469 pagani
3760 2413 3880 2453 cor-

1863 2490 2087 2546 EDlTIO
2129 2487 2627 2544 BOLLANDIANA.

709 2581 799 2637 ‘29.
830 2610 899 2622 --
926 2581 990 2637 IV
1016 2579 1148 2637 ΚΑΙ..
1178 2582 1359 2635 Romze
1409 2581 1585 2637 natale
1616 2582 1713 2636 SS.
1761 2581 1933 2650 Papiae
1964 2592 2017 2635 et
2044 2582 2207 2636 Mauri

645 2673 890 2737 militum,
926 2682 1163 2739 tempore
1196 2672 1505 2725 Diocletiani
1534 2689 1545 2723 :
1572 2672 1659 2740 qui
1693 2670 1932 2725 videntes
1963 2681 2208 2724 constan-

641 2768 764 2819 tiam
798 2763 1068 2818 Saturniui
1093 2773 1143 2817 et
1174 2763 1392 2817 Sisiunii
1444 2773 1757 2832 martyrum,
1790 2762 2032 2815 conversi
2084 2771 2209 2818 sunt

640 2855 703 2907 ad
729 2854 906 2921 iidem,
935 2854 1218 2922 Statimque
1240 2852 1447 2921 jussum
1472 2858 1555 2905 est
1585 2866 1615 2905 a
1646 2851 1900 2904 Laudich
1931 2850 2203 2918 prchccto,

640 2951 698 2996 ut
725 2957 785 2995 os
815 2950 1137 3004 sanctorum,
1182 2956 1285 3009 quo
1315 2937 1585 2993 Christum
1638 2938 2045 3001 conﬁtebantur,
2079 2954 2199 2993 cum

645 3033 903 3102 lapidibus
924 3030 1356 3095 contunderetur,
1381 3041 1433 3083 et
1456 3030 1857 3085 retrudereutur
1880 3030 1930 3083 in
1951 3046 2164 3085 carcere
2188 3050 2200 3084 :

642 3130 729 3183 ubi
751 3129 993 3196 liaptizati
1015 3139 1134 3183 sunt
1158 3142 1186 3181 a
1211 3127 1269 3183 Β.
1294 3126 1560 3181 Marcello.
1578 3127 1720 3193 Quos
1737 3136 1852 3194 post
1868 3126 1982 3181 dies
2005 3128 2204 3182 duode-

2319 2579 2440 2633 sitio
2472 2579 2529 2635 S.
2563 2590 2587 2617 ³
2619 2579 2939 2647 Aldcgundis
2968 2580 3203 2648 virginis,
3235 2595 3351 2650 qnte
3390 2595 3454 2635 ex
3502 2582 3741 2649 prosapia
3790 2595 3877 2635 re-

2316 2671 2419 2739 gali
2463 2671 2628 2736 edita,
2670 2672 2971 2725 suasionem
3027 2672 3209 2725 matris
3251 2686 3411 2739 super
3454 2673 3878 2735 conjuoCIionem

2317 2764 2486 2816 mariti
2529 2778 2804 2831 spernens,
2853 2762 3117 2818 Christum
3150 2778 3400 2830 sponsum
3426 2764 3620 2833 elegit;
3665 2763 3801 2817 unde
3827 2771 3882 2817 et

2315 2856 2429 2922 ejus
2456 2854 2803 2919 allocutione,
2828 2863 2880 2909 et
2909 2870 3049 2921 smpe
3079 2853 3308 2922 angelica
3338 2854 3528 2907 meruit
3555 2853 3774 2921 perfrui.

2386 2945 2428 2998 D
2458 2985 2471 3004 ,
2504 2944 2781 2997 Antiochia
2813 2945 2988 3009 passio
3017 2942 3122 3014 διδ
3150 2944 3412 3013 Hippolyti
3439 2987 3452 3007 ,
3500 2944 3875 3014 Hierosolymis

2312 3012 2369 3067 ς.
2406 3025 2428 3052 ο
2458 3016 2708 3077 Μςιῑιιιῦαι.
2750 3015 3001 3081 episcopi.
3050 3013 3109 3067 V.
3143 3016 3228 3081 C.,
3284 3012 3353 3067 ln’
3382 3018 3548 3067 Africa
3606 3012 3873 3080 Feliciani,

2316 3084 2539 3152 Philippi
2568 3095 2621 3136 et
2650 3085 2893 3137 aliorum.
2927 3084 3013 3150 C.,
3046 3085 3267 3137 Centum
3299 3084 3475 3151 viginti
3510 3085 3684 3137 trium.
3719 3089 3781 3136 A.
3807 3085 3871 3139 Τ.

2318 3154 2400 3217 L.,
2433 3155 2485 3207 In
2536 3154 2811 3209 Antiochia
2843 3154 3017 3222 passio
3046 3154 3103 3206 S.
3132 3154 3344 3221 Ypoliti.
3382 3155 3435 3207 In
3482 3155 3652 3210 Africa
3700 3156 3872 3211 natale

640 3222 741 3274 cim
772 3221 991 3274 eductos
1018 3220 1171 3288 jussit
1203 3218 1364 3273 sterni
1399 3216 1452 3271 iu
1482 3227 1674 3273 terram
1697 3226 1751 3272 et
1793 3217 2014 3272 fustibus
2036 3217 2202 3283 caedi;
2234 3199 2281 3261 C
2311 3199 2407 3277 ss:
2435 3199 3873 3305 cialit'iffijéicijij:’eétiizirii',"iiiiiiiiip'nuifei'lriiéi

640 3311 830 3367 deinde
858 3311 1052 3365 levatos
1072 3310 1136 3364 de
1164 3321 1301 3365 terra
1325 3309 1608 3376 plumbatis
1634 3309 1791 3374 czedi,
1825 3311 1996 3364 donec
2024 3310 2202 3379 exspi-

636 3411 832 3455 rarent.
887 3400 1118 3467 Quorum
1177 3413 1399 3466 corpora
1447 3398 1704 3467 colligens
1754 3408 1913 3455 noctu
1967 3399 2201 3455 Joannes

638 3491 935 3559 presbyter,
982 3490 1222 3557 sepelivit
1270 3490 1353 3543 via
1410 3488 1761 3559 Nouientana,
1813 3491 1877 3545 ad
1929 3490 2204 3561 Nymphas

637 3581 697 3637 Β.
734 3578 894 3644 Petri,
930 3580 1013 3633 ubi
1061 3578 1380 3649 baptizabat.
1426 3579 1692 3650 Scriptum
1748 3582 1800 3636 in
1853 3584 2017 3652 gestis
2063 3585 2201 3641 beati

634 3685 785 3739 papae
812 3668 1063 3723 Marcelli.

706 3759 794 3809 fit).
820 3789 889 3797 -—
911 3757 975 3813 ΙΙΙ
999 3756 1132 3813 Kac.
1158 3759 1320 3814 Vacat
1351 3759 1529 3814 Baeda.

708 3847 891 3907 Florus
931 3849 983 3902 in
1017 3848 1084 3902 A.
1114 3849 1175 3903 T.
1202 3849 1285 3917 L.,
1313 3851 1365 3905 In
1414 3850 1675 3908 lllalbodio
1698 3856 2018 3910 monasterio
2042 3857 2205 3927 depo-

2315 3310 2431 3347 tum
2466 3293 2677 3348 ccntum
2703 3293 2881 3363 viginti
2913 3293 3096 3349 frium.

2379 3402 2467 3457 5t.
2494 3435 2561 3446 --
2584 3403 2623 3458 Il
2653 3405 2788 3461 Ku.
2826 3405 2983 3461 Vacat
3015 3406 3191 3462 Broda.

2382 3514 2464 3588 ἢ,
2491 3516 2811 3588 Alexandria
2842 3516 2867 3553 ά
2900 3518 3118 3586 Mytrani
3163 3519 3429 3588 martyris.
3475 3520 3758 3576 Trientinte
3811 3524 3870 3577 S.

2311 3593 2335 3623 ο
2361 3585 2529 3657 Yigilii
2559 3586 2792 3657 episcopi
2824 3597 2874 3641 et
2924 3591 3191 3657 martyris.
3230 3585 3316 3652 V.,
3346 3590 3397 3642 In
3432 3591 3749 3644 Alexandria
3784 3609 3877 3647 na-

2313 3655 2417 3730 tale
2440 3656 2540 3710 SS.
2560 3655 2820 3730 ‘Alibaciri
2849 3668 2929 3730 get
2953 3655 3193 3721 Joannis,
3224 3658 3453 3730 Cyriaci,
3498 3660 3669 3723 Tarsi,
3718 3662 3879 3716 Gale-

2310 3725 2401 3797 ιξὶςί
2441 3736 2494 3779 et
2524 3726 2747 3797 aliorum
2774 3726 3072 3790 quindecim
3116 3725 3471 3783 sacerdomtn.
3508 3731 3566 3782 A.
3599 3730 3665 3785 Τ.
3700 3731 3786 3797 l...
3819 3734 3872 3789 In

2310 3794 2637 3849 Alexandria
2668 3796 2764 3849 SS.
2801 3797 3027 3865 Tyrsici,
3060 3798 3251 3861 Zmici,
3288 3797 3576 3853 Ammonis.
3613 3801 3665 3854 In
3702 3794 3874 3857 Afriva

2309 3864 2406 3919 SS.
2441 3865 2683 3932 Victoria
2715 3864 2901 3922 Publii.
2935 3868 3017 3933 L.,
3052 3879 3105 3923 et
3140 3868 3433 3939 Polycnrpi.
3474 3871 3539 3924 Ει
3570 3868 3586 3907 ί
3616 3872 3877 3942 depositio

2001 3951 2085 4006 SM
2096 3952 2206 4007 ΙΤΙΙ
2246 3956 2471 4013 NOTAE.

706 4030 1102 4107 indidegundis.
1138 4032 1267 4107 Quae
1300 4032 1397 4107 fuit
1409 4049 1486 4107 ex
1527 4035 1675 4104 regio
1713 4051 1906 4103 genere
1934 4050 2071 4107 orta,
2104 4058 2196 4107 pa-

632 4112 714 4156 tre
737 4099 1028 4167 Watberto,
1054 4114 1221 4155 matre
1242 4104 1450 4157 Bertilia
1478 4121 1492 4169 ;
1522 4099 1675 4159 soror
1699 4099 1855 4161 etiam
1887 4110 1981 4162 fuit
2007 4099 2198 4166 beatis-

634 4174 784 4223 simae
815 4170 1207 4237 Waldetrudis;
1241 4182 1293 4227 et
1324 4174 1561 4228 fundavit
1584 4176 1901 4232 Malbodium
1928 4195 2200 4238 monaste-

641 4242 774 4313 rium
797 4281 810 4303 ,
853 4241 991 4306 quod
1021 4241 1176 4313 boilie
1202 4252 1284 4296 est
1327 4246 1575 4311 Oppidum
1606 4246 1914 4313 llaunoniaa,
1946 4260 2001 4304 et
2050 4253 2100 4304 in
2134 4268 2199 4307 eo

641 4310 851 4363 celebre
878 4312 1246 4365 cauonicarum
1274 4310 1529 4367 nobilium
1561 4317 1675 4369 sive
1706 4310 2048 4372 Dominarum
2078 4322 2200 4375 Col-

637 4379 859 4458 legium.
880 4378 998 4458 Ila:c
1025 4379 1600 4458 birrlanusinjndiculo
1754 4387 1942 4457 Belgii.
1982 4390 2196 4458 Sepulta

638 4458 719 4501 ost
748 4448 798 4500 in
821 4448 1162 4514 Curtissolra,
1196 4452 1281 4505 ubi
1307 4452 1438 4505 obiit
1464 4470 1479 4507 :

636 4518 1047 4600 Sigebertonvel
1091 4522 1262 4600 potius
1300 4518 1632 4600 Theoderico
1680 4518 1947 4600 Clodovei
1980 4530 2017 4583 ll
2070 4518 2196 4600 iiiio,

633 4600 790 4653 atque
817 4589 870 4641 Β.
888 4588 1098 4659 virgine
1125 4590 1415 4645 Atdetrude
1440 4593 1700 4648 abbatissa
1728 4635 1742 4659 ,
1777 4599 2088 4654 translatum
2121 4588 2201 4657 esi

633 4672 825 4731 corpus
850 4658 963 4731 ejus
997 4660 1047 4713 in
1079 4661 1423 4731 municipium
1454 4658 1794 4731 Malbodium,
1831 4676 1887 4720 ut
1921 4670 2100 4725 videre
2120 4682 2202 4727 est

634 4729 687 4812 in
716 4728 829 4810 ejus
858 4729 1000 4812 vita"
1017 4732 1154 4799 apud
1188 4730 1428 4787 Bolland.
1480 4733 1683 4789 Floruit
1732 4728 1975 4807 tempOre
2027 4740 2198 4812 Dago-

639 4800 772 4868 berti
797 4800 935 4868 regis
964 4798 1304 4855 Francorum.

705 4867 732 4906 δ
762 4867 1050 4950 Hippolyti.
1086 4871 1234 4950 Apud
1262 4874 1593 4950 Antiochiam
1623 4877 1791 4950 passio
1824 4878 1886 4932 Β.
1908 4879 2200 4950 Hippolyti

641 4940 911 5008 martyris,
954 4942 1039 5007 qui
1087 4941 1579 5014 Novoti_sc/iisntate
1623 4940 2011 5014 aliquantulum.
2037 4940 2195 5006 'decve-

636 5019 772 5089 plus,
807 5021 1043 5089 operante
1070 5014 1236 5079 gratia
1278 5012 1465 5089 Christi
1493 5012 1766 5084 correctus,
1810 5020 1876 5071 ad
1904 5024 2201 5077 charitatem

639 5078 882 5131 Ecclesia:
905 5078 1079 5145 rediit,
1103 5098 1195 5150 pro
1222 5099 1318 5149 qua
1345 5093 1392 5135 et
1428 5085 1481 5137 in
1521 5102 1618 5151 qua
1641 5078 1813 5151 postea
1839 5091 2036 5144 illustre
2073 5108 2202 5146 mar-

633 5151 820 5271 εμπ-πίνη
883 5155 1264 5207 consummavit.
1332 5154 1486 5207 Baeda
1545 5154 1884 5227 Vulg.,Ado,
1945 5161 2201 5233 Usttard.,

633 5236 708 5271 to
772 5235 849 5271 er.

631 5220 849 5274 Notker.

709 5298 731 5326 ο
764 5289 1015 5372 ριαριιιίιιν.
1059 5289 1427 5372 Hierosolymis
1471 5296 1776 5372 cunctissimi
1812 5297 2048 5356 Matt/ria:
2089 5304 2198 5372 epi-

634 5359 793 5438 srorti,
829 5362 888 5412 de
925 5377 1022 5438 quo
1045 5365 1175 5438 prim
1212 5373 1257 5415 et
1290 5359 1438 5431 plena
1472 5366 1575 5433 ﬁde
1601 5377 1741 5437 gesta
1787 5382 2083 5433 narrantur,
2114 5359 2202 5438 qui

638 5430 799 5507 multo
816 5445 915 5507 pro
936 5429 1134 5485 Christo
1156 5429 1437 5507 perpessus,
1467 5429 1647 5489 ultinio
1675 5439 1725 5490 in
1756 5456 1874 5501 pare
1908 5444 2057 5494 vitam
2076 5429 2203 5507 ﬁni-

634 5498 730 5617 $7.!
753 5498 1093 5622 llicA‘ilutavus
1120 5498 1504 5573 poetilacabum
1551 5509 1683 5562 rexit
1710 5498 2010 5565 Ecclesium.
2043 5498 2201 5568 Birda

666 5583 712 5616 Διι
740 5587 811 5622 ξι..
921 5588 972 5622 u.
996 5582 1097 5622 etc.

666 5582 811 5632 tuta"
839 5582 972 5632 Adit,
996 5582 1097 5625 etc.

647 5703 677 5717 η
709 5635 733 5670 ’ί
764 5638 989 5717 illitroni.
1038 5642 1209 5717 Dictus
1264 5654 1334 5697 est
1378 5647 1529 5699 etiam
1579 5646 1789 5710 Μαι-ηις,
1839 5668 1984 5717 quem
2023 5653 2201 5707 bellum

640 5705 677 5758 il
699 5722 743 5759 at
786 5708 1017 5763 Deciana?
1046 5715 1385 5769 crtult'lissime
1418 5730 1621 5785 raptum
1649 5737 1705 5773 ia
1746 5705 1907 5775 dicere
1938 5705 2196 5794 cogebant,

1503 4464 1618 4529 post
1644 4455 1776 4529 haec,
1794 4472 1830 4529 _a
1851 4452 1981 4528 rege
2000 4452 2195 4529 inclyta
2230 4452 2279 4512 D

2301 4064 2414 4127 qua:
2449 4050 2515 4127 ad
2561 4067 2810 4127 sumntum
2857 4054 3116 4127 injurimn,
3158 4057 3510 4108 contumeliam
3554 4067 3599 4110 et
3642 4058 3876 4127 blasphe-

2302 4120 2453 4193 ntiam
2494 4120 2544 4193 in
2573 4120 2831 4193 Christum
2873 4120 3000 4175 nihil
3024 4125 3246 4193 facerent
3271 4127 3469 4191 reliqui.
3502 4127 3566 4182 Ut
3592 4120 3759 4183 autern
3784 4132 3871 4186 ille

2302 4189 2561 4266 iniuriosis
2585 4200 2655 4266 est
2681 4191 2965 4266 obsecutus,
2992 4189 3159 4266 totum
3202 4189 3390 4262 corpus
3415 4199 3684 4252 swviuime
3713 4201 3869 4266 [usti-

2302 4258 2393 4310 bus
2441 4260 2844 4328 diverberarunl,
2900 4264 3082 4331 faciem
3131 4258 3381 4318 arundine
3425 4279 3575 4321 acuta
3612 4258 3872 4323 contride-

2300 4338 2442 4393 runt,
2475 4331 2648 4405 oculos
2688 4333 3045 4405 confoderunt,
3074 4334 3313 4387 interiora
3342 4352 3535 4405 quoque
3571 4349 3618 4392 et
3662 4340 3869 4393 latentia

2302 4400 2528 4459 corporis
2556 4399 2667 4453 loca
2692 4401 2973 4464 laniarunt,
3016 4415 3165 4470 atque
3191 4406 3259 4457 ad
3292 4399 3526 4460 ultimum
3564 4410 3871 4464 immanitati

2303 4484 2408 4521 sua:
2434 4471 2583 4543 quo‘si
2609 4475 2973 4543 renuntiantes.
3000 4476 3051 4525 in
3069 4478 3187 4535 ,enti
3208 4476 3251 4526 oi
3286 4477 3510 4543 lapidum
3542 4495 3657 4535 eum
3687 4483 3867 4534 obrue-

2305 4539 2722 4611 runt.__Niceph.,
2752 4542 2979 4608 Callist.,
3012 4543 3144 4596 Hist.
3181 4539 3347 4611 Eccl,
3382 4564 3430 4609 ν,
3461 4549 3548 4601 30.

2379 4620 2402 4646 ο
2437 4608 2629 4679 Vigilii.
2674 4612 2767 4665 llic
2814 4615 3092 4679 episcopus
3121 4608 3463 4669 Tridentinus
3491 4621 3681 4672 claruit
3726 4636 3866 4673 anno

2305 4678 2428 4743 590,
2476 4685 2563 4747 qui
2615 4682 2737 4733 dum
2780 4682 3029 4752 reliquias
3064 4683 3373 4738 idololatrize
3409 4688 3618 4752 penitus
3669 4692 3868 4743 exstir-

2306 4761 2429 4823 pare
2448 4760 2748 4823 conaretur,
2772 4759 2904 4823 tta-ste
2925 4751 3297 4823 Martyrologio
3326 4751 3692 4813 ltontanoJua.
3721 4776 3864 4823 xm,

2304 4834 2332 4871 a
2366 4818 2489 4873 feris
2518 4830 2587 4894 et_
2598 4820 2837 4894 barbaris
2870 4818 3170 4894 hominibus
3201 4818 3428 4891 lapidum
3464 4828 3631 4882 imbre
3656 4818 3867 4894 pereus;

2305 4903 2395 4964 Sus
2427 4890 2747 4964 ιντο-(ξιιτίεή
2774 4892 2990 4964 nomine
3018 4890 3325 4964 martyrium
3354 4898 3584 4962 implevit
3611 4890 3707 4951 sub
3740 4914 3867 4952 cou-

2307 4960 2479 5013 sulatu
2509 4960 2800 5025 Stiliconis,
2833 4962 3038 5015 scilicet
3086 4960 3223 5017 anno
3250 4965 3372 5028 400,
3406 4960 3487 5021 vel
3530 4968 3715 5022 Saltem
3739 4966 3863 5024 405.

2308 5028 2737 5105 Etutatquidem
2768 5032 2942 5105 hodie
2987 5047 3050 5105 ex
3106 5034 3219 5102 ejus
3267 5038 3517 5105 operibus
3549 5038 3752 5094 libellus
3796 5040 3865 5096 de

2304 5099 2553 5173 Martyrio
2582 5099 2798 5173 Sisinnii
2827 5110 2879 5155 et
2901 5099 3183 5173 Asorioruiu
3212 5099 3347 5173 apud
3387 5107 3599 5162 Surium
3643 5111 3707 5161 ad
3740 5125 3864 5164 uix

2305 5169 2452 5244 Maii.
2476 5170 2698 5244 Interim
2721 5171 3005 5244 notandum
3036 5181 3120 5226 est
3151 5169 3327 5240 plures
3353 5177 3506 5243 hujus
3544 5187 3597 5232 et
3638 5193 3863 5244 sequen-

2305 5239 2373 5291 tis
2414 5239 2594 5319 επενΙί
2636 5240 3071 5319 Xigiliosfuisse,
3122 5239 3183 5319 ac
3240 5239 3476 5319 nostrum
3524 5264 3644 5301 cum
3679 5239 3862 5319 Vigilio

2304 5311 2595 5386 praesertim
2636 5309 2914 5386 Tapsensi,
2947 5313 3037 5386 qu_i
3089 5314 3345 5386 adversus
3389 5316 3681 5386 Eutychem
3727 5309 3865 5373 serio

2304 5379 2429 5445 psit,
2460 5378 2711 5431 confundi
2758 5378 3157 5446 solere,'Cavei
3209 5384 3342 5442 Hist.
3393 5378 3554 5441 litter.
3593 5388 3862 5443 Usnardus

2304 5454 2479 5522 autem
2505 5456 2559 5501 et
2588 5448 2792 5522 Beronii
2817 5451 3085 5522 Martyrol‘.
3110 5468 3230 5507 eum
3258 5456 3529 5510 celebrant
3551 5474 3671 5512 uri
3692 5459 3859 5513 Junii.

2380 5514 2397 5553 τ
2431 5517 2710 5588 Depositio.
2753 5517 2932 5573 Potius
2953 5514 3274 5588 'translatio,
3305 5525 3419 5579 dies
3441 5528 3579 5580 enim
3614 5530 3863 5584 transitus

2304 5587 2557 5641 recolitur
2588 5587 2860 5658 trigesimo
2884 5591 3076 5645 Martii.
3110 5587 3347 5648 Veronus
3371 5596 3465 5649 fuit
3492 5597 3649 5651 frater
3681 5598 3738 5653 S.
3764 5599 3861 5652 Ve-

2304 5672 2448 5734 ronae
2473 5669 2495 5734 ;_
2521 5660 2757 5734 sepultus
2783 5671 2863 5734 est
2904 5661 3267 5734 inmLemlieca,
3293 5666 3555 5732 quondam
3588 5669 3780 5734 oppido
3808 5668 3860 5723 in

2307 5728 2533 5784 conliuio
2559 5728 2849 5787 llannonia:
2872 5740 2923 5787 et
2952 5732 3264 5791 Brabautiaz.
3295 5728 3401 5791 Sed
3429 5728 3767 5807 corpus'i'ude
3794 5741 3861 5794 ad
