4240 6456
636 283 743 343 855

1422 268 1622 327 ΒΕΟΕ
1665 266 2118 325 VENEllABlLIS
2157 265 2305 323 OPP.
2351 263 2528 318 PARS
2565 260 2652 319 ιν.
2678 291 2735 303 -—
2785 259 3163 319 lllSTORICA.

3791 255 3898 318 836

1904 378 2132 435 EDITIO
2171 376 2632 432 COLONIENSIS.

634 486 908 541 civitatem
938 478 1348 537 Catltanensium
1380 477 1554 546 passio
1603 482 1798 528 sanctze
1847 472 2066 539 Agathm
2112 470 2217 522 vir-
2246 481 2298 538 Α
2324 467 2619 526 doloribus,
2656 475 2712 518 ιιι
2740 479 2856 518 eam
2901 471 3202 518 averterent
3245 478 3273 515 a
3306 460 3539 527 Christo,
3586 479 3678 519 eas
3705 464 3904 523 iterum

635 578 773 647 ginis
820 576 919 630 sub
966 575 1250 641 Quintiano
1294 569 1533 633 consule,
1571 578 1807 634 tempore
1851 560 2208 624 Diocletiani;

639 681 758 734 quat
789 673 907 733 post
946 664 1127 729 alapas
1155 669 1207 714 et
1234 672 1529 720 carcerem,
1559 664 1678 725 post
1708 652 1990 722 equuleum
2021 659 2075 705 et
2105 657 2215 702 tor-

640 757 835 820 siones,
870 761 988 821 post
1016 750 1422 804 mammillarnm
1474 746 1878 807 abscissionem,
1916 740 2009 795 sed
2049 755 2077 793 a
2112 740 2214 793 Do-

639 844 783 897 mino
828 842 1194 904 sanationem;
1246 849 1367 907 post
1407 836 1792 891 volutationem
1840 834 1891 886 in
1920 830 2134 887 testulis
2163 838 2217 883 et

637 930 1000 993 carbonibus,
1057 931 1266 983 tandem
1324 927 1378 981 in
1430 941 1647 980 carcere
1697 930 2059 977 consummata
2110 926 2215 973 est.

642 1014 858 1077 Viennae
890 1023 1026 1075 beati
1056 1019 1194 1075 Aviti
1223 1018 1484 1088 episc0pi,
1533 1016 1683 1084 cujus
1716 1014 1818 1067 fide
1859 1023 1913 1066 et
1959 1008 2217 1064 industria

636 1123 795 1181 atque
824 1108 1051 1165 mirabili
1082 1110 1343 1171 doctrina,
1368 1116 1605 1173 tempore
1632 1099 1934 1157 Godobardi
1964 1098 2122 1168 regis,
2153 1097 2220 1151 ab

635 1202 977 1256 infestatione
1008 1200 1216 1253 Ariona:
1240 1198 1503 1251 haereseos
1532 1194 1715 1251 Gallia:
1742 1192 1975 1247 defensa:
1997 1198 2139 1253 sunt,
2166 1195 2223 1243 et

637 1301 939 1345 sanctorum
968 1288 1183 1351 Felicis,
1215 1286 1488 1341 Fortunati
1516 1294 1569 1338 et
1598 1282 1895 1339 Saturnini.

707 1383 768 1436 Β.
812 1381 917 1436 V’lll
958 1380 1075 1435 lous
1116 1380 1279 1434 FEBB.
1318 1407 1389 1418 —
1429 1376 1613 1430 Roma:
1660 1374 1743 1427 via
1792 1371 1957 1439 Appia
2011 1370 2065 1423 in
2111 1381 2223 1423 coe-

641 1473 857 1527 miterio
886 1470 1125 1541 ejusdem
1156 1468 1329 1539 passio
1376 1478 1575 1522 sancta:
1622 1461 1861 1520 Sotlieris
1889 1458 2131 1527 virginis.
2164 1457 2220 1511 ln

648 1565 887 1618 Caesarea
919 1558 1265 1628 Cappadocia:
1305 1556 1480 1611 natale
1524 1561 1720 1609 sancta:
1746 1549 2028 1605 Dorothea:
2058 1546 2221 1615 virgi-

643 1656 749 1719 nis,
794 1664 848 1709 et
891 1653 1169 1722 Theophili
1214 1651 1312 1704 sub
1362 1649 1575 1717 Apricio
1622 1645 1891 1714 prazfecto.
1934 1643 2065 1706 Quae
2102 1652 2222 1692 cum

644 1744 1014 1800 commendata
1044 1753 1187 1797 esset
1214 1740 1422 1795 duabus
1451 1736 1744 1801 sororibus,
1779 1734 1828 1788 id
1868 1742 1969 1797 est,
1999 1730 2223 1785 Chrisue

2314 559 2575 612 convertit
2605 556 2668 609 ad
2719 555 3010 617 Christum,
3055 554 3126 607 ita
3167 564 3223 608 ut
3264 554 3316 607 in
3358 570 3548 624 cupam
3588 555 3762 611 missa:
3806 574 3907 625 per

2316 650 2649 719 prmfectum,
2697 649 2926 702 incensa:
2974 647 3038 699 ail
3084 647 3328 716 martyrii
3377 648 3601 714 palmam
3641 664 3902 716 pervene-

2317 742 2441 795 rint.
2489 739 2676 794 Postea
2726 754 2853 792 vero
2887 731 3152 791 Dorothea
3198 737 3356 791 ducta
3406 736 3469 790 ad
3512 738 3684 791 locum
3715 754 3904 805 poma-

2318 846 2456 895 rnm,
2508 831 2592 883 tibi
2648 838 2703 882 et
2754 842 2906 895 passa
2960 835 3063 891 est,
3106 839 3225 879 cum
3276 840 3304 877 a
3349 825 3645 892 Thcopltilo
3672 828 3905 897 quodam

2319 920 2639 975 seholastico
2689 916 3021 980 irrideretur,
3054 916 3193 985 quod
3241 916 3306 969 ad
3338 910 3641 983 paradisum
3681 932 3901 985 vadens,

2321 1030 2351 1069 a
2380 1029 2576 1081 sponso
2610 1026 2707 1065 suo
2735 1011 2947 1065 Christo
2974 1025 3128 1065 rosas
3155 1018 3207 1065 et
3236 1011 3371 1064 mala
3403 1011 3452 1065 ei
3486 1011 3750 1075 mitteret;
3782 1022 3903 1079 quae

2320 1106 2494 1159 statim
2526 1103 2775 1174 promisit
2797 1118 2854 1157 se
2886 1118 3003 1157 esse
3034 1104 3339 1159 missuram.
3388 1094 3487 1157 Ubi
3519 1115 3647 1171 ergo
3688 1112 3901 1159 ventum

2320 1208 2403 1253 est
2431 1197 2495 1250 ad
2530 1196 2728 1259 locum,
2758 1196 2810 1248 in
2842 1209 2946 1263 quo
2973 1194 3259 1263 jugulanda
3303 1204 3439 1259 erat,
3480 1187 3750 1262 paulisper
3777 1211 3898 1250 ora-

2322 1290 2465 1343 tione
2491 1285 2625 1341 facta
2650 1332 2664 1355 ,
2698 1286 2919 1355 protulit
2962 1287 3193 1339 orarium
3230 1300 3407 1348 suum,
3438 1294 3493 1339 et
3521 1293 3710 1338 vocato
3737 1285 3801 1339 ad
3844 1301 3902 1341 se

2322 1378 2548 1447 quodam
2593 1375 2813 1444 puerulo
2847 1390 3104 1428 annorum
3152 1389 3270 1440 sex,
3304 1376 3445 1429 misit
3474 1376 3790 1443 Tlieophilo,
3818 1374 3903 1429 di-

2321 1483 2448 1522 cens
2478 1485 2491 1519 :
2526 1466 2617 1521 Dic
2643 1466 2712 1531 ei,
2751 1466 3017 1519 Dorothea
3061 1466 3252 1519 ancilla
3303 1466 3419 1531 Dei,
3447 1467 3606 1521 mittit
3644 1467 3735 1523 tibi
3764 1468 3899 1523 mala

2321 1559 2388 1615 de
2418 1559 2663 1628 paradiso
2689 1557 2871 1625 sponsi
2909 1559 2988 1612 sui
3016 1554 3232 1611 Christi.
3278 1558 3326 1612 ls
3372 1559 3659 1627 accipiens,
3690 1567 3743 1613 et
3782 1574 3903 1627 gra-

2324 1652 2421 1705 tias
2449 1664 2642 1719 agens.
2686 1648 2827 1716 quod
2873 1649 3178 1715 petitionem
3219 1648 3336 1718 ejus
3381 1649 3688 1717 implesset;
3740 1650 3905 1717 ccepit

2322 1743 2422 1798 sibi
2450 1744 2637 1797 faciem
2669 1752 2899 1810 tergere,
2932 1751 3180 1809 tantaque
3212 1752 3432 1809 repente
3474 1742 3732 1797 suavitate
3781 1757 3904 1809 per.

642 1849 696 1891 et
741 1836 996 1901 Calistte,
1045 1850 1163 1903 qua:
1211 1847 1240 1885 a
1283 1830 1385 1885 fide
1428 1843 1599 1899 nuper
1641 1830 2035 1897 apostatarant,
2064 1820 2218 1874 victae
2251 1828 2298 1887 Β
2326 1832 2474 1888 {usus
2501 1840 2603 1894 εει,
2633 1840 2689 1884 ,ιι
2736 1840 2842 1884 tota
2891 1841 3069 1885 meme
3116 1846 3163 1884 m

2285 1831 2298 1884 l
2326 1832 2474 1888 fusus
2501 1840 2603 1894 est,
2633 1840 2689 1884 ιιι
2736 1840 2842 1884 tota
2891 1841 3069 1885 mente
3116 1840 3441 1897 mutaretur;
3488 1843 3540 1887 et
3570 1848 3687 1887 cum
3716 1834 3900 1903 grandi

1890 1931 2120 1990 EDITIO
2161 1922 2665 1984 BOLLANDIANA.

714 2038 769 2093 6.
790 2066 863 2078 -ο
886 2036 996 2091 Vlll
1040 2036 1177 2090 lpus.
1205 2034 1367 2088 Vacat
1399 2031 1573 2086 Barda.

716 2131 905 2185 Florus
950 2130 1001 2184 in
1033 2129 1096 2181 A.
1122 2129 1183 2181 Τ.
1210 2127 1293 2192 L.,
1326 2126 1422 2181 sed
1455 2125 1639 2178 ordine
1669 2123 1738 2177 ob
1766 2120 1822 2177 8.
1850 2118 2139 2173 Veilastum
2162 2116 2213 2169 in

648 2222 715 2278 Α.
743 2230 964 2275 mutato.
991 2218 1193 2272 Eluone
1224 2213 1543 2269 monasterio
1572 2212 1836 2279 depositio
1857 2208 1911 2264 8.
1939 2217 1963 2243 ⁸
1993 2202 2216 2260 Amandi

642 2310 879 2383 episcopi
938 2328 951 2363 :
1009 2310 1096 2378 qui
1160 2307 1443 2361 multorum
1516 2302 1889 2358 miraculorum
1936 2296 2216 2351 virtutibus

644 2405 869 2473 pollens,
893 2402 1029 2455 inter
1054 2400 1153 2453 alia
1183 2398 1373 2461 fertur,
1397 2396 1534 2465 quod
1562 2408 1711 2449 reum
1734 2394 1817 2445 cui
1843 2397 1968 2444 ante
1994 2397 2217 2442 mortem

646 2510 679 2548 ιι
727 2508 871 2547 saevo
913 2492 1092 2561 judice
1139 2490 1301 2543 vitam
1350 2502 1452 2542 non
1500 2485 1675 2556 potuit
1726 2484 2047 2552 impetrare,
2100 2487 2220 2547 post

645 2594 869 2638 mortem
899 2596 930 2635 a
963 2581 1045 2649 pio
1067 2580 1243 2649 judice
1269 2578 1483 2633 Christo
1513 2576 1673 2629 vitam
1706 2574 2009 2641 impetravit
2042 2582 2095 2626 et
2127 2586 2213 2624 sa-

644 2674 827 2729 lutem.
857 2671 1055 2726 Eodem
1076 2672 1162 2726 die
1182 2671 1431 2724 Atrebata
1459 2668 1671 2722 civitate
1696 2664 1958 2733 depositio
1989 2664 2045 2719 S.
2066 2663 2091 2701 δ
2110 2664 2216 2717 Vc-

2321 2036 2455 2089 dasti
2504 2034 2669 2101 episc.
2720 2042 2773 2086 et
2821 2032 3141 2087 confessoris
3184 2051 3195 2084 :
3246 2032 3331 2088 hic
3380 2033 3503 2087 dum
3552 2034 3897 2101 plurimorum

2323 2127 2705 2179 miraculorum
2752 2123 2917 2190 signis
2964 2123 3221 2185 rutilaret,
3253 2122 3477 2177 diversis
3506 2124 3742 2178 diversas
3794 2126 3897 2178 ini-

2323 2216 2560 2286 pertiens
2604 2214 2882 2276 sanitates,
2934 2223 3144 2283 gentem
3199 2212 3517 2267 Francorum
3569 2215 3899 2271 barbaricam

2327 2309 2390 2361 ad
2426 2307 2581 2360 fidem
2610 2305 2865 2375 paulatim
2897 2304 3159 2358 convertit
3185 2304 3524 2359 catholicam.

2400 2462 2485 2525 0.,
2527 2462 2763 2513 Caesarea
2792 2458 3139 2527 capjlﬂtim‘lil‘.
3170 2457 3225 2511 S.
3256 2467 3277 2493 ε
3307 2456 3585 2512 Dorothea:
3607 2458 3820 2527 virginis
3846 2470 3903 2514 et

2320 2530 2601 2598 Theophili
2657 2527 2987 2582 scholastici.
3025 2526 3171 2598 V._C.
3197 2530 3259 2579 A.
3286 2528 3374 2598 Τ.,
3404 2527 3583 2582 Roma:
3616 2526 3705 2582 viai
3728 2532 3898 2595 Appia

2322 2596 2495 2670 passio
2522 2598 2546 2636 ἀ
2572 2601 2778 2655 Soteris
2808 2599 3045 2667 virginis.
3081 2596 3147 2651 Et
3174 2598 3229 2652 S.
3258 2605 3279 2632 ε
3307 2597 3582 2653 Dorothea:
3614 2602 3845 2669 virginis.

2018 2754 2219 2809 SMlTll
2260 2752 2493 2811 NOTAE.

646 2870 826 2910 comes
852 2864 904 2909 et
929 2854 1119 2922 conjux
1151 2854 1265 2921 ejus
1294 2852 1588 2920 llamburga
1619 2848 1919 2903 coenobium
1953 2847 2004 2899 iu
2039 2848 2210 2922 hono-

647 2942 760 2980 rem
796 2926 854 2979 8.
891 2917 1126 2993 Dionysii
1157 2917 1207 2975 et
1238 2935 1344 2975 tres
1372 2917 1645 2993 ecclesias;
1669 2926 2110 2993 construxerant;
2158 2917 2211 2969 in

652 2996 841 3048 horum
873 2989 1365 3061 igitur-famulitium
1396 2991 1614 3043 intravit
1635 2989 1987 3061 ιιέειηιιΙρΙιιιεςΔ
2009 2989 2214 3054 ipsique

2315 2861 2525 2915 quoque
2559 2845 2805 2900 Barisiaci
2855 2861 2940 2899 an.
2988 2846 3091 2901 666
3121 2888 3135 2911 ,
3186 2854 3235 2899 et
3284 2861 3370 2900 an.
3420 2847 3521 2903 667
3573 2850 3896 2905 translationi

2316 2921 2372 2970 8.
2404 2917 2612 2969 Vetlasti
2664 2916 2847 2969 adfuit.
2900 2917 2953 2969 lii
2985 2917 3275 2971 Elnonensi
3310 2918 3539 2987 denique
3573 2924 3898 2975 monasterio

2321 2988 2449 3039 obiit
2481 3003 2571 3039 an.
2597 2986 2719 3040 684.
2745 2988 2893 3052 Quod
2923 2990 3123 3054 prolixe
3150 2989 3397 3053 probatur
3422 2986 3559 3055 apud
3591 2991 3895 3044 Bullanilum

650 3082 794 3124 eum,
824 3056 938 3130 ejus
966 3064 1223 3133 probitate
1244 3062 1474 3131 cognita,
1510 3062 1769 3133 universa-
1812 3058 2219 3133 ιιιιιιιυιυιπςιξιιοτ
2244 3068 2290 3131 c
2322 3068 2505 3110 contra
2549 3057 2839 3133 Molanuin,
2871 3056 3121 3133 Cluuium
3159 3059 3471 3123 Seuensem,
3504 3070 3557 3112 et
3585 3076 3767 3115 oumes
3799 3063 3889 3131 qui

650 3128 910 3189 suerunt:
939 3128 991 3187 et
1018 3148 1138 3187 cum
1171 3128 1390 3185 Bonnam
1442 3143 1620 3197 postea
1674 3131 1922 3188 iverunt,
1978 3128 2214 3179 lientiaci

650 3204 891 3275 praedicti
934 3217 1037 3257 una
1081 3217 1199 3256 cum
1230 3196 1472 3275 ecclesiis
1524 3199 1785 3275 hmreilrm
1824 3197 2103 3275 fecerunt,
2133 3196 2220 3275 ubi

651 3266 783 3329 obiit
827 3274 877 3326 in
908 3288 1053 3340 pace.
1085 3276 1214 3326 Cum
1248 3272 1429 3340 pirata:
1475 3270 1789 3323 maritimam
1818 3266 2040 3340 Galliam
2079 3266 2224 3340 _i_nfe-

652 3352 877 3404 starent,
908 3336 1262 3411 Erkengarius
1292 3354 1470 3394 comes
1494 3353 1691 3411 corpus
1722 3350 1962 3411 sanctum
1992 3339 2055 3389 ile
2079 3336 2212 3411 l_ie_n-

658 3417 755 3468 tica
810 3405 1112 3467 Bononiani
1146 3412 1431 3465 transtulit.
1480 3410 1609 3461 Ciitti
1662 3410 1820 3460 etiam
1868 3417 2045 3475 poStea
2080 3405 2223 3461 Brito

658 3485 869 3552 quidam
916 3496 1107 3544 corpus
1154 3482 1328 3535 furtim
1356 3480 1686 3552 abstulisset,
1719 3476 1995 3552 intercepit
2026 3478 2220 3552 Ατῃιιιτ

655 3546 794 3623 phus
824 3553 1079 3606 Flandriaa
1105 3567 1283 3604 eomes
1314 3568 1328 3603 :
1355 3549 1807 3623 qn_i__llarle|_iecam
1863 3546 2221 3623 idtransferri

657 3616 839 3692 jussit,
885 3622 1230 3692 translaturus
1262 3616 1381 3673 mox
1414 3619 1768 3692 BIandiniuin,
1799 3616 1942 3692 quod
1969 3617 2223 3692 estﬂllanf

658 3684 778 3746 ilavi
826 3684 885 3744 S.
916 3691 1050 3743 Petri
1079 3693 1475 3742 monaSterium.
1510 3694 1634 3742 Acta
1665 3687 1780 3753 ejus
1808 3685 1943 3751 apud
1976 3684 2219 3740 Bulland.

657 3762 893 3816 Molanus
919 3761 984 3812 de
1012 3759 1108 3812 SS.
1140 3758 1327 3823 Belgii,
1359 3759 1654 3819 Ferrarius,
1688 3756 1914 3809 Gbinius
1943 3757 2219 3809 Senensis.

732 3839 757 3865 ι
786 3830 1022 3882 Amandi.
1070 3829 1169 3892 Qui
1208 3831 1345 3881 circa
1391 3842 1478 3880 an.
1512 3826 1634 3888 594,
1664 3826 1748 3878 die
1777 3840 1847 3878 v.1
1878 3826 1994 3879 Maii
2022 3828 2225 3879 Sereno

661 3901 1036 3969 Aquitanorum
1065 3898 1200 3951 duce.
1229 3908 1280 3950 et
1310 3897 1548 3950 Amantia
1600 3906 1753 3969 natus
1773 3904 1901 3969 est;
1940 3905 2223 3969 postquam

660 3966 835 4024 autem
864 3971 1082 4024 vixisset
1112 3969 1433 4034 aliquantum
1466 3967 1721 4031 temporis
1772 3967 1821 4016 in
1853 3968 1980 4034 Ogia
2031 3966 2220 4029 insula,

662 4042 923 4095 Bituricus
968 4039 1111 4092 venit
1172 4039 1239 4091 ab
1287 4037 1632 4104 Austrcgisilo
1680 4035 1903 4103 bet-igne
1948 4046 2225 4100 susceptus

661 4112 800 4165 circa
831 4127 917 4162 ait.
942 4109 1067 4167 612,
1093 4109 1160 4161 ibi
1190 4110 1337 4161 cella-
1365 4109 1597 4160 inclusus
1617 4106 1680 4158 ad
1707 4106 1770 4157 15
1796 4119 1982 4167 annos,
2013 4106 2222 4158 tandem

664 4184 885 4234 Romam
918 4180 1180 4247 profectus
1204 4189 1286 4231 est
1310 4192 1396 4229 an.
1427 4178 1551 4241 927,
1582 4175 1705 4228 dein
1749 4176 1952 4247 visione
1978 4176 2225 4247 admoni-

662 4260 749 4302 tus
778 4253 826 4301 in
856 4244 1078 4301 Galliam
1109 4262 1349 4300 reversus
1375 4249 1652 4314 episcopus
1676 4246 1948 4314 ordinatus
1978 4254 2059 4297 est
2086 4244 2221 4297 circa

663 4334 751 4369 an.
780 4317 907 4369 628.
959 4318 1001 4369 lt
1038 4318 1267 4367 secundo
1310 4312 1527 4368 Romam
1572 4330 1660 4367 an.
1704 4312 1826 4374 650,
1871 4328 2225 4380 reversusque

664 4385 899 4438 Candavi
947 4387 1199 4447 pratdirat
1244 4398 1331 4435 an.
1364 4384 1487 4448 651,
1517 4385 1604 4436 ubi
1633 4385 1810 4451 plures
1842 4397 2119 4450 perpessus
2144 4390 2227 4435 est

665 4457 905 4523 injurias.
942 4453 1159 4507 Fornaci
1202 4457 1357 4506 etiam
1390 4464 1651 4506 mortuum
1690 4453 1950 4504 suscitans
1979 4467 2066 4523 an.
2097 4451 2222 4517 652,

666 4522 981 4579 munasteria
1028 4528 1433 4591 circumquaque
1482 4532 1761 4575 exstruere
1789 4523 1970 4587 erepit.
2024 4522 2225 4575 Interea

666 4595 1041 4649 incontiueuiia
1087 4592 1362 4657 Dagoberti
1412 4594 1548 4658 regis
1600 4591 1828 4658 culpata,
1877 4592 1929 4644 in
1978 4591 2225 4645 exsilium

663 4668 930 4733 relegatus
958 4674 1041 4718 est
1088 4677 1175 4715 an.
1205 4662 1325 4715 654.
1358 4663 1555 4716 Tamen
1586 4664 1653 4733 ab
1680 4664 1865 4733 exsilio
1911 4676 1958 4733 a_
1980 4675 2101 4733 rege
2130 4676 2225 4715 eo-

665 4731 798 4789 dem
840 4744 1135 4797 revocatus,
1189 4733 1520 4801 Sigebertum
1570 4731 1685 4801 ejus
1736 4732 1898 4785 filium
1945 4731 2228 4799 baptizavit

666 4821 754 4858 an.
782 4804 905 4858 655.
934 4803 1172 4859 Canitavi
1204 4814 1375 4871 carpta
1403 4803 1723 4855 monaSieria
1749 4812 1869 4855 octo
1897 4816 2063 4855 annos
2093 4802 2229 4854 rexit

666 4877 735 4927 ab
790 4890 927 4927 anno
976 4872 1100 4927 656.
1163 4874 1358 4927 Locum
1419 4872 1706 4926 Elooneusi
1764 4872 2082 4925 monasterio
2137 4887 2228 4924 ex-

671 4947 922 4998 struendo
968 4956 1146 5010 aptum
1193 4944 1492 5011 impetravit
1534 4958 1562 4994 a
1590 4955 1715 5009 rege
1758 4956 1898 4995 anno
1923 4940 2024 4995 658
2054 4950 2108 4994 et
2136 4956 2223 4994 an.

668 5016 793 5078 646,
842 5019 1213 5068 monasterium
1266 5012 1664 5065 Marcliianense
1710 5013 1985 5064 exstruxit.
2021 5011 2228 5065 Mortuo

670 5084 872 5137 Joanne
896 5093 1039 5152 Aguo
1064 5086 1314 5150 epiScopo
1335 5082 1670 5147 Trajectense
1698 5098 1786 5135 an.
1808 5081 1931 5144 646,
1958 5083 2014 5135 8.
2038 5084 2228 5133 Aman-

669 5158 766 5205 tlus
795 5157 1106 5206 substitutus
1133 5168 1248 5204 eam
1299 5152 1430 5204 rexit
1460 5152 1734 5204 ecclesiam
1770 5167 1860 5217 per
1906 5162 2011 5204 tres
2038 5165 2222 5213 annus,

672 5232 727 5276 et
755 5226 1083 5276 Consecravit
1115 5223 1491 5274 monasterium
1523 5222 1839 5273 Nivelleuse.
1872 5220 1973 5272 Att.
2006 5220 2128 5285 (H9,
2160 5225 2227 5276 ob

669 5295 797 5347 cleri
850 5292 1253 5345 iuobedicutiam
1302 5292 1510 5357 reliquit
1535 5291 1869 5355 Trajectuut,
1903 5292 2226 5359 prmiixitque

672 5364 1059 5417 Elitonensibus
1107 5363 1385 5421 .lonatum;
1433 5373 1486 5413 et
1533 5374 1620 5412 an.
1653 5360 1777 5423 65⁸),
1809 5361 2024 5413 lioniam
2069 5362 2227 5413 tertio

669 5434 933 5502 profectus
961 5442 1063 5487 est.
1113 5435 1382 5502 lieversus
1405 5442 1576 5482 tamen
1608 5430 1771 5482 liotna
1802 5447 1889 5482 an.
1923 5431 2224 5502 05LCirca

668 5500 756 5555 ξιη.
791 5501 916 5567 655,
945 5506 1231 5555 oratorium
1266 5504 1321 5553 8.
1350 5500 1535 5554 Gilleni
1576 5502 1921 5552 cotisccrntit.
1960 5500 2225 5551 DirtlieaVit

670 5575 960 5626 Ecclesiam
1014 5571 1448 5639 Antuerpiensvm
1503 5572 1640 5622 circa
1688 5570 1921 5622 ambiit).
1979 5569 2059 5621 Ab
2086 5584 2226 5639 anno

668 5640 794 5703 065.
847 5643 1111 5695 Vaannes
1159 5641 1423 5701 instruxit,
1452 5644 1823 5692 monasterium
1870 5638 2223 5690 :rdiiicavitin

669 5724 797 5779 agro
844 5712 1128 5778 Borbonio,
1172 5714 1309 5764 aliud
1341 5712 1529 5775 Nanlo,
1557 5710 1692 5778 apud
1738 5710 2033 5775 llusteiios;
2083 5708 2221 5761 aliud

2324 3142 2445 3181 eum
2478 3143 2565 3180 an.
2597 3127 2694 3179 (iiii
2730 3129 2927 3179 obiisse
2957 3128 3162 3179 volunt.

2397 3196 2422 3233 δ
2458 3196 2687 3250 Vedasti.
2721 3196 2814 3250 llic
2842 3194 3203 3249 Chlodovcum
3234 3210 3409 3264 regem
3441 3197 3506 3252 ad
3541 3200 3695 3254 fidem
3724 3202 3895 3255 susci-

2323 3267 2569 3337 piendam
2621 3266 2897 3337 animavit,
2928 3281 3046 3321 cum
3090 3267 3217 3320 οινοί
3268 3268 3449 3337 oculos
3479 3272 3671 3323 virtute
3700 3271 3893 3325 Christi

2323 3336 2643 3403 aperuisset.
2674 3336 2804 3390 Cum
2833 3347 3005 3390 autem
3040 3337 3095 3389 8.
3124 3336 3392 3405 Remigius
3428 3339 3674 3394 eumdem
3720 3356 3894 3407 regem

2324 3409 2665 3471 baptizassct,
2709 3410 2765 3461 8.
2801 3407 3085 3460 Vedastum
3133 3408 3536 3462 Atrebatensem
3588 3411 3894 3477 episcopum

2324 3477 2677 3548 consecravit,
2705 3476 2791 3547 qui
2826 3478 2893 3529 ibi
2921 3477 3069 3529 bouis
3098 3477 3281 3529 avibus
3306 3478 3652 3548 AEvangelium
3704 3476 3895 3548 praedi-

2324 3550 2483 3613 cavit,
2513 3546 2907 3614 Ecclesiamque
2939 3548 2988 3599 in
3018 3551 3271 3599 honorem
3303 3546 3392 3599 Dei
3425 3560 3477 3602 et
3504 3551 3560 3601 Β.
3587 3546 3763 3602 Mariae
3795 3552 3898 3604 vir-

2324 3621 2460 3686 ginis
2504 3620 2796 3673 construxit
2832 3633 2845 3679 ;
2880 3627 2930 3671 et
2962 3631 3080 3669 cum
3124 3618 3480 3681 episcopatum
3524 3620 3894 3673 administras-

2324 3700 2404 3741 set
2434 3706 2523 3742 an.
2551 3688 2640 3748 40,
2673 3688 2803 3740 obiit
2832 3688 2969 3739 circa
3011 3702 3098 3739 an.
3128 3687 3249 3749 579,
3285 3696 3339 3739 ut
3366 3691 3546 3741 volunt
3579 3688 3810 3745 Molanus
3843 3702 3897 3745 et

2324 3759 2549 3813 Gliinius
2580 3758 2860 3817 Senensis;
2896 3771 2982 3809 an.
3014 3757 3136 3819 5w,
3172 3768 3221 3806 ut
3258 3759 3455 3810 mavult
3484 3759 3785 3813 llullaiulus.

2399 3838 2421 3865 ο
2456 3829 2742 3882 Πονοιήραῖ.
2786 3828 2912 3893 Quae
2955 3840 3073 3879 cum
3121 3826 3323 3878 duabus
3363 3830 3633 3881 sororibus
3671 3829 3897 3884 Cliristaz

2324 3906 2377 3951 et
2405 3897 2653 3963 Callistae,
2682 3912 2800 3967 quae
2830 3911 2857 3948 a
2892 3895 2992 3949 fide
3014 3905 3393 3963 apostatarant,
3425 3902 3786 3951 commendata
3808 3916 3894 3954 es-

2325 3979 2437 4030 set,
2485 3978 2541 4021 ut
2567 3983 2683 4021 eam
2704 3966 3018 4020 averterent
3062 3982 3090 4019 a
3122 3966 3363 4033 Christo,
3406 3983 3497 4020 eas
3545 3969 3734 4022 iterum
3762 3985 3894 4023 con—

2327 4041 2481 4091 vertit
2512 4040 2574 4089 ad
2606 4037 2901 4096 Christum,
2949 4037 3016 4087 ita
3048 4047 3102 4089 ut
3133 4037 3183 4087 in
3218 4051 3402 4103 cupam
3433 4041 3606 4091 missae
3636 4054 3725 4105 per
3756 4056 3893 4105 Prt-

2326 4106 2521 4161 fectnm
2555 4107 2823 4176 Apr.cium
2876 4106 3108 4159 incensa:
3159 4115 3300 4158 sunt.
3357 4107 3541 4160 Postea
3571 4123 3693 4161 vero
3727 4111 3891 4162 Doro-

2329 4178 2446 4229 tliea
2472 4177 2622 4229 ducta
2652 4178 2716 4228 ad
2744 4178 2914 4228 locum
2943 4190 3237 4241 pinnarum,
3269 4176 3353 4229 ubi
3386 4186 3438 4228 et
3468 4192 3617 4244 passa
3647 4188 3745 4241 est,
3772 4195 3890 4231 cum

2326 4260 2354 4298 a
2382 4246 2678 4318 '[heopliilo
2717 4249 2946 4314 quodam
2979 4246 3299 4318 scliolastico
3347 4246 3705 4313 di-ridcretur,
3748 4253 3887 4318 quod

2326 4330 2354 4367 a
2386 4315 2596 4369 Christo
2640 4326 2693 4368 et
2720 4313 2871 4385 poma
2919 4325 3156 4385 etirosas
3201 4313 3449 4369 ﬂorentes
3495 4318 3593 4370 sibi
3635 4313 3889 4384 mitteret,

2331 4385 2431 4439 hoc
2452 4386 2606 4439 citius
2632 4384 2950 4453 impetravit.
2975 4384 3121 4450 Quod
3149 4399 3267 4436 cum
3311 4386 3525 4439 vidisset
3550 4389 3837 4453 Theophilu
3871 4430 3889 4454 ,

2257 4440 2307 4498 Ῑ)
2332 4470 2451 4529 mox
2480 4440 2760 4529 Christum
2785 4440 3059 4529 confessiis
3087 4465 3167 4506 est
3194 4470 3373 4529 verum
3410 4457 3593 4521 Deum,
3620 4440 3677 4511 et
3698 4440 3891 4529 iiiarty:

2329 4526 2513 4577 rizavit
2539 4529 2635 4579 sub
2665 4527 2848 4579 eodem
2877 4525 3141 4593 praefecto,
3174 4526 3345 4592 capite
3376 4528 3578 4590 plexos.
3623 4525 3887 4582 Rabanu's.

2328 4593 2587 4649 Dorothea
2636 4609 2853 4649 emensa
2904 4611 2953 4646 iii
3000 4603 3224 4656 (:alasta,
3258 4598 3588 4663 lampadibus
3639 4601 3888 4665 iistulata,

2328 4666 2499 4732 capite
2532 4668 2701 4730 plexa.
2733 4667 2931 4717 Omnes
2964 4665 3097 4731 passi
3127 4676 3248 4716 sunt
3275 4668 3372 4718 sub
3408 4666 3753 4722 Diocletiano.

2401 4736 2424 4771 ἀ
2458 4734 2671 4789 Soteris.
2700 4735 2942 4789 Gravrter
2972 4744 3025 4786 et
3050 4737 3348 4788 diutissime
3384 4738 3551 4805 alapis
3582 4753 3739 4801 exesa,
3767 4753 3887 4792 cum

2327 4813 2521 4857 caztcra
2570 4820 2778 4873 quoque
2822 4819 3092 4871 poenarum
3120 4820 3311 4872 generat
3342 4807 3572 4871 vicisset,
3602 4811 3890 4863 novissime

2327 4875 2501 4941 gladio
2531 4876 2838 4945 ntariyiium
2884 4878 3292 4945 consummavit.
3346 4876 3518 4942 Aliqui
3567 4880 3889 4931 recentiores

2326 4960 2441 4998 eam
2475 4946 2526 4997 in
2556 4943 2771 4997 Oriente
2803 4959 3007 5011 passam
3041 4943 3281 5007 tradunt;
3306 4948 3397 4999 sed
3427 4949 3545 5010 quia
3574 4950 3888 5002 vetustiores

2328 5015 2511 5067 Ιίοιιιιιξ
2555 5026 2858 5068 eoronatam
2906 5025 3155 5081 martyrio
3182 5016 3381 5076 dicunt.
3414 5028 3467 5071 et
3499 5016 3555 5069 S.
3582 5020 3888 5071 Ambrosius

2329 5085 2380 5137 iii
2407 5085 2541 5137 libro
2570 5100 2625 5139 ιιι
2650 5089 2716 5138 de
2746 5085 3064 5153 Virginibus,
3099 5086 3183 5135 ubi
3213 5094 3325 5137 acta
3357 5086 3473 5155 ejus
3496 5088 3740 5151 explicat,
3770 5103 3885 5141 eam

2330 5165 2599 5221 parentem
2638 5164 2924 5225 martyrem
2958 5154 3205 5225 appellit,
3236 5156 3283 5207 id
3316 5154 3395 5208 est
3421 5165 3720 5225 cognatam,
3752 5172 3887 5210 con-

2328 5233 2430 5275 stat
2462 5240 2578 5276 eam
2627 5225 2803 5277 Italam
2850 5224 3033 5277 fuisse.
3080 5224 3284 5277 Colitur
3332 5224 3507 5279 etiam
3535 5243 3564 5280 x
3594 5228 3883 5281 Februarii.

2329 5293 2487 5347 Passa
2516 5303 2597 5346 est
2625 5296 2724 5348 sub
2754 5294 3077 5346 Diocl~tiano
3103 5309 3242 5347 anno
3267 5294 3390 5348 504.

2404 5366 2427 5392 ⁸
2461 5363 2765 5433 θονοιὴρω.
2794 5363 2965 5416 Nobili
3015 5374 3143 5415 ortae
3190 5367 3380 5419 familia
3440 5366 3490 5421 in
3542 5366 3879 5433 Alexandria,

2328 5446 2446 5498 qua:
2493 5448 2521 5484 a
2562 5432 2844 5487 Maximino
2875 5434 3083 5486 Galerio
3132 5448 3225 5501 pro
3273 5436 3530 5491 adulterio
3583 5438 3885 5504 impetitur,

2326 5513 2541 5575 accepta
2593 5512 2770 5575 autem
2833 5505 3121 5575 dilatione,
3178 5506 3474 5575 timensque
3539 5509 3884 5573 virginitatem

2327 5571 2591 5644 amittere,
2639 5572 2775 5624 clam
2827 5585 2984 5625 nocte
3032 5574 3252 5642 aufugit,
3300 5586 3355 5629 et
3386 5571 3640 5630 l-remuui
3683 5585 3885 5644 petens,

2330 5643 2495 5765 “inito
2528 5652 2764 5767 temp‘o‘re
2797 5646 2902 5698 beo
2935 5658 3128 5699 vacans
3173 5662 3224 5699 in
3270 5660 3398 5716 pare
3426 5649 3643 5717 quievit.
3687 5643 3887 5703 Euseb.

2381 5727 2420 5763 is
2450 5748 2486 5767 ..
2520 5728 2629 5767 vm.
2726 5749 2740 5767 .

2381 5720 2486 5779 ist.,
2520 5728 2629 5781 viil,
2656 5720 2740 5767 M.
