  <div class='ocr_page' id='page_1' title='image "/cluster/home/n/w/nwhite01/storage/ocr_20150623/94/umn.31951002477387e/424.png"; bbox 0 0 4240 6460; ppageno 0'>
   <div class='ocr_carea' id='block_1_1' title="bbox 396 332 497 385">
    <p class='ocr_par' dir='ltr' id='par_1_1' title="bbox 396 332 497 385">
     <span class='ocr_line' id='line_1_1' title="bbox 396 332 497 385; baseline -0.01 -1"><span class='ocrx_word' id='word_1_1' title='bbox 396 332 497 385; x_wconf 77' lang='lat'><strong>8&#39;57</strong></span> 
     </span>
    </p>
   </div>
   <div class='ocr_carea' id='block_1_2' title="bbox 1507 293 2514 364">
    <p class='ocr_par' dir='ltr' id='par_1_2' title="bbox 1507 293 2514 364">
     <span class='ocr_line' id='line_1_2' title="bbox 1507 293 2514 364; baseline -0.015 -1"><span class='ocrx_word' id='word_1_2' title='bbox 1507 306 1702 364; x_wconf 83' lang='lat' dir='ltr'><strong>SECT.</strong></span> <span class='ocrx_word' id='word_1_3' title='bbox 1746 304 1804 359; x_wconf 89' lang='grc' dir='ltr'><strong>ΙΙ.</strong></span> <span class='ocrx_word' id='word_1_4' title='bbox 1847 330 1914 342; x_wconf 91' lang='lat'><em>-</em></span> <span class='ocrx_word' id='word_1_5' title='bbox 1954 293 2514 355; x_wconf 76' lang='lat' dir='ltr'><strong>MARTYROLOGIA.</strong></span> 
     </span>
    </p>
   </div>
   <div class='ocr_carea' id='block_1_3' title="bbox 3556 280 3656 335">
    <p class='ocr_par' dir='ltr' id='par_1_3' title="bbox 3556 280 3656 335">
     <span class='ocr_line' id='line_1_3' title="bbox 3556 280 3656 335; baseline 0.01 -1"><span class='ocrx_word' id='word_1_6' title='bbox 3556 280 3656 335; x_wconf 80' lang='lat'><strong>833</strong></span> 
     </span>
    </p>
   </div>
   <div class='ocr_carea' id='block_1_4' title="bbox 1659 405 2389 474">
    <p class='ocr_par' dir='ltr' id='par_1_4' title="bbox 1659 405 2389 474">
     <span class='ocr_line' id='line_1_4' title="bbox 1659 405 2389 474; baseline -0.021 0"><span class='ocrx_word' id='word_1_7' title='bbox 1659 416 1886 474; x_wconf 77' lang='lat' dir='ltr'><strong>EDITIO</strong></span> <span class='ocrx_word' id='word_1_8' title='bbox 1924 405 2389 467; x_wconf 77' lang='lat' dir='ltr'><strong>COLONIENSIS.</strong></span> 
     </span>
    </p>
   </div>
   <div class='ocr_carea' id='block_1_5' title="bbox 405 481 3664 590">
    <p class='ocr_par' dir='ltr' id='par_1_5' title="bbox 405 481 3664 590">
     <span class='ocr_line' id='line_1_5' title="bbox 405 481 3664 590; baseline -0.011 -2"><span class='ocrx_word' id='word_1_9' title='bbox 405 530 765 590; x_wconf 71' lang='lat' dir='ltr'><strong>exsultatione</strong></span> <span class='ocrx_word' id='word_1_10' title='bbox 790 536 843 583; x_wconf 91' lang='lat' dir='ltr'><strong>et</strong></span> <span class='ocrx_word' id='word_1_11' title='bbox 870 525 1011 581; x_wconf 84' lang='lat' dir='ltr'><strong>clara</strong></span> <span class='ocrx_word' id='word_1_12' title='bbox 1041 533 1169 576; x_wconf 88' lang='lat' dir='ltr'><strong>voce</strong></span> <span class='ocrx_word' id='word_1_13' title='bbox 1215 515 1409 585; x_wconf 65' lang='lat' dir='ltr'><strong>saepius</strong></span> <span class='ocrx_word' id='word_1_14' title='bbox 1453 510 1734 581; x_wconf 71' lang='lat' dir='ltr'><strong>replicaret</strong></span> <span class='ocrx_word' id='word_1_15' title='bbox 1762 524 1777 562; x_wconf 87' lang='lat'><strong>:</strong></span> <span class='ocrx_word' id='word_1_16' title='bbox 1807 506 1976 559; x_wconf 83' lang='lat' dir='ltr'><strong>Bcne-</strong></span> <span class='ocrx_word' id='word_1_17' title='bbox 2008 508 2058 564; x_wconf 85' lang='lat' dir='ltr'><strong>A</strong></span> <span class='ocrx_word' id='word_1_18' title='bbox 2084 496 2345 590; x_wconf 52' lang='lat' dir='ltr'><strong>episeopi.</strong></span> <span class='ocrx_word' id='word_1_19' title='bbox 2398 502 2451 550; x_wconf 70' lang='lat' dir='ltr'><strong>et</strong></span> <span class='ocrx_word' id='word_1_20' title='bbox 2489 490 2613 547; x_wconf 75' lang='lat' dir='ltr'><strong>Julii</strong></span> <span class='ocrx_word' id='word_1_21' title='bbox 2638 486 3032 590; x_wconf 33' lang='lat' dir='ltr'><strong>33922.jpg}!</strong></span> <span class='ocrx_word' id='word_1_22' title='bbox 3072 483 3373 590; x_wconf 56' lang='grc' dir='ltr'><strong>ςξξηιςηῖξηξ]</strong></span> <span class='ocrx_word' id='word_1_23' title='bbox 3407 481 3664 590; x_wconf 36' lang='lat' dir='ltr'><strong>{Irin-9m}!</strong></span> 
     </span>
    </p>
   </div>
   <div class='ocr_carea' id='block_1_6' title="bbox 407 598 1988 683">
    <p class='ocr_par' dir='ltr' id='par_1_6' title="bbox 407 598 1988 683">
     <span class='ocr_line' id='line_1_6' title="bbox 407 598 1988 683; baseline -0.022 0"><span class='ocrx_word' id='word_1_24' title='bbox 407 632 606 683; x_wconf 87' lang='lat' dir='ltr'><strong>dictum</strong></span> <span class='ocrx_word' id='word_1_25' title='bbox 654 636 844 677; x_wconf 85' lang='lat' dir='ltr'><strong>nomen</strong></span> <span class='ocrx_word' id='word_1_26' title='bbox 894 614 1101 672; x_wconf 88' lang='lat' dir='ltr'><strong>Domini</strong></span> <span class='ocrx_word' id='word_1_27' title='bbox 1153 610 1255 665; x_wconf 91' lang='lat' dir='ltr'><strong>mei</strong></span> <span class='ocrx_word' id='word_1_28' title='bbox 1302 607 1428 662; x_wconf 85' lang='lat' dir='ltr'><strong>Jesu</strong></span> <span class='ocrx_word' id='word_1_29' title='bbox 1471 604 1693 666; x_wconf 87' lang='lat' dir='ltr'><strong>Christi,</strong></span> <span class='ocrx_word' id='word_1_30' title='bbox 1742 600 1809 653; x_wconf 93' lang='lat' dir='ltr'><strong>ob</strong></span> <span class='ocrx_word' id='word_1_31' title='bbox 1852 598 1988 651; x_wconf 89' lang='lat' dir='ltr'><strong>hanc</strong></span> 
     </span>
    </p>
   </div>
   <div class='ocr_carea' id='block_1_7' title="bbox 408 684 1985 771">
    <p class='ocr_par' dir='ltr' id='par_1_7' title="bbox 408 684 1985 771">
     <span class='ocr_line' id='line_1_7' title="bbox 408 684 1985 771; baseline -0.022 0"><span class='ocrx_word' id='word_1_32' title='bbox 408 711 799 771; x_wconf 80' lang='lat' dir='ltr'><strong>confessionem</strong></span> <span class='ocrx_word' id='word_1_33' title='bbox 845 720 966 760; x_wconf 87' lang='lat' dir='ltr'><strong>mox</strong></span> <span class='ocrx_word' id='word_1_34' title='bbox 1014 712 1066 758; x_wconf 90' lang='lat' dir='ltr'><strong>et</strong></span> <span class='ocrx_word' id='word_1_35' title='bbox 1111 702 1223 769; x_wconf 88' lang='lat' dir='ltr'><strong>ipse</strong></span> <span class='ocrx_word' id='word_1_36' title='bbox 1263 706 1462 755; x_wconf 87' lang='lat' dir='ltr'><strong>tentus.</strong></span> <span class='ocrx_word' id='word_1_37' title='bbox 1506 707 1567 747; x_wconf 87' lang='lat' dir='ltr'><strong>ac</strong></span> <span class='ocrx_word' id='word_1_38' title='bbox 1609 700 1895 755; x_wconf 87' lang='lat' dir='ltr'><strong>suspensus</strong></span> <span class='ocrx_word' id='word_1_39' title='bbox 1934 684 1985 738; x_wconf 92' lang='lat' dir='ltr'><strong>in</strong></span> 
     </span>
    </p>
   </div>
   <div class='ocr_carea' id='block_1_8' title="bbox 406 775 1990 871">
    <p class='ocr_par' dir='ltr' id='par_1_8' title="bbox 406 775 1990 871">
     <span class='ocr_line' id='line_1_8' title="bbox 406 775 1990 871; baseline -0.02 -12"><span class='ocrx_word' id='word_1_40' title='bbox 406 804 638 871; x_wconf 72' lang='lat' dir='ltr'><strong>equuleo</strong></span> <span class='ocrx_word' id='word_1_41' title='bbox 688 810 829 854; x_wconf 89' lang='lat' dir='ltr'><strong>tanta</strong></span> <span class='ocrx_word' id='word_1_42' title='bbox 871 793 1183 849; x_wconf 92' lang='lat' dir='ltr'><strong>crudelitate</strong></span> <span class='ocrx_word' id='word_1_43' title='bbox 1221 796 1389 842; x_wconf 91' lang='lat' dir='ltr'><strong>tortus</strong></span> <span class='ocrx_word' id='word_1_44' title='bbox 1429 792 1530 850; x_wconf 91' lang='lat' dir='ltr'><strong>est,</strong></span> <span class='ocrx_word' id='word_1_45' title='bbox 1578 790 1633 835; x_wconf 93' lang='lat' dir='ltr'><strong>ut</strong></span> <span class='ocrx_word' id='word_1_46' title='bbox 1673 792 1856 871; x_wconf 89' lang='lat' dir='ltr'><strong>omnes</strong></span> <span class='ocrx_word' id='word_1_47' title='bbox 1887 775 1990 830; x_wconf 85' lang='lat' dir='ltr'><strong>cir-</strong></span> 
     </span>
    </p>
   </div>
   <div class='ocr_carea' id='block_1_9' title="bbox 414 870 1988 951">
    <p class='ocr_par' dir='ltr' id='par_1_9' title="bbox 414 870 1988 951">
     <span class='ocr_line' id='line_1_9' title="bbox 414 870 1988 951; baseline -0.02 -1"><span class='ocrx_word' id='word_1_48' title='bbox 414 870 739 951; x_wconf 79' lang='lat' dir='ltr'><strong>cumstantes</strong></span> <span class='ocrx_word' id='word_1_49' title='bbox 770 889 1169 945; x_wconf 77' lang='lat' dir='ltr'><strong>horrescerent,</strong></span> <span class='ocrx_word' id='word_1_50' title='bbox 1194 877 1480 934; x_wconf 76' lang='lat' dir='ltr'><strong>novissime</strong></span> <span class='ocrx_word' id='word_1_51' title='bbox 1503 888 1641 928; x_wconf 72' lang='lat' dir='ltr'><strong>creso</strong></span> <span class='ocrx_word' id='word_1_52' title='bbox 1660 870 1832 940; x_wconf 78' lang='lat' dir='ltr'><strong>capite</strong></span> <span class='ocrx_word' id='word_1_53' title='bbox 1854 881 1988 922; x_wconf 89' lang='lat' dir='ltr'><strong>mar-</strong></span> 
     </span>
    </p>
   </div>
   <div class='ocr_carea' id='block_1_10' title="bbox 422 957 1994 1058">
    <p class='ocr_par' dir='ltr' id='par_1_10' title="bbox 422 957 1994 1058">
     <span class='ocr_line' id='line_1_10' title="bbox 422 957 1994 1058; baseline -0.019 -16"><span class='ocrx_word' id='word_1_54' title='bbox 422 986 610 1058; x_wconf 80' lang='lat' dir='ltr'><strong>tyrium</strong></span> <span class='ocrx_word' id='word_1_55' title='bbox 658 975 1066 1036; x_wconf 73' lang='lat' dir='ltr'><strong>consummavit.</strong></span> <span class='ocrx_word' id='word_1_56' title='bbox 1095 971 1248 1042; x_wconf 84' lang='lat' dir='ltr'><strong>Apud</strong></span> <span class='ocrx_word' id='word_1_57' title='bbox 1278 973 1576 1023; x_wconf 76' lang='lat' dir='ltr'><strong>Arvernam</strong></span> <span class='ocrx_word' id='word_1_58' title='bbox 1606 963 1791 1017; x_wconf 83' lang='lat' dir='ltr'><strong>urbem</strong></span> <span class='ocrx_word' id='word_1_59' title='bbox 1824 957 1994 1013; x_wconf 82' lang='lat' dir='ltr'><strong>natale</strong></span> 
     </span>
    </p>
   </div>
   <div class='ocr_carea' id='block_1_11' title="bbox 416 1054 1994 1136">
    <p class='ocr_par' dir='ltr' id='par_1_11' title="bbox 416 1054 1994 1136">
     <span class='ocr_line' id='line_1_11' title="bbox 416 1054 1994 1136; baseline -0.018 -4"><span class='ocrx_word' id='word_1_60' title='bbox 416 1054 591 1133; x_wconf 69' lang='lat' dir='ltr'><strong>sancti</strong></span> <span class='ocrx_word' id='word_1_61' title='bbox 634 1069 900 1127; x_wconf 83' lang='lat' dir='ltr'><strong>Anatbolii</strong></span> <span class='ocrx_word' id='word_1_62' title='bbox 928 1066 1194 1136; x_wconf 83' lang='lat' dir='ltr'><strong>martyris.</strong></span> <span class='ocrx_word' id='word_1_63' title='bbox 1219 1062 1275 1115; x_wconf 90' lang='lat' dir='ltr'><strong>In</strong></span> <span class='ocrx_word' id='word_1_64' title='bbox 1308 1060 1474 1117; x_wconf 87' lang='lat' dir='ltr'><strong>Gallia</strong></span> <span class='ocrx_word' id='word_1_65' title='bbox 1509 1058 1719 1112; x_wconf 84' lang='lat' dir='ltr'><strong>civitate</strong></span> <span class='ocrx_word' id='word_1_66' title='bbox 1743 1054 1994 1117; x_wconf 83' lang='lat' dir='ltr'><strong>Aderato,</strong></span> 
     </span>
    </p>
   </div>
   <div class='ocr_carea' id='block_1_12' title="bbox 420 1142 1995 1234">
    <p class='ocr_par' dir='ltr' id='par_1_12' title="bbox 420 1142 1995 1234">
     <span class='ocr_line' id='line_1_12' title="bbox 420 1142 1995 1234; baseline -0.018 -12"><span class='ocrx_word' id='word_1_67' title='bbox 420 1163 686 1234; x_wconf 86' lang='lat' dir='ltr'><strong>depositio</strong></span> <span class='ocrx_word' id='word_1_68' title='bbox 710 1158 878 1216; x_wconf 84' lang='lat' dir='ltr'><strong>sancti</strong></span> <span class='ocrx_word' id='word_1_69' title='bbox 916 1156 1127 1210; x_wconf 83' lang='lat' dir='ltr'><strong>Vedasti</strong></span> <span class='ocrx_word' id='word_1_70' title='bbox 1155 1151 1388 1221; x_wconf 82' lang='lat' dir='ltr'><strong>epiSCOpi</strong></span> <span class='ocrx_word' id='word_1_71' title='bbox 1416 1158 1471 1204; x_wconf 94' lang='lat' dir='ltr'><strong>et</strong></span> <span class='ocrx_word' id='word_1_72' title='bbox 1494 1146 1828 1202; x_wconf 82' lang='lat' dir='ltr'><strong>confessoris.</strong></span> <span class='ocrx_word' id='word_1_73' title='bbox 1855 1143 1918 1197; x_wconf 87' lang='lat' dir='ltr'><strong>Et</strong></span> <span class='ocrx_word' id='word_1_74' title='bbox 1945 1142 1995 1234; x_wconf 84' lang='lat' dir='ltr'><strong>in</strong></span> 
     </span>
    </p>
   </div>
   <div class='ocr_carea' id='block_1_13' title="bbox 421 1232 1996 1312">
    <p class='ocr_par' dir='ltr' id='par_1_13' title="bbox 421 1232 1996 1312">
     <span class='ocr_line' id='line_1_13' title="bbox 421 1232 1996 1312; baseline -0.016 -2"><span class='ocrx_word' id='word_1_75' title='bbox 421 1232 610 1310; x_wconf 84' lang='lat' dir='ltr'><strong>Ellone</strong></span> <span class='ocrx_word' id='word_1_76' title='bbox 636 1247 963 1305; x_wconf 86' lang='lat' dir='ltr'><strong>monasterio</strong></span> <span class='ocrx_word' id='word_1_77' title='bbox 991 1243 1251 1312; x_wconf 85' lang='lat' dir='ltr'><strong>depositio</strong></span> <span class='ocrx_word' id='word_1_78' title='bbox 1281 1241 1447 1295; x_wconf 83' lang='lat' dir='ltr'><strong>sancti</strong></span> <span class='ocrx_word' id='word_1_79' title='bbox 1490 1236 1717 1293; x_wconf 90' lang='lat' dir='ltr'><strong>Amandi</strong></span> <span class='ocrx_word' id='word_1_80' title='bbox 1759 1232 1996 1301; x_wconf 90' lang='lat' dir='ltr'><strong>episcopi</strong></span> 
     </span>
    </p>
   </div>
   <div class='ocr_carea' id='block_1_14' title="bbox 423 1325 2004 1400">
    <p class='ocr_par' dir='ltr' id='par_1_14' title="bbox 423 1325 2004 1400">
     <span class='ocr_line' id='line_1_14' title="bbox 423 1325 2004 1400; baseline -0.015 0"><span class='ocrx_word' id='word_1_81' title='bbox 423 1356 482 1400; x_wconf 85' lang='lat' dir='ltr'><strong>et</strong></span> <span class='ocrx_word' id='word_1_82' title='bbox 526 1339 867 1398; x_wconf 80' lang='lat' dir='ltr'><strong>confessoris.</strong></span> <span class='ocrx_word' id='word_1_83' title='bbox 919 1336 1100 1389; x_wconf 63' lang='lat' dir='ltr'><strong>Romae</strong></span> <span class='ocrx_word' id='word_1_84' title='bbox 1148 1331 1314 1386; x_wconf 84' lang='lat' dir='ltr'><strong>Zotici</strong></span> <span class='ocrx_word' id='word_1_85' title='bbox 1342 1371 1357 1395; x_wconf 89' lang='lat'><strong>,</strong></span> <span class='ocrx_word' id='word_1_86' title='bbox 1406 1328 1620 1391; x_wconf 64' lang='lat' dir='ltr'><strong>Irentei,</strong></span> <span class='ocrx_word' id='word_1_87' title='bbox 1680 1325 1903 1379; x_wconf 89' lang='lat' dir='ltr'><strong>.laeincti</strong></span> <span class='ocrx_word' id='word_1_88' title='bbox 1949 1330 2004 1377; x_wconf 92' lang='lat' dir='ltr'><strong>et</strong></span> 
     </span>
    </p>
   </div>
   <div class='ocr_carea' id='block_1_15' title="bbox 428 1417 2003 1492">
    <p class='ocr_par' dir='ltr' id='par_1_15' title="bbox 428 1417 2003 1492">
     <span class='ocr_line' id='line_1_15' title="bbox 428 1417 2003 1492; baseline -0.016 0"><span class='ocrx_word' id='word_1_89' title='bbox 428 1433 680 1492; x_wconf 89' lang='lat' dir='ltr'><strong>Amantii.</strong></span> <span class='ocrx_word' id='word_1_90' title='bbox 730 1432 786 1485; x_wconf 84' lang='lat' dir='ltr'><strong>In</strong></span> <span class='ocrx_word' id='word_1_91' title='bbox 834 1428 1053 1483; x_wconf 89' lang='lat' dir='ltr'><strong>Oriente</strong></span> <span class='ocrx_word' id='word_1_92' title='bbox 1089 1435 1284 1479; x_wconf 67' lang='lat' dir='ltr'><strong>sanetae</strong></span> <span class='ocrx_word' id='word_1_93' title='bbox 1322 1420 1562 1477; x_wconf 88' lang='lat' dir='ltr'><strong>Sotheris</strong></span> <span class='ocrx_word' id='word_1_94' title='bbox 1603 1417 1840 1487; x_wconf 86' lang='lat' dir='ltr'><strong>virginis,</strong></span> <span class='ocrx_word' id='word_1_95' title='bbox 1886 1428 2003 1485; x_wconf 88' lang='lat' dir='ltr'><strong>quae</strong></span> 
     </span>
    </p>
   </div>
   <div class='ocr_carea' id='block_1_16' title="bbox 431 1517 2005 1598">
    <p class='ocr_par' dir='ltr' id='par_1_16' title="bbox 431 1517 2005 1598">
     <span class='ocr_line' id='line_1_16' title="bbox 431 1517 2005 1598; baseline -0.018 -15"><span class='ocrx_word' id='word_1_96' title='bbox 431 1527 663 1598; x_wconf 77' lang='lat' dir='ltr'><strong>graviter</strong></span> <span class='ocrx_word' id='word_1_97' title='bbox 690 1530 745 1577; x_wconf 90' lang='lat' dir='ltr'><strong>et</strong></span> <span class='ocrx_word' id='word_1_98' title='bbox 773 1518 1067 1576; x_wconf 72' lang='lat' dir='ltr'><strong>diutissime</strong></span> <span class='ocrx_word' id='word_1_99' title='bbox 1089 1517 1255 1586; x_wconf 87' lang='lat' dir='ltr'><strong>alapis</strong></span> <span class='ocrx_word' id='word_1_100' title='bbox 1282 1530 1441 1573; x_wconf 62' lang='lat' dir='ltr'><strong>caesa,</strong></span> <span class='ocrx_word' id='word_1_101' title='bbox 1494 1527 1610 1565; x_wconf 86' lang='lat' dir='ltr'><strong>cum</strong></span> <span class='ocrx_word' id='word_1_102' title='bbox 1638 1520 1849 1564; x_wconf 90' lang='lat' dir='ltr'><strong>centum</strong></span> <span class='ocrx_word' id='word_1_103' title='bbox 1874 1522 2005 1575; x_wconf 86' lang='lat' dir='ltr'><strong>quo-</strong></span> 
     </span>
    </p>
   </div>
   <div class='ocr_carea' id='block_1_17' title="bbox 430 1601 2004 1689">
    <p class='ocr_par' dir='ltr' id='par_1_17' title="bbox 430 1601 2004 1689">
     <span class='ocr_line' id='line_1_17' title="bbox 430 1601 2004 1689; baseline -0.015 -13"><span class='ocrx_word' id='word_1_104' title='bbox 430 1635 557 1689; x_wconf 90' lang='lat' dir='ltr'><strong>que,</strong></span> <span class='ocrx_word' id='word_1_105' title='bbox 609 1629 884 1687; x_wconf 73' lang='lat' dir='ltr'><strong>pmoarum</strong></span> <span class='ocrx_word' id='word_1_106' title='bbox 928 1626 1121 1682; x_wconf 85' lang='lat' dir='ltr'><strong>genera</strong></span> <span class='ocrx_word' id='word_1_107' title='bbox 1180 1609 1412 1673; x_wconf 78' lang='lat' dir='ltr'><strong>vicisset,</strong></span> <span class='ocrx_word' id='word_1_108' title='bbox 1465 1604 1639 1675; x_wconf 85' lang='lat' dir='ltr'><strong>gladio</strong></span> <span class='ocrx_word' id='word_1_109' title='bbox 1693 1601 2004 1670; x_wconf 84' lang='lat' dir='ltr'><strong>martyrium</strong></span> 
     </span>
    </p>
   </div>
   <div class='ocr_carea' id='block_1_18' title="bbox 438 1705 844 1763">
    <p class='ocr_par' dir='ltr' id='par_1_18' title="bbox 438 1705 844 1763">
     <span class='ocr_line' id='line_1_18' title="bbox 438 1705 844 1763; baseline -0.015 1"><span class='ocrx_word' id='word_1_110' title='bbox 438 1705 844 1763; x_wconf 87' lang='lat' dir='ltr'><strong>consummavit.</strong></span> 
     </span>
    </p>
   </div>
   <div class='ocr_carea' id='block_1_19' title="bbox 478 1779 2002 1854">
    <p class='ocr_par' dir='ltr' id='par_1_19' title="bbox 478 1779 2002 1854">
     <span class='ocr_line' id='line_1_19' title="bbox 478 1779 2002 1854; baseline -0.015 1"><span class='ocrx_word' id='word_1_111' title='bbox 478 1798 568 1854; x_wconf 87' lang='lat' dir='ltr'><strong>-C.</strong></span> <span class='ocrx_word' id='word_1_112' title='bbox 611 1797 697 1851; x_wconf 82' lang='lat' dir='ltr'><strong>Vll</strong></span> <span class='ocrx_word' id='word_1_113' title='bbox 738 1796 855 1848; x_wconf 77' lang='lat' dir='ltr'><strong>IDUS</strong></span> <span class='ocrx_word' id='word_1_114' title='bbox 892 1792 1057 1846; x_wconf 76' lang='lat' dir='ltr'><strong>Flnn.</strong></span> <span class='ocrx_word' id='word_1_115' title='bbox 1090 1818 1159 1830; x_wconf 92' lang='lat'><strong>-—</strong></span> <span class='ocrx_word' id='word_1_116' title='bbox 1204 1787 1261 1842; x_wconf 83' lang='grc' dir='ltr'><strong>ιιι</strong></span> <span class='ocrx_word' id='word_1_117' title='bbox 1310 1784 1593 1840; x_wconf 86' lang='lat' dir='ltr'><strong>Britanniis</strong></span> <span class='ocrx_word' id='word_1_118' title='bbox 1637 1783 1853 1837; x_wconf 84' lang='lat' dir='ltr'><strong>civitate</strong></span> <span class='ocrx_word' id='word_1_119' title='bbox 1892 1779 2002 1834; x_wconf 85' lang='lat' dir='ltr'><strong>Au-</strong></span> 
     </span>
    </p>
   </div>
   <div class='ocr_carea' id='block_1_20' title="bbox 2091 572 3662 648">
    <p class='ocr_par' dir='ltr' id='par_1_20' title="bbox 2091 572 3662 648">
     <span class='ocr_line' id='line_1_20' title="bbox 2091 572 3662 648; baseline -0.01 -7"><span class='ocrx_word' id='word_1_120' title='bbox 2091 586 2269 641; x_wconf 85' lang='lat' dir='ltr'><strong>natale</strong></span> <span class='ocrx_word' id='word_1_121' title='bbox 2296 590 2601 637; x_wconf 83' lang='lat' dir='ltr'><strong>sanctorum</strong></span> <span class='ocrx_word' id='word_1_122' title='bbox 2638 577 2865 648; x_wconf 81' lang='lat' dir='ltr'><strong>Dionysii</strong></span> <span class='ocrx_word' id='word_1_123' title='bbox 2896 616 2911 642; x_wconf 94' lang='lat'><strong>,</strong></span> <span class='ocrx_word' id='word_1_124' title='bbox 2948 574 3225 630; x_wconf 58' lang='lat' dir='ltr'><strong>{Etniliani</strong></span> <span class='ocrx_word' id='word_1_125' title='bbox 3255 584 3309 627; x_wconf 93' lang='lat' dir='ltr'><strong>et</strong></span> <span class='ocrx_word' id='word_1_126' title='bbox 3338 572 3662 627; x_wconf 85' lang='lat' dir='ltr'><strong>Sebastiani.</strong></span> 
     </span>
    </p>
   </div>
   <div class='ocr_carea' id='block_1_21' title="bbox 2090 670 3666 753">
    <p class='ocr_par' dir='ltr' id='par_1_21' title="bbox 2090 670 3666 753">
     <span class='ocr_line' id='line_1_21' title="bbox 2090 670 3666 753; baseline -0.011 -15"><span class='ocrx_word' id='word_1_127' title='bbox 2090 682 2242 753; x_wconf 86' lang='lat' dir='ltr'><strong>Apud</strong></span> <span class='ocrx_word' id='word_1_128' title='bbox 2274 678 2647 735; x_wconf 84' lang='lat' dir='ltr'><strong>Alexandriam</strong></span> <span class='ocrx_word' id='word_1_129' title='bbox 2689 674 2867 728; x_wconf 88' lang='lat' dir='ltr'><strong>natale</strong></span> <span class='ocrx_word' id='word_1_130' title='bbox 2904 682 3100 727; x_wconf 68' lang='lat' dir='ltr'><strong>sancta:</strong></span> <span class='ocrx_word' id='word_1_131' title='bbox 3129 670 3370 725; x_wconf 72' lang='lat' dir='ltr'><strong>Cointha:</strong></span> <span class='ocrx_word' id='word_1_132' title='bbox 3400 670 3666 740; x_wconf 82' lang='lat' dir='ltr'><strong>martyris.</strong></span> 
     </span>
    </p>
   </div>
   <div class='ocr_carea' id='block_1_22' title="bbox 2094 760 3671 844">
    <p class='ocr_par' dir='ltr' id='par_1_22' title="bbox 2094 760 3671 844">
     <span class='ocr_line' id='line_1_22' title="bbox 2094 760 3671 844; baseline -0.011 -13"><span class='ocrx_word' id='word_1_133' title='bbox 2094 777 2240 831; x_wconf 88' lang='lat' dir='ltr'><strong>llane</strong></span> <span class='ocrx_word' id='word_1_134' title='bbox 2282 772 2469 844; x_wconf 88' lang='lat' dir='ltr'><strong>pagani</strong></span> <span class='ocrx_word' id='word_1_135' title='bbox 2516 778 2814 835; x_wconf 80' lang='lat' dir='ltr'><strong>correptam</strong></span> <span class='ocrx_word' id='word_1_136' title='bbox 2846 765 2909 818; x_wconf 88' lang='lat' dir='ltr'><strong>ad</strong></span> <span class='ocrx_word' id='word_1_137' title='bbox 2954 765 3093 819; x_wconf 81' lang='lat' dir='ltr'><strong>itlota</strong></span> <span class='ocrx_word' id='word_1_138' title='bbox 3136 763 3513 829; x_wconf 81' lang='lat' dir='ltr'><strong>perducentes,</strong></span> <span class='ocrx_word' id='word_1_139' title='bbox 3543 760 3671 814; x_wconf 64' lang='lat' dir='ltr'><strong>ado«</strong></span> 
     </span>
    </p>
   </div>
   <div class='ocr_carea' id='block_1_23' title="bbox 2093 856 3671 932">
    <p class='ocr_par' dir='ltr' id='par_1_23' title="bbox 2093 856 3671 932">
     <span class='ocr_line' id='line_1_23' title="bbox 2093 856 3671 932; baseline -0.01 -10"><span class='ocrx_word' id='word_1_140' title='bbox 2093 881 2214 922; x_wconf 89' lang='lat' dir='ltr'><strong>rare</strong></span> <span class='ocrx_word' id='word_1_141' title='bbox 2253 864 2534 932; x_wconf 81' lang='lat' dir='ltr'><strong>cogebant.</strong></span> <span class='ocrx_word' id='word_1_142' title='bbox 2591 860 2719 925; x_wconf 78' lang='lat' dir='ltr'><strong>Qua:</strong></span> <span class='ocrx_word' id='word_1_143' title='bbox 2770 872 2889 911; x_wconf 91' lang='lat' dir='ltr'><strong>cum</strong></span> <span class='ocrx_word' id='word_1_144' title='bbox 2944 856 3032 909; x_wconf 88' lang='lat' dir='ltr'><strong>illa</strong></span> <span class='ocrx_word' id='word_1_145' title='bbox 3085 869 3340 910; x_wconf 83' lang='lat' dir='ltr'><strong>execrans</strong></span> <span class='ocrx_word' id='word_1_146' title='bbox 3381 860 3671 917; x_wconf 90' lang='lat' dir='ltr'><strong>recusaret,</strong></span> 
     </span>
    </p>
   </div>
   <div class='ocr_carea' id='block_1_24' title="bbox 2103 945 3675 1019">
    <p class='ocr_par' dir='ltr' id='par_1_24' title="bbox 2103 945 3675 1019">
     <span class='ocr_line' id='line_1_24' title="bbox 2103 945 3675 1019; baseline -0.008 -11"><span class='ocrx_word' id='word_1_147' title='bbox 2103 954 2310 1010; x_wconf 85' lang='lat' dir='ltr'><strong>vincula</strong></span> <span class='ocrx_word' id='word_1_148' title='bbox 2347 953 2571 1019; x_wconf 84' lang='lat' dir='ltr'><strong>pedibus</strong></span> <span class='ocrx_word' id='word_1_149' title='bbox 2599 949 2715 1019; x_wconf 82' lang='lat' dir='ltr'><strong>ejus</strong></span> <span class='ocrx_word' id='word_1_150' title='bbox 2748 948 3096 1008; x_wconf 81' lang='lat' dir='ltr'><strong>innectentes,</strong></span> <span class='ocrx_word' id='word_1_151' title='bbox 3149 957 3195 999; x_wconf 91' lang='lat' dir='ltr'><strong>et</strong></span> <span class='ocrx_word' id='word_1_152' title='bbox 3251 961 3341 1014; x_wconf 87' lang='lat' dir='ltr'><strong>per</strong></span> <span class='ocrx_word' id='word_1_153' title='bbox 3371 945 3563 1011; x_wconf 79' lang='lat' dir='ltr'><strong>plateas</strong></span> <span class='ocrx_word' id='word_1_154' title='bbox 3595 953 3675 998; x_wconf 85' lang='lat' dir='ltr'><strong>to-</strong></span> 
     </span>
    </p>
   </div>
   <div class='ocr_carea' id='block_1_25' title="bbox 2098 1033 3671 1104">
    <p class='ocr_par' dir='ltr' id='par_1_25' title="bbox 2098 1033 3671 1104">
     <span class='ocr_line' id='line_1_25' title="bbox 2098 1033 3671 1104; baseline -0.007 -4"><span class='ocrx_word' id='word_1_155' title='bbox 2098 1045 2201 1100; x_wconf 90' lang='lat' dir='ltr'><strong>tius</strong></span> <span class='ocrx_word' id='word_1_156' title='bbox 2228 1043 2453 1099; x_wconf 86' lang='lat' dir='ltr'><strong>civitatis</strong></span> <span class='ocrx_word' id='word_1_157' title='bbox 2481 1056 2596 1097; x_wconf 86' lang='lat' dir='ltr'><strong>eam</strong></span> <span class='ocrx_word' id='word_1_158' title='bbox 2630 1041 2919 1100; x_wconf 82' lang='lat' dir='ltr'><strong>trahentes,</strong></span> <span class='ocrx_word' id='word_1_159' title='bbox 2975 1035 3244 1091; x_wconf 89' lang='lat' dir='ltr'><strong>horrendo</strong></span> <span class='ocrx_word' id='word_1_160' title='bbox 3273 1035 3530 1104; x_wconf 90' lang='lat' dir='ltr'><strong>supplicio</strong></span> <span class='ocrx_word' id='word_1_161' title='bbox 3558 1033 3671 1089; x_wconf 47' lang='lat' dir='ltr'><strong>dis‘</strong></span> 
     </span>
    </p>
   </div>
   <div class='ocr_carea' id='block_1_26' title="bbox 2098 1127 3247 1203">
    <p class='ocr_par' dir='ltr' id='par_1_26' title="bbox 2098 1127 3247 1203">
     <span class='ocr_line' id='line_1_26' title="bbox 2098 1127 3247 1203; baseline -0.01 -13"><span class='ocrx_word' id='word_1_162' title='bbox 2098 1142 2429 1203; x_wconf 74' lang='lat' dir='ltr'><strong>carpserunt.</strong></span> <span class='ocrx_word' id='word_1_163' title='bbox 2468 1132 2531 1185; x_wconf 87' lang='lat' dir='ltr'><strong>Et</strong></span> <span class='ocrx_word' id='word_1_164' title='bbox 2569 1139 2765 1184; x_wconf 73' lang='lat' dir='ltr'><strong>sanctae</strong></span> <span class='ocrx_word' id='word_1_165' title='bbox 2796 1128 3008 1183; x_wconf 78' lang='lat' dir='ltr'><strong>Helena:</strong></span> <span class='ocrx_word' id='word_1_166' title='bbox 3031 1127 3247 1197; x_wconf 83' lang='lat' dir='ltr'><strong>reginae.</strong></span> 
     </span>
    </p>
   </div>
   <div class='ocr_carea' id='block_1_27' title="bbox 2176 1218 3682 1285">
    <p class='ocr_par' dir='ltr' id='par_1_27' title="bbox 2176 1218 3682 1285">
     <span class='ocr_line' id='line_1_27' title="bbox 2176 1218 3682 1285; baseline -0.006 -4"><span class='ocrx_word' id='word_1_167' title='bbox 2176 1226 2239 1281; x_wconf 87' lang='lat' dir='ltr'><strong>E.</strong></span> <span class='ocrx_word' id='word_1_168' title='bbox 2274 1225 2314 1279; x_wconf 86' lang='lat' dir='ltr'><strong>V</strong></span> <span class='ocrx_word' id='word_1_169' title='bbox 2370 1224 2489 1281; x_wconf 76' lang='lat' dir='ltr'><strong>locs</strong></span> <span class='ocrx_word' id='word_1_170' title='bbox 2531 1222 2693 1277; x_wconf 75' lang='lat' dir='ltr'><strong>FEBR.</strong></span> <span class='ocrx_word' id='word_1_171' title='bbox 2726 1249 2799 1261; x_wconf 93' lang='lat'><strong>-</strong></span> <span class='ocrx_word' id='word_1_172' title='bbox 2828 1220 2883 1273; x_wconf 88' lang='lat' dir='ltr'><strong>In</strong></span> <span class='ocrx_word' id='word_1_173' title='bbox 2926 1218 3245 1274; x_wconf 82' lang='lat' dir='ltr'><strong>Alexandria</strong></span> <span class='ocrx_word' id='word_1_174' title='bbox 3291 1227 3488 1272; x_wconf 74' lang='lat' dir='ltr'><strong>sanctae</strong></span> <span class='ocrx_word' id='word_1_175' title='bbox 3519 1218 3682 1285; x_wconf 78' lang='lat' dir='ltr'><strong>Apol-</strong></span> 
     </span>
    </p>
   </div>
   <div class='ocr_carea' id='block_1_28' title="bbox 2105 1310 3681 1386">
    <p class='ocr_par' dir='ltr' id='par_1_28' title="bbox 2105 1310 3681 1386">
     <span class='ocr_line' id='line_1_28' title="bbox 2105 1310 3681 1386; baseline -0.005 -14"><span class='ocrx_word' id='word_1_176' title='bbox 2105 1317 2261 1372; x_wconf 76' lang='lat' dir='ltr'><strong>lonia:</strong></span> <span class='ocrx_word' id='word_1_177' title='bbox 2295 1315 2536 1386; x_wconf 78' lang='lat' dir='ltr'><strong>virginis,</strong></span> <span class='ocrx_word' id='word_1_178' title='bbox 2566 1314 2648 1367; x_wconf 91' lang='lat' dir='ltr'><strong>cui</strong></span> <span class='ocrx_word' id='word_1_179' title='bbox 2674 1321 3046 1381; x_wconf 89' lang='lat' dir='ltr'><strong>persecutores</strong></span> <span class='ocrx_word' id='word_1_180' title='bbox 3084 1326 3270 1365; x_wconf 91' lang='lat' dir='ltr'><strong>omnes</strong></span> <span class='ocrx_word' id='word_1_181' title='bbox 3294 1312 3517 1379; x_wconf 90' lang='lat' dir='ltr'><strong>primum</strong></span> <span class='ocrx_word' id='word_1_182' title='bbox 3547 1310 3681 1365; x_wconf 85' lang='lat' dir='ltr'><strong>den-</strong></span> 
     </span>
    </p>
   </div>
   <div class='ocr_carea' id='block_1_29' title="bbox 2107 1404 3681 1471">
    <p class='ocr_par' dir='ltr' id='par_1_29' title="bbox 2107 1404 3681 1471">
     <span class='ocr_line' id='line_1_29' title="bbox 2107 1404 3681 1471; baseline -0.006 -6"><span class='ocrx_word' id='word_1_183' title='bbox 2107 1418 2188 1465; x_wconf 89' lang='lat' dir='ltr'><strong>tes</strong></span> <span class='ocrx_word' id='word_1_184' title='bbox 2210 1415 2559 1464; x_wconf 81' lang='lat' dir='ltr'><strong>excusserunt</strong></span> <span class='ocrx_word' id='word_1_185' title='bbox 2584 1423 2597 1469; x_wconf 89' lang='lat'><strong>;</strong></span> <span class='ocrx_word' id='word_1_186' title='bbox 2626 1404 2821 1459; x_wconf 84' lang='lat' dir='ltr'><strong>deinde</strong></span> <span class='ocrx_word' id='word_1_187' title='bbox 2841 1413 3149 1458; x_wconf 89' lang='lat' dir='ltr'><strong>constructo</strong></span> <span class='ocrx_word' id='word_1_188' title='bbox 3166 1414 3228 1458; x_wconf 89' lang='lat' dir='ltr'><strong>ac</strong></span> <span class='ocrx_word' id='word_1_189' title='bbox 3248 1416 3504 1457; x_wconf 86' lang='lat' dir='ltr'><strong>succenso</strong></span> <span class='ocrx_word' id='word_1_190' title='bbox 3531 1417 3681 1471; x_wconf 82' lang='lat' dir='ltr'><strong>rogo,</strong></span> 
     </span>
    </p>
   </div>
   <div class='ocr_carea' id='block_1_30' title="bbox 2106 1490 3685 1553">
    <p class='ocr_par' dir='ltr' id='par_1_30' title="bbox 2106 1490 3685 1553">
     <span class='ocr_line' id='line_1_30' title="bbox 2106 1490 3685 1553; baseline -0.005 -3"><span class='ocrx_word' id='word_1_191' title='bbox 2106 1513 2226 1552; x_wconf 85' lang='lat' dir='ltr'><strong>cum</strong></span> <span class='ocrx_word' id='word_1_192' title='bbox 2257 1498 2711 1552; x_wconf 89' lang='lat' dir='ltr'><strong>comminarentur</strong></span> <span class='ocrx_word' id='word_1_193' title='bbox 2740 1494 2913 1547; x_wconf 87' lang='lat' dir='ltr'><strong>vivam</strong></span> <span class='ocrx_word' id='word_1_194' title='bbox 2952 1507 3012 1546; x_wconf 90' lang='lat' dir='ltr'><strong>se</strong></span> <span class='ocrx_word' id='word_1_195' title='bbox 3051 1506 3168 1546; x_wconf 91' lang='lat' dir='ltr'><strong>eam</strong></span> <span class='ocrx_word' id='word_1_196' title='bbox 3206 1492 3551 1553; x_wconf 88' lang='lat' dir='ltr'><strong>incensuros,</strong></span> <span class='ocrx_word' id='word_1_197' title='bbox 3583 1490 3685 1544; x_wconf 82' lang='lat' dir='ltr'><strong>nisi</strong></span> 
     </span>
    </p>
   </div>
   <div class='ocr_carea' id='block_1_31' title="bbox 2108 1581 3689 1657">
    <p class='ocr_par' dir='ltr' id='par_1_31' title="bbox 2108 1581 3689 1657">
     <span class='ocr_line' id='line_1_31' title="bbox 2108 1581 3689 1657; baseline -0.007 -11"><span class='ocrx_word' id='word_1_198' title='bbox 2108 1605 2228 1647; x_wconf 91' lang='lat' dir='ltr'><strong>cum</strong></span> <span class='ocrx_word' id='word_1_199' title='bbox 2253 1589 2332 1643; x_wconf 87' lang='lat' dir='ltr'><strong>eis</strong></span> <span class='ocrx_word' id='word_1_200' title='bbox 2356 1589 2515 1657; x_wconf 90' lang='lat' dir='ltr'><strong>impia</strong></span> <span class='ocrx_word' id='word_1_201' title='bbox 2546 1586 2704 1640; x_wconf 89' lang='lat' dir='ltr'><strong>verba</strong></span> <span class='ocrx_word' id='word_1_202' title='bbox 2735 1585 3015 1653; x_wconf 88' lang='lat' dir='ltr'><strong>proferret.</strong></span> <span class='ocrx_word' id='word_1_203' title='bbox 3046 1586 3115 1637; x_wconf 91' lang='lat' dir='ltr'><strong>At</strong></span> <span class='ocrx_word' id='word_1_204' title='bbox 3142 1583 3227 1635; x_wconf 89' lang='lat' dir='ltr'><strong>illa</strong></span> <span class='ocrx_word' id='word_1_205' title='bbox 3258 1591 3316 1635; x_wconf 90' lang='lat' dir='ltr'><strong>ut</strong></span> <span class='ocrx_word' id='word_1_206' title='bbox 3347 1597 3531 1650; x_wconf 90' lang='lat' dir='ltr'><strong>rogum</strong></span> <span class='ocrx_word' id='word_1_207' title='bbox 3555 1581 3689 1635; x_wconf 80' lang='lat' dir='ltr'><strong>vidit</strong></span> 
     </span>
    </p>
   </div>
   <div class='ocr_carea' id='block_1_32' title="bbox 2112 1672 3692 1744">
    <p class='ocr_par' dir='ltr' id='par_1_32' title="bbox 2112 1672 3692 1744">
     <span class='ocr_line' id='line_1_32' title="bbox 2112 1672 3692 1744; baseline -0.007 -9"><span class='ocrx_word' id='word_1_208' title='bbox 2112 1696 2229 1736; x_wconf 91' lang='lat' dir='ltr'><strong>esse</strong></span> <span class='ocrx_word' id='word_1_209' title='bbox 2258 1692 2598 1739; x_wconf 85' lang='lat' dir='ltr'><strong>succensum,</strong></span> <span class='ocrx_word' id='word_1_210' title='bbox 2623 1674 2891 1744; x_wconf 85' lang='lat' dir='ltr'><strong>paululum</strong></span> <span class='ocrx_word' id='word_1_211' title='bbox 2916 1674 3040 1741; x_wconf 86' lang='lat' dir='ltr'><strong>quid</strong></span> <span class='ocrx_word' id='word_1_212' title='bbox 3064 1672 3201 1726; x_wconf 87' lang='lat' dir='ltr'><strong>intra</strong></span> <span class='ocrx_word' id='word_1_213' title='bbox 3230 1674 3573 1739; x_wconf 90' lang='lat' dir='ltr'><strong>semetipsam</strong></span> <span class='ocrx_word' id='word_1_214' title='bbox 3597 1673 3692 1725; x_wconf 83' lang='lat' dir='ltr'><strong>de-</strong></span> 
     </span>
    </p>
   </div>
   <div class='ocr_carea' id='block_1_33' title="bbox 2118 1762 3693 1838">
    <p class='ocr_par' dir='ltr' id='par_1_33' title="bbox 2118 1762 3693 1838">
     <span class='ocr_line' id='line_1_33' title="bbox 2118 1762 3693 1838; baseline -0.008 -10"><span class='ocrx_word' id='word_1_215' title='bbox 2118 1774 2373 1838; x_wconf 82' lang='lat' dir='ltr'><strong>liberans,</strong></span> <span class='ocrx_word' id='word_1_216' title='bbox 2410 1782 2628 1838; x_wconf 90' lang='lat' dir='ltr'><strong>repente</strong></span> <span class='ocrx_word' id='word_1_217' title='bbox 2657 1768 2722 1822; x_wconf 90' lang='lat' dir='ltr'><strong>de</strong></span> <span class='ocrx_word' id='word_1_218' title='bbox 2752 1765 2999 1821; x_wconf 90' lang='lat' dir='ltr'><strong>manibus</strong></span> <span class='ocrx_word' id='word_1_219' title='bbox 3031 1764 3316 1833; x_wconf 90' lang='lat' dir='ltr'><strong>impiorum</strong></span> <span class='ocrx_word' id='word_1_220' title='bbox 3350 1762 3609 1831; x_wconf 87' lang='lat' dir='ltr'><strong>prorupit,</strong></span> <span class='ocrx_word' id='word_1_221' title='bbox 3638 1770 3693 1816; x_wconf 88' lang='lat' dir='ltr'><strong>ct</strong></span> 
     </span>
    </p>
   </div>
   <div class='ocr_carea' id='block_1_34' title="bbox 435 1854 3694 1961">
    <p class='ocr_par' dir='ltr' id='par_1_34' title="bbox 435 1854 3694 1961">
     <span class='ocr_line' id='line_1_34' title="bbox 435 1854 3694 1961; baseline -0.008 -27"><span class='ocrx_word' id='word_1_222' title='bbox 435 1899 589 1961; x_wconf 58' lang='lat' dir='ltr'><strong>gusta</strong></span> <span class='ocrx_word' id='word_1_223' title='bbox 632 1886 805 1941; x_wconf 74' lang='lat' dir='ltr'><strong>natale</strong></span> <span class='ocrx_word' id='word_1_224' title='bbox 835 1881 1003 1938; x_wconf 78' lang='lat' dir='ltr'><strong>sancti</strong></span> <span class='ocrx_word' id='word_1_225' title='bbox 1046 1879 1235 1949; x_wconf 82' lang='lat' dir='ltr'><strong>Auguli</strong></span> <span class='ocrx_word' id='word_1_226' title='bbox 1265 1875 1499 1945; x_wconf 82' lang='lat' dir='ltr'><strong>episcOpi</strong></span> <span class='ocrx_word' id='word_1_227' title='bbox 1540 1885 1595 1929; x_wconf 91' lang='lat' dir='ltr'><strong>et</strong></span> <span class='ocrx_word' id='word_1_228' title='bbox 1643 1873 1922 1941; x_wconf 80' lang='lat' dir='ltr'><strong>martyris;</strong></span> <span class='ocrx_word' id='word_1_229' title='bbox 1955 1878 2009 1924; x_wconf 90' lang='lat' dir='ltr'><strong>et</strong></span> <span class='ocrx_word' id='word_1_230' title='bbox 2040 1871 2094 1930; x_wconf 67' lang='grc' dir='ltr'><strong>Β</strong></span> <span class='ocrx_word' id='word_1_231' title='bbox 2115 1866 2164 1919; x_wconf 92' lang='lat' dir='ltr'><strong>in</strong></span> <span class='ocrx_word' id='word_1_232' title='bbox 2195 1866 2368 1933; x_wconf 83' lang='lat' dir='ltr'><strong>ignem</strong></span> <span class='ocrx_word' id='word_1_233' title='bbox 2399 1879 2556 1931; x_wconf 80' lang='lat' dir='ltr'><strong>quem</strong></span> <span class='ocrx_word' id='word_1_234' title='bbox 2588 1867 2934 1961; x_wconf 73' lang='lat' dir='ltr'><strong>paraverant,</strong></span> <span class='ocrx_word' id='word_1_235' title='bbox 2980 1866 3170 1961; x_wconf 73' lang='lat' dir='ltr'><strong>sponte</strong></span> <span class='ocrx_word' id='word_1_236' title='bbox 3189 1854 3497 1961; x_wconf 75' lang='lat' dir='ltr'><strong>prosilivit;</strong></span> <span class='ocrx_word' id='word_1_237' title='bbox 3539 1855 3607 1908; x_wconf 89' lang='lat' dir='ltr'><strong>ita</strong></span> <span class='ocrx_word' id='word_1_238' title='bbox 3638 1866 3694 1961; x_wconf 74' lang='lat' dir='ltr'><strong>ut</strong></span> 
     </span>
    </p>
   </div>
   <div class='ocr_carea' id='block_1_35' title="bbox 441 1964 2012 2047">
    <p class='ocr_par' dir='ltr' id='par_1_35' title="bbox 441 1964 2012 2047">
     <span class='ocr_line' id='line_1_35' title="bbox 441 1964 2012 2047; baseline -0.013 -12"><span class='ocrx_word' id='word_1_239' title='bbox 441 1981 611 2035; x_wconf 84' lang='lat' dir='ltr'><strong>sancti</strong></span> <span class='ocrx_word' id='word_1_240' title='bbox 644 1977 892 2047; x_wconf 70' lang='lat' dir='ltr'><strong>Moysetis</strong></span> <span class='ocrx_word' id='word_1_241' title='bbox 920 1966 1239 2028; x_wconf 82' lang='lat' dir='ltr'><strong>venerabilis</strong></span> <span class='ocrx_word' id='word_1_242' title='bbox 1271 1966 1527 2037; x_wconf 85' lang='lat' dir='ltr'><strong>episcopi,</strong></span> <span class='ocrx_word' id='word_1_243' title='bbox 1569 1966 1657 2035; x_wconf 90' lang='lat' dir='ltr'><strong>qui</strong></span> <span class='ocrx_word' id='word_1_244' title='bbox 1688 1965 1860 2034; x_wconf 91' lang='lat' dir='ltr'><strong>primo</strong></span> <span class='ocrx_word' id='word_1_245' title='bbox 1892 1964 2012 2033; x_wconf 84' lang='lat' dir='ltr'><strong>qui-</strong></span> 
     </span>
    </p>
   </div>
   <div class='ocr_carea' id='block_1_36' title="bbox 436 2056 2018 2147">
    <p class='ocr_par' dir='ltr' id='par_1_36' title="bbox 436 2056 2018 2147">
     <span class='ocr_line' id='line_1_36' title="bbox 436 2056 2018 2147; baseline -0.009 -24"><span class='ocrx_word' id='word_1_246' title='bbox 436 2074 557 2124; x_wconf 82' lang='lat' dir='ltr'><strong>dem</strong></span> <span class='ocrx_word' id='word_1_247' title='bbox 589 2071 638 2123; x_wconf 91' lang='lat' dir='ltr'><strong>in</strong></span> <span class='ocrx_word' id='word_1_248' title='bbox 680 2082 862 2147; x_wconf 41' lang='lat' dir='ltr'><strong>ere‘mo</strong></span> <span class='ocrx_word' id='word_1_249' title='bbox 911 2066 1202 2118; x_wconf 85' lang='lat' dir='ltr'><strong>Solitariam</strong></span> <span class='ocrx_word' id='word_1_250' title='bbox 1250 2062 1409 2115; x_wconf 87' lang='lat' dir='ltr'><strong>vitam</strong></span> <span class='ocrx_word' id='word_1_251' title='bbox 1451 2060 1685 2123; x_wconf 87' lang='lat' dir='ltr'><strong>ducens,</strong></span> <span class='ocrx_word' id='word_1_252' title='bbox 1730 2056 1931 2111; x_wconf 57' lang='lat' dir='ltr'><strong>meritis</strong></span> <span class='ocrx_word' id='word_1_253' title='bbox 1962 2063 2018 2110; x_wconf 90' lang='lat' dir='ltr'><strong>et</strong></span> 
     </span>
    </p>
   </div>
   <div class='ocr_carea' id='block_1_37' title="bbox 440 2147 2015 2224">
    <p class='ocr_par' dir='ltr' id='par_1_37' title="bbox 440 2147 2015 2224">
     <span class='ocr_line' id='line_1_37' title="bbox 440 2147 2015 2224; baseline -0.009 -12"><span class='ocrx_word' id='word_1_254' title='bbox 440 2159 721 2215; x_wconf 80' lang='lat' dir='ltr'><strong>virtutibus</strong></span> <span class='ocrx_word' id='word_1_255' title='bbox 760 2172 823 2211; x_wconf 88' lang='lat' dir='ltr'><strong>ac</strong></span> <span class='ocrx_word' id='word_1_256' title='bbox 869 2156 1036 2224; x_wconf 87' lang='lat' dir='ltr'><strong>signis</strong></span> <span class='ocrx_word' id='word_1_257' title='bbox 1081 2168 1199 2223; x_wconf 60' lang='lat' dir='ltr'><strong>quae</strong></span> <span class='ocrx_word' id='word_1_258' title='bbox 1241 2151 1469 2206; x_wconf 81' lang='lat' dir='ltr'><strong>faciebat</strong></span> <span class='ocrx_word' id='word_1_259' title='bbox 1514 2166 1609 2219; x_wconf 88' lang='lat' dir='ltr'><strong>per</strong></span> <span class='ocrx_word' id='word_1_260' title='bbox 1653 2149 1798 2203; x_wconf 92' lang='lat' dir='ltr'><strong>illum</strong></span> <span class='ocrx_word' id='word_1_261' title='bbox 1852 2147 2015 2208; x_wconf 90' lang='lat' dir='ltr'><strong>Deus,</strong></span> 
     </span>
    </p>
   </div>
   <div class='ocr_carea' id='block_1_38' title="bbox 443 2239 2010 2322">
    <p class='ocr_par' dir='ltr' id='par_1_38' title="bbox 443 2239 2010 2322">
     <span class='ocr_line' id='line_1_38' title="bbox 443 2239 2010 2322; baseline -0.01 -17"><span class='ocrx_word' id='word_1_262' title='bbox 443 2251 721 2322; x_wconf 82' lang='lat' dir='ltr'><strong>magnifice</strong></span> <span class='ocrx_word' id='word_1_263' title='bbox 750 2249 1012 2313; x_wconf 89' lang='lat' dir='ltr'><strong>innotuit,</strong></span> <span class='ocrx_word' id='word_1_264' title='bbox 1054 2246 1143 2318; x_wconf 89' lang='lat' dir='ltr'><strong>qui</strong></span> <span class='ocrx_word' id='word_1_265' title='bbox 1177 2244 1514 2314; x_wconf 91' lang='lat' dir='ltr'><strong>postmodum</strong></span> <span class='ocrx_word' id='word_1_266' title='bbox 1549 2252 1761 2310; x_wconf 89' lang='lat' dir='ltr'><strong>petente</strong></span> <span class='ocrx_word' id='word_1_267' title='bbox 1802 2239 2010 2295; x_wconf 79' lang='lat' dir='ltr'><strong>Manvia</strong></span> 
     </span>
    </p>
   </div>
   <div class='ocr_carea' id='block_1_39' title="bbox 441 2330 2017 2409">
    <p class='ocr_par' dir='ltr' id='par_1_39' title="bbox 441 2330 2017 2409">
     <span class='ocr_line' id='line_1_39' title="bbox 441 2330 2017 2409; baseline -0.011 -11"><span class='ocrx_word' id='word_1_268' title='bbox 441 2345 829 2398; x_wconf 86' lang='lat' dir='ltr'><strong>Saracenorum</strong></span> <span class='ocrx_word' id='word_1_269' title='bbox 862 2340 1042 2409; x_wconf 83' lang='lat' dir='ltr'><strong>regina</strong></span> <span class='ocrx_word' id='word_1_270' title='bbox 1065 2379 1082 2406; x_wconf 90' lang='lat'><strong>,</strong></span> <span class='ocrx_word' id='word_1_271' title='bbox 1122 2338 1404 2405; x_wconf 75' lang='lat' dir='ltr'><strong>episcopus</strong></span> <span class='ocrx_word' id='word_1_272' title='bbox 1434 2333 1605 2404; x_wconf 90' lang='lat' dir='ltr'><strong>gentis</strong></span> <span class='ocrx_word' id='word_1_273' title='bbox 1640 2332 1777 2385; x_wconf 90' lang='lat' dir='ltr'><strong>illius</strong></span> <span class='ocrx_word' id='word_1_274' title='bbox 1810 2330 1977 2383; x_wconf 83' lang='lat' dir='ltr'><strong>factus</strong></span> <span class='ocrx_word' id='word_1_275' title='bbox 2002 2371 2017 2396; x_wconf 87' lang='lat'><strong>,</strong></span> 
     </span>
    </p>
   </div>
   <div class='ocr_carea' id='block_1_40' title="bbox 443 2424 2025 2489">
    <p class='ocr_par' dir='ltr' id='par_1_40' title="bbox 443 2424 2025 2489">
     <span class='ocr_line' id='line_1_40' title="bbox 443 2424 2025 2489; baseline -0.011 0"><span class='ocrx_word' id='word_1_276' title='bbox 443 2436 569 2489; x_wconf 85' lang='lat' dir='ltr'><strong>lidei</strong></span> <span class='ocrx_word' id='word_1_277' title='bbox 609 2433 888 2488; x_wconf 67' lang='lat' dir='ltr'><strong>catholicae</strong></span> <span class='ocrx_word' id='word_1_278' title='bbox 942 2428 1227 2484; x_wconf 89' lang='lat' dir='ltr'><strong>custodivit</strong></span> <span class='ocrx_word' id='word_1_279' title='bbox 1275 2427 1584 2481; x_wconf 86' lang='lat' dir='ltr'><strong>intemerata</strong></span> <span class='ocrx_word' id='word_1_280' title='bbox 1626 2424 1926 2484; x_wconf 89' lang='lat' dir='ltr'><strong>consortia,</strong></span> <span class='ocrx_word' id='word_1_281' title='bbox 1971 2428 2025 2473; x_wconf 89' lang='lat' dir='ltr'><strong>et</strong></span> 
     </span>
    </p>
   </div>
   <div class='ocr_carea' id='block_1_41' title="bbox 442 2513 2025 2593">
    <p class='ocr_par' dir='ltr' id='par_1_41' title="bbox 442 2513 2025 2593">
     <span class='ocr_line' id='line_1_41' title="bbox 442 2513 2025 2593; baseline -0.008 -15"><span class='ocrx_word' id='word_1_282' title='bbox 442 2534 655 2593; x_wconf 79' lang='lat' dir='ltr'><strong>gentem</strong></span> <span class='ocrx_word' id='word_1_283' title='bbox 686 2523 767 2577; x_wconf 91' lang='lat' dir='ltr'><strong>cui</strong></span> <span class='ocrx_word' id='word_1_284' title='bbox 798 2522 953 2577; x_wconf 87' lang='lat' dir='ltr'><strong>datus</strong></span> <span class='ocrx_word' id='word_1_285' title='bbox 991 2519 1166 2574; x_wconf 85' lang='lat' dir='ltr'><strong>fuerat</strong></span> <span class='ocrx_word' id='word_1_286' title='bbox 1196 2517 1478 2587; x_wconf 87' lang='lat' dir='ltr'><strong>episcopus</strong></span> <span class='ocrx_word' id='word_1_287' title='bbox 1499 2559 1513 2581; x_wconf 94' lang='lat'><strong>,</strong></span> <span class='ocrx_word' id='word_1_288' title='bbox 1555 2530 1616 2571; x_wconf 82' lang='lat' dir='ltr'><strong>ex</strong></span> <span class='ocrx_word' id='word_1_289' title='bbox 1659 2513 1843 2583; x_wconf 86' lang='lat' dir='ltr'><strong>grandi</strong></span> <span class='ocrx_word' id='word_1_290' title='bbox 1872 2522 2025 2582; x_wconf 91' lang='lat' dir='ltr'><strong>parte</strong></span> 
     </span>
    </p>
   </div>
   <div class='ocr_carea' id='block_1_42' title="bbox 448 2602 1928 2675">
    <p class='ocr_par' dir='ltr' id='par_1_42' title="bbox 448 2602 1928 2675">
     <span class='ocr_line' id='line_1_42' title="bbox 448 2602 1928 2675; baseline -0.008 -9"><span class='ocrx_word' id='word_1_291' title='bbox 448 2615 517 2667; x_wconf 86' lang='lat' dir='ltr'><strong>ad</strong></span> <span class='ocrx_word' id='word_1_292' title='bbox 548 2614 702 2668; x_wconf 75' lang='lat' dir='ltr'><strong>[idem</strong></span> <span class='ocrx_word' id='word_1_293' title='bbox 735 2611 929 2666; x_wconf 86' lang='lat' dir='ltr'><strong>Christi</strong></span> <span class='ocrx_word' id='word_1_294' title='bbox 958 2610 1236 2672; x_wconf 89' lang='lat' dir='ltr'><strong>convertit,</strong></span> <span class='ocrx_word' id='word_1_295' title='bbox 1264 2606 1445 2675; x_wconf 90' lang='lat' dir='ltr'><strong>sicque</strong></span> <span class='ocrx_word' id='word_1_296' title='bbox 1473 2607 1523 2658; x_wconf 91' lang='lat' dir='ltr'><strong>in</strong></span> <span class='ocrx_word' id='word_1_297' title='bbox 1557 2619 1683 2673; x_wconf 89' lang='lat' dir='ltr'><strong>pace</strong></span> <span class='ocrx_word' id='word_1_298' title='bbox 1708 2602 1928 2672; x_wconf 87' lang='lat' dir='ltr'><strong>quievit.</strong></span> 
     </span>
    </p>
   </div>
   <div class='ocr_carea' id='block_1_43' title="bbox 522 2689 2023 2760">
    <p class='ocr_par' dir='ltr' id='par_1_43' title="bbox 522 2689 2023 2760">
     <span class='ocr_line' id='line_1_43' title="bbox 522 2689 2023 2760; baseline -0.011 -1"><span class='ocrx_word' id='word_1_299' title='bbox 522 2706 585 2760; x_wconf 88' lang='lat' dir='ltr'><strong>D.</strong></span> <span class='ocrx_word' id='word_1_300' title='bbox 634 2703 695 2757; x_wconf 83' lang='lat' dir='ltr'><strong>Vl</strong></span> <span class='ocrx_word' id='word_1_301' title='bbox 752 2702 869 2757; x_wconf 79' lang='lat' dir='ltr'><strong>lous</strong></span> <span class='ocrx_word' id='word_1_302' title='bbox 920 2701 1084 2755; x_wconf 74' lang='lat' dir='ltr'><strong>FEBR.</strong></span> <span class='ocrx_word' id='word_1_303' title='bbox 1120 2729 1185 2739; x_wconf 90' lang='lat'><em>—</em></span> <span class='ocrx_word' id='word_1_304' title='bbox 1218 2699 1400 2752; x_wconf 65' lang='lat' dir='ltr'><strong>Itonia:</strong></span> <span class='ocrx_word' id='word_1_305' title='bbox 1445 2698 1619 2751; x_wconf 83' lang='lat' dir='ltr'><strong>natale</strong></span> <span class='ocrx_word' id='word_1_306' title='bbox 1665 2696 1831 2750; x_wconf 83' lang='lat' dir='ltr'><strong>sancti</strong></span> <span class='ocrx_word' id='word_1_307' title='bbox 1873 2689 2023 2747; x_wconf 85' lang='lat' dir='ltr'><strong>Pauli</strong></span> 
     </span>
    </p>
   </div>
   <div class='ocr_carea' id='block_1_44' title="bbox 2124 1949 3697 2026">
    <p class='ocr_par' dir='ltr' id='par_1_44' title="bbox 2124 1949 3697 2026">
     <span class='ocr_line' id='line_1_44' title="bbox 2124 1949 3697 2026; baseline -0.006 -15"><span class='ocrx_word' id='word_1_308' title='bbox 2124 1965 2551 2026; x_wconf 88' lang='lat' dir='ltr'><strong>perterrerentur</strong></span> <span class='ocrx_word' id='word_1_309' title='bbox 2577 1952 2738 2006; x_wconf 91' lang='lat' dir='ltr'><strong>etiam</strong></span> <span class='ocrx_word' id='word_1_310' title='bbox 2770 1950 2867 2018; x_wconf 92' lang='lat' dir='ltr'><strong>ipsi</strong></span> <span class='ocrx_word' id='word_1_311' title='bbox 2898 1949 3229 2003; x_wconf 84' lang='lat' dir='ltr'><strong>crudelitatis</strong></span> <span class='ocrx_word' id='word_1_312' title='bbox 3259 1958 3521 2012; x_wconf 87' lang='lat' dir='ltr'><strong>auctores,</strong></span> <span class='ocrx_word' id='word_1_313' title='bbox 3554 1949 3697 2010; x_wconf 83' lang='lat' dir='ltr'><strong>quod</strong></span> 
     </span>
    </p>
   </div>
   <div class='ocr_carea' id='block_1_45' title="bbox 2128 2037 3698 2114">
    <p class='ocr_par' dir='ltr' id='par_1_45' title="bbox 2128 2037 3698 2114">
     <span class='ocr_line' id='line_1_45' title="bbox 2128 2037 3698 2114; baseline -0.005 -15"><span class='ocrx_word' id='word_1_314' title='bbox 2128 2044 2424 2114; x_wconf 88' lang='lat' dir='ltr'><strong>promptior</strong></span> <span class='ocrx_word' id='word_1_315' title='bbox 2452 2042 2666 2096; x_wconf 90' lang='lat' dir='ltr'><strong>inventa</strong></span> <span class='ocrx_word' id='word_1_316' title='bbox 2698 2050 2779 2093; x_wconf 90' lang='lat' dir='ltr'><strong>est</strong></span> <span class='ocrx_word' id='word_1_317' title='bbox 2807 2039 2869 2092; x_wconf 85' lang='lat' dir='ltr'><strong>ad</strong></span> <span class='ocrx_word' id='word_1_318' title='bbox 2899 2052 3123 2092; x_wconf 84' lang='lat' dir='ltr'><strong>mortem</strong></span> <span class='ocrx_word' id='word_1_319' title='bbox 3158 2037 3371 2103; x_wconf 70' lang='lat' dir='ltr'><strong>lumina,</strong></span> <span class='ocrx_word' id='word_1_320' title='bbox 3399 2054 3554 2107; x_wconf 90' lang='lat' dir='ltr'><strong>quam</strong></span> <span class='ocrx_word' id='word_1_321' title='bbox 3582 2054 3698 2110; x_wconf 85' lang='lat' dir='ltr'><strong>per-</strong></span> 
     </span>
    </p>
   </div>
   <div class='ocr_carea' id='block_1_46' title="bbox 2120 2129 3696 2201">
    <p class='ocr_par' dir='ltr' id='par_1_46' title="bbox 2120 2129 3696 2201">
     <span class='ocr_line' id='line_1_46' title="bbox 2120 2129 3696 2201; baseline -0.004 -11"><span class='ocrx_word' id='word_1_322' title='bbox 2120 2146 2334 2190; x_wconf 87' lang='lat' dir='ltr'><strong>seeutor</strong></span> <span class='ocrx_word' id='word_1_323' title='bbox 2360 2133 2422 2185; x_wconf 89' lang='lat' dir='ltr'><strong>ad</strong></span> <span class='ocrx_word' id='word_1_324' title='bbox 2452 2148 2682 2201; x_wconf 65' lang='lat' dir='ltr'><strong>pinnam.</strong></span> <span class='ocrx_word' id='word_1_325' title='bbox 2708 2131 2883 2184; x_wconf 84' lang='lat' dir='ltr'><strong>Suevo</strong></span> <span class='ocrx_word' id='word_1_326' title='bbox 2904 2131 3042 2199; x_wconf 89' lang='lat' dir='ltr'><strong>apud</strong></span> <span class='ocrx_word' id='word_1_327' title='bbox 3067 2129 3295 2199; x_wconf 80' lang='lat' dir='ltr'><strong>Cyprum</strong></span> <span class='ocrx_word' id='word_1_328' title='bbox 3328 2129 3501 2184; x_wconf 89' lang='lat' dir='ltr'><strong>natale</strong></span> <span class='ocrx_word' id='word_1_329' title='bbox 3524 2130 3696 2185; x_wconf 82' lang='lat' dir='ltr'><strong>sancti</strong></span> 
     </span>
    </p>
   </div>
   <div class='ocr_carea' id='block_1_47' title="bbox 2125 2219 3702 2287">
    <p class='ocr_par' dir='ltr' id='par_1_47' title="bbox 2125 2219 3702 2287">
     <span class='ocr_line' id='line_1_47' title="bbox 2125 2219 3702 2287; baseline -0.004 -8"><span class='ocrx_word' id='word_1_330' title='bbox 2125 2222 2438 2287; x_wconf 79' lang='lat' dir='ltr'><strong>Alexandri,</strong></span> <span class='ocrx_word' id='word_1_331' title='bbox 2468 2221 2757 2276; x_wconf 88' lang='lat' dir='ltr'><strong>Ammonii.</strong></span> <span class='ocrx_word' id='word_1_332' title='bbox 2787 2220 2914 2274; x_wconf 85' lang='lat' dir='ltr'><strong>Item</strong></span> <span class='ocrx_word' id='word_1_333' title='bbox 2939 2219 3239 2287; x_wconf 90' lang='lat' dir='ltr'><strong>Ammonis,</strong></span> <span class='ocrx_word' id='word_1_334' title='bbox 3270 2227 3327 2274; x_wconf 91' lang='lat' dir='ltr'><strong>et</strong></span> <span class='ocrx_word' id='word_1_335' title='bbox 3354 2219 3576 2274; x_wconf 89' lang='lat' dir='ltr'><strong>aliorum</strong></span> <span class='ocrx_word' id='word_1_336' title='bbox 3609 2220 3702 2273; x_wconf 83' lang='lat' dir='ltr'><strong>tii-</strong></span> 
     </span>
    </p>
   </div>
   <div class='ocr_carea' id='block_1_48' title="bbox 2121 2315 2438 2384">
    <p class='ocr_par' dir='ltr' id='par_1_48' title="bbox 2121 2315 2438 2384">
     <span class='ocr_line' id='line_1_48' title="bbox 2121 2315 2438 2384; baseline -0.013 -15"><span class='ocrx_word' id='word_1_337' title='bbox 2121 2315 2264 2384; x_wconf 86' lang='lat' dir='ltr'><strong>ginta</strong></span> <span class='ocrx_word' id='word_1_338' title='bbox 2295 2323 2438 2367; x_wconf 88' lang='lat' dir='ltr'><strong>octo.</strong></span> 
     </span>
    </p>
   </div>
   <div class='ocr_carea' id='block_1_49' title="bbox 2199 2398 3704 2470">
    <p class='ocr_par' dir='ltr' id='par_1_49' title="bbox 2199 2398 3704 2470">
     <span class='ocr_line' id='line_1_49' title="bbox 2199 2398 3704 2470; baseline -0.003 -12"><span class='ocrx_word' id='word_1_339' title='bbox 2199 2404 2257 2458; x_wconf 68' lang='grc' dir='ltr'><strong>Ρ.</strong></span> <span class='ocrx_word' id='word_1_340' title='bbox 2290 2404 2353 2459; x_wconf 76' lang='grc' dir='ltr'>ιν</span> <span class='ocrx_word' id='word_1_341' title='bbox 2386 2404 2499 2458; x_wconf 82' lang='lat' dir='ltr'><strong>Inus</strong></span> <span class='ocrx_word' id='word_1_342' title='bbox 2527 2400 2688 2455; x_wconf 77' lang='lat' dir='ltr'><strong>Fcnn.</strong></span> <span class='ocrx_word' id='word_1_343' title='bbox 2715 2428 2785 2439; x_wconf 72' lang='grc' dir='ltr'><strong>-ο</strong></span> <span class='ocrx_word' id='word_1_344' title='bbox 2807 2398 2859 2454; x_wconf 84' lang='lat' dir='ltr'><strong>lu</strong></span> <span class='ocrx_word' id='word_1_345' title='bbox 2883 2398 3171 2467; x_wconf 85' lang='lat' dir='ltr'><strong>Campania</strong></span> <span class='ocrx_word' id='word_1_346' title='bbox 3198 2399 3371 2454; x_wconf 90' lang='lat' dir='ltr'><strong>natale</strong></span> <span class='ocrx_word' id='word_1_347' title='bbox 3395 2399 3560 2453; x_wconf 84' lang='lat' dir='ltr'><strong>sancti</strong></span> <span class='ocrx_word' id='word_1_348' title='bbox 3591 2398 3704 2470; x_wconf 87' lang='lat' dir='ltr'><strong>Syl-</strong></span> 
     </span>
    </p>
   </div>
   <div class='ocr_carea' id='block_1_50' title="bbox 2130 2490 3705 2563">
    <p class='ocr_par' dir='ltr' id='par_1_50' title="bbox 2130 2490 3705 2563">
     <span class='ocr_line' id='line_1_50' title="bbox 2130 2490 3705 2563; baseline -0.003 -13"><span class='ocrx_word' id='word_1_349' title='bbox 2130 2497 2270 2551; x_wconf 89' lang='lat' dir='ltr'><strong>viani</strong></span> <span class='ocrx_word' id='word_1_350' title='bbox 2298 2493 2530 2563; x_wconf 87' lang='lat' dir='ltr'><strong>episcopi</strong></span> <span class='ocrx_word' id='word_1_351' title='bbox 2558 2502 2611 2548; x_wconf 90' lang='lat' dir='ltr'><strong>et</strong></span> <span class='ocrx_word' id='word_1_352' title='bbox 2632 2492 2976 2547; x_wconf 72' lang='lat' dir='ltr'><strong>confessmis.</strong></span> <span class='ocrx_word' id='word_1_353' title='bbox 3005 2490 3059 2544; x_wconf 94' lang='lat' dir='ltr'><strong>In</strong></span> <span class='ocrx_word' id='word_1_354' title='bbox 3086 2491 3357 2545; x_wconf 81' lang='lat' dir='ltr'><strong>Bethleem</strong></span> <span class='ocrx_word' id='word_1_355' title='bbox 3381 2491 3593 2546; x_wconf 79' lang='lat' dir='ltr'><strong>civitate</strong></span> <span class='ocrx_word' id='word_1_356' title='bbox 3613 2492 3705 2545; x_wconf 87' lang='lat' dir='ltr'><strong>.lu-</strong></span> 
     </span>
    </p>
   </div>
   <div class='ocr_carea' id='block_1_51' title="bbox 2130 2581 3707 2661">
    <p class='ocr_par' dir='ltr' id='par_1_51' title="bbox 2130 2581 3707 2653">
     <span class='ocr_line' id='line_1_51' title="bbox 2130 2581 3707 2653; baseline -0.005 -11"><span class='ocrx_word' id='word_1_357' title='bbox 2130 2588 2259 2642; x_wconf 56' lang='grc' dir='ltr'><strong>ἀπεῖπε</strong></span> <span class='ocrx_word' id='word_1_358' title='bbox 2281 2629 2295 2653; x_wconf 91' lang='grc'><em>,</em></span> <span class='ocrx_word' id='word_1_359' title='bbox 2329 2586 2428 2638; x_wconf 87' lang='lat' dir='ltr'><strong>sub</strong></span> <span class='ocrx_word' id='word_1_360' title='bbox 2459 2584 2663 2638; x_wconf 90' lang='lat' dir='ltr'><strong>llerode</strong></span> <span class='ocrx_word' id='word_1_361' title='bbox 2705 2597 2829 2650; x_wconf 81' lang='lat' dir='ltr'><strong>rege</strong></span> <span class='ocrx_word' id='word_1_362' title='bbox 2860 2583 3036 2650; x_wconf 89' lang='lat' dir='ltr'><strong>passio</strong></span> <span class='ocrx_word' id='word_1_363' title='bbox 3066 2581 3234 2635; x_wconf 89' lang='lat' dir='ltr'><strong>sancti</strong></span> <span class='ocrx_word' id='word_1_364' title='bbox 3300 2581 3527 2635; x_wconf 71' lang='lat' dir='ltr'><strong>Andrete</strong></span> <span class='ocrx_word' id='word_1_365' title='bbox 3566 2596 3707 2645; x_wconf 82' lang='lat' dir='ltr'><strong>apo-</strong></span> 
     </span>
    </p>
   </div>
   <div class='ocr_carea' id='block_1_52' title="bbox 2132 2670 3706 2741">
    <p class='ocr_par' dir='ltr' id='par_1_52' title="bbox 2132 2670 3706 2741">
     <span class='ocr_line' id='line_1_52' title="bbox 2132 2670 3706 2741; baseline -0.005 -9"><span class='ocrx_word' id='word_1_366' title='bbox 2132 2678 2278 2732; x_wconf 84' lang='lat' dir='ltr'><strong>stoli.</strong></span> <span class='ocrx_word' id='word_1_367' title='bbox 2306 2674 2585 2731; x_wconf 76' lang='lat' dir='ltr'><strong>Sanctonis</strong></span> <span class='ocrx_word' id='word_1_368' title='bbox 2614 2672 2830 2726; x_wconf 81' lang='lat' dir='ltr'><strong>civitate</strong></span> <span class='ocrx_word' id='word_1_369' title='bbox 2859 2672 3119 2740; x_wconf 84' lang='lat' dir='ltr'><strong>depositio</strong></span> <span class='ocrx_word' id='word_1_370' title='bbox 3150 2672 3316 2726; x_wconf 89' lang='lat' dir='ltr'><strong>sancti</strong></span> <span class='ocrx_word' id='word_1_371' title='bbox 3347 2670 3563 2741; x_wconf 74' lang='lat' dir='ltr'><strong>Troiani</strong></span> <span class='ocrx_word' id='word_1_372' title='bbox 3594 2672 3706 2739; x_wconf 86' lang='lat' dir='ltr'><strong>cpi-</strong></span> 
     </span>
    </p>
   </div>
   <div class='ocr_carea' id='block_1_53' title="bbox 1698 2787 2466 2857">
    <p class='ocr_par' dir='ltr' id='par_1_53' title="bbox 1698 2787 2466 2857">
     <span class='ocr_line' id='line_1_53' title="bbox 1698 2787 2466 2857; baseline -0.022 1"><span class='ocrx_word' id='word_1_373' title='bbox 1698 2801 1921 2857; x_wconf 86' lang='lat' dir='ltr'><strong>EDITIO</strong></span> <span class='ocrx_word' id='word_1_374' title='bbox 1964 2787 2466 2853; x_wconf 69' lang='lat' dir='ltr'><strong>BOLLANDIA‘NA.</strong></span> 
     </span>
    </p>
   </div>
   <div class='ocr_carea' id='block_1_54' title="bbox 522 2895 2019 2970">
    <p class='ocr_par' dir='ltr' id='par_1_54' title="bbox 522 2895 2019 2970">
     <span class='ocr_line' id='line_1_54' title="bbox 522 2895 2019 2970; baseline -0.007 -13"><span class='ocrx_word' id='word_1_375' title='bbox 522 2901 741 2960; x_wconf 73' lang='lat' dir='ltr'><strong>7.-—\&#39;ll</strong></span> <span class='ocrx_word' id='word_1_376' title='bbox 778 2902 917 2958; x_wconf 88' lang='lat' dir='ltr'><strong>lous.</strong></span> <span class='ocrx_word' id='word_1_377' title='bbox 948 2900 1232 2956; x_wconf 86' lang='lat' dir='ltr'><strong>Britanniis</strong></span> <span class='ocrx_word' id='word_1_378' title='bbox 1258 2899 1310 2955; x_wconf 92' lang='lat' dir='ltr'><strong>in</strong></span> <span class='ocrx_word' id='word_1_379' title='bbox 1337 2899 1567 2970; x_wconf 86' lang='lat' dir='ltr'><strong>Augusta</strong></span> <span class='ocrx_word' id='word_1_380' title='bbox 1597 2897 1774 2952; x_wconf 88' lang='lat' dir='ltr'><strong>natale</strong></span> <span class='ocrx_word' id='word_1_381' title='bbox 1802 2895 2019 2963; x_wconf 72' lang='lat' dir='ltr'><strong>&#39;Augu-</strong></span> 
     </span>
    </p>
   </div>
   <div class='ocr_carea' id='block_1_55' title="bbox 456 2991 1175 3063">
    <p class='ocr_par' dir='ltr' id='par_1_55' title="bbox 456 2991 1175 3063">
     <span class='ocr_line' id='line_1_55' title="bbox 456 2991 1175 3063; baseline -0.01 -13"><span class='ocrx_word' id='word_1_382' title='bbox 456 2995 525 3050; x_wconf 84' lang='lat' dir='ltr'><strong>sti</strong></span> <span class='ocrx_word' id='word_1_383' title='bbox 556 2991 788 3063; x_wconf 81' lang='lat' dir='ltr'><strong>episcOpi</strong></span> <span class='ocrx_word' id='word_1_384' title='bbox 830 3001 883 3047; x_wconf 92' lang='lat' dir='ltr'><strong>et</strong></span> <span class='ocrx_word' id='word_1_385' title='bbox 908 2991 1175 3062; x_wconf 85' lang='lat' dir='ltr'><strong>martyris.</strong></span> 
     </span>
    </p>
   </div>
   <div class='ocr_carea' id='block_1_56' title="bbox 528 3098 2023 3171">
    <p class='ocr_par' dir='ltr' id='par_1_56' title="bbox 528 3098 2023 3171">
     <span class='ocr_line' id='line_1_56' title="bbox 528 3098 2023 3171; baseline -0.005 -13"><span class='ocrx_word' id='word_1_386' title='bbox 528 3104 739 3158; x_wconf 86' lang='lat' dir='ltr'><strong>Addunt</strong></span> <span class='ocrx_word' id='word_1_387' title='bbox 770 3102 831 3156; x_wconf 78' lang='grc' dir='ltr'><strong>ν.</strong></span> <span class='ocrx_word' id='word_1_388' title='bbox 863 3110 919 3157; x_wconf 93' lang='lat' dir='ltr'><strong>et</strong></span> <span class='ocrx_word' id='word_1_389' title='bbox 944 3102 1030 3166; x_wconf 90' lang='lat' dir='ltr'><strong>C.,</strong></span> <span class='ocrx_word' id='word_1_390' title='bbox 1072 3101 1385 3171; x_wconf 87' lang='lat' dir='ltr'><strong>interposito</strong></span> <span class='ocrx_word' id='word_1_391' title='bbox 1411 3108 1692 3161; x_wconf 85' lang='lat' dir='ltr'><strong>commate,</strong></span> <span class='ocrx_word' id='word_1_392' title='bbox 1725 3098 1791 3151; x_wconf 90' lang='lat' dir='ltr'><strong>Et</strong></span> <span class='ocrx_word' id='word_1_393' title='bbox 1820 3106 2023 3166; x_wconf 85' lang='lat' dir='ltr'><strong>marty-</strong></span> 
     </span>
    </p>
   </div>
   <div class='ocr_carea' id='block_1_57' title="bbox 457 3170 2103 3268">
    <p class='ocr_par' dir='ltr' id='par_1_57' title="bbox 457 3170 2103 3268">
     <span class='ocr_line' id='line_1_57' title="bbox 457 3170 2103 3268; baseline -0.003 -42"><span class='ocrx_word' id='word_1_394' title='bbox 457 3176 531 3268; x_wconf 66' lang='lat' dir='ltr'><strong>ris</strong></span> <span class='ocrx_word' id='word_1_395' title='bbox 583 3173 829 3257; x_wconf 76' lang='lat' dir='ltr'><strong>Anatolii.</strong></span> <span class='ocrx_word' id='word_1_396' title='bbox 863 3172 929 3226; x_wconf 90' lang='lat' dir='ltr'><strong>A.</strong></span> <span class='ocrx_word' id='word_1_397' title='bbox 950 3172 1013 3227; x_wconf 89' lang='lat' dir='ltr'><strong>T.</strong></span> <span class='ocrx_word' id='word_1_398' title='bbox 1047 3173 1133 3238; x_wconf 87' lang='lat' dir='ltr'><strong>L.,</strong></span> <span class='ocrx_word' id='word_1_399' title='bbox 1162 3174 1224 3226; x_wconf 84' lang='lat' dir='ltr'><strong>Et</strong></span> <span class='ocrx_word' id='word_1_400' title='bbox 1250 3180 1554 3226; x_wconf 86' lang='lat' dir='ltr'><strong>sanctorum</strong></span> <span class='ocrx_word' id='word_1_401' title='bbox 1584 3170 1801 3224; x_wconf 87' lang='lat' dir='ltr'><strong>Statiani</strong></span> <span class='ocrx_word' id='word_1_402' title='bbox 1850 3178 1903 3221; x_wconf 90' lang='lat' dir='ltr'><strong>et</strong></span> <span class='ocrx_word' id='word_1_403' title='bbox 1930 3172 2023 3222; x_wconf 84' lang='lat' dir='ltr'><strong>Sa-</strong></span> <span class='ocrx_word' id='word_1_404' title='bbox 2058 3205 2103 3268; x_wconf 62' lang='grc' dir='ltr'><strong>Β</strong></span> 
     </span>
    </p>
   </div>
   <div class='ocr_carea' id='block_1_58' title="bbox 456 3246 677 3300">
    <p class='ocr_par' dir='ltr' id='par_1_58' title="bbox 456 3246 677 3300">
     <span class='ocr_line' id='line_1_58' title="bbox 456 3246 677 3300; baseline 0.005 -3"><span class='ocrx_word' id='word_1_405' title='bbox 456 3246 677 3300; x_wconf 81' lang='lat' dir='ltr'><strong>tornini.</strong></span> 
     </span>
    </p>
   </div>
   <div class='ocr_carea' id='block_1_59' title="bbox 529 3349 1344 3409">
    <p class='ocr_par' dir='ltr' id='par_1_59' title="bbox 529 3349 1344 3409">
     <span class='ocr_line' id='line_1_59' title="bbox 529 3349 1344 3409; baseline -0.009 0"><span class='ocrx_word' id='word_1_406' title='bbox 529 3354 584 3409; x_wconf 92' lang='lat'><strong>8.</strong></span> <span class='ocrx_word' id='word_1_407' title='bbox 608 3383 675 3394; x_wconf 91' lang='lat'><strong>-</strong></span> <span class='ocrx_word' id='word_1_408' title='bbox 698 3352 762 3408; x_wconf 88' lang='lat' dir='ltr'><strong>Vl</strong></span> <span class='ocrx_word' id='word_1_409' title='bbox 810 3354 947 3407; x_wconf 53' lang='lat' dir='ltr'><strong>lotis.</strong></span> <span class='ocrx_word' id='word_1_410' title='bbox 981 3351 1140 3406; x_wconf 80' lang='lat' dir='ltr'><strong>Vacat</strong></span> <span class='ocrx_word' id='word_1_411' title='bbox 1170 3349 1344 3405; x_wconf 60' lang='lat' dir='ltr'><strong>Baeda.</strong></span> 
     </span>
    </p>
   </div>
   <div class='ocr_carea' id='block_1_60' title="bbox 536 3466 2026 3540">
    <p class='ocr_par' dir='ltr' id='par_1_60' title="bbox 536 3466 2026 3540">
     <span class='ocr_line' id='line_1_60' title="bbox 536 3466 2026 3540; baseline -0.002 -18"><span class='ocrx_word' id='word_1_412' title='bbox 536 3467 673 3540; x_wconf 76' lang='lat' dir='ltr'><strong>D.,_b</strong></span> <span class='ocrx_word' id='word_1_413' title='bbox 696 3468 1262 3540; x_wconf 65' lang='lat' dir='ltr'><strong>Dionysii,.A§miliani,</strong></span> <span class='ocrx_word' id='word_1_414' title='bbox 1290 3476 1343 3540; x_wconf 71' lang='lat' dir='ltr'><strong>et</strong></span> <span class='ocrx_word' id='word_1_415' title='bbox 1366 3466 2026 3540; x_wconf 33' lang='lat' dir='ltr'><strong>SebastianitAlexandria</strong></span> 
     </span>
    </p>
   </div>
   <div class='ocr_carea' id='block_1_61' title="bbox 460 3536 2029 3609">
    <p class='ocr_par' dir='ltr' id='par_1_61' title="bbox 460 3536 2029 3609">
     <span class='ocr_line' id='line_1_61' title="bbox 460 3536 2029 3609; baseline -0.001 -17"><span class='ocrx_word' id='word_1_416' title='bbox 460 3539 586 3609; x_wconf 75' lang='lat' dir='ltr'><strong>S._°</strong></span> <span class='ocrx_word' id='word_1_417' title='bbox 615 3536 845 3609; x_wconf 61' lang='lat' dir='ltr'><strong>Coyntm&#39;</strong></span> <span class='ocrx_word' id='word_1_418' title='bbox 890 3539 1152 3609; x_wconf 81' lang='lat' dir='ltr'><strong>martyris.</strong></span> <span class='ocrx_word' id='word_1_419' title='bbox 1191 3538 1251 3590; x_wconf 77' lang='grc' dir='ltr'><strong>ν.</strong></span> <span class='ocrx_word' id='word_1_420' title='bbox 1299 3538 1382 3600; x_wconf 70' lang='lat'><strong>(3.,</strong></span> <span class='ocrx_word' id='word_1_421' title='bbox 1436 3537 1645 3609; x_wconf 62' lang='lat' dir='ltr'><strong>Natile</strong></span> <span class='ocrx_word' id='word_1_422' title='bbox 1671 3536 1776 3609; x_wconf 57' lang='lat' dir='ltr'><strong>Sf</strong></span> <span class='ocrx_word' id='word_1_423' title='bbox 1813 3538 2029 3609; x_wconf 67' lang='lat' dir='ltr'><strong>lnyentii</strong></span> 
     </span>
    </p>
   </div>
   <div class='ocr_carea' id='block_1_62' title="bbox 516 3605 2029 3677">
    <p class='ocr_par' dir='ltr' id='par_1_62' title="bbox 516 3605 2029 3677">
     <span class='ocr_line' id='line_1_62' title="bbox 516 3605 2029 3677; baseline -0.001 -16"><span class='ocrx_word' id='word_1_424' title='bbox 516 3607 600 3675; x_wconf 74' lang='lat'><strong>(3.,</strong></span> <span class='ocrx_word' id='word_1_425' title='bbox 631 3605 917 3677; x_wconf 70' lang='lat' dir='ltr'><strong>venantii]</strong></span> <span class='ocrx_word' id='word_1_426' title='bbox 970 3605 1202 3673; x_wconf 67' lang='lat' dir='ltr'><strong>episcopi</strong></span> <span class='ocrx_word' id='word_1_427' title='bbox 1260 3616 1313 3659; x_wconf 90' lang='lat' dir='ltr'><strong>et</strong></span> <span class='ocrx_word' id='word_1_428' title='bbox 1358 3607 1698 3659; x_wconf 67' lang='lat' dir='ltr'><strong>confessoris.</strong></span> <span class='ocrx_word' id='word_1_429' title='bbox 1737 3606 1799 3659; x_wconf 85' lang='lat' dir='ltr'><strong>V.</strong></span> <span class='ocrx_word' id='word_1_430' title='bbox 1852 3605 1912 3660; x_wconf 87' lang='lat' dir='ltr'><strong>C.</strong></span> <span class='ocrx_word' id='word_1_431' title='bbox 1966 3613 2029 3659; x_wconf 88' lang='lat' dir='ltr'><strong>A.</strong></span> 
     </span>
    </p>
   </div>
   <div class='ocr_carea' id='block_1_63' title="bbox 515 3676 2031 3745">
    <p class='ocr_par' dir='ltr' id='par_1_63' title="bbox 515 3676 2031 3745">
     <span class='ocr_line' id='line_1_63' title="bbox 515 3676 2031 3745; baseline 0.001 -15"><span class='ocrx_word' id='word_1_432' title='bbox 515 3716 529 3730; x_wconf 95' lang='lat'><strong>.</strong></span> <span class='ocrx_word' id='word_1_433' title='bbox 581 3679 665 3743; x_wconf 82' lang='lat' dir='ltr'><strong>L.,</strong></span> <span class='ocrx_word' id='word_1_434' title='bbox 721 3676 915 3731; x_wconf 51' lang='lat' dir='ltr'><strong>Roma!</strong></span> <span class='ocrx_word' id='word_1_435' title='bbox 949 3678 1208 3745; x_wconf 71' lang='lat' dir='ltr'><strong>depositio</strong></span> <span class='ocrx_word' id='word_1_436' title='bbox 1256 3678 1311 3729; x_wconf 89' lang='lat' dir='ltr'><strong>S.</strong></span> <span class='ocrx_word' id='word_1_437' title='bbox 1367 3677 1509 3728; x_wconf 75' lang='lat' dir='ltr'><strong>l’auli</strong></span> <span class='ocrx_word' id='word_1_438' title='bbox 1558 3680 1808 3742; x_wconf 72' lang='lat' dir='ltr'><strong>episcopi.</strong></span> <span class='ocrx_word' id='word_1_439' title='bbox 1866 3676 2031 3731; x_wconf 82' lang='lat' dir='ltr'><strong>Lucii.</strong></span> 
     </span>
    </p>
   </div>
   <div class='ocr_carea' id='block_1_64' title="bbox 464 3746 2033 3815">
    <p class='ocr_par' dir='ltr' id='par_1_64' title="bbox 464 3746 2033 3815">
     <span class='ocr_line' id='line_1_64' title="bbox 464 3746 2033 3815; baseline -0.001 -16"><span class='ocrx_word' id='word_1_440' title='bbox 464 3748 551 3815; x_wconf 63' lang='lat'><strong>1).,</strong></span> <span class='ocrx_word' id='word_1_441' title='bbox 586 3749 648 3802; x_wconf 80' lang='lat' dir='ltr'><strong>Et</strong></span> <span class='ocrx_word' id='word_1_442' title='bbox 677 3749 824 3814; x_wconf 80' lang='lat' dir='ltr'><strong>alibi,</strong></span> <span class='ocrx_word' id='word_1_443' title='bbox 866 3747 991 3801; x_wconf 83' lang='lat' dir='ltr'><strong>Luci</strong></span> <span class='ocrx_word' id='word_1_444' title='bbox 1039 3759 1091 3801; x_wconf 91' lang='lat' dir='ltr'><strong>et</strong></span> <span class='ocrx_word' id='word_1_445' title='bbox 1135 3747 1391 3815; x_wconf 78' lang='lat' dir='ltr'><strong>depositio</strong></span> <span class='ocrx_word' id='word_1_446' title='bbox 1445 3746 1685 3800; x_wconf 71' lang='lat' dir='ltr'><strong>Tltouizn.</strong></span> <span class='ocrx_word' id='word_1_447' title='bbox 1719 3749 1782 3800; x_wconf 74' lang='grc' dir='ltr'><strong>Α.</strong></span> <span class='ocrx_word' id='word_1_448' title='bbox 1832 3748 1893 3800; x_wconf 85' lang='grc' dir='ltr'><strong>Τ.</strong></span> <span class='ocrx_word' id='word_1_449' title='bbox 1946 3746 2033 3809; x_wconf 71' lang='grc' dir='ltr'><strong>ι..</strong></span> 
     </span>
    </p>
   </div>
   <div class='ocr_carea' id='block_1_65' title="bbox 2136 2878 3708 2951">
    <p class='ocr_par' dir='ltr' id='par_1_65' title="bbox 2136 2878 3708 2951">
     <span class='ocr_line' id='line_1_65' title="bbox 2136 2878 3708 2951; baseline -0.001 -12"><span class='ocrx_word' id='word_1_450' title='bbox 2136 2885 2201 2938; x_wconf 85' lang='lat' dir='ltr'><strong>Et</strong></span> <span class='ocrx_word' id='word_1_451' title='bbox 2224 2882 2346 2938; x_wconf 83' lang='lat' dir='ltr'><strong>Julii</strong></span> <span class='ocrx_word' id='word_1_452' title='bbox 2377 2895 2548 2951; x_wconf 65' lang='lat' dir='ltr'><strong>papae.</strong></span> <span class='ocrx_word' id='word_1_453' title='bbox 2572 2880 2625 2934; x_wconf 93' lang='lat' dir='ltr'><strong>In</strong></span> <span class='ocrx_word' id='word_1_454' title='bbox 2648 2879 2895 2934; x_wconf 89' lang='lat' dir='ltr'><strong>Armenia</strong></span> <span class='ocrx_word' id='word_1_455' title='bbox 2926 2880 3025 2935; x_wconf 89' lang='lat' dir='ltr'><strong>SS.</strong></span> <span class='ocrx_word' id='word_1_456' title='bbox 3054 2879 3287 2949; x_wconf 84' lang='lat' dir='ltr'><strong>Dionysii</strong></span> <span class='ocrx_word' id='word_1_457' title='bbox 3315 2888 3368 2935; x_wconf 91' lang='lat' dir='ltr'><strong>et</strong></span> <span class='ocrx_word' id='word_1_458' title='bbox 3390 2878 3708 2937; x_wconf 87' lang='lat' dir='ltr'><strong>Sebastiani.</strong></span> 
     </span>
    </p>
   </div>
   <div class='ocr_carea' id='block_1_66' title="bbox 2203 2993 2985 3051">
    <p class='ocr_par' dir='ltr' id='par_1_66' title="bbox 2203 2993 2985 3051">
     <span class='ocr_line' id='line_1_66' title="bbox 2203 2993 2985 3051; baseline -0.003 0"><span class='ocrx_word' id='word_1_459' title='bbox 2203 2996 2256 3051; x_wconf 90' lang='lat'><strong>9.</strong></span> <span class='ocrx_word' id='word_1_460' title='bbox 2280 3025 2349 3036; x_wconf 93' lang='lat'><strong><em>—</em></strong></span> <span class='ocrx_word' id='word_1_461' title='bbox 2374 2994 2410 3048; x_wconf 84' lang='lat' dir='ltr'><strong>V</strong></span> <span class='ocrx_word' id='word_1_462' title='bbox 2442 2994 2579 3048; x_wconf 83' lang='lat' dir='ltr'><strong>lous.</strong></span> <span class='ocrx_word' id='word_1_463' title='bbox 2613 2993 2779 3048; x_wconf 84' lang='lat' dir='ltr'><strong>Vacat</strong></span> <span class='ocrx_word' id='word_1_464' title='bbox 2810 2994 2985 3049; x_wconf 68' lang='lat' dir='ltr'><strong>Baeda.</strong></span> 
     </span>
    </p>
   </div>
   <div class='ocr_carea' id='block_1_67' title="bbox 2206 3105 3714 3175">
    <p class='ocr_par' dir='ltr' id='par_1_67' title="bbox 2206 3105 3714 3175">
     <span class='ocr_line' id='line_1_67' title="bbox 2206 3105 3714 3175; baseline 0.002 -15"><span class='ocrx_word' id='word_1_465' title='bbox 2206 3106 2293 3170; x_wconf 89' lang='lat' dir='ltr'><strong>D.,</strong></span> <span class='ocrx_word' id='word_1_466' title='bbox 2312 3105 2643 3175; x_wconf 67' lang='lat' dir='ltr'><strong>Alexandria:</strong></span> <span class='ocrx_word' id='word_1_467' title='bbox 2662 3105 2719 3175; x_wconf 10' lang='lat' dir='ltr'><strong>Si.</strong></span> <span class='ocrx_word' id='word_1_468' title='bbox 2740 3115 2763 3141; x_wconf 72' lang='grc' dir='ltr'>θ</span> <span class='ocrx_word' id='word_1_469' title='bbox 2777 3105 3068 3175; x_wconf 78' lang='lat' dir='ltr'><strong>Apollonia:</strong></span> <span class='ocrx_word' id='word_1_470' title='bbox 3088 3106 3323 3173; x_wconf 84' lang='lat' dir='ltr'><strong>virginis.</strong></span> <span class='ocrx_word' id='word_1_471' title='bbox 3342 3107 3405 3162; x_wconf 86' lang='lat' dir='ltr'><strong>V.</strong></span> <span class='ocrx_word' id='word_1_472' title='bbox 3430 3106 3518 3175; x_wconf 88' lang='lat' dir='ltr'><strong>C.,</strong></span> <span class='ocrx_word' id='word_1_473' title='bbox 3532 3109 3714 3163; x_wconf 63' lang='lat' dir='ltr'><strong>Natale</strong></span> 
     </span>
    </p>
   </div>
   <div class='ocr_carea' id='block_1_68' title="bbox 2136 3173 3711 3245">
    <p class='ocr_par' dir='ltr' id='par_1_68' title="bbox 2136 3173 3711 3245">
     <span class='ocr_line' id='line_1_68' title="bbox 2136 3173 3711 3245; baseline 0.002 -15"><span class='ocrx_word' id='word_1_474' title='bbox 2136 3176 2469 3230; x_wconf 72' lang='lat' dir='ltr'><strong>AleXandrite</strong></span> <span class='ocrx_word' id='word_1_475' title='bbox 2501 3173 2608 3245; x_wconf 58' lang='grc' dir='ltr'><strong>[(ξη</strong></span> <span class='ocrx_word' id='word_1_476' title='bbox 2643 3174 2950 3245; x_wconf 75' lang='lat' dir='ltr'><strong>Alexandri]</strong></span> <span class='ocrx_word' id='word_1_477' title='bbox 2981 3187 3031 3229; x_wconf 90' lang='lat' dir='ltr'><strong>et</strong></span> <span class='ocrx_word' id='word_1_478' title='bbox 3063 3177 3287 3229; x_wconf 89' lang='lat' dir='ltr'><strong>aliorum</strong></span> <span class='ocrx_word' id='word_1_479' title='bbox 3323 3173 3534 3241; x_wconf 73' lang='lat' dir='ltr'><strong>triginta</strong></span> <span class='ocrx_word' id='word_1_480' title='bbox 3567 3191 3711 3233; x_wconf 84' lang='lat' dir='ltr'><strong>octo.</strong></span> 
     </span>
    </p>
   </div>
   <div class='ocr_carea' id='block_1_69' title="bbox 2140 3242 3714 3317">
    <p class='ocr_par' dir='ltr' id='par_1_69' title="bbox 2140 3242 3714 3317">
     <span class='ocr_line' id='line_1_69' title="bbox 2140 3242 3714 3317; baseline 0.003 -18"><span class='ocrx_word' id='word_1_481' title='bbox 2140 3246 2225 3310; x_wconf 85' lang='lat' dir='ltr'><strong>V.,</strong></span> <span class='ocrx_word' id='word_1_482' title='bbox 2250 3242 2519 3317; x_wconf 65' lang='lat' dir='ltr'><strong>Deposititi</strong></span> <span class='ocrx_word' id='word_1_483' title='bbox 2537 3243 2812 3317; x_wconf 34' lang='lat' dir='ltr'><strong>tdiutinae.</strong></span> <span class='ocrx_word' id='word_1_484' title='bbox 2838 3242 2900 3295; x_wconf 77' lang='grc' dir='ltr'><strong>Α.</strong></span> <span class='ocrx_word' id='word_1_485' title='bbox 2918 3242 2987 3317; x_wconf 78' lang='grc' dir='ltr'><strong>Τ.</strong></span> <span class='ocrx_word' id='word_1_486' title='bbox 3016 3245 3299 3317; x_wconf 54' lang='grc' dir='ltr'>[ιηβιιθιιο</span> <span class='ocrx_word' id='word_1_487' title='bbox 3318 3247 3455 3314; x_wconf 90' lang='lat' dir='ltr'><strong>apud</strong></span> <span class='ocrx_word' id='word_1_488' title='bbox 3482 3250 3714 3317; x_wconf 86' lang='lat' dir='ltr'><strong>Cyprum</strong></span> 
     </span>
    </p>
   </div>
   <div class='ocr_carea' id='block_1_70' title="bbox 2136 3314 3715 3384">
    <p class='ocr_par' dir='ltr' id='par_1_70' title="bbox 2136 3314 3715 3384">
     <span class='ocr_line' id='line_1_70' title="bbox 2136 3314 3715 3384; baseline 0.001 -15"><span class='ocrx_word' id='word_1_489' title='bbox 2136 3315 2311 3369; x_wconf 81' lang='lat' dir='ltr'><strong>natale</strong></span> <span class='ocrx_word' id='word_1_490' title='bbox 2341 3314 2647 3377; x_wconf 82' lang='lat' dir='ltr'><strong>Alexandri,</strong></span> <span class='ocrx_word' id='word_1_491' title='bbox 2684 3314 2957 3367; x_wconf 80' lang='lat' dir='ltr'><strong>Ammonis</strong></span> <span class='ocrx_word' id='word_1_492' title='bbox 3004 3325 3057 3368; x_wconf 90' lang='lat' dir='ltr'><strong>et</strong></span> <span class='ocrx_word' id='word_1_493' title='bbox 3107 3316 3335 3384; x_wconf 84' lang='lat' dir='ltr'><strong>Didymi.</strong></span> <span class='ocrx_word' id='word_1_494' title='bbox 3370 3317 3455 3379; x_wconf 75' lang='lat' dir='ltr'><strong>l..,</strong></span> <span class='ocrx_word' id='word_1_495' title='bbox 3489 3314 3543 3371; x_wconf 77' lang='lat' dir='ltr'><strong>lii</strong></span> <span class='ocrx_word' id='word_1_496' title='bbox 3576 3317 3715 3370; x_wconf 79' lang='lat' dir='ltr'><strong>Fon-</strong></span> 
     </span>
    </p>
   </div>
   <div class='ocr_carea' id='block_1_71' title="bbox 2137 3384 3717 3451">
    <p class='ocr_par' dir='ltr' id='par_1_71' title="bbox 2137 3384 3717 3451">
     <span class='ocr_line' id='line_1_71' title="bbox 2137 3384 3717 3451; baseline -0.001 -12"><span class='ocrx_word' id='word_1_497' title='bbox 2137 3385 2342 3439; x_wconf 71' lang='lat' dir='ltr'><strong>tanellte</strong></span> <span class='ocrx_word' id='word_1_498' title='bbox 2374 3384 2696 3436; x_wconf 89' lang='lat' dir='ltr'><strong>monasterio</strong></span> <span class='ocrx_word' id='word_1_499' title='bbox 2725 3384 2984 3448; x_wconf 72' lang='lat' dir='ltr'><strong>depositio</strong></span> <span class='ocrx_word' id='word_1_500' title='bbox 3021 3387 3074 3435; x_wconf 65' lang='grc' dir='ltr'><strong>ὃ,</strong></span> <span class='ocrx_word' id='word_1_501' title='bbox 3105 3392 3129 3429; x_wconf 80' lang='lat' dir='ltr'><strong>s</strong></span> <span class='ocrx_word' id='word_1_502' title='bbox 3154 3385 3398 3437; x_wconf 89' lang='lat' dir='ltr'><strong>Ansberti</strong></span> <span class='ocrx_word' id='word_1_503' title='bbox 3449 3388 3717 3451; x_wconf 67' lang='lat' dir='ltr'><strong>archiepi-</strong></span> 
     </span>
    </p>
   </div>
   <div class='ocr_carea' id='block_1_72' title="bbox 2137 3452 3718 3521">
    <p class='ocr_par' dir='ltr' id='par_1_72' title="bbox 2137 3452 3718 3521">
     <span class='ocr_line' id='line_1_72' title="bbox 2137 3452 3718 3521; baseline 0 -12"><span class='ocrx_word' id='word_1_504' title='bbox 2137 3457 2281 3521; x_wconf 86' lang='lat' dir='ltr'><strong>scopi</strong></span> <span class='ocrx_word' id='word_1_505' title='bbox 2307 3453 2765 3519; x_wconf 78' lang='lat' dir='ltr'><strong>Rothomagensis.</strong></span> <span class='ocrx_word' id='word_1_506' title='bbox 2783 3452 2868 3515; x_wconf 70' lang='lat'><strong>(1.,</strong></span> <span class='ocrx_word' id='word_1_507' title='bbox 2895 3452 3192 3507; x_wconf 81' lang='lat' dir='ltr'><strong>Eodem&#39;die</strong></span> <span class='ocrx_word' id='word_1_508' title='bbox 3209 3455 3486 3510; x_wconf 60' lang='lat' dir='ltr'><strong>tellilicatio</strong></span> <span class='ocrx_word' id='word_1_509' title='bbox 3503 3456 3599 3511; x_wconf 77' lang='lat' dir='ltr'><strong>B.h</strong></span> <span class='ocrx_word' id='word_1_510' title='bbox 3617 3458 3718 3510; x_wconf 81' lang='lat' dir='ltr'><strong>Be-</strong></span> 
     </span>
    </p>
   </div>
   <div class='ocr_carea' id='block_1_73' title="bbox 2138 3522 3260 3593">
    <p class='ocr_par' dir='ltr' id='par_1_73' title="bbox 2138 3522 3260 3593">
     <span class='ocr_line' id='line_1_73' title="bbox 2138 3522 3260 3593; baseline -0.004 -14"><span class='ocrx_word' id='word_1_511' title='bbox 2138 3525 2331 3579; x_wconf 88' lang='lat' dir='ltr'><strong>nedicti</strong></span> <span class='ocrx_word' id='word_1_512' title='bbox 2363 3523 2587 3587; x_wconf 85' lang='lat' dir='ltr'><strong>abbatis,</strong></span> <span class='ocrx_word' id='word_1_513' title='bbox 2616 3534 2667 3576; x_wconf 91' lang='lat' dir='ltr'><strong>et</strong></span> <span class='ocrx_word' id='word_1_514' title='bbox 2697 3522 2755 3576; x_wconf 84' lang='lat' dir='ltr'><strong>S.</strong></span> <span class='ocrx_word' id='word_1_515' title='bbox 2790 3522 2801 3557; x_wconf 79' lang='grc' dir='ltr'><strong>ί</strong></span> <span class='ocrx_word' id='word_1_516' title='bbox 2840 3525 2993 3578; x_wconf 76' lang='lat' dir='ltr'><strong>Sena:</strong></span> <span class='ocrx_word' id='word_1_517' title='bbox 3026 3524 3260 3593; x_wconf 83' lang='lat' dir='ltr'><strong>virginis.</strong></span> 
     </span>
    </p>
   </div>
   <div class='ocr_carea' id='block_1_74' title="bbox 2212 3652 3716 3729">
    <p class='ocr_par' dir='ltr' id='par_1_74' title="bbox 2212 3652 3716 3729">
     <span class='ocr_line' id='line_1_74' title="bbox 2212 3652 3716 3729; baseline 0.001 -19"><span class='ocrx_word' id='word_1_518' title='bbox 2212 3655 2299 3710; x_wconf 72' lang='lat'><strong>10.</strong></span> <span class='ocrx_word' id='word_1_519' title='bbox 2325 3655 2481 3711; x_wconf 74' lang='grc' dir='ltr'><strong>-ιγ</strong></span> <span class='ocrx_word' id='word_1_520' title='bbox 2512 3653 2650 3709; x_wconf 80' lang='lat' dir='ltr'><strong>lous.</strong></span> <span class='ocrx_word' id='word_1_521' title='bbox 2701 3652 2882 3709; x_wconf 78' lang='lat' dir='ltr'><strong>Roma:</strong></span> <span class='ocrx_word' id='word_1_522' title='bbox 2911 3654 3010 3712; x_wconf 87' lang='lat' dir='ltr'><strong>SS.</strong></span> <span class='ocrx_word' id='word_1_523' title='bbox 3049 3657 3062 3705; x_wconf 87' lang='lat' dir='ltr'><strong>l</strong></span> <span class='ocrx_word' id='word_1_524' title='bbox 3096 3654 3287 3722; x_wconf 88' lang='lat' dir='ltr'><strong>Zotici,</strong></span> <span class='ocrx_word' id='word_1_525' title='bbox 3320 3655 3529 3725; x_wconf 79' lang='lat' dir='ltr'><strong>lrentei,</strong></span> <span class='ocrx_word' id='word_1_526' title='bbox 3572 3657 3716 3729; x_wconf 72' lang='lat' dir='ltr'><strong>[lya-</strong></span> 
     </span>
    </p>
   </div>
   <div class='ocr_carea' id='block_1_75' title="bbox 2144 3746 2672 3803">
    <p class='ocr_par' dir='ltr' id='par_1_75' title="bbox 2144 3746 2672 3803">
     <span class='ocr_line' id='line_1_75' title="bbox 2144 3746 2672 3803; baseline 0 -2"><span class='ocrx_word' id='word_1_527' title='bbox 2144 3747 2311 3802; x_wconf 88' lang='lat' dir='ltr'><strong>cinthi</strong></span> <span class='ocrx_word' id='word_1_528' title='bbox 2340 3757 2392 3803; x_wconf 88' lang='lat' dir='ltr'><strong>et</strong></span> <span class='ocrx_word' id='word_1_529' title='bbox 2420 3746 2672 3802; x_wconf 87' lang='lat' dir='ltr'><strong>Amantii.</strong></span> 
     </span>
    </p>
   </div>
   <div class='ocr_carea' id='block_1_76' title="bbox 1847 3857 2317 3913">
    <p class='ocr_par' dir='ltr' id='par_1_76' title="bbox 1847 3857 2317 3913">
     <span class='ocr_line' id='line_1_76' title="bbox 1847 3857 2317 3913; baseline 0 0"><span class='ocrx_word' id='word_1_530' title='bbox 1847 3857 2053 3913; x_wconf 75' lang='lat' dir='ltr'><strong>SMITlI</strong></span> <span class='ocrx_word' id='word_1_531' title='bbox 2091 3857 2317 3913; x_wconf 61' lang='grc' dir='ltr'><strong>ΝΟΤΑΩ.</strong></span> 
     </span>
    </p>
   </div>
   <div class='ocr_carea' id='block_1_77' title="bbox 543 3968 2036 4042">
    <p class='ocr_par' dir='ltr' id='par_1_77' title="bbox 543 3968 2036 4042">
     <span class='ocr_line' id='line_1_77' title="bbox 543 3968 2036 4042; baseline 0 -18"><span class='ocrx_word' id='word_1_532' title='bbox 543 3978 565 4003; x_wconf 72' lang='grc'><strong><em>³·</em></strong></span> <span class='ocrx_word' id='word_1_533' title='bbox 602 3972 837 4042; x_wconf 78' lang='lat' dir='ltr'><strong>Augusti.</strong></span> <span class='ocrx_word' id='word_1_534' title='bbox 886 3970 1036 4042; x_wconf 67' lang='lat' dir='ltr'><strong>Passi</strong></span> <span class='ocrx_word' id='word_1_535' title='bbox 1086 3986 1189 4024; x_wconf 78' lang='lat' dir='ltr'><strong>non</strong></span> <span class='ocrx_word' id='word_1_536' title='bbox 1225 3969 1550 4042; x_wconf 77' lang='lat' dir='ltr'><strong>subDecio,</strong></span> <span class='ocrx_word' id='word_1_537' title='bbox 1597 3968 2036 4042; x_wconf 75' lang='lat' dir='ltr'><strong>utvultGhinius</strong></span> 
     </span>
    </p>
   </div>
   <div class='ocr_carea' id='block_1_78' title="bbox 471 4039 2034 4110">
    <p class='ocr_par' dir='ltr' id='par_1_78' title="bbox 471 4039 2034 4110">
     <span class='ocr_line' id='line_1_78' title="bbox 471 4039 2034 4110; baseline -0.003 -12"><span class='ocrx_word' id='word_1_538' title='bbox 471 4039 743 4110; x_wconf 81' lang='lat' dir='ltr'><strong>Senensis,</strong></span> <span class='ocrx_word' id='word_1_539' title='bbox 790 4043 881 4096; x_wconf 90' lang='lat' dir='ltr'><strong>sed</strong></span> <span class='ocrx_word' id='word_1_540' title='bbox 937 4041 1107 4107; x_wconf 90' lang='lat' dir='ltr'><strong>potius</strong></span> <span class='ocrx_word' id='word_1_541' title='bbox 1156 4040 1254 4092; x_wconf 91' lang='lat' dir='ltr'><strong>sub</strong></span> <span class='ocrx_word' id='word_1_542' title='bbox 1301 4040 1658 4110; x_wconf 85' lang='lat' dir='ltr'><strong>Diocletiano;</strong></span> <span class='ocrx_word' id='word_1_543' title='bbox 1712 4054 1831 4092; x_wconf 87' lang='lat' dir='ltr'><strong>nam</strong></span> <span class='ocrx_word' id='word_1_544' title='bbox 1877 4044 1921 4094; x_wconf 90' lang='lat' dir='ltr'><strong>si</strong></span> <span class='ocrx_word' id='word_1_545' title='bbox 1971 4039 2034 4094; x_wconf 85' lang='lat' dir='ltr'><strong>ad</strong></span> 
     </span>
    </p>
   </div>
   <div class='ocr_carea' id='block_1_79' title="bbox 475 4109 2034 4179">
    <p class='ocr_par' dir='ltr' id='par_1_79' title="bbox 475 4109 2034 4179">
     <span class='ocr_line' id='line_1_79' title="bbox 475 4109 2034 4179; baseline -0.002 -13"><span class='ocrx_word' id='word_1_546' title='bbox 475 4109 761 4166; x_wconf 79' lang='lat' dir='ltr'><strong>Decianam</strong></span> <span class='ocrx_word' id='word_1_547' title='bbox 822 4112 1025 4164; x_wconf 88' lang='lat' dir='ltr'><strong>cladem</strong></span> <span class='ocrx_word' id='word_1_548' title='bbox 1088 4110 1343 4162; x_wconf 88' lang='lat' dir='ltr'><strong>referatur</strong></span> <span class='ocrx_word' id='word_1_549' title='bbox 1400 4109 1556 4175; x_wconf 82' lang='lat' dir='ltr'><strong>hujus</strong></span> <span class='ocrx_word' id='word_1_550' title='bbox 1618 4110 1954 4179; x_wconf 86' lang='lat' dir='ltr'><strong>martyrium,</strong></span> <span class='ocrx_word' id='word_1_551' title='bbox 2006 4126 2034 4163; x_wconf 88' lang='lat' dir='ltr'><strong>a</strong></span> 
     </span>
    </p>
   </div>
   <div class='ocr_carea' id='block_1_80' title="bbox 471 4180 2031 4247">
    <p class='ocr_par' dir='ltr' id='par_1_80' title="bbox 471 4180 2031 4247">
     <span class='ocr_line' id='line_1_80' title="bbox 471 4180 2031 4247; baseline -0.002 -11"><span class='ocrx_word' id='word_1_552' title='bbox 471 4183 739 4236; x_wconf 80' lang='lat' dir='ltr'><strong>communi</strong></span> <span class='ocrx_word' id='word_1_553' title='bbox 790 4186 1103 4247; x_wconf 83' lang='lat' dir='ltr'><strong>scriptorum</strong></span> <span class='ocrx_word' id='word_1_554' title='bbox 1155 4181 1570 4232; x_wconf 76' lang='lat' dir='ltr'><strong>llritannicorum</strong></span> <span class='ocrx_word' id='word_1_555' title='bbox 1637 4194 1898 4233; x_wconf 75' lang='lat' dir='ltr'><strong>consensu</strong></span> <span class='ocrx_word' id='word_1_556' title='bbox 1947 4180 2031 4233; x_wconf 84' lang='lat' dir='ltr'><strong>tli-</strong></span> 
     </span>
    </p>
   </div>
   <div class='ocr_carea' id='block_1_81' title="bbox 474 4248 2035 4315">
    <p class='ocr_par' dir='ltr' id='par_1_81' title="bbox 474 4248 2035 4315">
     <span class='ocr_line' id='line_1_81' title="bbox 474 4248 2035 4315; baseline -0.001 -11"><span class='ocrx_word' id='word_1_557' title='bbox 474 4254 615 4304; x_wconf 83' lang='lat' dir='ltr'><strong>scedt</strong></span> <span class='ocrx_word' id='word_1_558' title='bbox 668 4264 883 4305; x_wconf 80' lang='lat' dir='ltr'><strong>necesse</strong></span> <span class='ocrx_word' id='word_1_559' title='bbox 912 4261 1012 4311; x_wconf 82' lang='lat' dir='ltr'><strong>est,</strong></span> <span class='ocrx_word' id='word_1_560' title='bbox 1043 4248 1127 4315; x_wconf 87' lang='lat' dir='ltr'><strong>qui</strong></span> <span class='ocrx_word' id='word_1_561' title='bbox 1161 4248 1385 4315; x_wconf 82' lang='lat' dir='ltr'><strong>primum</strong></span> <span class='ocrx_word' id='word_1_562' title='bbox 1428 4251 1664 4301; x_wconf 90' lang='lat' dir='ltr'><strong>omnium</strong></span> <span class='ocrx_word' id='word_1_563' title='bbox 1695 4249 1952 4302; x_wconf 86' lang='lat' dir='ltr'><strong>Albanum</strong></span> <span class='ocrx_word' id='word_1_564' title='bbox 1986 4252 2035 4303; x_wconf 92' lang='lat' dir='ltr'><strong>in</strong></span> 
     </span>
    </p>
   </div>
   <div class='ocr_carea' id='block_1_82' title="bbox 476 4318 1912 4383">
    <p class='ocr_par' dir='ltr' id='par_1_82' title="bbox 476 4318 1912 4383">
     <span class='ocr_line' id='line_1_82' title="bbox 476 4318 1912 4383; baseline -0.003 -8"><span class='ocrx_word' id='word_1_565' title='bbox 476 4325 743 4375; x_wconf 74' lang='lat' dir='ltr'><strong>Britannia</strong></span> <span class='ocrx_word' id='word_1_566' title='bbox 780 4336 872 4382; x_wconf 89' lang='lat' dir='ltr'><strong>pro</strong></span> <span class='ocrx_word' id='word_1_567' title='bbox 900 4318 1111 4371; x_wconf 72' lang='lat' dir='ltr'><strong>Christo</strong></span> <span class='ocrx_word' id='word_1_568' title='bbox 1140 4318 1447 4383; x_wconf 85' lang='lat' dir='ltr'><strong>sanguinem</strong></span> <span class='ocrx_word' id='word_1_569' title='bbox 1482 4318 1677 4371; x_wconf 64' lang='lat' dir='ltr'><strong>fudisse</strong></span> <span class='ocrx_word' id='word_1_570' title='bbox 1710 4321 1912 4371; x_wconf 85' lang='lat' dir='ltr'><strong>statuit.</strong></span> 
     </span>
    </p>
   </div>
   <div class='ocr_carea' id='block_1_83' title="bbox 549 4387 2038 4457">
    <p class='ocr_par' dir='ltr' id='par_1_83' title="bbox 549 4387 2038 4457">
     <span class='ocr_line' id='line_1_83' title="bbox 549 4387 2038 4457; baseline 0 -17"><span class='ocrx_word' id='word_1_571' title='bbox 549 4389 575 4427; x_wconf 70' lang='grc' dir='ltr'>ι)</span> <span class='ocrx_word' id='word_1_572' title='bbox 612 4390 862 4457; x_wconf 79' lang='lat' dir='ltr'><strong>Dionysii.</strong></span> <span class='ocrx_word' id='word_1_573' title='bbox 894 4387 949 4441; x_wconf 88' lang='lat' dir='ltr'><strong>In</strong></span> <span class='ocrx_word' id='word_1_574' title='bbox 982 4388 1226 4442; x_wconf 90' lang='lat' dir='ltr'><strong>Armenia</strong></span> <span class='ocrx_word' id='word_1_575' title='bbox 1260 4390 1459 4440; x_wconf 89' lang='lat' dir='ltr'><strong>minore</strong></span> <span class='ocrx_word' id='word_1_576' title='bbox 1487 4388 1623 4454; x_wconf 76' lang='lat' dir='ltr'><strong>paSsi</strong></span> <span class='ocrx_word' id='word_1_577' title='bbox 1649 4398 1771 4441; x_wconf 89' lang='lat' dir='ltr'><strong>sunt</strong></span> <span class='ocrx_word' id='word_1_578' title='bbox 1799 4390 1893 4443; x_wconf 85' lang='lat' dir='ltr'><strong>SS.</strong></span> <span class='ocrx_word' id='word_1_579' title='bbox 1923 4389 2038 4441; x_wconf 79' lang='lat' dir='ltr'><strong>Dio-</strong></span> 
     </span>
    </p>
   </div>
   <div class='ocr_carea' id='block_1_84' title="bbox 479 4457 1443 4530">
    <p class='ocr_par' dir='ltr' id='par_1_84' title="bbox 479 4457 1443 4530">
     <span class='ocr_line' id='line_1_84' title="bbox 479 4457 1443 4530; baseline -0.004 -17"><span class='ocrx_word' id='word_1_580' title='bbox 479 4461 679 4530; x_wconf 72' lang='lat' dir='ltr'><strong>nysius,</strong></span> <span class='ocrx_word' id='word_1_581' title='bbox 719 4462 1083 4530; x_wconf 69' lang='lat' dir='ltr'><strong>Sebastianus,</strong></span> <span class='ocrx_word' id='word_1_582' title='bbox 1112 4457 1443 4530; x_wconf 56' lang='lat' dir='ltr'><strong>(Eminentia.</strong></span> 
     </span>
    </p>
   </div>
   <div class='ocr_carea' id='block_1_85' title="bbox 553 4525 2040 4595">
    <p class='ocr_par' dir='ltr' id='par_1_85' title="bbox 553 4525 2040 4595">
     <span class='ocr_line' id='line_1_85' title="bbox 553 4525 2040 4595; baseline 0 -14"><span class='ocrx_word' id='word_1_583' title='bbox 553 4547 572 4566; x_wconf 83' lang='grc' dir='ltr'>ι·</span> <span class='ocrx_word' id='word_1_584' title='bbox 606 4527 829 4595; x_wconf 68' lang='lat' dir='ltr'><strong>Cognita.</strong></span> <span class='ocrx_word' id='word_1_585' title='bbox 865 4528 935 4581; x_wconf 89' lang='lat' dir='ltr'><strong>De</strong></span> <span class='ocrx_word' id='word_1_586' title='bbox 961 4528 1159 4595; x_wconf 80' lang='lat' dir='ltr'><strong>Cuynta</strong></span> <span class='ocrx_word' id='word_1_587' title='bbox 1193 4530 1269 4580; x_wconf 92' lang='lat' dir='ltr'><strong>vel</strong></span> <span class='ocrx_word' id='word_1_588' title='bbox 1296 4527 1484 4591; x_wconf 85' lang='lat' dir='ltr'><strong>Quinta</strong></span> <span class='ocrx_word' id='word_1_589' title='bbox 1516 4525 1627 4581; x_wconf 59' lang='lat' dir='ltr'><strong>haec</strong></span> <span class='ocrx_word' id='word_1_590' title='bbox 1657 4526 1816 4579; x_wconf 82' lang='lat' dir='ltr'><strong>habet</strong></span> <span class='ocrx_word' id='word_1_591' title='bbox 1841 4527 2040 4581; x_wconf 86' lang='lat' dir='ltr'><strong>Euseb.</strong></span> 
     </span>
    </p>
   </div>
   <div class='ocr_carea' id='block_1_86' title="bbox 482 4585 2044 4664">
    <p class='ocr_par' dir='ltr' id='par_1_86' title="bbox 482 4585 2044 4664">
     <span class='ocr_line' id='line_1_86' title="bbox 482 4585 2044 4664; baseline -0.001 -12"><span class='ocrx_word' id='word_1_592' title='bbox 482 4600 616 4653; x_wconf 89' lang='lat' dir='ltr'><strong>Ilist.</strong></span> <span class='ocrx_word' id='word_1_593' title='bbox 635 4585 879 4662; x_wconf 70' lang='lat' dir='ltr'><strong>Eccl.,vt,</strong></span> <span class='ocrx_word' id='word_1_594' title='bbox 896 4600 954 4651; x_wconf 73' lang='grc'><strong>41</strong></span> <span class='ocrx_word' id='word_1_595' title='bbox 982 4616 993 4649; x_wconf 88' lang='lat'>:</span> <span class='ocrx_word' id='word_1_596' title='bbox 1018 4585 1145 4649; x_wconf 78' lang='lat' dir='ltr'><strong>Post</strong></span> <span class='ocrx_word' id='word_1_597' title='bbox 1166 4598 1270 4650; x_wconf 76' lang='lat' dir='ltr'><strong>[nec</strong></span> <span class='ocrx_word' id='word_1_598' title='bbox 1283 4585 1479 4662; x_wconf 73' lang='lat' dir='ltr'><strong>fidelem</strong></span> <span class='ocrx_word' id='word_1_599' title='bbox 1499 4600 1769 4664; x_wconf 84' lang='lat' dir='ltr'><strong>quamdam</strong></span> <span class='ocrx_word' id='word_1_600' title='bbox 1789 4598 2044 4651; x_wconf 86' lang='lat' dir='ltr'><strong>mulierem</strong></span> 
     </span>
    </p>
   </div>
   <div class='ocr_carea' id='block_1_87' title="bbox 483 4667 2047 4733">
    <p class='ocr_par' dir='ltr' id='par_1_87' title="bbox 483 4667 2047 4733">
     <span class='ocr_line' id='line_1_87' title="bbox 483 4667 2047 4733; baseline -0.001 -13"><span class='ocrx_word' id='word_1_601' title='bbox 483 4670 722 4733; x_wconf 83' lang='lat' dir='ltr'><strong>Quintam</strong></span> <span class='ocrx_word' id='word_1_602' title='bbox 748 4670 967 4732; x_wconf 42' lang='lat' dir='ltr'><strong>no&#39;nine,</strong></span> <span class='ocrx_word' id='word_1_603' title='bbox 996 4667 1061 4718; x_wconf 89' lang='lat' dir='ltr'><strong>ad</strong></span> <span class='ocrx_word' id='word_1_604' title='bbox 1091 4668 1211 4719; x_wconf 82' lang='lat' dir='ltr'><strong>idoli</strong></span> <span class='ocrx_word' id='word_1_605' title='bbox 1248 4667 1489 4733; x_wconf 87' lang='lat' dir='ltr'><strong>templum</strong></span> <span class='ocrx_word' id='word_1_606' title='bbox 1514 4667 1807 4733; x_wconf 70' lang='lat' dir='ltr'><strong>perductam</strong></span> <span class='ocrx_word' id='word_1_607' title='bbox 1830 4670 2047 4719; x_wconf 83' lang='lat' dir='ltr'><strong>adorare</strong></span> 
     </span>
    </p>
   </div>
   <div class='ocr_carea' id='block_1_88' title="bbox 480 4735 2048 4808">
    <p class='ocr_par' dir='ltr' id='par_1_88' title="bbox 480 4735 2048 4808">
     <span class='ocr_line' id='line_1_88' title="bbox 480 4735 2048 4808; baseline -0.001 -17"><span class='ocrx_word' id='word_1_608' title='bbox 480 4740 609 4791; x_wconf 81' lang='lat' dir='ltr'><strong>illud</strong></span> <span class='ocrx_word' id='word_1_609' title='bbox 639 4746 923 4808; x_wconf 86' lang='lat' dir='ltr'><strong>coegerunt.</strong></span> <span class='ocrx_word' id='word_1_610' title='bbox 954 4737 1105 4802; x_wconf 81' lang='lat' dir='ltr'><strong>Quod</strong></span> <span class='ocrx_word' id='word_1_611' title='bbox 1128 4752 1241 4808; x_wconf 81' lang='lat' dir='ltr'><strong>cum</strong></span> <span class='ocrx_word' id='word_1_612' title='bbox 1280 4735 1369 4788; x_wconf 89' lang='lat' dir='ltr'><strong>illa</strong></span> <span class='ocrx_word' id='word_1_613' title='bbox 1390 4749 1704 4789; x_wconf 82' lang='lat' dir='ltr'><strong>at&#39;ersaretur</strong></span> <span class='ocrx_word' id='word_1_614' title='bbox 1727 4746 1874 4805; x_wconf 80' lang='lat' dir='ltr'><strong>atque</strong></span> <span class='ocrx_word' id='word_1_615' title='bbox 1908 4753 2048 4790; x_wconf 80' lang='lat' dir='ltr'><strong>exse-</strong></span> 
     </span>
    </p>
   </div>
   <div class='ocr_carea' id='block_1_89' title="bbox 483 4807 2048 4874">
    <p class='ocr_par' dir='ltr' id='par_1_89' title="bbox 483 4807 2048 4874">
     <span class='ocr_line' id='line_1_89' title="bbox 483 4807 2048 4874; baseline 0 -14"><span class='ocrx_word' id='word_1_616' title='bbox 483 4818 725 4869; x_wconf 76' lang='lat' dir='ltr'><strong>craretur,</strong></span> <span class='ocrx_word' id='word_1_617' title='bbox 751 4807 1023 4860; x_wconf 81' lang='lat' dir='ltr'><strong>constrictis</strong></span> <span class='ocrx_word' id='word_1_618' title='bbox 1046 4807 1249 4873; x_wconf 77' lang='lat' dir='ltr'><strong>pedibus</strong></span> <span class='ocrx_word' id='word_1_619' title='bbox 1270 4822 1378 4857; x_wconf 91' lang='lat' dir='ltr'><strong>eam</strong></span> <span class='ocrx_word' id='word_1_620' title='bbox 1402 4822 1489 4874; x_wconf 89' lang='lat' dir='ltr'><strong>per</strong></span> <span class='ocrx_word' id='word_1_621' title='bbox 1509 4808 1660 4859; x_wconf 80' lang='lat' dir='ltr'><strong>totius</strong></span> <span class='ocrx_word' id='word_1_622' title='bbox 1682 4808 1895 4858; x_wconf 70' lang='lat' dir='ltr'><strong>civitatis</strong></span> <span class='ocrx_word' id='word_1_623' title='bbox 1918 4811 2048 4860; x_wconf 80' lang='lat' dir='ltr'><strong>uiros</strong></span> 
     </span>
    </p>
   </div>
   <div class='ocr_carea' id='block_1_90' title="bbox 483 4877 2050 4946">
    <p class='ocr_par' dir='ltr' id='par_1_90' title="bbox 483 4877 2050 4946">
     <span class='ocr_line' id='line_1_90' title="bbox 483 4877 2050 4946; baseline 0 -17"><span class='ocrx_word' id='word_1_624' title='bbox 483 4895 662 4946; x_wconf 72' lang='lat' dir='ltr'><strong>aspero</strong></span> <span class='ocrx_word' id='word_1_625' title='bbox 687 4878 825 4930; x_wconf 82' lang='lat' dir='ltr'><strong>silice</strong></span> <span class='ocrx_word' id='word_1_626' title='bbox 846 4884 1122 4929; x_wconf 65' lang='lat' dir='ltr'><strong>constratas</strong></span> <span class='ocrx_word' id='word_1_627' title='bbox 1150 4878 1416 4942; x_wconf 83' lang='lat' dir='ltr'><strong>rapientes,</strong></span> <span class='ocrx_word' id='word_1_628' title='bbox 1439 4878 1576 4929; x_wconf 63' lang='lat' dir='ltr'><strong>satis</strong></span> <span class='ocrx_word' id='word_1_629' title='bbox 1622 4878 1808 4928; x_wconf 84' lang='lat' dir='ltr'><strong>illisam</strong></span> <span class='ocrx_word' id='word_1_630' title='bbox 1842 4877 2050 4929; x_wconf 86' lang='lat' dir='ltr'><strong>molari-</strong></span> 
     </span>
    </p>
   </div>
   <div class='ocr_carea' id='block_1_91' title="bbox 485 4945 2045 5016">
    <p class='ocr_par' dir='ltr' id='par_1_91' title="bbox 485 4945 2045 5016">
     <span class='ocr_line' id='line_1_91' title="bbox 485 4945 2045 5016; baseline -0.001 -17"><span class='ocrx_word' id='word_1_631' title='bbox 485 4945 596 5011; x_wconf 80' lang='lat' dir='ltr'><strong>bus,</strong></span> <span class='ocrx_word' id='word_1_632' title='bbox 623 4949 799 5016; x_wconf 80' lang='lat' dir='ltr'><strong>ﬂagris</strong></span> <span class='ocrx_word' id='word_1_633' title='bbox 831 4948 1037 5014; x_wconf 82' lang='lat' dir='ltr'><strong>insuper</strong></span> <span class='ocrx_word' id='word_1_634' title='bbox 1074 4948 1381 4999; x_wconf 83' lang='lat' dir='ltr'><strong>verberantes</strong></span> <span class='ocrx_word' id='word_1_635' title='bbox 1428 4948 1492 4997; x_wconf 89' lang='lat' dir='ltr'><strong>ad</strong></span> <span class='ocrx_word' id='word_1_636' title='bbox 1532 4945 1829 4999; x_wconf 83' lang='lat' dir='ltr'><strong>suburbium</strong></span> <span class='ocrx_word' id='word_1_637' title='bbox 1869 4946 2045 4998; x_wconf 80' lang='lat' dir='ltr'><strong>itidem</strong></span> 
     </span>
    </p>
   </div>
   <div class='ocr_carea' id='block_1_92' title="bbox 486 5016 1565 5085">
    <p class='ocr_par' dir='ltr' id='par_1_92' title="bbox 486 5016 1565 5085">
     <span class='ocr_line' id='line_1_92' title="bbox 486 5016 1565 5085; baseline 0 -17"><span class='ocrx_word' id='word_1_638' title='bbox 486 5018 759 5081; x_wconf 83' lang='lat' dir='ltr'><strong>abducunt,</strong></span> <span class='ocrx_word' id='word_1_639' title='bbox 783 5018 944 5083; x_wconf 84' lang='lat' dir='ltr'><strong>ibique</strong></span> <span class='ocrx_word' id='word_1_640' title='bbox 965 5017 1217 5085; x_wconf 80' lang='lat' dir='ltr'><strong>lapidibus</strong></span> <span class='ocrx_word' id='word_1_641' title='bbox 1238 5016 1565 5083; x_wconf 82' lang='lat' dir='ltr'><strong>interﬁciunt.</strong></span> 
     </span>
    </p>
   </div>
   <div class='ocr_carea' id='block_1_93' title="bbox 558 5084 2051 5151">
    <p class='ocr_par' dir='ltr' id='par_1_93' title="bbox 558 5084 2051 5151">
     <span class='ocr_line' id='line_1_93' title="bbox 558 5084 2051 5151; baseline 0 -13"><span class='ocrx_word' id='word_1_642' title='bbox 558 5088 584 5121; x_wconf 71' lang='grc' dir='ltr'><strong>ά</strong></span> <span class='ocrx_word' id='word_1_643' title='bbox 613 5086 846 5139; x_wconf 80' lang='lat' dir='ltr'><strong>lnventii.</strong></span> <span class='ocrx_word' id='word_1_644' title='bbox 884 5086 1058 5137; x_wconf 78' lang='lat' dir='ltr'><strong>l’otitts</strong></span> <span class='ocrx_word' id='word_1_645' title='bbox 1085 5085 1336 5145; x_wconf 82' lang='lat' dir='ltr'><strong>Juventii,</strong></span> <span class='ocrx_word' id='word_1_646' title='bbox 1371 5087 1506 5151; x_wconf 87' lang='lat' dir='ltr'><strong>apud</strong></span> <span class='ocrx_word' id='word_1_647' title='bbox 1535 5085 1774 5137; x_wconf 73' lang='lat' dir='ltr'><strong>Ticinum</strong></span> <span class='ocrx_word' id='word_1_648' title='bbox 1823 5084 1873 5137; x_wconf 88' lang='lat' dir='ltr'><strong>in</strong></span> <span class='ocrx_word' id='word_1_649' title='bbox 1906 5084 2051 5138; x_wconf 86' lang='lat' dir='ltr'><strong>Itala</strong></span> 
     </span>
    </p>
   </div>
   <div class='ocr_carea' id='block_1_94' title="bbox 487 5155 2051 5225">
    <p class='ocr_par' dir='ltr' id='par_1_94' title="bbox 487 5155 2051 5225">
     <span class='ocr_line' id='line_1_94' title="bbox 487 5155 2051 5225; baseline -0.004 -14"><span class='ocrx_word' id='word_1_650' title='bbox 487 5156 740 5225; x_wconf 87' lang='lat' dir='ltr'><strong>episcopi.</strong></span> <span class='ocrx_word' id='word_1_651' title='bbox 786 5159 831 5210; x_wconf 91' lang='lat' dir='ltr'><strong>ls</strong></span> <span class='ocrx_word' id='word_1_652' title='bbox 859 5156 927 5209; x_wconf 88' lang='lat' dir='ltr'><strong>ab</strong></span> <span class='ocrx_word' id='word_1_653' title='bbox 956 5156 1297 5223; x_wconf 65' lang='lat' dir='ltr'><strong>Hermagora,</strong></span> <span class='ocrx_word' id='word_1_654' title='bbox 1329 5156 1585 5221; x_wconf 82' lang='lat' dir='ltr'><strong>discipulo</strong></span> <span class='ocrx_word' id='word_1_655' title='bbox 1616 5155 1652 5209; x_wconf 91' lang='lat' dir='ltr'><strong>S</strong></span> <span class='ocrx_word' id='word_1_656' title='bbox 1698 5155 1857 5208; x_wconf 82' lang='lat' dir='ltr'><strong>Marci</strong></span> <span class='ocrx_word' id='word_1_657' title='bbox 1888 5169 2051 5206; x_wconf 83' lang='lat' dir='ltr'><strong>evan-</strong></span> 
     </span>
    </p>
   </div>
   <div class='ocr_carea' id='block_1_95' title="bbox 488 5224 2052 5294">
    <p class='ocr_par' dir='ltr' id='par_1_95' title="bbox 488 5224 2052 5294">
     <span class='ocr_line' id='line_1_95' title="bbox 488 5224 2052 5294; baseline -0.003 -15"><span class='ocrx_word' id='word_1_658' title='bbox 488 5224 707 5294; x_wconf 65' lang='lat' dir='ltr'><strong>gelislaé,</strong></span> <span class='ocrx_word' id='word_1_659' title='bbox 755 5227 821 5280; x_wconf 85' lang='lat' dir='ltr'><strong>ad</strong></span> <span class='ocrx_word' id='word_1_660' title='bbox 868 5240 982 5279; x_wconf 71' lang='lat' dir='ltr'><strong>eam</strong></span> <span class='ocrx_word' id='word_1_661' title='bbox 1031 5226 1210 5277; x_wconf 86' lang='lat' dir='ltr'><strong>urbem</strong></span> <span class='ocrx_word' id='word_1_662' title='bbox 1265 5240 1363 5277; x_wconf 81' lang='lat' dir='ltr'><strong>uita</strong></span> <span class='ocrx_word' id='word_1_663' title='bbox 1398 5240 1517 5277; x_wconf 88' lang='lat' dir='ltr'><strong>cum</strong></span> <span class='ocrx_word' id='word_1_664' title='bbox 1569 5226 1626 5277; x_wconf 86' lang='lat' dir='ltr'><strong>S.</strong></span> <span class='ocrx_word' id='word_1_665' title='bbox 1655 5226 1789 5292; x_wconf 82' lang='lat' dir='ltr'><strong>Syro</strong></span> <span class='ocrx_word' id='word_1_666' title='bbox 1821 5224 2052 5278; x_wconf 84' lang='lat' dir='ltr'><strong>directus</strong></span> 
     </span>
    </p>
   </div>
   <div class='ocr_carea' id='block_1_96' title="bbox 489 5295 2053 5361">
    <p class='ocr_par' dir='ltr' id='par_1_96' title="bbox 489 5295 2053 5361">
     <span class='ocr_line' id='line_1_96' title="bbox 489 5295 2053 5361; baseline -0.001 -13"><span class='ocrx_word' id='word_1_667' title='bbox 489 5304 593 5360; x_wconf 86' lang='lat' dir='ltr'><strong>est,</strong></span> <span class='ocrx_word' id='word_1_668' title='bbox 624 5307 677 5349; x_wconf 90' lang='lat' dir='ltr'><strong>et</strong></span> <span class='ocrx_word' id='word_1_669' title='bbox 702 5298 858 5350; x_wconf 84' lang='lat' dir='ltr'><strong>ambo</strong></span> <span class='ocrx_word' id='word_1_670' title='bbox 889 5297 997 5348; x_wconf 91' lang='lat' dir='ltr'><strong>illic</strong></span> <span class='ocrx_word' id='word_1_671' title='bbox 1022 5295 1216 5347; x_wconf 76' lang='lat' dir='ltr'><strong>L&#39;ltristi</strong></span> <span class='ocrx_word' id='word_1_672' title='bbox 1248 5295 1585 5361; x_wconf 81' lang='lat' dir='ltr'><strong>Evangeliutu</strong></span> <span class='ocrx_word' id='word_1_673' title='bbox 1622 5295 1967 5360; x_wconf 64' lang='lat' dir='ltr'><strong>praedicantes</strong></span> <span class='ocrx_word' id='word_1_674' title='bbox 2000 5304 2053 5347; x_wconf 90' lang='lat' dir='ltr'><strong>et</strong></span> 
     </span>
    </p>
   </div>
   <div class='ocr_carea' id='block_1_97' title="bbox 494 5364 2052 5433">
    <p class='ocr_par' dir='ltr' id='par_1_97' title="bbox 494 5364 2052 5433">
     <span class='ocr_line' id='line_1_97' title="bbox 494 5364 2052 5433; baseline 0 -16"><span class='ocrx_word' id='word_1_675' title='bbox 494 5366 698 5433; x_wconf 84' lang='lat' dir='ltr'><strong>magnis</strong></span> <span class='ocrx_word' id='word_1_676' title='bbox 725 5366 1003 5419; x_wconf 87' lang='lat' dir='ltr'><strong>virtutibus</strong></span> <span class='ocrx_word' id='word_1_677' title='bbox 1054 5376 1393 5418; x_wconf 78' lang='lat' dir='ltr'><strong>coruscantes</strong></span> <span class='ocrx_word' id='word_1_678' title='bbox 1440 5365 1596 5417; x_wconf 89' lang='lat' dir='ltr'><strong>etiam</strong></span> <span class='ocrx_word' id='word_1_679' title='bbox 1647 5364 1846 5415; x_wconf 65' lang='lat' dir='ltr'><strong>vicinas</strong></span> <span class='ocrx_word' id='word_1_680' title='bbox 1896 5366 2052 5417; x_wconf 88' lang='lat' dir='ltr'><strong>nrbes</strong></span> 
     </span>
    </p>
   </div>
   <div class='ocr_carea' id='block_1_98' title="bbox 491 5435 2049 5503">
    <p class='ocr_par' dir='ltr' id='par_1_98' title="bbox 491 5435 2049 5503">
     <span class='ocr_line' id='line_1_98' title="bbox 491 5435 2049 5503; baseline 0.003 -19"><span class='ocrx_word' id='word_1_681' title='bbox 491 5435 684 5487; x_wconf 84' lang='lat' dir='ltr'><strong>tlivmis</strong></span> <span class='ocrx_word' id='word_1_682' title='bbox 714 5435 959 5503; x_wconf 80' lang='lat' dir='ltr'><strong>operibus</strong></span> <span class='ocrx_word' id='word_1_683' title='bbox 988 5436 1337 5495; x_wconf 64' lang='grc' dir='ltr'>ἱΙΙιΜι-ιιτιιιιι.</span> <span class='ocrx_word' id='word_1_684' title='bbox 1369 5444 1419 5487; x_wconf 88' lang='lat' dir='ltr'><strong>et</strong></span> <span class='ocrx_word' id='word_1_685' title='bbox 1448 5438 1677 5501; x_wconf 75' lang='lat' dir='ltr'><strong>glorioso</strong></span> <span class='ocrx_word' id='word_1_686' title='bbox 1707 5436 1806 5485; x_wconf 89' lang='lat' dir='ltr'><strong>line</strong></span> <span class='ocrx_word' id='word_1_687' title='bbox 1836 5435 2049 5502; x_wconf 82' lang='lat' dir='ltr'><strong>quieve—</strong></span> 
     </span>
    </p>
   </div>
   <div class='ocr_carea' id='block_1_99' title="bbox 494 5504 1875 5571">
    <p class='ocr_par' dir='ltr' id='par_1_99' title="bbox 494 5504 1875 5571">
     <span class='ocr_line' id='line_1_99' title="bbox 494 5504 1875 5571; baseline 0 -14"><span class='ocrx_word' id='word_1_688' title='bbox 494 5514 617 5557; x_wconf 87' lang='lat' dir='ltr'><strong>rttnt</strong></span> <span class='ocrx_word' id='word_1_689' title='bbox 644 5507 693 5557; x_wconf 89' lang='lat' dir='ltr'><strong>in</strong></span> <span class='ocrx_word' id='word_1_690' title='bbox 724 5521 865 5571; x_wconf 84' lang='lat' dir='ltr'><strong>pace.</strong></span> <span class='ocrx_word' id='word_1_691' title='bbox 894 5504 967 5556; x_wconf 55' lang='lat' dir='ltr'><strong>De</strong></span> <span class='ocrx_word' id='word_1_692' title='bbox 998 5508 1095 5557; x_wconf 86' lang='lat' dir='ltr'><strong>hoc</strong></span> <span class='ocrx_word' id='word_1_693' title='bbox 1130 5506 1396 5558; x_wconf 74' lang='lat' dir='ltr'><strong>llsuartlns</strong></span> <span class='ocrx_word' id='word_1_694' title='bbox 1428 5519 1494 5555; x_wconf 73' lang='grc' dir='ltr'>χιι</span> <span class='ocrx_word' id='word_1_695' title='bbox 1529 5504 1875 5571; x_wconf 73' lang='lat' dir='ltr'><strong>Septembris.</strong></span> 
     </span>
    </p>
   </div>
   <div class='ocr_carea' id='block_1_100' title="bbox 570 5572 2053 5643">
    <p class='ocr_par' dir='ltr' id='par_1_100' title="bbox 570 5572 2053 5643">
     <span class='ocr_line' id='line_1_100' title="bbox 570 5572 2053 5643; baseline 0.001 -17"><span class='ocrx_word' id='word_1_696' title='bbox 570 5583 593 5610; x_wconf 81' lang='grc' dir='ltr'><strong>ο</strong></span> <span class='ocrx_word' id='word_1_697' title='bbox 639 5576 941 5642; x_wconf 76' lang='lat' dir='ltr'><strong>Apollonire.</strong></span> <span class='ocrx_word' id='word_1_698' title='bbox 992 5573 1064 5626; x_wconf 86' lang='lat' dir='ltr'><strong>De</strong></span> <span class='ocrx_word' id='word_1_699' title='bbox 1118 5575 1211 5626; x_wconf 86' lang='lat' dir='ltr'><strong>bac</strong></span> <span class='ocrx_word' id='word_1_700' title='bbox 1261 5576 1537 5643; x_wconf 85' lang='lat' dir='ltr'><strong>Dionysius</strong></span> <span class='ocrx_word' id='word_1_701' title='bbox 1590 5591 1638 5626; x_wconf 92' lang='grc' dir='ltr'><strong>ιιι</strong></span> <span class='ocrx_word' id='word_1_702' title='bbox 1687 5574 1876 5627; x_wconf 71' lang='lat' dir='ltr'><strong>Euseb.</strong></span> <span class='ocrx_word' id='word_1_703' title='bbox 1908 5572 2053 5627; x_wconf 83' lang='lat' dir='ltr'><strong>Eccl.</strong></span> 
     </span>
    </p>
   </div>
   <div class='ocr_carea' id='block_1_101' title="bbox 497 5643 2054 5707">
    <p class='ocr_par' dir='ltr' id='par_1_101' title="bbox 497 5643 2054 5707">
     <span class='ocr_line' id='line_1_101' title="bbox 497 5643 2054 5707; baseline 0.001 -11"><span class='ocrx_word' id='word_1_704' title='bbox 497 5644 630 5696; x_wconf 88' lang='lat' dir='ltr'><strong>Ilist.</strong></span> <span class='ocrx_word' id='word_1_705' title='bbox 660 5659 731 5705; x_wconf 87' lang='lat' dir='ltr'><strong>vl,</strong></span> <span class='ocrx_word' id='word_1_706' title='bbox 762 5644 849 5707; x_wconf 76' lang='grc'><strong>41,</strong></span> <span class='ocrx_word' id='word_1_707' title='bbox 899 5647 974 5695; x_wconf 86' lang='lat' dir='ltr'><strong>sic</strong></span> <span class='ocrx_word' id='word_1_708' title='bbox 1022 5643 1369 5696; x_wconf 75' lang='lat' dir='ltr'><strong>scribit:Sed</strong></span> <span class='ocrx_word' id='word_1_709' title='bbox 1413 5654 1460 5695; x_wconf 82' lang='lat' dir='ltr'><strong>et</strong></span> <span class='ocrx_word' id='word_1_710' title='bbox 1508 5644 1863 5696; x_wconf 83' lang='lat' dir='ltr'><strong>admirandam</strong></span> <span class='ocrx_word' id='word_1_711' title='bbox 1910 5644 2054 5697; x_wconf 85' lang='lat' dir='ltr'><strong>illam</strong></span> 
     </span>
    </p>
   </div>
   <div class='ocr_carea' id='block_1_102' title="bbox 496 5714 2055 5783">
    <p class='ocr_par' dir='ltr' id='par_1_102' title="bbox 496 5714 2055 5783">
     <span class='ocr_line' id='line_1_102' title="bbox 496 5714 2055 5783; baseline 0 -16"><span class='ocrx_word' id='word_1_712' title='bbox 496 5723 740 5783; x_wconf 66' lang='lat' dir='ltr'><strong>provocat</strong></span> <span class='ocrx_word' id='word_1_713' title='bbox 766 5716 929 5767; x_wconf 68' lang='lat' dir='ltr'><strong>retusis</strong></span> <span class='ocrx_word' id='word_1_714' title='bbox 957 5714 1194 5781; x_wconf 78' lang='lat' dir='ltr'><strong>virginem</strong></span> <span class='ocrx_word' id='word_1_715' title='bbox 1220 5715 1534 5783; x_wconf 74' lang='lat' dir='ltr'><strong>Apolloniam</strong></span> <span class='ocrx_word' id='word_1_716' title='bbox 1578 5724 1693 5766; x_wconf 87' lang='lat' dir='ltr'><strong>tunc</strong></span> <span class='ocrx_word' id='word_1_717' title='bbox 1728 5718 2055 5782; x_wconf 84' lang='lat' dir='ltr'><strong>comprehcn-</strong></span> 
     </span>
    </p>
   </div>
   <div class='ocr_carea' id='block_1_103' title="bbox 2078 4458 2253 4519">
    <p class='ocr_par' dir='ltr' id='par_1_103' title="bbox 2078 4458 2253 4519">
     <span class='ocr_line' id='line_1_103' title="bbox 2078 4458 2253 4519; baseline -0.006 -5"><span class='ocrx_word' id='word_1_718' title='bbox 2078 4458 2128 4519; x_wconf 90' lang='lat' dir='ltr'><strong>D</strong></span> <span class='ocrx_word' id='word_1_719' title='bbox 2154 4469 2253 4514; x_wconf 88' lang='lat' dir='ltr'><strong>tttr.</strong></span> 
     </span>
    </p>
   </div>
   <div class='ocr_carea' id='block_1_104' title="bbox 2139 3969 3721 4039">
    <p class='ocr_par' dir='ltr' id='par_1_104' title="bbox 2139 3969 3721 4039">
     <span class='ocr_line' id='line_1_104' title="bbox 2139 3969 3721 4039; baseline 0.005 -16"><span class='ocrx_word' id='word_1_720' title='bbox 2139 3971 2339 4025; x_wconf 85' lang='lat' dir='ltr'><strong>derunt.</strong></span> <span class='ocrx_word' id='word_1_721' title='bbox 2374 3970 2441 4023; x_wconf 86' lang='lat' dir='ltr'><strong>Et</strong></span> <span class='ocrx_word' id='word_1_722' title='bbox 2480 3969 2719 4023; x_wconf 68' lang='lat' dir='ltr'><strong>maxillas</strong></span> <span class='ocrx_word' id='word_1_723' title='bbox 2751 3971 2953 4038; x_wconf 80' lang='lat' dir='ltr'><strong>quidem</strong></span> <span class='ocrx_word' id='word_1_724' title='bbox 2986 3972 3102 4039; x_wconf 85' lang='lat' dir='ltr'><strong>ejus</strong></span> <span class='ocrx_word' id='word_1_725' title='bbox 3140 3971 3480 4033; x_wconf 74' lang='lat' dir='ltr'><strong>verberantes,</strong></span> <span class='ocrx_word' id='word_1_726' title='bbox 3516 3988 3721 4032; x_wconf 69' lang='lat' dir='ltr'><strong>cancros</strong></span> 
     </span>
    </p>
   </div>
   <div class='ocr_carea' id='block_1_105' title="bbox 2140 4041 3715 4115">
    <p class='ocr_par' dir='ltr' id='par_1_105' title="bbox 2140 4041 3715 4115">
     <span class='ocr_line' id='line_1_105' title="bbox 2140 4041 3715 4115; baseline 0.004 -22"><span class='ocrx_word' id='word_1_727' title='bbox 2140 4041 2185 4093; x_wconf 76' lang='lat' dir='ltr'><strong>ei</strong></span> <span class='ocrx_word' id='word_1_728' title='bbox 2200 4042 2377 4115; x_wconf 83' lang='lat' dir='ltr'><strong>dentes</strong></span> <span class='ocrx_word' id='word_1_729' title='bbox 2398 4041 2994 4115; x_wconf 70' lang='lat' dir='ltr'><strong>exctt_aserunt.__Accenso</strong></span> <span class='ocrx_word' id='word_1_730' title='bbox 3018 4050 3183 4115; x_wconf 82' lang='lat' dir='ltr'><strong>autem</strong></span> <span class='ocrx_word' id='word_1_731' title='bbox 3208 4054 3351 4094; x_wconf 69' lang='lat' dir='ltr'><strong>extra</strong></span> <span class='ocrx_word' id='word_1_732' title='bbox 3372 4044 3549 4115; x_wconf 84' lang='lat' dir='ltr'><strong>urbem</strong></span> <span class='ocrx_word' id='word_1_733' title='bbox 3573 4063 3715 4115; x_wconf 84' lang='lat' dir='ltr'><strong>roga,</strong></span> 
     </span>
    </p>
   </div>
   <div class='ocr_carea' id='block_1_106' title="bbox 2141 4110 3721 4185">
    <p class='ocr_par' dir='ltr' id='par_1_106' title="bbox 2141 4110 3721 4185">
     <span class='ocr_line' id='line_1_106' title="bbox 2141 4110 3721 4185; baseline 0.006 -25"><span class='ocrx_word' id='word_1_734' title='bbox 2141 4112 2463 4185; x_wconf 75' lang='lat' dir='ltr'><strong>minabantur</strong></span> <span class='ocrx_word' id='word_1_735' title='bbox 2484 4111 2647 4163; x_wconf 76' lang='lat' dir='ltr'><strong>vivam</strong></span> <span class='ocrx_word' id='word_1_736' title='bbox 2671 4126 2726 4185; x_wconf 82' lang='lat' dir='ltr'><strong>se</strong></span> <span class='ocrx_word' id='word_1_737' title='bbox 2744 4110 3295 4185; x_wconf 62' lang='lat' dir='ltr'><strong>illamcombusturos,</strong></span> <span class='ocrx_word' id='word_1_738' title='bbox 3324 4114 3424 4185; x_wconf 82' lang='lat' dir='ltr'><strong>nisi</strong></span> <span class='ocrx_word' id='word_1_739' title='bbox 3452 4130 3565 4166; x_wconf 81' lang='lat' dir='ltr'><strong>cum</strong></span> <span class='ocrx_word' id='word_1_740' title='bbox 3596 4110 3721 4185; x_wconf 74' lang='lat' dir='ltr'><strong>ipsis</strong></span> 
     </span>
    </p>
   </div>
   <div class='ocr_carea' id='block_1_107' title="bbox 2142 4180 3719 4250">
    <p class='ocr_par' dir='ltr' id='par_1_107' title="bbox 2142 4180 3719 4250">
     <span class='ocr_line' id='line_1_107' title="bbox 2142 4180 3719 4250; baseline 0.004 -18"><span class='ocrx_word' id='word_1_741' title='bbox 2142 4182 2295 4249; x_wconf 86' lang='lat' dir='ltr'><strong>impia</strong></span> <span class='ocrx_word' id='word_1_742' title='bbox 2319 4180 2466 4233; x_wconf 85' lang='lat' dir='ltr'><strong>verba</strong></span> <span class='ocrx_word' id='word_1_743' title='bbox 2488 4181 2856 4248; x_wconf 87' lang='lat' dir='ltr'><strong>pronuntiaret.</strong></span> <span class='ocrx_word' id='word_1_744' title='bbox 2884 4180 2943 4231; x_wconf 83' lang='lat' dir='ltr'><strong>At</strong></span> <span class='ocrx_word' id='word_1_745' title='bbox 2970 4181 3060 4231; x_wconf 81' lang='lat' dir='ltr'><strong>illa</strong></span> <span class='ocrx_word' id='word_1_746' title='bbox 3089 4182 3281 4233; x_wconf 85' lang='lat' dir='ltr'><strong>veniant</strong></span> <span class='ocrx_word' id='word_1_747' title='bbox 3306 4182 3568 4249; x_wconf 81' lang='lat' dir='ltr'><strong>deprecari</strong></span> <span class='ocrx_word' id='word_1_748' title='bbox 3591 4180 3719 4250; x_wconf 77' lang='lat' dir='ltr'><strong>pau-</strong></span> 
     </span>
    </p>
   </div>
   <div class='ocr_carea' id='block_1_108' title="bbox 2143 4250 3722 4323">
    <p class='ocr_par' dir='ltr' id='par_1_108' title="bbox 2143 4250 3722 4323">
     <span class='ocr_line' id='line_1_108' title="bbox 2143 4250 3722 4323; baseline 0.006 -23"><span class='ocrx_word' id='word_1_749' title='bbox 2143 4252 2296 4323; x_wconf 81' lang='lat' dir='ltr'><strong>lisper</strong></span> <span class='ocrx_word' id='word_1_750' title='bbox 2335 4251 2459 4311; x_wconf 82' lang='lat' dir='ltr'><strong>visa,</strong></span> <span class='ocrx_word' id='word_1_751' title='bbox 2495 4257 2648 4316; x_wconf 86' lang='lat' dir='ltr'><strong>atque</strong></span> <span class='ocrx_word' id='word_1_752' title='bbox 2683 4250 2882 4323; x_wconf 72' lang='lat' dir='ltr'><strong>interim</strong></span> <span class='ocrx_word' id='word_1_753' title='bbox 2922 4251 3159 4323; x_wconf 72' lang='lat' dir='ltr'><strong>dimissa,</strong></span> <span class='ocrx_word' id='word_1_754' title='bbox 3193 4251 3423 4305; x_wconf 84' lang='lat' dir='ltr'><strong>celeriter</strong></span> <span class='ocrx_word' id='word_1_755' title='bbox 3463 4255 3515 4307; x_wconf 90' lang='lat' dir='ltr'><strong>in</strong></span> <span class='ocrx_word' id='word_1_756' title='bbox 3555 4258 3722 4323; x_wconf 86' lang='lat' dir='ltr'><strong>ignem</strong></span> 
     </span>
    </p>
   </div>
   <div class='ocr_carea' id='block_1_109' title="bbox 2143 4319 3299 4387">
    <p class='ocr_par' dir='ltr' id='par_1_109' title="bbox 2143 4319 3299 4387">
     <span class='ocr_line' id='line_1_109' title="bbox 2143 4319 3299 4387; baseline 0.003 -15"><span class='ocrx_word' id='word_1_757' title='bbox 2143 4321 2321 4372; x_wconf 83' lang='lat' dir='ltr'><strong>insilitt</strong></span> <span class='ocrx_word' id='word_1_758' title='bbox 2356 4328 2401 4373; x_wconf 88' lang='lat' dir='ltr'><strong>et</strong></span> <span class='ocrx_word' id='word_1_759' title='bbox 2423 4320 2789 4387; x_wconf 80' lang='lat' dir='ltr'><strong>conﬂagrauit,</strong></span> <span class='ocrx_word' id='word_1_760' title='bbox 2828 4319 3105 4387; x_wconf 76' lang='lat' dir='ltr'><strong>imperante</strong></span> <span class='ocrx_word' id='word_1_761' title='bbox 3130 4322 3299 4375; x_wconf 86' lang='lat' dir='ltr'><strong>Decio.</strong></span> 
     </span>
    </p>
   </div>
   <div class='ocr_carea' id='block_1_110' title="bbox 2226 4388 3728 4461">
    <p class='ocr_par' dir='ltr' id='par_1_110' title="bbox 2226 4388 3728 4461">
     <span class='ocr_line' id='line_1_110' title="bbox 2226 4388 3728 4461; baseline 0.006 -19"><span class='ocrx_word' id='word_1_762' title='bbox 2226 4388 2243 4427; x_wconf 75' lang='grc' dir='ltr'><strong>ί</strong></span> <span class='ocrx_word' id='word_1_763' title='bbox 2277 4388 2502 4443; x_wconf 68' lang='lat' dir='ltr'><strong>Thomas.</strong></span> <span class='ocrx_word' id='word_1_764' title='bbox 2538 4388 2809 4457; x_wconf 87' lang='lat' dir='ltr'><strong>Depositio</strong></span> <span class='ocrx_word' id='word_1_765' title='bbox 2839 4390 3059 4444; x_wconf 74' lang='lat' dir='ltr'><strong>&#39;l‘tiomte</strong></span> <span class='ocrx_word' id='word_1_766' title='bbox 3097 4394 3257 4445; x_wconf 88' lang='lat' dir='ltr'><strong>etiam</strong></span> <span class='ocrx_word' id='word_1_767' title='bbox 3290 4392 3458 4461; x_wconf 87' lang='lat' dir='ltr'><strong>pridie</strong></span> <span class='ocrx_word' id='word_1_768' title='bbox 3486 4395 3728 4450; x_wconf 80' lang='lat' dir='ltr'><strong>celebra-</strong></span> 
     </span>
    </p>
   </div>
   <div class='ocr_carea' id='block_1_111' title="bbox 2219 4528 3729 4601">
    <p class='ocr_par' dir='ltr' id='par_1_111' title="bbox 2219 4528 3729 4601">
     <span class='ocr_line' id='line_1_111' title="bbox 2219 4528 3729 4601; baseline 0.009 -25"><span class='ocrx_word' id='word_1_769' title='bbox 2219 4538 2244 4576; x_wconf 73' lang='grc' dir='ltr'><strong><em>ε</em></strong></span> <span class='ocrx_word' id='word_1_770' title='bbox 2275 4528 2540 4601; x_wconf 49' lang='grc' dir='ltr'><strong>Λιιδινεινιίἑ</strong></span> <span class='ocrx_word' id='word_1_771' title='bbox 2564 4528 2835 4584; x_wconf 81' lang='lat' dir='ltr'><strong>Procreati</strong></span> <span class='ocrx_word' id='word_1_772' title='bbox 2888 4545 2916 4583; x_wconf 88' lang='lat' dir='ltr'><strong>a</strong></span> <span class='ocrx_word' id='word_1_773' title='bbox 2947 4540 3092 4595; x_wconf 87' lang='lat' dir='ltr'><strong>patre</strong></span> <span class='ocrx_word' id='word_1_774' title='bbox 3122 4530 3325 4586; x_wconf 87' lang='lat' dir='ltr'><strong>Sivvino</strong></span> <span class='ocrx_word' id='word_1_775' title='bbox 3356 4533 3407 4586; x_wconf 87' lang='lat' dir='ltr'><strong>itt</strong></span> <span class='ocrx_word' id='word_1_776' title='bbox 3457 4548 3590 4601; x_wconf 81' lang='lat' dir='ltr'><strong>pago</strong></span> <span class='ocrx_word' id='word_1_777' title='bbox 3626 4535 3729 4589; x_wconf 73' lang='lat' dir='ltr'><strong>Ve-</strong></span> 
     </span>
    </p>
   </div>
   <div class='ocr_carea' id='block_1_112' title="bbox 2148 4599 3725 4670">
    <p class='ocr_par' dir='ltr' id='par_1_112' title="bbox 2148 4599 3725 4670">
     <span class='ocr_line' id='line_1_112' title="bbox 2148 4599 3725 4670; baseline 0.004 -18"><span class='ocrx_word' id='word_1_778' title='bbox 2148 4600 2467 4670; x_wconf 76' lang='lat' dir='ltr'><strong>liocastino._</strong></span> <span class='ocrx_word' id='word_1_779' title='bbox 2504 4599 2578 4653; x_wconf 79' lang='lat' dir='ltr'><strong>Ex</strong></span> <span class='ocrx_word' id='word_1_780' title='bbox 2628 4601 2949 4653; x_wconf 56' lang='lat' dir='ltr'><strong>liontanellu:</strong></span> <span class='ocrx_word' id='word_1_781' title='bbox 3006 4606 3331 4655; x_wconf 80' lang='lat' dir='ltr'><strong>monasterio</strong></span> <span class='ocrx_word' id='word_1_782' title='bbox 3378 4599 3725 4670; x_wconf 28' lang='lat' dir='ltr'><strong>quoit’sitnm</strong></span> 
     </span>
    </p>
   </div>
   <div class='ocr_carea' id='block_1_113' title="bbox 2148 4668 3729 4738">
    <p class='ocr_par' dir='ltr' id='par_1_113' title="bbox 2148 4668 3729 4738">
     <span class='ocr_line' id='line_1_113' title="bbox 2148 4668 3729 4738; baseline 0.002 -15"><span class='ocrx_word' id='word_1_783' title='bbox 2148 4680 2229 4723; x_wconf 84' lang='lat' dir='ltr'><strong>est</strong></span> <span class='ocrx_word' id='word_1_784' title='bbox 2260 4669 2313 4723; x_wconf 87' lang='lat' dir='ltr'><strong>in</strong></span> <span class='ocrx_word' id='word_1_785' title='bbox 2344 4668 2611 4723; x_wconf 84' lang='lat' dir='ltr'><strong>territorio</strong></span> <span class='ocrx_word' id='word_1_786' title='bbox 2635 4670 3043 4733; x_wconf 75' lang='lat' dir='ltr'><strong>Rotliomagensi</strong></span> <span class='ocrx_word' id='word_1_787' title='bbox 3075 4671 3139 4721; x_wconf 80' lang='lat' dir='ltr'><strong>ad</strong></span> <span class='ocrx_word' id='word_1_788' title='bbox 3163 4668 3488 4736; x_wconf 82' lang='lat' dir='ltr'><strong>Sequanam,</strong></span> <span class='ocrx_word' id='word_1_789' title='bbox 3522 4688 3729 4738; x_wconf 68' lang='lat' dir='ltr'><strong>assunt-</strong></span> 
     </span>
    </p>
   </div>
   <div class='ocr_carea' id='block_1_114' title="bbox 2151 4740 3732 4807">
    <p class='ocr_par' dir='ltr' id='par_1_114' title="bbox 2151 4740 3732 4807">
     <span class='ocr_line' id='line_1_114' title="bbox 2151 4740 3732 4807; baseline 0.001 -14"><span class='ocrx_word' id='word_1_790' title='bbox 2151 4749 2271 4806; x_wconf 84' lang='lat' dir='ltr'><strong>ptus</strong></span> <span class='ocrx_word' id='word_1_791' title='bbox 2298 4748 2380 4793; x_wconf 88' lang='lat' dir='ltr'><strong>est</strong></span> <span class='ocrx_word' id='word_1_792' title='bbox 2409 4748 2523 4805; x_wconf 91' lang='lat' dir='ltr'><strong>post</strong></span> <span class='ocrx_word' id='word_1_793' title='bbox 2569 4740 2625 4790; x_wconf 88' lang='lat' dir='ltr'><strong>S.</strong></span> <span class='ocrx_word' id='word_1_794' title='bbox 2656 4740 2964 4791; x_wconf 81' lang='lat' dir='ltr'><strong>Audueaum</strong></span> <span class='ocrx_word' id='word_1_795' title='bbox 3020 4741 3070 4790; x_wconf 90' lang='lat' dir='ltr'><strong>in</strong></span> <span class='ocrx_word' id='word_1_796' title='bbox 3100 4741 3407 4807; x_wconf 83' lang='lat' dir='ltr'><strong>episc0pum</strong></span> <span class='ocrx_word' id='word_1_797' title='bbox 3438 4741 3732 4795; x_wconf 71' lang='lat' dir='ltr'><strong>liothoma-</strong></span> 
     </span>
    </p>
   </div>
   <div class='ocr_carea' id='block_1_115' title="bbox 2150 4807 3730 4878">
    <p class='ocr_par' dir='ltr' id='par_1_115' title="bbox 2150 4807 3730 4878">
     <span class='ocr_line' id='line_1_115' title="bbox 2150 4807 3730 4878; baseline 0.001 -16"><span class='ocrx_word' id='word_1_798' title='bbox 2150 4824 2389 4878; x_wconf 85' lang='lat' dir='ltr'><strong>gensem.</strong></span> <span class='ocrx_word' id='word_1_799' title='bbox 2424 4809 2633 4878; x_wconf 77' lang='lat' dir='ltr'><strong>Delatus</strong></span> <span class='ocrx_word' id='word_1_800' title='bbox 2662 4807 2799 4873; x_wconf 80' lang='lat' dir='ltr'><strong>apud</strong></span> <span class='ocrx_word' id='word_1_801' title='bbox 2834 4809 3123 4873; x_wconf 86' lang='lat' dir='ltr'><strong>principem</strong></span> <span class='ocrx_word' id='word_1_802' title='bbox 3159 4809 3421 4875; x_wconf 85' lang='lat' dir='ltr'><strong>l’ipinntn,</strong></span> <span class='ocrx_word' id='word_1_803' title='bbox 3458 4815 3730 4865; x_wconf 77' lang='lat' dir='ltr'><strong>humiliter</strong></span> 
     </span>
    </p>
   </div>
   <div class='ocr_carea' id='block_1_116' title="bbox 2150 4877 3728 4934">
    <p class='ocr_par' dir='ltr' id='par_1_116' title="bbox 2150 4877 3728 4934">
     <span class='ocr_line' id='line_1_116' title="bbox 2150 4877 3728 4934; baseline 0 -2"><span class='ocrx_word' id='word_1_804' title='bbox 2150 4877 2313 4932; x_wconf 66' lang='lat' dir='ltr'><strong>Subiit</strong></span> <span class='ocrx_word' id='word_1_805' title='bbox 2342 4877 2515 4931; x_wconf 78' lang='lat' dir='ltr'><strong>exsilii</strong></span> <span class='ocrx_word' id='word_1_806' title='bbox 2546 4890 2837 4928; x_wconf 66' lang='lat' dir='ltr'><strong>aerumnam</strong></span> <span class='ocrx_word' id='word_1_807' title='bbox 2874 4881 2923 4927; x_wconf 89' lang='lat' dir='ltr'><strong>itt</strong></span> <span class='ocrx_word' id='word_1_808' title='bbox 2954 4879 3263 4933; x_wconf 74' lang='lat' dir='ltr'><strong>Altomonte</strong></span> <span class='ocrx_word' id='word_1_809' title='bbox 3291 4880 3582 4934; x_wconf 64' lang='lat' dir='ltr'><strong>Hannonis:</strong></span> <span class='ocrx_word' id='word_1_810' title='bbox 3616 4900 3728 4933; x_wconf 81' lang='lat' dir='ltr'><strong>ino-</strong></span> 
     </span>
    </p>
   </div>
   <div class='ocr_carea' id='block_1_117' title="bbox 2152 4944 3732 5014">
    <p class='ocr_par' dir='ltr' id='par_1_117' title="bbox 2152 4944 3732 5014">
     <span class='ocr_line' id='line_1_117' title="bbox 2152 4944 3732 5014; baseline 0.003 -13"><span class='ocrx_word' id='word_1_811' title='bbox 2152 4948 2402 5001; x_wconf 85' lang='lat' dir='ltr'><strong>nasterio.</strong></span> <span class='ocrx_word' id='word_1_812' title='bbox 2464 4944 2561 4999; x_wconf 90' lang='lat' dir='ltr'><strong>Ubi</strong></span> <span class='ocrx_word' id='word_1_813' title='bbox 2608 4946 2766 4998; x_wconf 87' lang='lat' dir='ltr'><strong>e.iant</strong></span> <span class='ocrx_word' id='word_1_814' title='bbox 2820 4948 3006 4998; x_wconf 89' lang='lat' dir='ltr'><strong>mortis</strong></span> <span class='ocrx_word' id='word_1_815' title='bbox 3051 4960 3231 5014; x_wconf 84' lang='lat' dir='ltr'><strong>quiete</strong></span> <span class='ocrx_word' id='word_1_816' title='bbox 3284 4950 3558 5004; x_wconf 82' lang='lat' dir='ltr'><strong>dormivit.</strong></span> <span class='ocrx_word' id='word_1_817' title='bbox 3607 4952 3732 5005; x_wconf 75' lang='lat' dir='ltr'><strong>l‘o~t</strong></span> 
     </span>
    </p>
   </div>
   <div class='ocr_carea' id='block_1_118' title="bbox 2154 5016 3732 5082">
    <p class='ocr_par' dir='ltr' id='par_1_118' title="bbox 2154 5016 3732 5082">
     <span class='ocr_line' id='line_1_118' title="bbox 2154 5016 3732 5082; baseline 0.001 -13"><span class='ocrx_word' id='word_1_818' title='bbox 2154 5027 2378 5070; x_wconf 83' lang='lat' dir='ltr'><strong>mortem</strong></span> <span class='ocrx_word' id='word_1_819' title='bbox 2412 5030 2539 5068; x_wconf 87' lang='lat' dir='ltr'><strong>vero</strong></span> <span class='ocrx_word' id='word_1_820' title='bbox 2571 5016 2718 5082; x_wconf 84' lang='lat' dir='ltr'><strong>petiit</strong></span> <span class='ocrx_word' id='word_1_821' title='bbox 2766 5018 2953 5068; x_wconf 84' lang='lat' dir='ltr'><strong>referri</strong></span> <span class='ocrx_word' id='word_1_822' title='bbox 2989 5016 3377 5072; x_wconf 69' lang='lat' dir='ltr'><strong>Fontanellam.</strong></span> <span class='ocrx_word' id='word_1_823' title='bbox 3410 5021 3560 5074; x_wconf 84' lang='lat' dir='ltr'><strong>Unde</strong></span> <span class='ocrx_word' id='word_1_824' title='bbox 3591 5024 3732 5073; x_wconf 80' lang='lat' dir='ltr'><strong>llali-</strong></span> 
     </span>
    </p>
   </div>
   <div class='ocr_carea' id='block_1_119' title="bbox 2152 5087 3734 5160">
    <p class='ocr_par' dir='ltr' id='par_1_119' title="bbox 2152 5087 3734 5160">
     <span class='ocr_line' id='line_1_119' title="bbox 2152 5087 3734 5160; baseline 0.005 -25"><span class='ocrx_word' id='word_1_825' title='bbox 2152 5088 2379 5160; x_wconf 79' lang='lat' dir='ltr'><strong>dnlphus</strong></span> <span class='ocrx_word' id='word_1_826' title='bbox 2421 5087 2591 5160; x_wconf 58' lang='lat' dir='ltr'><strong>abbas</strong></span> <span class='ocrx_word' id='word_1_827' title='bbox 2613 5087 2921 5160; x_wconf 75' lang='lat' dir='ltr'><strong>Altunoutis</strong></span> <span class='ocrx_word' id='word_1_828' title='bbox 2968 5102 3177 5160; x_wconf 84' lang='lat' dir='ltr'><strong>somnio</strong></span> <span class='ocrx_word' id='word_1_829' title='bbox 3209 5094 3406 5160; x_wconf 72' lang='lat' dir='ltr'><strong>honore</strong></span> <span class='ocrx_word' id='word_1_830' title='bbox 3450 5105 3639 5160; x_wconf 87' lang='lat' dir='ltr'><strong>corpus</strong></span> <span class='ocrx_word' id='word_1_831' title='bbox 3670 5107 3734 5143; x_wconf 85' lang='lat' dir='ltr'><strong>eo</strong></span> 
     </span>
    </p>
   </div>
   <div class='ocr_carea' id='block_1_120' title="bbox 2153 5156 3239 5220">
    <p class='ocr_par' dir='ltr' id='par_1_120' title="bbox 2153 5156 3239 5220">
     <span class='ocr_line' id='line_1_120' title="bbox 2153 5156 3239 5220; baseline 0 -10"><span class='ocrx_word' id='word_1_832' title='bbox 2153 5156 2359 5210; x_wconf 78' lang='lat' dir='ltr'><strong>detulit.</strong></span> <span class='ocrx_word' id='word_1_833' title='bbox 2412 5156 2560 5220; x_wconf 83' lang='lat' dir='ltr'><strong>Quod</strong></span> <span class='ocrx_word' id='word_1_834' title='bbox 2607 5156 2798 5207; x_wconf 85' lang='lat' dir='ltr'><strong>factum</strong></span> <span class='ocrx_word' id='word_1_835' title='bbox 2827 5171 2900 5210; x_wconf 79' lang='lat' dir='ltr'><strong>es:</strong></span> <span class='ocrx_word' id='word_1_836' title='bbox 2934 5172 3081 5210; x_wconf 79' lang='lat' dir='ltr'><strong>atino</strong></span> <span class='ocrx_word' id='word_1_837' title='bbox 3116 5158 3239 5210; x_wconf 53' lang='lat'><strong>691.</strong></span> 
     </span>
    </p>
   </div>
   <div class='ocr_carea' id='block_1_121' title="bbox 2230 5223 3735 5300">
    <p class='ocr_par' dir='ltr' id='par_1_121' title="bbox 2230 5223 3735 5300">
     <span class='ocr_line' id='line_1_121' title="bbox 2230 5223 3735 5300; baseline 0.005 -24"><span class='ocrx_word' id='word_1_838' title='bbox 2230 5223 2257 5262; x_wconf 74' lang='grc' dir='ltr'>Ιι</span> <span class='ocrx_word' id='word_1_839' title='bbox 2291 5223 2569 5300; x_wconf 77' lang='lat' dir='ltr'><strong>Benedicti.</strong></span> <span class='ocrx_word' id='word_1_840' title='bbox 2621 5226 2760 5300; x_wconf 72' lang='lat' dir='ltr'><strong>Nihil</strong></span> <span class='ocrx_word' id='word_1_841' title='bbox 2812 5230 2878 5300; x_wconf 74' lang='lat' dir='ltr'><strong>(te</strong></span> <span class='ocrx_word' id='word_1_842' title='bbox 2930 5229 3029 5281; x_wconf 91' lang='lat' dir='ltr'><strong>hoc</strong></span> <span class='ocrx_word' id='word_1_843' title='bbox 3081 5228 3133 5280; x_wconf 89' lang='lat' dir='ltr'><strong>in</strong></span> <span class='ocrx_word' id='word_1_844' title='bbox 3180 5228 3294 5283; x_wconf 85' lang='lat' dir='ltr'><strong>aliis</strong></span> <span class='ocrx_word' id='word_1_845' title='bbox 3327 5228 3735 5300; x_wconf 73' lang='lat' dir='ltr'><strong>Ilartyrologiis.</strong></span> 
     </span>
    </p>
   </div>
   <div class='ocr_carea' id='block_1_122' title="bbox 2160 5294 2889 5349">
    <p class='ocr_par' dir='ltr' id='par_1_122' title="bbox 2160 5294 2889 5349">
     <span class='ocr_line' id='line_1_122' title="bbox 2160 5294 2889 5349; baseline -0.001 0"><span class='ocrx_word' id='word_1_846' title='bbox 2160 5295 2235 5349; x_wconf 89' lang='lat' dir='ltr'><strong>De</strong></span> <span class='ocrx_word' id='word_1_847' title='bbox 2265 5309 2330 5349; x_wconf 91' lang='lat' dir='ltr'><strong>eo</strong></span> <span class='ocrx_word' id='word_1_848' title='bbox 2355 5296 2548 5348; x_wconf 87' lang='lat' dir='ltr'><strong>dicitur</strong></span> <span class='ocrx_word' id='word_1_849' title='bbox 2584 5309 2667 5346; x_wconf 67' lang='lat' dir='ltr'><strong>uti</strong></span> <span class='ocrx_word' id='word_1_850' title='bbox 2700 5294 2889 5348; x_wconf 77' lang='lat' dir='ltr'><strong>Martii.</strong></span> 
     </span>
    </p>
   </div>
   <div class='ocr_carea' id='block_1_123' title="bbox 2241 5364 3738 5425">
    <p class='ocr_par' dir='ltr' id='par_1_123' title="bbox 2241 5364 3738 5425">
     <span class='ocr_line' id='line_1_123' title="bbox 2241 5364 3738 5425; baseline 0.004 -8"><span class='ocrx_word' id='word_1_851' title='bbox 2241 5364 2252 5401; x_wconf 81' lang='grc' dir='ltr'><strong>ί</strong></span> <span class='ocrx_word' id='word_1_852' title='bbox 2300 5365 2471 5418; x_wconf 64' lang='lat' dir='ltr'><strong>Serua.</strong></span> <span class='ocrx_word' id='word_1_853' title='bbox 2527 5364 2810 5417; x_wconf 77' lang='lat' dir='ltr'><strong>liollandus</strong></span> <span class='ocrx_word' id='word_1_854' title='bbox 2856 5365 3079 5425; x_wconf 83' lang='lat' dir='ltr'><strong>dubitat.</strong></span> <span class='ocrx_word' id='word_1_855' title='bbox 3127 5380 3194 5418; x_wconf 82' lang='lat' dir='ltr'><strong>an</strong></span> <span class='ocrx_word' id='word_1_856' title='bbox 3249 5367 3360 5422; x_wconf 61' lang='lat' dir='ltr'><strong>haec</strong></span> <span class='ocrx_word' id='word_1_857' title='bbox 3405 5369 3473 5422; x_wconf 87' lang='lat' dir='ltr'><strong>sit</strong></span> <span class='ocrx_word' id='word_1_858' title='bbox 3502 5368 3558 5423; x_wconf 85' lang='lat' dir='ltr'><strong>S.</strong></span> <span class='ocrx_word' id='word_1_859' title='bbox 3588 5368 3738 5424; x_wconf 76' lang='lat' dir='ltr'><strong>Xetta</strong></span> 
     </span>
    </p>
   </div>
   <div class='ocr_carea' id='block_1_124' title="bbox 2158 5435 3740 5505">
    <p class='ocr_par' dir='ltr' id='par_1_124' title="bbox 2158 5435 3740 5505">
     <span class='ocr_line' id='line_1_124' title="bbox 2158 5435 3740 5505; baseline 0.003 -16"><span class='ocrx_word' id='word_1_860' title='bbox 2158 5436 2272 5489; x_wconf 84' lang='lat' dir='ltr'><strong>sive</strong></span> <span class='ocrx_word' id='word_1_861' title='bbox 2304 5436 2547 5498; x_wconf 80' lang='lat' dir='ltr'><strong>Eusebia,</strong></span> <span class='ocrx_word' id='word_1_862' title='bbox 2584 5449 2729 5501; x_wconf 76' lang='lat' dir='ltr'><strong>virgo</strong></span> <span class='ocrx_word' id='word_1_863' title='bbox 2762 5435 3018 5496; x_wconf 81' lang='lat' dir='ltr'><strong>lloniana,</strong></span> <span class='ocrx_word' id='word_1_864' title='bbox 3053 5436 3266 5505; x_wconf 75' lang='lat' dir='ltr'><strong>Mylasze</strong></span> <span class='ocrx_word' id='word_1_865' title='bbox 3316 5439 3366 5491; x_wconf 87' lang='lat' dir='ltr'><strong>itt</strong></span> <span class='ocrx_word' id='word_1_866' title='bbox 3398 5439 3549 5492; x_wconf 81' lang='lat' dir='ltr'><strong>Caria</strong></span> <span class='ocrx_word' id='word_1_867' title='bbox 3597 5455 3740 5494; x_wconf 83' lang='lat' dir='ltr'><strong>mor-</strong></span> 
     </span>
    </p>
   </div>
   <div class='ocr_carea' id='block_1_125' title="bbox 2161 5505 3607 5573">
    <p class='ocr_par' dir='ltr' id='par_1_125' title="bbox 2161 5505 3607 5573">
     <span class='ocr_line' id='line_1_125' title="bbox 2161 5505 3607 5573; baseline 0.002 -13"><span class='ocrx_word' id='word_1_868' title='bbox 2161 5517 2282 5565; x_wconf 86' lang='lat' dir='ltr'><strong>tua;</strong></span> <span class='ocrx_word' id='word_1_869' title='bbox 2323 5518 2385 5556; x_wconf 91' lang='lat' dir='ltr'><strong>an</strong></span> <span class='ocrx_word' id='word_1_870' title='bbox 2419 5508 2639 5573; x_wconf 75' lang='lat' dir='ltr'><strong>Seruna,</strong></span> <span class='ocrx_word' id='word_1_871' title='bbox 2675 5506 2825 5569; x_wconf 78' lang='lat' dir='ltr'><strong>cujus</strong></span> <span class='ocrx_word' id='word_1_872' title='bbox 2852 5510 2919 5555; x_wconf 78' lang='lat' dir='ltr'><strong>ait</strong></span> <span class='ocrx_word' id='word_1_873' title='bbox 2950 5505 3112 5557; x_wconf 64' lang='lat' dir='ltr'><strong>Mrtas</strong></span> <span class='ocrx_word' id='word_1_874' title='bbox 3145 5506 3319 5560; x_wconf 74' lang='lat' dir='ltr'><strong>aliaue</strong></span> <span class='ocrx_word' id='word_1_875' title='bbox 3348 5510 3442 5561; x_wconf 91' lang='lat' dir='ltr'><strong>reli</strong></span> <span class='ocrx_word' id='word_1_876' title='bbox 3465 5512 3607 5573; x_wconf 70' lang='lat' dir='ltr'><strong>pnite.</strong></span> 
     </span>
    </p>
   </div>
   <div class='ocr_carea' id='block_1_126' title="bbox 2233 5572 3746 5645">
    <p class='ocr_par' dir='ltr' id='par_1_126' title="bbox 2233 5572 3746 5645">
     <span class='ocr_line' id='line_1_126' title="bbox 2233 5572 3746 5645; baseline 0.005 -19"><span class='ocrx_word' id='word_1_877' title='bbox 2233 5576 2247 5625; x_wconf 87' lang='lat' dir='ltr'><strong>i</strong></span> <span class='ocrx_word' id='word_1_878' title='bbox 2290 5573 2475 5626; x_wconf 87' lang='lat' dir='ltr'><strong>Zotict&#39;.</strong></span> <span class='ocrx_word' id='word_1_879' title='bbox 2509 5572 2741 5645; x_wconf 85' lang='lat' dir='ltr'><strong>Tetnpus</strong></span> <span class='ocrx_word' id='word_1_880' title='bbox 2774 5575 3011 5641; x_wconf 89' lang='lat' dir='ltr'><strong>martyrii</strong></span> <span class='ocrx_word' id='word_1_881' title='bbox 3046 5574 3240 5629; x_wconf 88' lang='lat' dir='ltr'><strong>indicat</strong></span> <span class='ocrx_word' id='word_1_882' title='bbox 3262 5572 3582 5645; x_wconf 64' lang='lat' dir='ltr'><strong>Galesinins,</strong></span> <span class='ocrx_word' id='word_1_883' title='bbox 3612 5580 3746 5633; x_wconf 81' lang='lat' dir='ltr'><strong>scri-</strong></span> 
     </span>
    </p>
   </div>
   <div class='ocr_carea' id='block_1_127' title="bbox 2163 5644 3745 5767">
    <p class='ocr_par' dir='ltr' id='par_1_127' title="bbox 2163 5644 3745 5767">
     <span class='ocr_line' id='line_1_127' title="bbox 2163 5644 3745 5767; baseline 0.004 -68"><span class='ocrx_word' id='word_1_884' title='bbox 2163 5645 2294 5699; x_wconf 76' lang='lat' dir='ltr'><strong>bons</strong></span> <span class='ocrx_word' id='word_1_885' title='bbox 2315 5646 2418 5767; x_wconf 61' lang='lat' dir='ltr'><strong>lbos</strong></span> <span class='ocrx_word' id='word_1_886' title='bbox 2460 5647 2511 5696; x_wconf 90' lang='lat' dir='ltr'><strong>in</strong></span> <span class='ocrx_word' id='word_1_887' title='bbox 2548 5644 2770 5697; x_wconf 87' lang='lat' dir='ltr'><strong>DeCtana</strong></span> <span class='ocrx_word' id='word_1_888' title='bbox 2806 5655 3174 5711; x_wconf 76' lang='lat' dir='ltr'><strong>persecutione</strong></span> <span class='ocrx_word' id='word_1_889' title='bbox 3207 5660 3304 5714; x_wconf 88' lang='lat' dir='ltr'><strong>pro</strong></span> <span class='ocrx_word' id='word_1_890' title='bbox 3332 5648 3553 5703; x_wconf 77' lang='lat' dir='ltr'><strong>Christo</strong></span> <span class='ocrx_word' id='word_1_891' title='bbox 3588 5665 3745 5705; x_wconf 79' lang='lat' dir='ltr'><strong>neca-</strong></span> 
     </span>
     <span class='ocr_line' id='line_1_128' title="bbox 2164 5726 2494 5767; baseline 0 0"><span class='ocrx_word' id='word_1_892' title='bbox 2164 5726 2243 5767; x_wconf 89' lang='lat' dir='ltr'><strong>tos</strong></span> <span class='ocrx_word' id='word_1_893' title='bbox 2278 5730 2308 5766; x_wconf 91' lang='lat' dir='ltr'><strong>o</strong></span> <span class='ocrx_word' id='word_1_894' title='bbox 2350 5729 2494 5767; x_wconf 85' lang='lat' dir='ltr'><strong>tisse.</strong></span> 
     </span>
    </p>
   </div>
   <div class='ocr_carea' id='block_1_128' title="bbox 2164 5726 2494 5771">
    <p class='ocr_par' dir='ltr' id='par_1_128' title="bbox 2164 5726 2494 5771">
     <span class='ocr_line' id='line_1_129' title="bbox 2164 5726 2494 5771; baseline -0.009 -1"><span class='ocrx_word' id='word_1_895' title='bbox 2164 5726 2243 5771; x_wconf 77' lang='grc'><strong>103</strong></span> <span class='ocrx_word' id='word_1_896' title='bbox 2278 5726 2494 5767; x_wconf 82' lang='lat' dir='ltr'><strong>obnsse.</strong></span> 
     </span>
    </p>
   </div>
  </div>
