4240 6454
379 330 474 385 8H

1468 324 1654 382 SECT.
1699 326 1765 382 II.
1806 356 1874 368 —
1913 322 2464 380 MARTYROLOGIA.

3499 326 3606 381 εδει

1616 435 1846 493 EDITIO
1885 434 2343 492 COLONIENSIS.

372 534 437 589 ad
469 547 618 587 suam
648 527 930 587 ecclesiam
963 524 1278 585 Interamna:
1308 530 1477 595 urbis,
1509 540 1663 585 noctu
1694 529 1935 598 sepelie-
1960 536 2008 590 Α
2038 528 2188 597 tyris.
2218 527 2317 592 Qui
2361 540 2481 581 cum
2538 525 2754 582 haberet
2802 526 2964 581 ﬁlium
3014 523 3346 581 Cerimonem
3393 528 3607 582 nomine

370 635 513 680 runt.
545 621 645 678 Ubi
672 634 791 677 cum
823 623 1143 691 quntidianis
1173 622 1367 692 vigiliis
1400 622 1727 683 incubarent,
1758 621 1939 675 tentia

371 712 660 783 gentilibus
713 712 969 766 custodiae
1013 720 1135 765 sunt
1165 713 1339 766 traditi
1383 712 1647 767 consulari
1685 711 1937 777 Leontio;

372 817 505 874 quos
532 800 621 857 ille
644 801 807 871 jussit
832 802 1005 856 noctis
1050 802 1227 857 medio
1279 803 1390 855 suis
1431 802 1778 857 tribunalibtts
1804 816 1939 870 pra:-

370 893 589 957 sentari,
630 902 684 946 et
739 904 860 945 cum
899 906 929 944 s
971 892 1073 945 fide
1115 892 1375 952 revocari,
1425 906 1522 945 nec
1564 890 1937 946 blandimentis

375 996 474 1037 nec
502 980 661 1035 minis
694 989 926 1044 possent,
954 980 1111 1048 jussit
1138 980 1309 1047 capite
1334 980 1485 1044 credi,
1516 981 1605 1050 qui
1648 996 1751 1033 non
1782 981 1939 1048 longe

371 1079 500 1128 sunt
542 1082 573 1125 a
602 1082 827 1139 corpore
855 1070 1023 1124 sancti
1067 1069 1329 1124 Valentini
1370 1072 1581 1138 sepulti.
1631 1070 1825 1125 Eodem
1852 1070 1939 1123 die

373 1172 678 1216 sanctorum
730 1168 1023 1230 martyrum
1080 1158 1296 1226 Vitalis,
1334 1160 1577 1213 Feliculae
1606 1170 1660 1215 et
1687 1160 1937 1215 Zenonis.

375 1252 531 1321 Apud
560 1249 933 1306 Alexandriam
959 1259 1263 1303 sanctorum
1292 1250 1459 1313 Bassi,
1490 1250 1721 1312 Antonii,
1755 1250 1938 1303 Proto-

370 1340 478 1403 lici,
508 1341 598 1410 qui
641 1339 878 1395 immersi
908 1348 1031 1393 sunt
1069 1339 1224 1392 mari.
1277 1338 1406 1392 Item
1456 1337 1687 1391 Cirion'ts
1721 1340 1939 1409 presby~

372 1428 494 1495 teri,
525 1428 753 1493 nosces,
787 1428 1023 1481 Bassiani
1054 1428 1290 1491 lectoris,
1317 1426 1608 1496 Agathonis
1638 1429 1932 1493 exorcistze,

369 1519 459 1587 qui
490 1531 678 1571 omnes
718 1515 823 1584 igni
853 1515 1116 1570 combusti
1145 1524 1286 1571 sunt.
1345 1516 1470 1569 Item
1511 1514 1775 1584 Dionysii,
1804 1513 1934 1569 Atu-

370 1609 533 1665 monii
559 1608 956 1664 decollstnrum.

443 1696 507 1752 D.
534 1695 623 1752 XV
649 1695 783 1752 ΚΑΙ..
808 1696 1026 1751 Mansit.
1049 1723 1118 1736 --
1140 1694 1320 1751 Roma:
1340 1695 1505 1752 sancti
1526 1695 1774 1751 Cratonis
1798 1708 1938 1750 mar-

2039 620 2435 682 scholasticum,
2466 618 2552 685 qui
2584 617 2908 673 incideratin
2949 618 3313 687 mgritudinem
3348 620 3601 685 gravissi-

2043 723 2204 774 mam,
2229 722 2452 778 eumque
2475 707 2627 760 beato
2653 706 2929 761 Valentino
2953 707 3203 776 episcopo
3223 708 3285 761 ad
3308 711 3602 763 sanandum

2040 798 2339 863 obtulisset,
2371 797 2472 851 sub
2503 796 2589 850 tali
2618 796 2923 851 conditione
2943 840 2959 865 ,
2986 807 3041 851 ut
3071 799 3114 852 si
3147 812 3275 865 puer
3302 808 3605 863 sanaretur,

2042 889 2155 959 ipse
2181 904 2301 944 cum
2332 888 2475 942 omni
2506 887 2664 942 domo
2693 902 2787 941 sua
2837 890 2986 942 fieret
3015 888 3333 943 christianos
3353 932 3368 957 ,
3419 902 3607 945 sanato

2044 994 2228 1049 puero,
2262 980 2403 1049 quod
2438 979 2778 1045 promiserat,
2811 978 3083 1047 implevit;
3115 988 3271 1046 atque
3294 995 3413 1034 cum
3442 996 3605 1035 nxnre

2040 1079 2097 1125 et
2123 1069 2373 1123 universa
2396 1070 2558 1124 domo
2582 1069 2900 1138 baptizatus,
2927 1085 3030 1123 non
3064 1070 3248 1125 multis
3274 1081 3391 1140 post
3420 1072 3605 1125 diebus

2040 1159 2296 1229 martyrio
2320 1168 2405 1214 est
2432 1167 2849 1213 consummatus.
2885 1159 2941 1212 In
2973 1158 3154 1213 Galliis
3179 1159 3387 1215 civitate
3417 1160 3602 1215 Vasio-

2040 1261 2222 1311 nense,
2251 1246 2518 1314 depositio
2548 1246 2780 1312 Quinidii
2808 1247 3066 1316 episcopi,
3120 1247 3269 1316 cujus
3301 1258 3521 1303 mortem
3552 1244 3602 1302 in

2037 1344 2323 1405 conspectu
2356 1335 2561 1389 Domini
2592 1336 2881 1403 pretiosam
2913 1335 3165 1389 miracula
3190 1336 3374 1390 crebra
3409 1347 3605 1390 testan-

2040 1435 2143 1480 tur.
2167 1426 2222 1478 In
2252 1425 2530 1479 Antiochia
2559 1424 2733 1479 natale
2762 1425 2931 1479 sancti
2961 1424 3157 1493 Joseph
3180 1426 3410 1490 dial-oni,
3433 1424 3603 1479 Zeno-

2041 1517 2143 1572 nis.
2169 1517 2497 1582 Iuteramnr,
2520 1516 2697 1571 natale
2724 1526 2922 1571 sancta:
2947 1516 3140 1585 Agapte
3162 1516 3403 1587 virginis,
3425 1518 3602 1572 Satur-

2041 1608 2153 1663 nini
2174 1616 2230 1663 et
2249 1607 2497 1661 Castulte.
2518 1606 2573 1660 In
2592 1606 2803 1663 civitate
2829 1606 3013 1662 Presia
3035 1616 3339 1662 sanctorum
3365 1598 3602 1664 Faustini

2041 1704 2097 1752 et
2120 1696 2298 1751 lenita:
2324 1705 2635 1767 martyrum.

1595 1784 1821 1840 EDITIO
1861 1784 2358 1840 BOLLANDI'ANA.

381 1883 407 1914 ⁸
434 1875 731 1949 presbyteri
783 1874 964 1930 Romae
1009 1875 1140 1943 :qui
1198 1883 1315 1944 post
1350 1873 1519 1928 multa
1566 1874 1847 1928 sanitatum
1888 1882 1943 1929 et
1974 1880 2017 1939 Β
2046 1881 2281 1943 possent,
2328 1871 2483 1941 jussit
2529 1872 2700 1943 capite
2744 1864 2914 1925 ca-di:
2958 1872 3046 1943 qui
3078 1887 3180 1927 non
3220 1866 3374 1943 longe
3404 1882 3523 1926 sunt
3572 1888 3601 1927 a

376 1968 632 2025 doctrinae
654 1967 874 2038 insignia
900 1965 1125 2020 fustibus
1144 1979 1335 2031 caesus,
1356 1974 1409 2019 et
1430 1964 1506 2020 sic
1534 1964 1825 2019 decollatus
1848 1972 1930 2018 est

374 2058 474 2115 sub
519 2056 745 2112 Claudio
776 2056 1005 2110 Caasare.
1049 2053 1243 2109 Eodem
1274 2054 1359 2109 die
1382 2053 1554 2107 natale
1576 2053 1632 2109 8.
1665 2052 1929 2108 Valentini

377 2137 786 2202 Interamnensis
823 2143 850 2183 δ
896 2145 1166 2214 episcopi:
1198 2144 1286 2213 qui
1332 2152 1508 2199 tentus
1548 2158 1577 2197 a
1623 2146 1837 2213 paganis
1867 2159 1930 2211 ac

382 2236 542 2306 virgis
556 2249 747 2300 caesus,
762 2242 817 2290 et
836 2244 955 2303 post
971 2234 1267 2288 diuturnam
1287 2232 1481 2288 caedem
1502 2233 1752 2288 custodite
1775 2248 1930 2288 man-

373 2327 599 2397 cipatus,
627 2341 745 2382 cum
788 2326 1024 2395 superari
1056 2339 1159 2379 non
1189 2332 1388 2393 posset,
1435 2324 1620 2379 medize
1652 2328 1824 2379 noctis
1863 2326 1933 2379 si-

376 2413 543 2470 lentio
569 2412 770 2485 ejectus
799 2413 867 2468 de
890 2427 1105 2468 carcere
1128 2411 1416 2467 decollatus
1439 2422 1539 2477 est,
1561 2413 1713 2480 jussu
1739 2413 1929 2468 furiosi

379 2508 602 2568 Placidii
633 2511 777 2565 urbis
805 2510 1059 2581 praefecti.
1091 2510 1205 2565 Huc
1235 2525 1400 2579 usque
1446 2513 1506 2563 Α.
1551 2511 1698 2566 Tunc
1727 2512 1931 2567 Procu-

384 2603 489 2671 lus,
519 2602 713 2674 Elybus
759 2600 851 2673 [υ.
884 2600 947 2656 Τ.
974 2599 1036 2656 ι.
1056 2642 1074 2671 ,
1104 2599 1313 2671 Esibus]
1351 2610 1405 2658 et
1434 2603 1741 2671 Apollonius
1770 2605 1932 2659 disci-

376 2693 489 2763 puli
534 2694 669 2761 ejus,
700 2693 1075 2748 transferentes
1118 2706 1311 2762 corpus
1351 2694 1416 2747 ad
1447 2708 1595 2747 suam
1649 2694 1931 2749 ecclesiam

370 2782 793 2840 lnteramnanam
825 2784 1030 2848 urbem,
1081 2793 1237 2839 noctu
1266 2784 1593 2854 sepelierunt
1639 2803 1651 2838 :
1683 2785 1775 2840 ubi
1803 2800 1926 2840 eum

374 2874 697 2945 qu0tidianis
728 2875 920 2945 vigiliis
969 2874 1303 2939 incubarent,
1357 2875 1486 2930 tenti
1534 2889 1562 2928 a
1609 2875 1932 2945 gentilibus,

369 2965 633 3021 custodia:
660 2974 783 3020 sunt
829 2964 1007 3021 traditi
1049 2963 1328 3021 Consulari
1376 2964 1616 3021 Leontio.
1666 2966 1812 3033 Quos
1845 2967 1935 3021 ille

374 3056 533 3126 jussit
560 3056 734 3113 medio
764 3058 933 3111 noctis
962 3055 1071 3111 suis
1097 3055 1447 3111 tribunalibus
1477 3058 1783 3123 presentari
1816 3075 1827 3110 :
1881 3066 1935 3113 et

374 3163 499 3208 cum
542 3164 574 3205 a
611 3148 715 3205 Iide
757 3148 1000 3204 revocari
1063 3161 1161 3203 nec
1209 3148 1581 3203 blandimentis
1626 3163 1725 3204 nec
1776 3147 1933 3205 minis

2036 1976 2263 2032 corpore
2286 1962 2343 2017 8.
2375 1961 2635 2017 Valentini
2668 1961 2882 2029 sepulti.

2106 2096 2171 2148 A.
2202 2094 2263 2149 Τ.
2298 2094 2379 2159 L.,
2404 2093 2599 2148 Eodem
2631 2092 2714 2147 die
2742 2093 2913 2147 natale
2938 2092 3032 2148 SS.
3068 2101 3090 2130 ο
3120 2092 3323 2159 Vitalis,
3348 2093 3595 2149 Felicnlze

2033 2172 2088 2218 et
2118 2163 2366 2218 Zenonis.
2413 2164 2498 2227 L.,
2541 2164 2593 2216 In
2641 2163 2955 2216 Alexandria
2992 2167 3018 2207 d
3060 2162 3331 2231 Bassiani,
3360 2164 3592 2232 Orionis,

2035 2234 2349 2304 Agathonis,
2378 2233 2466 2300 qui
2494 2236 2611 2300 igne
2638 2233 2895 2286 combusti
2922 2242 3064 2286 sunt.

2108 2341 2195 2396 15.
2228 2369 2295 2381 —
2324 2339 2413 2395 XV
2452 2339 2589 2396 ΚΑι..
2624 2339 2785 2395 Vacat
2821 2340 2996 2395 Baeda.

2108 2451 2291 2506 Florus
2319 2452 2370 2504 itt
2404 2451 2463 2504 Δ.
2495 2450 2559 2505 Τ.
2591 2450 2678 2518 L.,
2714 2451 2971 2506 Bituricas
3014 2446 3278 2519 depositio
3310 2451 3371 2508 S.
3408 2463 3429 2490 ο
3479 2455 3586 2507 Λιι-

2036 2523 2288 2588 stregisili
2314 2523 2547 2589 episcopi
2575 2532 2628 2575 et
2672 2522 3033 2592 confessoris:
3063 2526 3151 2592 qui
3198 2522 3251 2576 in
3303 2521 3395 2578 Dei
3431 2526 3585 2578 rebus

2035 2594 2344 2658 magnificus
2373 2602 2531 2656 atque
2557 2591 2771 2659 insignis
2796 2591 2916 2645 fuit.
3087 2591 3090 2592 ⁷
3324 2656 3327 2659 _

2110 2662 2195 2741 D3,
2229 2662 2495 2746 Irt‘omasns.
2519 2660 3095 2746 ."Cratonis.m3rty‘ris.l
3114 2660 3262 2729 Apud
3293 2661 3585 2746 Sebastiani

2039 2732 2215 2796 passio
2244 2732 2301 2786 S.
2334 2739 2357 2777 ϐ
2392 2729 2550 2782 Blavii
2578 2730 2833 2798 episcopi.
2867 2729 2932 2783 V.
2962 2730 3047 2797 (3.,
3079 2729 3388 2785 Interamna:
3411 2736 3583 2787 natale

2039 2800 2094 2855 S.
2127 2796 2155 2837 ιι
2187 2801 2377 2866 Agapre
2400 2799 2636 2867 virginis,
2668 2800 2959 2868 Saturnini,
2992 2800 3238 2863 (Iastulii,
3275 2800 3463 2868 Magni.
3492 2799 3580 2867 γ..

2040 2869 2094 2922 1η
2127 2868 2624 2950 Antiochiaioseplt
2661 2870 2871 2923 Diaconi
2899 2883 2948 2950 et
2983 2868 3223 2950 Romani,
3258 2871 3425 2950 Lucii,
3481 2871 3585 2950 ιιφ

2038 2940 2165 3008 gati.
2196 2940 2254 2993 C.
2288 2938 2505 2993 Lucium
2542 2939 3019 2992 lnteramnensibus
3048 2941 3234 3008 jungit.
3283 2944 3346 2992 A.
3373 2940 3461 3004 T.,
3491 2940 3586 2994 ad-

2039 3012 2171 3063 dunt
2216 3008 2271 3063 S.
2305 3011 2496 3077 Agapte
2526 3009 2698 3063 socios
2728 3020 2982 3078 martyres
3012 3008 3177 3061 XXX.
3208 3008 3296 3075 'I‘.,
3332 3010 3397 3063 Et
3422 3010 3586 3078 depoo

2042 3079 2165 3133 sitio
2215 3080 2273 3135 8.
2320 3079 2527 3149 Salvini
2565 3079 2801 3147 episcopi
2846 3089 2900 3133 et
2929 3079 3281 3149 confessoris.
3339 3081 3456 3149 Ipso
3498 3084 3589 3135 die

2042 3150 2217 3218 passio
2265 3150 2321 3205 8.
2361 3148 2376 3185 ⁸
2414 3148 2667 3203 Desiderii
2708 3148 2941 3219 episcopi
2971 3158 3025 3204 et
3072 3150 3339 3219 martyris.
3368 3148 3585 3208 L'otetu

1742 3254 1949 3311 SMITH
1988 3255 2217 3312 ΝΟΤΕ.

450 3360 468 3382 ·
495 3349 804 3430 Presbyteri.
836 3346 1003 3430 Quem
1032 3345 1249 3430 Claudio
1275 3346 1507 3402 secundo
1534 3347 1852 3430 imperatore
1874 3349 1924 3402 in
1953 3368 1999 3430 ρ

362 3422 761 3494 amphitheatro
804 3419 905 3494 sibi
954 3427 1325 3494 priesentatum
1366 3428 1603 3494 rogante,
1653 3431 1749 3494 cur
1792 3419 1926 3494 Deos

364 3486 475 3548 noti
522 3491 803 3552 sdoraret;
848 3489 938 3542 ille
968 3486 1164 3541 Cbristi
1216 3486 1371 3540 ﬁdem
1417 3487 1597 3540 multis
1630 3488 1922 3542 rationibus

363 3559 693 3633 probavitin
725 3565 947 3633 tantum,
980 3564 1038 3611 ut
1067 3556 1553 3633 imperatorjpsum
1568 3557 1633 3610 de
1661 3557 1921 3633 sapientia

362 3624 783 3687 commendaret.
817 3627 1009 3680 Verum
1059 3628 1186 3679 dum
1236 3624 1588 3694 Calphurnius
1640 3627 1921 3694 praefectus

363 3701 570 3756 diceret
608 3698 983 3765 imperatorem
1015 3695 1313 3759 seductum,
1353 3695 1566 3749 tradidit
1601 3709 1723 3749 eum
1766 3696 1921 3750 Aste-

363 3771 449 3826 rio
480 3766 700 3839 principi
726 3776 788 3839 ut
817 3766 869 3818 in
898 3765 1131 3839 riemanr
1142 3777 1295 3818 suam
1340 3765 1624 3819 adductum
1671 3765 1737 3839 ad
1786 3766 1920 3819 Deo-

322 3894 325 3897 .
362 3832 494 3895 rum'
514 3832 773 3893 sacriﬁcia
800 3834 1069 3888 suaderet.
1094 3832 1227 3888 Cum
1253 3842 1427 3888 autem
1456 3843 1670 3888 sanctus
1696 3835 1912 3889 domum

406 3906 621 3975 rincipis
645 3906 915 3969 intrasset,
946 3904 1105 3957 tlliam
1146 3902 1261 3971 ejus
1295 3904 1602 3975 gadoptivatu
1634 3919 1825 3957 enecant
1858 3905 1921 3975 il-

393 3968 665 4038 uminavit,
695 3985 747 4028 et
775 3968 905 4043 mox
927 3987 1049 4043 eum
1080 3968 1199 4043 cum
1225 3968 1631 4043 suisconvertit
1665 3982 1722 4027 et
1750 3968 1921 4043 bapti-

367 4048 527 4101 zavit.
558 4046 673 4113 Quo
697 4042 938 4113 cognito,
956 4039 1206 4113 Claudius
1227 4042 1292 4094 ad
1309 4042 1574 4113 civitatem
1602 4042 1799 4097 Ostiam
1820 4039 1921 4097 As-

367 4118 557 4170 terium
582 4110 639 4168 et
664 4110 877 4167 omnem
918 4110 1166 4165 familiam
1212 4111 1377 4165 occidi
1420 4110 1605 4181 jussit;
1637 4114 1692 4167 8.
1742 4122 1917 4167 autem

368 4185 703 4238 Valentinum
736 4181 962 4234 fustibus
991 4181 1143 4246 cadi,
1170 4188 1226 4235 et
1252 4185 1334 4233 via
1365 4182 1614 4235 Flaminia
1646 4182 1918 4235 decollari.

361 4253 527 4323 Cujus
556 4265 749 4323 corpus
774 4264 806 4304 a
833 4251 1058 4323 quadarn
1086 4258 1324 4323 matrona
1352 4250 1617 4323 savinella
1651 4252 1700 4304 in
1721 4254 1917 4323 eodem

359 4318 480 4379 loco
525 4321 788 4390 sepultum
814 4318 915 4390 est.
949 4320 1138 4390 Petrus,
1159 4319 1225 4372 de
1254 4318 1423 4390 Natal.
1446 4321 1799 4390 —7_Claudius
1829 4337 1919 4376 re--

362 4407 527 4463 gnare
554 4386 833 4463 comitati.
859 4388 987 4451 268.
1015 4386 1226 4463 circiter
1251 4387 1391 4463 diem
1422 4404 1475 4463 tit
1503 4388 1834 4463 ΔΚειΙκΑρμ,
1865 4401 1920 4445 et

362 4458 598 4532 regnavit
624 4460 689 4514 ad
722 4458 927 4532 initium
945 4470 1044 4532 _an.
1078 4458 1214 4532 270;
1243 4460 1417 4532 obitus
1447 4459 1686 4532 igitur§.
1723 4458 1917 4513 Valen-

367 4526 463 4587 tini
504 4531 806 4585 necessario
835 4528 1186 4582 conferendus
1215 4536 1300 4580 est
1330 4528 1381 4580 in
1428 4526 1513 4579 an.
1565 4526 1708 4590 269;
1742 4544 1917 4597 neque

361 4602 503 4655 enim
535 4613 716 4655 mense
760 4597 1049 4653 Februario
1095 4596 1219 4651 anni
1248 4599 1520 4665 sequentis
1569 4597 1624 4651 in
1652 4598 1784 4651 vins
1815 4596 1917 4653 luit

357 4669 633 4726 Claudius.

431 4739 459 4777 ιι
488 4737 750 4819 Episcopi.
799 4735 1036 4817 Ordinati
1082 4734 1315 4858 epjscopi
1342 4749 1370 4788 a
1402 4734 1457 4789 S.
1495 4730 1764 4790 Felieiano
1792 4737 1907 4803 epi-
1944 4746 1993 4807 ι)

431 4822 522 4858 ano
551 4807 804 4858 Famuate
837 4820 1092 4858 neruussu
1170 4816 1347 4857 tctorts
1379 4820 1555 4858 uanae:
1586 4809 1665 4858 vel
1686 4809 1785 4858 sub
1802 4812 1909 4858 Au-

359 4822 522 4878 scOpo
550 4807 804 4876 Faginate
836 4808 1093 4878 permissu
1122 4806 1555 4878 V_ict_oris_papae;
1586 4809 1665 4861 vel
1686 4809 1785 4863 sub
1802 4812 1909 4862 Αυ.

364 4874 566 4934 reliano
592 4874 676 4932 vel
712 4874 931 4931 Claudio
958 4876 1119 4944 passi.
1154 4874 1395 4927 Bolland.

433 4960 455 4988 ο
487 4946 691 5002 Vitalis.
724 4945 991 5001 Usuardus
1016 4953 1071 4999 et
1097 4944 1211 4998 Ado
1239 4944 1418 4997 Romae
1450 4946 1545 4998 hos
1570 4957 1754 5013 passos
1780 4946 1913 5000 scri-

362 5018 511 5072 bunt.
563 5015 830 5071 Notkerus
876 5018 1035 5069 etiam
1082 5016 1217 5066 viain
1264 5014 1601 5083 Arideatinatn
1655 5015 1911 5083 adjnngit.

363 5087 587 5141 Chinius
614 5087 665 5140 in
708 5084 959 5153 Catalogo
995 5093 1296 5137 sanctorum
1330 5082 1551 5153 Vitalem
1598 5082 1752 5138 vocat
1799 5100 1917 5151 pre-

359 5158 652 5227 sbyterum,
699 5164 753 5210 et
782 5152 1192 5211 Wandelbertus
1236 5153 1291 5208 8.
1325 5152 1612 5207 Feliculam
1660 5156 1915 5224 virginem

356 5229 608 5282 celebrat.

435 5293 463 5334 ἀ
488 5293 744 5350 Bassiani.
796 5293 1077 5365 Bassianus
1106 5292 1272 5365 lector
1318 5291 1443 5357 fuit;
1474 5292 1656 5358 Orion,
1689 5293 1769 5348 vel
1814 5294 1917 5365 Cy-

356 5365 494 5431 rion,
527 5368 835 5434 presbyter;
862 5364 1067 5434 Agatho
1095 5362 1379 5434 exorcista.

431 5430 825 5504 είᾼίιατερἕείιὶ.
880 5430 1031 5502 Apud
1085 5433 1268 5504 urbem
1325 5430 1702 5504 Bituricensem
1762 5440 1912 5501 patre

356 5501 604 5557 Grandine
654 5501 739 5558 hic
791 5512 946 5557 natus
994 5510 1096 5561 est.
1143 5501 1633 5571 adolescensvisit
1681 5502 1735 5557 in
1788 5504 1909 5571 aula

354 5573 665 5627 Cuntramni
722 5574 883 5641 regis,
917 5580 1095 5639 postea
1139 5584 1169 5623 a
1202 5570 1260 5623 Β.
1293 5569 1524 5641 Annario
1574 5569 1907 5641 Autissiodu-

355 5646 497 5698 rensi
525 5638 1077 5712 episcopo'nrdinatus
1099 5651 1179 5694 est
1204 5638 1595 5712 subdiaconus;
1619 5643 1685 5695 ab
1715 5640 1905 5698 t‘Etbe-

2031 3348 2242 3403 Nicetii.
2291 3346 2513 3418 Deinde,
2543 3354 2752 3418 mortuo
2792 3346 3081 3413 Apollinari
3114 3347 3425 3413 Bituricensi
3470 3350 3584 3418 epi-

2029 3432 2213 3487 scopo,
2239 3421 2288 3471 in
2313 3417 2428 3487 ejus
2455 3425 2623 3472 locum
2644 3417 2891 3472 suffectus
2920 3428 3022 3481 est,
3049 3429 3102 3471 et
3146 3434 3263 3472 eam
3293 3417 3581 3475 Ecclesiam

2025 3488 2306 3542 duodecim
2337 3488 2488 3542 annis
2510 3488 2915 3541 administravit.
2939 3488 3082 3541 Obiit
3106 3489 3313 3541 tandem
3338 3504 3425 3543 an.
3451 3490 3577 3547 627.

2022 3559 2155 3611 Acta
2200 3558 2336 3626 apud
2385 3557 2594 3626 Suriutn
2644 3567 2773 3611 tom.
2826 3557 2911 3613 Ill.
2956 3557 3180 3612 Ghinins
3204 3558 3477 3612 Senensis.
3510 3584 3584 3602 --

2026 3625 2318 3691 Usuartlus,
2355 3625 2639 3690 Notkerus,
2695 3627 2971 3690 Baronius,
3004 3628 3187 3680 l’etrus
3208 3628 3275 3681 de
3305 3627 3580 3685 Natalibus

2020 3706 2074 3749 et
2106 3699 2358 3765 pleraque
2382 3697 2749 3766 Martyrol0gia
2781 3698 2936 3765 hujus
2963 3698 3343 3764 tlcpositionem
3367 3713 3578 3753 memo-

2021 3774 2143 3836 rant
2172 3782 2263 3821 χιιι
2294 3766 2410 3821 Kal.
2442 3767 2603 3821 Junii.
2638 3767 2919 3820 Saussatus
2951 3768 2999 3819 in
3044 3768 3414 3836 Martyrologio
3462 3784 3570 3825 non

2019 3828 2424 3902 depositionem,
2459 3837 2551 3891 sed
2582 3837 2969 3890 ordinationem
3006 3836 3162 3889 hodie
3177 3828 3446 3892 'c'eleb'rat.

2093 3900 2523 3977 ‘ACratartis.vVir
2553 3906 3126 3977 Atlteniensis,orator
3154 3904 3358 3977 Romae,
3402 3908 3579 3977 lingua

2020 3974 2205 4029 Latina
2250 3986 2304 4029 et
2343 3976 2529 4029 Graeca
2576 3975 2775 4031 clarus.
2831 3975 2932 4040 Qui
2989 3991 3103 4027 cum
3157 3975 3359 4028 haberet
3414 3974 3581 4039 ﬁlium

2020 4045 2398 4099 Chwremonem
2424 4045 2653 4107 nomine,
2681 4044 3079 4114 ‘quiuinciderat
3108 4045 3164 4114 iit
3204 4046 3576 4114 wgr-itudinem,

2017 4115 2085 4166 ad
2104 4130 2316 4182 eumque
2354 4099 2732 4167 sanandum’B'.
2778 4111 3106 4166 Valentinum
3138 4099 3578 4169 Inte‘i'amnenseni

2016 4196 2286 4246 euocasset,
2311 4184 2571 4253 eidemque
2599 4183 2763 4250 ipsum
2815 4186 2901 4235 sub
2931 4184 3018 4236 tali
3048 4183 3337 4237 conditione
3361 4184 3579 4238 obtulis-

2014 4265 2108 4317 set,
2134 4266 2186 4306 ut
2232 4254 2275 4305 si
2325 4270 2447 4321 puer
2476 4265 2770 4318 sanaretur,
2810 4255 2914 4312 ipse
2942 4264 3060 4306 cum
3109 4254 3247 4306 omni
3296 4256 3446 4306 domo
3485 4271 3579 4308 sua

2018 4325 2154 4391 fieret
2184 4323 2506 4377 Christianus
2527 4364 2541 4387 ,
2572 4335 2751 4376 sanato
2788 4338 2963 4392 puero,
2988 4323 3123 4391 quod
3168 4325 3462 4388 promiserat
3482 4326 3579 4378 im-

2017 4394 2164 4460 plevit
2194 4409 2211 4446 :
2240 4403 2386 4463 atque
2412 4410 2526 4447 cum
2557 4409 2712 4446 uxore
2751 4404 2794 4445 et
2824 4393 3056 4445 universa
3086 4398 3235 4446 domo
3266 4394 3576 4462 baptizatus,

2017 4479 2115 4533 non
2145 4476 2254 4533 post
2285 4464 2467 4517 multos
2495 4465 2600 4516 dies
2631 4465 2871 4532 martyrio
2893 4473 3265 4517 consummatus
3290 4474 3383 4517 est.
3416 4464 3573 4520 Baeda

2018 4531 2195 4599 Vulg},
2230 4534 2366 4599 Atio,
2397 4533 2612 4587 Notker.

2084 4610 2111 4648 Β
2142 4602 2327 4655 Blavt‘i.
2377 4604 2577 4657 Forsan
2606 4602 2690 4657 hic
2732 4600 2871 4657 idem
2903 4612 2985 4658 est
3009 4617 3129 4656 cum
3171 4601 3227 4656 S.
3264 4601 3439 4654 Blasio
3476 4603 3566 4671 qui

2015 4672 2207 4725 Colitur
2239 4687 2293 4724 ιιι
2326 4672 2480 4725 Febr.

2091 4739 2116 4777 ιι
2148 4744 2357 4810 Agapte.
2387 4742 2514 4793 Acta
2539 4738 2656 4807 ejus
2682 4753 2758 4793 sic
2784 4740 3003 4808 etpOnit
3037 4738 3306 4810 Ferrarius
3333 4740 3383 4793 in
3410 4739 3566 4793 Cata-

2022 4811 2140 4878 logo
2171 4808 2269 4864 88.
2302 4810 2457 4862 Italia:
2483 4826 2494 4860 :
2521 4810 2874 4879 Agapesvirgo
2900 4811 3082 4861 nobilis
3112 4808 3420 4862 Interamna!
3443 4821 3563 4863 nata

2019 4888 2108 4933 sub
2147 4880 2411 4932 Valentino
2436 4878 2671 4946 episcbpo
2701 4878 2981 4930 Interanm.
3017 4880 3191 4947 ﬂoruit
3216 4892 3233 4942 ,'
3258 4896 3358 4930 una
3380 4894 3442 4931 ea:
3468 4896 3567 4931 nn-

2021 4966 2159 5003 mero
2187 4964 2382 5011 earum,
2412 4963 2525 5015 qua:
2554 4963 2615 5000 ea:
2636 4951 2858 5017 ejusdem
2878 4948 2939 5001 S.
2975 4947 3232 5017 Valentini
3256 4949 3573 5001 institutione

2019 5020 2092 5071 uti
2120 5018 2364 5071 moniales
2395 5016 2667 5085 degebant.
2690 5018 2814 5070 Cum
2858 5027 3025 5071 autem
3059 5016 3324 5069 [dolorum
3355 5017 3570 5070 cultores

2014 5086 2071 5142 in
2119 5086 2431 5140 Christianos
2480 5090 2725 5156 furerent,
2772 5086 3177 5156 luterammeqae
3223 5104 3305 5141 eos
3348 5090 3569 5139 maxime

2020 5169 2430 5227 persequerentur
2460 5167 2569 5223 post
2600 5158 2825 5226 magistri
2856 5168 3063 5210 mortem
3092 5167 3136 5208 et
3165 5159 3272 5225 ipsa
3314 5156 3569 5209 Interam-

2024 5243 2151 5280 mnae
2175 5228 2554 5296 comprehensa,
2585 5244 2694 5280 cum
2723 5229 2774 5280 in
2789 5227 2972 5280 Christi
3000 5230 3310 5294 confessione
3337 5228 3569 5279 immobi-

2022 5299 2082 5367 lis
2115 5298 2416 5367 persisteret,
2460 5297 2631 5363 gladio
2659 5298 3027 5367 animadversa,
3063 5298 3342 5367 virginitati
3373 5310 3569 5365 marty-

2020 5365 2085 5419 rii
2113 5366 2333 5435 palmam
2382 5366 2616 5437 adjunxit
2658 5383 2722 5420 sv
2766 5365 2891 5420 Kal.
2936 5365 3333 5437 Martia—Cujus
3381 5381 3569 5433 corpus

2018 5437 2069 5489 in
2098 5452 2155 5488 eo
2182 5438 2293 5488 loco
2319 5436 2405 5503 qui
2428 5436 2733 5489 lntertarres
2771 5438 2953 5489 dicitur
2977 5436 3238 5489 conditum
3257 5446 3351 5491 est.

2098 5516 2112 5542 ι
2154 5505 2423 5561 Desiderii.
2470 5506 2683 5559 Videtur
2714 5506 2799 5559 hic
2825 5507 3106 5573 episcenos
3141 5504 3456 5559 Viennensis
3484 5505 3567 5557 ht-

2015 5575 2215 5639 dicari,
2268 5576 2357 5642 qui
2399 5588 2558 5641 supra
2601 5575 2791 5629 colitur
2850 5590 2898 5627 ιι
2940 5575 3095 5629 Febr.
3152 5574 3313 5643 Cujus
3366 5573 3569 5629 Natalis

2012 5652 2173 5701 etiam
2206 5646 2339 5702 intra
2361 5646 2659 5702 celebratur
2686 5658 2807 5701 unt
2834 5645 2973 5699 Maii.

353 5726 448 5769 reo
501 5708 836 5782 Lugdunensi
884 5711 1135 5780 episcopo
1195 5708 1471 5779 presbiter
1522 5720 1577 5766 et
1628 5712 1793 5767 abbas
1838 5712 1897 5767 Β.
1966 5779 2012 5795 __
2076 5784 2077 5789 η

636 5811 901 5873 Ριτιοι..
949 5808 1163 5868 XCIV.

3064 5802 3142 5862 9.7
