4240 6466
332 346 436 401 8ίὸ

1423 332 1616 389 SECT.
1657 324 1721 387 ll.
1762 360 1831 371 —
1870 323 2425 385 MARTYROLOGIA.

3463 306 3565 370 ste

1566 442 1791 498 EDITIO
1829 433 2303 496 COLONIENSIS.

334 550 512 607 uxoris
541 548 651 616 ejus
683 546 1059 614 Prtepedignte,
1110 548 1163 596 et
1212 541 1439 594 filiorum
1484 534 1791 600 AleXandri,
1838 544 1892 589 et
1922 538 1970 595 Α
2001 527 2244 591 Victoris,
2294 526 2603 592 martyrum,
2634 518 2969 616 etCoronie,
3012 526 3065 573 et
3082 516 3316 616 aliorum
3360 515 3563 616 viginti,

333 639 523 703 Cutize,
556 636 733 690 fratris
758 633 959 689 Claudii
991 632 1128 687 beati
1161 631 1397 685 Maximi.
1442 627 1541 695 Qui
1568 641 1687 679 cum
1716 634 1895 678 essent

335 726 725 799 praeclarissimi
760 723 990 792 generis,
1040 732 1229 792 agente
1277 720 1437 774 fratre
1463 730 1645 773 eurum
1674 717 1896 773 Gabinio

337 818 667 887 presbytero,
717 814 969 882 baptizati
1010 820 1133 867 sunt
1187 827 1215 865 a
1264 812 1418 866 beato
1448 810 1599 875 Gaio,
1650 809 1897 878 pontiﬁce

338 909 599 973 Romano,
634 914 687 961 et
718 904 1054 974 postmodum
1083 903 1213 957 tenti
1250 910 1393 967 sunt,
1439 900 1659 969 jnbente
1692 894 1899 952 Diocle-

336 999 483 1052 tiano
512 1011 541 1049 a
569 995 744 1065 judice
787 993 948 1062 impio
978 992 1147 1057 Julio;
1177 1001 1232 1046 et
1262 991 1509 1045 Claudius
1538 989 1745 1059 quidem
1778 1003 1896 1042 cum

340 1100 506 1139 uxore
545 1099 640 1138 sua
670 1092 723 1138 et
747 1080 870 1136 [iliis
900 1082 1207 1150 deportatus
1234 1080 1284 1134 ln
1308 1078 1573 1147 exsilium,
1603 1077 1792 1132 deinde
1815 1075 1899 1130 in-

336 1173 524 1229 cendio
560 1170 883 1227 concremati
927 1169 1249 1224 odoriferum
1303 1166 1615 1222 sacrificium
1660 1163 1899 1235 martyrii

338 1263 449 1317 Deo
474 1261 838 1325 reddiderunt,
870 1273 932 1315 ac
961 1260 1037 1313 sic
1064 1257 1394 1327 postmodum
1420 1256 1554 1323 apud
1584 1244 1815 1309 Hostiam
1847 1254 1899 1307 in

341 1350 680 1420 marejactati
703 1358 844 1413 sunt,
869 1362 1091 1418 quorum
1117 1346 1362 1414 reliquias
1377 1344 1661 1399 Christiani
1685 1341 1901 1413 perqui-

337 1442 466 1497 sitas
488 1442 635 1511 juxta
664 1442 931 1496 civitatem
964 1437 1307 1507 sepelierunt.

408 1532 475 1585 A.
510 1528 576 1583 Χι
612 1528 743 1584 Kac.
799 1525 1294 1583 Mss'rtt.—-Romie
1321 1524 1487 1577 sancti
1516 1521 1724 1576 Gabinii
1757 1531 1904 1588 pres-

340 1617 533 1688 byteri,
577 1616 743 1685 patris
771 1615 1091 1671 beatissimre
1142 1613 1399 1669 Susanna!
1433 1629 1446 1665 :
1479 1612 1568 1682 qui
1609 1627 1639 1667 a
1686 1610 1899 1666 Diocle—

341 1708 487 1762 tiano
540 1705 628 1762 diu
682 1707 734 1761 in
785 1703 1029 1760 custodia
1079 1704 1303 1757 vinculis
1352 1702 1611 1765 afﬂictus,
1669 1702 1903 1769 pretiosa

341 1804 513 1851 morte
536 1795 659 1851 εαξη
686 1795 874 1865 gaudia
902 1792 1247 1863 comparavit.
1273 1793 1328 1846 in
1362 1792 1533 1847 Africa
1565 1792 1736 1845 natale
1782 1805 1905 1845 san-

2000 618 2149 689 Apud
2173 618 2387 687 Tyrum,
2416 628 2533 680 qua:
2562 621 2643 667 est
2672 610 2797 667 urbs
2819 610 3047 665 maxima
3081 606 3366 669 Phoenicis,
3392 605 3569 660 natale

1999 713 2273 766 beatorum
2306 713 2622 774 martyrum,
2648 714 2874 770 quorum
2902 712 3180 753 numerum
3222 695 3314 751 Dei
3344 695 3567 748 scientia

1998 803 2108 856 sola
2135 799 2354 868 colligit,
2374 810 2503 863 quos
2526 794 2743 862 juhente
2761 790 3080 847 Diocletiano
3100 788 3350 845 Veturius
3371 788 3565 856 magis-

1999 903 2079 949 ter
2107 892 2307 947 militiie
2345 886 2567 943 diversis
2602 894 2985 939 tormentorum
3007 880 3291 950 generibus
3309 878 3410 933 sibi
3436 877 3568 931 invi~

1999 999 2114 1041 cem
2144 979 2570 1041 succedentibus,
2594 974 2807 1031 occidit.
2842 973 3018 1027 Primo
3063 971 3238 1039 llagris
3277 984 3369 1038 per
3407 980 3564 1022 omne

1999 1087 2192 1142 corpus
2208 1079 2465 1140 martyres
2482 1067 2573 1121 Dei
2590 1064 2998 1127 diianiahantur,
3014 1072 3130 1130 post
3153 1059 3265 1114 base
3286 1058 3563 1113 tradeban-

2005 1173 2090 1217 tur
2119 1162 2184 1215 ad
2210 1157 2405 1215 bestias
2430 1172 2445 1222 ;
2473 1156 2858 1211 adhibebantur
2882 1152 3083 1216 leones,
3107 1148 3236 1213 ursi,
3263 1147 3431 1215 pardi,
3456 1148 3571 1214 apri

2000 1267 2210 1325 quoque
2235 1260 2288 1306 et
2311 1250 2475 1315 tauri;
2506 1247 2599 1302 sed
2629 1260 2659 1299 a
2687 1243 2830 1299 nullo
2861 1242 3049 1297 horum
3079 1241 3211 1305 laesi,
3236 1239 3300 1292 ad
3327 1238 3570 1293 ultimum

2001 1344 2189 1415 gladiis
2220 1350 2499 1413 peragunt,
2529 1337 2669 1408 quod
2703 1335 2889 1391 bestiis
2917 1332 3289 1403 nequiverunt.
3335 1330 3441 1385 llus
3470 1330 3571 1382 du—

2003 1437 2195 1491 cebant
2235 1432 2507 1503 Tyrannio
2537 1437 2590 1483 et
2632 1427 2897 1497 Sylvanus
2944 1422 3212 1491 episcopi,
3260 1421 3345 1489 qui
3391 1424 3572 1487 postea

2006 1524 2295 1579 bestiarum
2325 1519 2587 1574 morsibus
2626 1516 2931 1586 martyrium
2962 1511 3383 1579 compleverunt.
3426 1509 3575 1563 Pele-

2012 1631 2109 1670 nus
2138 1621 2296 1683 atque
2324 1612 2487 1666 Linus
2512 1607 2748 1677 episcopi
2787 1621 2906 1659 cum
2938 1603 3176 1671 plurimis
3220 1602 3426 1656 clericis
3455 1599 3575 1670 igne

2005 1705 2322 1775 consumpti,
2354 1700 2619 1757 Zenobius
2650 1698 2924 1768 presbyter
2952 1694 3124 1763 capite
3150 1704 3339 1748 etesiis.
3428 1710 3456 1737 ν
3648 1758 3649 1761 η

2073 1801 2134 1856 0.
2169 1799 2241 1855 IX
2270 1798 2402 1852 Kac.
2435 1796 2650 1850 ΜΑιιτιι.
2677 1822 2747 1835 -
2777 1791 2832 1845 In
2862 1790 3039 1846 Africa
3068 1788 3243 1842 natale
3267 1783 3573 1842 sanetoroni

338 1894 544 1939 ctorum
573 1884 762 1949 Publii.
790 1881 1006 1950 «Iuliani.
1037 1883 1298 1938 ‘Marubii.
1344 1883 1471 1939 Item
1518 1881 1731 1947 Iuliani.
1765 1881 1901 1936 Mar-
1936 1899 1983 1959 Β
2014 1890 2211 1954 Veroli,
2259 1886 2490 1951 Servoli,
2536 1882 2845 1949 Secundini,
2894 1880 3090 1947 Slricii,
3140 1875 3351 1942 Felicis,
3391 1876 3574 1933 Satur-

338 1974 482 2041 celli,
511 1975 649 2039 Tuli,
684 1974 948 2044 Lampasi,
982 1973 1165 2031 luauli.

2011 1982 2141 2047 nini,
2197 1976 2508 2044 Fortunati,
2557 1984 2611 2030 et
2646 1974 2871 2027 aliorum
2903 1971 3159 2027 sedecim.
3215 1969 3282 2023 Et
3307 1969 3574 2037 depositio

413 2064 471 2118 Β.
503 2062 545 2117 Χ
568 2063 697 2118 lm-
727 2063 1202 2119 an--—-Rom
1226 2062 1398 2117 natale
1420 2060 1559 2127 Gaii.
1584 2074 1749 2132 νίψω·
1777 2061 1841 2115 Et
1861 2061 1913 2115 in
2014 2071 2258 2128 Eucherii
2286 2066 2541 2138 episcopi.
2582 2065 2733 2134 Apud
2773 2062 3009 2119 Siciliam
3038 2069 3341 2115 sanctorum
3373 2069 3571 2127 marty-

342 2147 517 2221 Cypro
546 2151 720 2206 natale
775 2150 1048 2213 Potamize,
1088 2150 1324 2206 Nemersi
1353 2160 1407 2205 et
1438 2150 1669 2221 Didymi,
1705 2158 1761 2203 et
1788 2149 1913 2204 alibi

2024 2178 2140 2221 rum
2171 2163 2261 2228 79,
2289 2161 2387 2216 sub
2418 2157 2740 2213 Diocletiano
2793 2171 2883 2225 per
2912 2154 3120 2210 diversa
3152 2161 3417 2209 tormenta
3444 2164 3572 2208 cons

1574 2264 1799 2318 EDITIO
1840 2257 2334 2316 BOLLANDIANA.

414 2356 501 2420 0.,
530 2355 906 2438 Hierosolymis
938 2365 959 2391 ο
991 2353 1253 2434 Simeonis
1283 2355 1512 2437 episcopi
1543 2366 1594 2433 et
1627 2355 1896 2477 niart‘yris.

419 2466 434 2477 .
462 2426 516 2477 In
542 2425 757 2477 bAfrica
789 2426 886 2477 SS.
920 2426 1089 2477 Rutuli
1121 2424 1239 2477 iV..
1266 2423 1476 2477 Retulil.
1509 2425 1725 2477 Silvani.
1802 2427 1896 2477 las-

346 2424 434 2507 v.,
462 2426 525 2511 [9‘
542 2425 571 2463 ιι
588 2423 886 2511 inriges;
920 2425 1089 2511 Rutuli
1109 2424 1137 2506 .[
1155 2424 1239 2511 vn"
1266 2423 1477 2511 Rettrli],
1509 2423 1903 2511 S'iI‘Ivailli,‘C“l:.t~‘-'

343 2496 434 2549 sici
588 2494 822 2575 CaStici],
841 2492 1144 2575 Secundini,
1173 2492 1513 2575 FructnlifA.
1645 2495 1698 2548 In
1728 2494 1904 2548 Africa

344 2565 553 2629 Rutuli,
573 2564 801 2626 Damasi,
827 2564 1249 2627 Silvaut,CasiCI.
1276 2564 1337 2616 Et
1364 2564 1623 2631 depositio
1648 2573 1669 2599 ε
1694 2565 1751 2618 S.
1778 2564 1907 2616 Mar-

344 2636 481 2687 tialis
529 2634 777 2700 episeopi.
810 2633 891 2687 L..
926 2633 977 2685 In
1034 2632 1207 2687 Africa
1255 2635 1425 2689 natale
1455 2632 1550 2691 SS.
1578 2633 1773 2697 Rutuli,
1808 2633 1903 2686 Da-

344 2703 499 2757 masi.
527 2702 643 2771 Ipso
669 2705 754 2757 die
783 2702 981 2756 Salvini
1006 2713 1059 2756 et
1090 2703 1320 2758 Paulini.

418 2809 504 2866 19.
527 2812 677 2866 -Χι
706 2812 842 2867 KsL.
871 2812 1039 2867 Vacat
1067 2812 1242 2868 Beda.

420 2902 505 2967 0.,
541 2902 720 2974 Romae
749 2901 774 2939 ἀ
804 2901 1009 2974 Gabinii
1037 2903 1325 2974 presbyteri
1347 2911 1403 2957 et
1432 2904 1697 2974 martyris.
1736 2903 1818 2968 V.,
1848 2901 1905 2974 in

347 2972 521 3026 Africa
570 2972 767 3034 Publii,
803 2972 1021 3037 Juliani,
1068 2972 1329 3036 Marcelli,
1361 2972 1654 3041 Lampasii,
1705 2973 1904 3027 Ilaiuli.

350 3042 509 3095 Iidem
540 3046 726 3107 printer
750 3042 1077 3110 Lampasium
1108 3053 1226 3096 sunt
1256 3046 1306 3095 in
1327 3047 1387 3097 A.
1405 3044 1468 3098 Τ.
1495 3044 1580 3105 L.,
1604 3044 1697 3097 sed
1723 3044 1906 3097 ultimo

350 3111 469 3164 loco
494 3110 718 3165 refertur
748 3113 1018 3165 Marcellus
1043 3128 1053 3163 :
1080 3114 1164 3177 qui
1201 3115 1250 3166 in
1283 3113 1340 3165 L.
1366 3114 1719 3166 Marcellinus.
1746 3112 1833 3176 0.,
1851 3110 1904 3165 ltt

349 3180 524 3235 Africa
552 3182 789 3243 Marubii,
822 3180 1007 3240 Publii,
1032 3180 1244 3245 .luliani,
1274 3182 1523 3246 Marcelli,
1549 3183 1727 3247 Tullii,
1758 3181 1897 3236 lam.

350 3250 505 3316 nasii,
534 3249 657 3315 Juli,
684 3250 925 3315 Victoris,
952 3252 1194 3306 Coronae.

2073 2350 2162 2403 20.
2183 2379 2249 2390 —
2276 2334 2319 2402 x
2348 2345 2479 2400 ΚΜ..
2511 2345 2669 2399 Vacat
2700 2344 2875 2399 Baeda.

2078 2437 2164 2503 D.,
2197 2435 2341 2503 Apud
2376 2441 2399 2469 °
2443 2435 2639 2502 'l'yrum
2672 2442 2957 2502 martyrum
3006 2435 3229 2501 quortim
3283 2434 3563 2487 numerum

2009 2507 2100 2562 Dei
2150 2502 2367 2560 Scientia
2410 2507 2518 2555 sola
2564 2502 2783 2571 colligit.
2817 2502 2875 2556 V.
2907 2502 2992 2567 C.,
3028 2504 3177 2569 Apud
3211 2504 3438 2568 Cyprum
3471 2517 3566 2554 nae

2010 2578 2111 2631 tale
2142 2575 2449 2661 Potami‘nm.
2476 2573 2656 2661 li'omie
2674 2572 2944 2661 via‘Ap‘pia
2967 2572 3228 2654 depo-itio
3258 2571 3273 2609 ί
3292 2572 3428 2661 ‘Girgi
3450 2574 3562 2661 epi-

2009 2642 2438 2789 lsfxﬁgldéiosli
2446 2642 2892 2789 δθιέῧῐηῧὶἔὲψῇ
2901 2642 3563 2789 ρξὲνᾶᾳᾶῃέἧᾘιῗῗιῗαὲὗέ

2012 2778 2315 2839 sanctorum
2364 2778 2615 2836 Potamiic
2661 2778 2710 2834 et
2743 2778 3065 2851 DidymiIA.
3091 2778 3273 2842 T.‘,’Et
3302 2781 3423 2833 alibi
3473 2779 3567 2832 Vi-

2012 2856 2173 2909 ctoris
2206 2853 2471 2922 martyris.
2503 2851 2593 2916 T.,
2626 2851 2797 2922 primo
2824 2853 2960 2922 loco,
2998 2852 3049 2903 In
3090 2851 3302 2922 civitate
3326 2852 3571 2922 fforiiacli

2013 2924 2271 2994 depositio
2301 2920 2358 2976 Si
2391 2931 2415 2969 8
2445 2920 2753 2987 Eleutherii,
2787 2921 3027 2990 ejusdem
3064 2921 3211 2974 urbis
3254 2920 3486 2989 episcopi
3519 2929 3575 2973 et

2013 2992 2355 3046 confessoris.

2012 3008 2355 3050 ευιιιθεεοι-ιε.

2080 3085 2173 3143 21.
2193 3116 2260 3128 -—
2287 3080 2354 3139 IX
2386 3084 2518 3140 ΚΑΙ..
2552 3084 2919 3165 VacatBicda.

2085 3178 2173 3243 0.,
2194 3176 2367 3230 Sicilia
2398 3184 2686 3244 martyrum
2718 3170 2745 3209 ¹ι
2774 3175 3101 3241 septuaginta
3136 3178 3327 3227 norem
3357 3175 3447 3242 qui
3477 3174 3573 3226 sub

2015 3247 2342 3303 Diocletiano
2380 3245 2518 3314 passi
2550 3254 2691 3298 sunt.
2724 3244 2784 3298 V.
2814 3244 2904 3310 0.,
2940 3248 2991 3297 lu
3030 3244 3044 3282 ι
3077 3244 3249 3299 Africa
3278 3244 3449 3297 natale
3475 3244 3576 3298 SS.

1718 3340 1925 3398 SMITH
1960 3339 2184 3394 NOTAE.

421 3428 449 3458 ⁸
478 3428 749 3486 Simonis.
779 3431 946 3487 Latini
969 3444 1154 3488 omnes
1179 3448 1298 3489 eum
1324 3422 1481 3489 hodie
1502 3434 1703 3499 colunt,
1730 3433 1903 3489 Graaci
1930 3433 1978 3495 C
2010 3431 2062 3485 in
2096 3428 2410 3498 profundum
2443 3438 2587 3484 mare
2632 3429 2936 3493 demersus;
2969 3426 3231 3499 Zenobins
3272 3441 3400 3499 vero
3443 3426 3571 3499 dum

348 3514 501 3573 ἔξω
543 3502 754 3573 Aprilis.
783 3502 905 3556 Post
942 3504 996 3557 S.
1022 3502 1200 3556 Jacobi
1231 3504 1536 3573 martyrium
1577 3515 1785 3573 creatus
1825 3514 1907 3557 est

350 3568 834 3641 Hierosolymorum
857 3573 1135 3640 episcOpus
1155 3573 1289 3626 filios
1304 3568 1549 3641 Cleopha:
1566 3573 1741 3627 fratris
1760 3572 1909 3627 .Iose-

348 3640 465 3708 phi,
494 3650 545 3710 et
581 3644 867 3710 secundum
893 3656 1106 3695 carnem
1136 3642 1328 3696 Christi
1362 3640 1635 3710 patruelis.
1665 3646 1905 3696 Accusa-

349 3718 442 3761 tus
479 3708 705 3779 denique
732 3710 799 3764 ab
824 3712 1098 3779 rlitereticis
1127 3712 1263 3779 quod
1295 3708 1630 3767 Clirisﬁanus
1670 3722 1813 3766 esset
1855 3716 1910 3765 et

350 3791 417 3849 es
450 3778 614 3849 stirpe
654 3778 883 3843 Davidis,
916 3778 1018 3834 120
1046 3778 1213 3834 annos
1241 3793 1414 3845 natus,
1451 3782 1742 3849 principatu
1775 3780 1909 3835 Tra-

344 3847 462 3930 jani
480 3848 700 3930 ,“Attico
726 3852 989 3930 consulari
1022 3847 1461 3930 legatonSyi-ia-in
1476 3847 1905 3930 adiiiiiristr'arite,

347 3916 763 3989 crueiﬂsosest.
810 3919 1003 3974 Euseb.
1033 3916 1167 3974 liist.
1198 3916 1341 3975 Eccl.
1373 3919 1462 3989 ιιι,
1494 3934 1569 3986 si,
1599 3919 1691 3974 δῇ.
1716 3920 1909 3975 Passus

349 3995 437 4040 est
467 3999 605 4039 anno
628 3986 751 4041 107.

427 4053 673 4129 l{Africa
709 4056 813 4110 llos
855 4056 905 4109 in
952 4059 1313 4124 persecutione
1359 4058 1637 4113 Vandalica
1682 4075 1777 4129 pro
1808 4058 1910 4115 fide

350 4123 628 4197 catholica
658 4136 839 4197 necem
865 4123 1091 4182 subiisse
1121 4132 1349 4197 produnt
1375 4123 1749 4187 Calesinius'et
1779 4129 1909 4184 Ghi-

350 4195 473 4249 nius
500 4193 769 4249 Senensis.

429 4268 452 4295 ε
487 4262 763 4317 Martialis.
794 4264 1051 4320 incertum
1075 4274 1177 4331 est,
1204 4281 1269 4321 an
1299 4268 1384 4322 hic
1410 4269 1476 4322 sit
1505 4284 1639 4322 unus
1671 4284 1735 4324 ex
1767 4269 1908 4324 Afris

357 4334 703 4403 martyribus.
737 4335 913 4388 Potius
957 4335 1164 4389 videtur
1193 4351 1311 4393 esse
1351 4339 1409 4393 S.
1442 4339 1693 4393 Martialis
1721 4343 1912 4396 Lemo—

357 4402 609 4472 vicengsis,
636 4405 725 4472 qui
748 4406 936 4458 colitur
961 4418 1064 4458 xxx
1087 4405 1209 4460 Jun.

427 4470 709 4545 “Gabinii.
756 4472 957 4527 Fratris
996 4476 1053 4545 lt.
1081 4475 1193 4529 Caii
1243 4490 1409 4544 papae,
1438 4491 1501 4530 ex
1551 4490 1746 4545 genere
1789 4474 1910 4530 Dio-

354 4540 570 4595 cletiani
615 4542 967 4610 imperatoris.
996 4544 1126 4600 Cum
1155 4540 1329 4600 autem
1362 4540 1719 4601 Diocletianus
1750 4549 1911 4601 vellet

352 4610 653 4664 Susannam
682 4613 885 4666 Gabinii
909 4614 1067 4667 liliam
1092 4616 1144 4667 in
1175 4616 1567 4669 matrimonium
1597 4615 1910 4672 Maximiano

355 4681 591 4754 tradere.
619 4683 807 4754 ac__illa
835 4685 1118 4747 tenuisset,
1153 4698 1249 4738 nec
1277 4684 1532 4739 Gabinius
1588 4685 1661 4739 illi
1692 4701 1910 4754 persna-

352 4750 486 4803 dcre
526 4752 576 4802 id
618 4751 797 4816 vellet,
831 4754 1049 4806 vinculis
1086 4754 1313 4807 afﬂictus
1358 4756 1413 4809 S.
1458 4750 1712 4810 Gabinius
1755 4757 1907 4810 obiit.

352 4819 489 4874 Acta
516 4818 770 4874 Susanna
798 4822 933 4887 apud
958 4824 1188 4887 Surium,
1216 4834 1345 4877 tom.
1371 4823 1458 4879 lV.

391 4956 402 4967 _
434 4899 456 4925 ε
484 4887 698 4967 Tyrum.
729 4890 982 4967 Martyres
1012 4892 1129 4967 hos,
1154 4893 1374 4967 jubente
1394 4893 1909 4961 Diocletianoﬂetu-

352 4960 468 5032 rius
495 4960 746 5032 magister
772 4962 970 5014 militia:
1010 4962 1232 5016 diversis
1272 4970 1653 5017 tormentorum
1701 4960 1913 5032 generi-

355 5027 462 5080 bus
488 5027 837 5083 sibi’invicem
861 5032 1264 5085 succedentibus
1293 5033 1505 5088 occidit.
1535 5027 1911 5098 Primo'liagris

354 5098 742 5166 carpebantur;
776 5110 954 5166 postea
984 5102 1321 5154 tradebantur
1350 5103 1415 5155 ad
1445 5104 1679 5157 bestias:
1710 5114 1763 5157 et
1791 5118 1911 5157 eum

357 5166 505 5219 nulla
548 5165 786 5221 ferarum
807 5183 900 5223 eos
945 5171 1180 5233 licderet,
1216 5170 1358 5224 furor
1402 5173 1694 5226 belluarum
1728 5175 1914 5227 transit

357 5235 419 5288 in
447 5235 706 5311 homines,
732 5248 787 5292 et
824 5240 873 5311 id
917 5240 1054 5311 quod
1085 5238 1666 5311 bestiisgnequiverunt.
1696 5256 1915 5311 perege-

357 5254 419 5288 In
447 5254 706 5302 nomines,
732 5254 787 5292 et
824 5254 873 5291 tu
917 5254 1054 5364 Ἑιοα
1085 5254 1267 5293 bestiis
1296 5254 1666 5308 nequiverunt.
1696 5256 1915 5311 perege-

352 5316 483 5360 runt
511 5308 718 5373 gladiis.
762 5309 897 5374 Ado,
978 5309 1216 5371 suardus,
1247 5309 1526 5366 Notkerus.
1556 5311 1758 5366 alam
1787 5327 1915 5367 vero

354 5388 595 5448 gmmuui
641 5377 695 5448 in
743 5376 993 5433 thuice
1041 5388 1328 5448 martyrum
1380 5382 1689 5436 nobilissimi
1744 5382 1912 5446 luere,

355 5442 633 5519 Tyrannio
662 5446 909 5519 Ecclesiae
937 5442 1212 5518 Tyriorum
1241 5450 1542 5519 episcopus,
1573 5464 1626 5506 et
1653 5442 1916 5506 Zenobius

356 5516 812 5591 presbyter_apud
830 5516 1117 5591 _Sido_nem,
1144 5516 1391 5591 Silvanus
1418 5516 1627 5590 qumue
1657 5520 1918 5576 Emisctue

357 5586 589 5658 antistes
630 5586 911 5658 ‘Ecclesiae.
960 5588 1063 5643 Sed
1113 5591 1197 5642 hic
1242 5586 1455 5656 quidem
1508 5586 1560 5643 iri
1618 5593 1729 5658 ipsa
1787 5598 1920 5643 urbe

359 5651 556 5730 Emesa
624 5653 1055 5730 ferisupbjectus,
1095 5671 1217 5730 una
1260 5651 1385 5712 cum
1449 5659 1566 5712 aliis
1604 5651 1919 5728 quibusdam

357 5725 572 5779 occisus
599 5737 698 5780 est.
730 5725 807 5781 Illi
833 5741 957 5783 vero
987 5726 1278 5784 Antiochia:
1319 5730 1457 5798 passi
1486 5725 1636 5795 sunt,
1656 5730 1921 5799 Tyrannio

2010 3496 2212 3568 ungufis
2256 3502 2414 3555 latera
2446 3500 2540 3564 ipsi
2573 3501 2927 3561 sulearentur,
2955 3500 3004 3552 in
3037 3497 3224 3552 mediis
3251 3496 3575 3552 cruciatibus

2010 3571 2344 3625 immortuns.
2393 3569 2638 3624 Silvanus
2685 3569 2843 3623 etiam
2894 3568 3049 3622 Gaza:
3101 3568 3245 3623 urbis
3294 3570 3574 3636 episcOpns

2010 3641 2146 3705 apud
2174 3642 2294 3694 acris
2324 3641 2534 3693 metalla
2565 3650 2682 3706 quin
2710 3647 2833 3692 sunt
2859 3639 2909 3691 in
2942 3640 3155 3697 PIITDO,
3194 3644 3312 3692 com
3333 3635 3459 3690 aliis
3486 3654 3578 3690 titi-

2009 3710 2417 3779 dequadraginta
2460 3710 2632 3776 capite
2680 3717 2955 3779 truncatus
2980 3711 3081 3762 est.
3114 3709 3219 3762 Sed
3261 3717 3315 3779 et
3357 3708 3571 3775 quidam

2010 3778 2242 3849 Egyptii
2274 3778 2578 3849 sacerdotes
2611 3779 2800 3832 Peleus
2828 3793 2889 3831 ac
2920 3778 3064 3849 Nilus
3096 3778 3581 3849 liammisgabsuui-

2012 3852 2083 3917 pti
2120 3847 2270 3902 sunt.
2310 3848 2503 3902 Confer
2548 3848 2742 3903 Euseb.
2792 3848 2924 3901 llist.
2978 3847 3121 3901 Eccl.
3171 3856 3293 3907 vni,
3330 3847 3425 3917 l3.
3458 3863 3577 3917 cuni

2010 3914 2196 3973 Adone
2224 3927 2277 3972 et
2310 3917 2565 3972 Usuardo.
2603 3917 2734 3972 Vide
2755 3920 2915 3972 etiam
2936 3919 3179 3972 eumdem
3206 3932 3316 3982 vni,
3346 3914 3401 3981 7,
3431 3924 3486 3972 et
3512 3916 3580 3971 de

2011 3987 2785 4058 martyribusPalaestinaecap.
2814 3986 3079 4040 uitiatum.

2087 4055 2107 4096 ι
2137 4055 2284 4125 Gagi.
2314 4057 2495 4110 Frater
2536 4055 2775 4119 Gabinii,-
2802 4058 2867 4110 de
2894 4070 2999 4122 quo
3026 4070 3185 4123 supra
3215 4063 3387 4109 actum
3417 4065 3501 4110 est
3540 4072 3578 4107 ll

2011 4125 2125 4180 Kal.
2156 4126 2346 4191 Martii,
2380 4125 2706 4194 Eutycliiano
2734 4140 2882 4193 papa:
2912 4126 2963 4179 in
2995 4126 3303 4193 episcOpatu
3342 4126 3578 4177 Romano

2010 4195 2286 4250 Successit.
2314 4196 2412 4261 Qui
2458 4194 2664 4263 fugiens
2694 4196 3121 4264 persecutionem
3164 4195 3479 4251 Diocletiani
3524 4196 3573 4249 in

2011 4266 2210 4335 cryptis
2240 4264 2525 4335 habitando
2552 4266 2807 4335 martyrio
2830 4273 3137 4335 coronatur.

2082 4333 2435 4389 tt'EleutIterii.
2470 4333 2705 4389 Primum
2751 4342 2867 4390 erat
2896 4333 3123 4389 Tornaci
3172 4334 3398 4389 eximius
3443 4348 3579 4404 prie-

2011 4404 2245 4469 dicator;
2291 4405 2483 4459 deinde
2530 4405 2839 4471 Christiani,
2877 4405 3115 4459 videntes
3162 4404 3279 4474 ejus
3328 4406 3581 4460 eximiam

2011 4476 2366 4541 sanctitatem,
2398 4474 2617 4528 Romam
2643 4490 2764 4528 eum
2794 4476 3075 4539 miserunt,
3108 4484 3159 4528 et
3188 4491 3306 4529 cum
3344 4476 3577 4529 aucturi-

2014 4554 2121 4598 tate
2150 4545 2548 4624 regredientem
2568 4544 2873 4624 episcopum
2910 4544 3214 4624 conseerari
3247 4545 3505 4624 fecerunt.
3538 4547 3582 4596 Α

2015 4615 2232 4694 paganis
2273 4624 2327 4669 et
2366 4614 2632 4694 bfereticis
2675 4614 2904 4694 Arianis,
2956 4614 3143 4694 multis
3180 4614 3450 4694 pressuris
3498 4623 3584 4667 est

2015 4681 2256 4747 allectus,
2289 4685 2379 4738 sed
2411 4684 2465 4738 in
2495 4697 2709 4738 carcere
2754 4685 2821 4737 ab
2865 4681 3357 4753 Angelovisitatus.
3387 4681 3589 4735 C0036-

2014 4762 2194 4807 crattts
2223 4768 2347 4807 vero
2376 4754 2655 4821 episcopus
2685 4768 2824 4806 anno
2854 4750 2977 4815 481',
3002 4751 3107 4821 _ve‘l
3139 4753 3429 4805 secundum
3462 4754 3585 4806 Dol-

2023 4822 2237 4876 landum
2283 4819 2422 4889 487,
2454 4824 2609 4889 paulo
2661 4830 2781 4888 post
2819 4835 2940 4874 cum
2987 4819 3303 4874 Christianis
3344 4822 3587 4876 'l‘ornaco

2021 4892 2250 4961 ejieitur,
2279 4900 2505 4959 tuncque
2544 4889 2804 4946 Blandinii
2836 4890 2888 4943 in
2929 4890 3183 4961 suburbio
3214 4892 3407 4945 resedit
3434 4892 3587 4944 circi-

2024 4960 2103 5016 ter
2134 4975 2303 5015 annos
2330 4962 2385 5025 8,
2416 4970 2532 5030 post
2571 4976 2704 5030 quos
2744 4973 2912 5014 annos
2940 4960 2992 5015 in
3020 4961 3187 5029 patrio
3218 4961 3334 5014 loco
3360 4961 3586 5015 Tornaci

2019 5031 2217 5086 resedit
2245 5045 2412 5084 annos
2429 5028 2518 5083 57.
2538 5028 2747 5098 Quievit
2778 5031 2989 5085 tandem
3023 5028 3302 5085 Blandinii.
3336 5030 3431 5085 Ubi
3464 5045 3585 5084 eum

2024 5100 2230 5154 lleidilo
2258 5102 2538 5169 episcopus
2565 5101 2790 5156 elevavit
2818 5115 2957 5154 anno
2982 5100 3106 5165 881,
3136 5099 3230 5153 sed
3276 5101 3397 5154 inde
3424 5110 3591 5153 iratis-

2026 5170 2162 5224 latus
2219 5171 2397 5225 estad
2425 5171 2785 5226 catliedralem
2830 5171 3109 5224 ecclesiam
3154 5169 3584 5233 Tornacensem;

2027 5254 2145 5308 quae
2174 5240 2406 5293 natalem
2436 5238 2550 5309 ejus
2589 5243 2822 5296 celebrat
2846 5241 3054 5295 decimo
3099 5238 3363 5293 Kalendas
3393 5239 3590 5305 Martii,

2025 5309 2424 5363 translatiOnem
2470 5321 2661 5365 octavo
2702 5310 2966 5365 Kalendas
3011 5309 3362 5378 Septembris,
3404 5310 3590 5362 eleva-

2024 5380 2221 5433 tionem
2250 5379 2480 5446 septimo
2512 5380 2631 5436 ldus
2679 5380 2825 5437 Julii.
2854 5380 3090 5434 Molanus
3119 5380 3173 5432 in
3206 5379 3438 5433 indieulo
3463 5393 3590 5432 sani

2019 5458 2225 5503 ctorum
2264 5450 2445 5517 Belgii.

2094 5518 2119 5552 ³⁵
2152 5512 2509 5589 Septuaginta.
2542 5521 2644 5575 Per
2672 5520 2879 5575 diversa
2927 5526 3213 5589 tormenta,
3236 5512 3591 5589 confessionis

2022 5602 2133 5657 stlte
2160 5588 2411 5642 coronam
2445 5600 2818 5657 perceperunt.
2846 5589 2984 5653 Ado,
3012 5588 3266 5653 lisnaril.,
3299 5588 3518 5642 Notker.

2102 5655 2116 5695 ί
2147 5660 2339 5732 Africa.
2358 5655 2641 5732 incivitate
2658 5675 2733 5714 sc.
2750 5660 3038 5732 Adrumeto
3057 5657 3331 5728 (Usuard.,
3351 5656 3592 5732 Darem);

2024 5730 2122 5785 sub
2153 5729 2433 5789 Vaudaiica
2462 5731 2827 5799 persecutione
2852 5728 3097 5799 (Darem)
