4240 6520
712 332 815 391 84⁸1

1457 331 1657 385 BEWE
1699 329 2149 385 VENERABILIS
2186 328 2332 383 OPP.
2379 327 2552 383 PARS
2592 327 2675 380 IV.
2718 354 2786 368 ο-
2825 322 3204 382 HISTORICA.

3864 325 3962 383 848

1956 445 2183 499 EDITIO
2220 442 2690 498 COLONIENSIS.

713 540 963 598 fessionis
989 553 1099 593 suc
1126 551 1375 593 coronam
1419 551 1448 589 a
1474 535 1691 591 Christo
1714 534 1815 591 sibi
1846 546 2080 605 paratam
2110 535 2281 605 perci-
2312 540 2363 597 Α
2388 544 2562 588 torum
2609 533 2873 595 Seroneti,
2920 528 3210 599 Antigonii,
3266 528 3461 595 Rutuli,
3499 529 3653 609 _Libi.
3707 530 3825 597 ipso
3877 531 3962 589 die

716 646 842 701 pere
877 642 1203 685 meruerunt.

791 724 852 776 ι).
900 719 1003 773 Vill
1036 719 1167 773 ΚΜ..
1195 719 1412 772 Manrrt.
1436 716 1788 772 —~Cathedra
1816 717 1982 771 sancti
2011 715 2170 782 Petri,
2197 716 2287 785 qui

714 811 852 865 sedit
887 808 1025 877 apud
1057 809 1423 870 Antiochiam,
1471 806 1558 861 ubi
1582 815 1641 860 et
1672 806 1897 874 primum
1925 806 2288 874 cognominati

720 908 843 953 sunt
871 900 1115 968 discipuli
1159 897 1466 951 Christiani.
1508 896 1659 964 Apud
1712 896 2086 950 Alexandriam
2131 896 2287 949 Abilii

713 992 970 1060 episcopi,
1020 994 1108 1059 qui
1164 997 1282 1058 post
1339 989 1396 1041 Β.
1429 986 1660 1041 Marcum
1692 985 1955 1040 secundus
1984 986 2294 1054 episcopus,

715 1084 965 1139 tredecim
991 1095 1159 1135 annos
1193 1078 1546 1133 sacerdotium
1585 1075 1930 1129 ministravit.
1971 1075 2026 1129 ln
2065 1074 2288 1140 lerapoli

713 1174 881 1228 sancti
924 1172 1103 1241 Papia:
1145 1168 1403 1238 episcopi,
1449 1167 1707 1221 auditoris
1776 1166 1995 1220 Joannis
2039 1167 2285 1233 apostoli.

717 1262 933 1320 Vienna:
961 1262 1127 1316 sancti
1162 1258 1390 1314 Pascasii
1419 1258 1650 1325 episcopi
1691 1266 1745 1311 et
1774 1256 2121 1311 confessoris.
2158 1257 2286 1309 Item

714 1357 853 1412 beati
909 1350 1190 1409 Aristionis
1222 1392 1238 1415 ,
1308 1352 1395 1419 qui
1452 1348 1551 1402 fuit
1605 1363 1739 1402 unus
1791 1348 1856 1400 de
1901 1348 1971 1400 72
2020 1347 2290 1413 discipulis

714 1448 930 1500 Christi.
983 1443 1038 1496 In
1066 1441 1375 1495 Nicomedia
1406 1438 1583 1492 natale
1611 1447 1807 1490 sancta:
1838 1436 2015 1491 Tecla:
2042 1437 2287 1504 virginis,

711 1538 989 1607 discipula:
1008 1536 1175 1589 sancti
1208 1533 1352 1587 Pauli
1376 1528 1619 1598 apostoli,
1652 1545 1770 1599 quae
1799 1530 1899 1583 sub
1924 1530 2133 1584 Nerone
2160 1529 2289 1595 imp.

719 1646 819 1702 pro
843 1628 1044 1683 Christi
1076 1625 1292 1679 nomine
1320 1623 1428 1693 igni
1454 1631 1539 1676 est
1575 1622 1787 1687 tradita,
1818 1622 1911 1676 sed
1936 1636 2039 1675 non
2066 1630 2246 1674 exusta
2274 1636 2288 1674 :

718 1730 899 1791 postea
923 1717 1265 1789 serpentibus
1292 1723 1450 1781 atque
1477 1712 1660 1767 bestiis
1681 1712 1951 1779 deputata,
1977 1711 2068 1765 sed
2093 1726 2123 1764 a
2146 1711 2290 1765 nullo

715 1823 900 1865 eorum
929 1818 1011 1861 est
1038 1808 1162 1860 laesa
1188 1820 1203 1867 ;
1237 1804 1300 1857 ad
1331 1812 1629 1857 extremum
1659 1814 1784 1853 vero
1823 1800 1874 1853 in
1903 1798 2145 1853 Seleucia
2168 1813 2287 1852 cum

2391 624 2557 678 sancti
2589 622 2866 692 Polycarpi
2904 621 3198 691 presbyteri
3231 630 3284 674 et
3330 622 3673 687 confessoris,
3720 623 3807 692 qni
3844 639 3960 679 cum

2392 714 2548 767 beato
2576 712 2886 767 Sebastiano
2918 712 3177 779 plurimos
3208 711 3271 763 ad
3305 710 3461 765 (idem
3493 710 3691 765 Christi
3732 728 3962 768 conver-

2397 804 2478 869 tit,
2512 814 2669 871 atque
2697 805 2761 856 ad
2790 802 3030 872 martyrii
3072 801 3297 871 gloriam
3329 802 3657 855 cohortando
3701 805 3959 871 perduxit.

2394 894 2543 964 Apud
2592 894 2841 947 Sirmium
2882 895 3056 945 natale
3104 891 3273 945 sancti
3322 892 3514 961 Syreni
3563 893 3826 955 monachi,
3876 896 3961 964 qui

2395 991 2630 1050 tempore
2678 981 2976 1035 Maximiani
3010 980 3379 1048 imperatoris,
3427 996 3547 1033 cum
3601 995 3738 1034 unus
3778 996 3837 1035 ex
3867 983 3957 1034 do-

2393 1075 2627 1130 mesticis
2654 1078 2768 1141 ejus
2800 1088 3039 1140 uxorem,
3064 1073 3191 1125 hora
3222 1072 3508 1140 incongrua
3538 1073 3588 1125 in
3612 1071 3787 1139 horto,
3810 1089 3959 1139 quem

2392 1165 2505 1234 ipse
2532 1166 2629 1218 sibi
2650 1164 2947 1231 excolebat,
2973 1164 3420 1226 deambulantem,
3445 1166 3618 1218 acrius
3647 1164 3962 1232 increpando

2393 1254 2692 1324 repulisset,
2712 1255 2929 1321 jubente
2960 1254 3276 1307 Maximiano
3306 1262 3497 1318 tentus,
3532 1262 3581 1306 et
3610 1251 3961 1308 Christianum

2394 1359 2453 1399 se
2479 1359 2595 1399 esse
2623 1346 2917 1410 confessus,
2948 1344 3120 1413 capite
3149 1358 3319 1397 caesus
3346 1352 3445 1397 est.
3475 1344 3601 1397 Item
3624 1346 3846 1399 aliorum
3877 1346 3959 1407 6:2,

2395 1436 2487 1504 qui
2542 1436 2735 1489 ibidem
2784 1436 2926 1504 passi
2968 1442 3110 1489 sunt.
3174 1433 3241 1487 Et
3294 1434 3466 1503 vigilia
3512 1436 3679 1490 sancti
3736 1432 3963 1493 Matthie

2392 1528 2640 1597 apostoli.

2464 1620 2524 1673 F.
2555 1619 2619 1674 Vl
2649 1619 2779 1674 ΚΑι..
2809 1619 3020 1674 MART".
3048 1648 3117 1662 -—
3150 1618 3331 1673 Natale
3358 1618 3524 1673 sancti
3553 1608 3785 1672 Matthizn
3836 1633 3961 1687 apo-

2393 1711 2538 1779 stoli,
2565 1712 2651 1780 qui
2684 1713 2748 1765 de
2772 1713 3107 1782 septuaginta
3131 1711 3402 1779 discipulis
3428 1727 3522 1779 pro
3547 1710 3681 1765 Juda
3710 1711 3958 1766 traditore

2396 1801 2462 1855 ab
2500 1802 2753 1869 apostolis
2790 1803 3024 1867 electus,
3074 1809 3217 1856 sorte
3247 1804 3296 1855 in
3326 1802 3680 1870 apostolatum
3710 1804 3959 1870 subroga-

702 1880 1029 1970 ‘virgiuitatis
1096 1894 1350 1964 martyrio
1402 1901 1564 1961 atque
1621 1890 1875 1945 virtutum
1935 1890 2135 1944 honore
2195 1905 2288 1957 per
2315 1926 2362 1990 Β
2398 1901 2501 1958 tus,
2530 1892 2580 1945 in
2607 1892 2785 1948 Judra
2811 1893 3008 1947 Christi
3038 1892 3383 1962 Evangelium
3413 1893 3742 1960 praedicavit.
3778 1892 3840 1945 Et
3879 1895 3959 1945 in-

715 2005 958 2044 somnuin
988 1988 1135 2057 pacis
1164 1983 1405 2053 migravit
1429 1983 1494 2035 ad
1534 1981 1837 2036 Dominum.
1879 1979 2060 2034 Romae
2088 1981 2166 2033 via
2194 1980 2288 2035 Ti-

715 2083 923 2138 burtina
953 2080 1017 2134 ad
1063 2087 1303 2133 sanctum
1337 2074 1677 2129 Laurentium
1717 2074 1888 2127 natale
1919 2083 2114 2127 sancta:
2141 2074 2283 2129 Cou-

703 2170 932 2233 cordiar,
963 2184 1120 2238 quam
1154 2166 1378 2220 Deciana
1408 2164 1703 2232 persecutio
1734 2162 2029 2217 trucidavit.

780 2262 848 2315 Ε.
882 2259 967 2313 VII
1020 2257 1157 2312 ΚΜ..
1186 2255 1403 2310 MART".
1433 2282 1501 2293 -—
1531 2252 1587 2307 in
1618 2252 1902 2307 Pannoniis
1931 2252 2103 2306 natale
2129 2265 2285 2307 sanc-

2394 1984 2569 2037 ventio
2608 1984 2796 2050 capitis
2846 1980 3221 2050 przecursoris,
3277 1992 3513 2051 tempore
3546 1982 3789 2035 Marciani
3816 1982 3957 2049 prin-

2390 2073 2557 2140 cipis,
2613 2073 2824 2142 quando
2874 2073 3012 2125 idem
3063 2086 3356 2140 praecursor
3436 2072 3641 2126 duobus
3689 2074 3957 2127 monachis

2394 2164 2645 2218 assistens
2673 2166 2943 2232 praecepit,
2971 2172 3027 2217 ut
3053 2163 3118 2217 ad
3151 2162 3372 2216 lierodis
3404 2164 3669 2232 quondam
3700 2165 3839 2232 regis
3865 2164 3958 2217 ba-

2396 2252 2680 2308 bitaculum
2710 2254 3057 2322 accedentes,
3095 2264 3254 2324 caput
3286 2269 3439 2309 suum
3485 2254 3555 2309 ibi
3593 2257 3953 2324 requirerent,

1963 2343 2188 2397 EDITIO
2229 2343 2719 2400 BOLLANDIANA.

714 2436 919 2510 ‘choli,
936 2440 1242 2507 Secundini,
1270 2436 1497 2500 Servnli,
1523 2436 1715 2510 Siricji,
1750 2434 2080 2510 F_elicis.__C.,_
2098 2436 2278 2510 Satur-

716 2518 846 2572 nini.
871 2504 935 2567 A.
958 2513 1020 2566 Τ.
1047 2511 1133 2574 L.,
1159 2511 1211 2565 In
1232 2504 1417 2563 Africa
1446 2509 1617 2561 natale
1640 2508 1735 2559 88.
1767 2504 2016 2568 Secundi,
2050 2505 2280 2574 Servnli,

714 2586 930 2647 Juliani,
962 2573 1253 2644 Saturnini,
1288 2579 1477 2634 Felicis
1520 2587 1576 2632 et
1603 2577 1826 2630 aliorum
1874 2573 2277 2643 septemdecim.

710 2656 925 2713 Primus
953 2653 1099 2706 deest
1128 2653 1177 2703 in
1204 2650 1270 2704 Ι..

787 2728 878 2788 Α..
910 2724 1077 2790 primo
1101 2722 1236 2773 loco.
1264 2718 1541 2790 Nobiliaco
1566 2716 1887 2790 monas_terio
1907 2713 2170 2790 dedicatio
2192 2729 2281 2769 ec-

704 2784 890 2850 clesiae
911 2784 979 2847 ’8.
1011 2800 1034 2826 ⁸
1066 2789 1273 2843 Vedasti
1300 2787 1529 2851 episcopi
1557 2796 1609 2839 et
1636 2784 1956 2839 confessoris
1983 2800 1994 2835 :
2029 2800 2145 2853 qua:
2176 2799 2270 2851 per

719 2862 1092 2919 revelationem
1131 2857 1422 2927 angelicam
1452 2855 1512 2909 Β.
1544 2856 1778 2909 Auberto
1807 2854 2055 2923 episcopo
2102 2855 2275 2909 mani-

706 2940 906 2988 festata
932 2938 1034 2985 est.

782 3025 875 3079 22.
898 3052 967 3067 —-
989 3019 1099 3075 Vlll
1128 3018 1261 3074 ΚΑι..
1306 3015 1455 3088 Apud
1499 3015 1524 3055 δ
1555 3014 1885 3071 Antiochiam
1912 3012 2177 3071 Cathedra
2218 3014 2277 3072 S-

700 3115 878 3173 ‘Petri.

2473 2437 2554 2503 0.,
2590 2440 2735 2507 Apud
2767 2438 3012 2491 Sirmium
3048 2441 3068 2481 ί
3095 2437 3285 2509 Sinerii
3314 2436 3573 2501 monachi,
3605 2449 3658 2494 et
3686 2440 3956 2509 sexaginta

2388 2506 2612 2561 duorum
2642 2506 2970 2578 martyrum.
3006 2508 3061 2561 V.
3094 2507 3177 2574 C.,
3211 2508 3264 2561 lit
3311 2511 3431 2561 Asia
3478 2517 3501 2554 8
3545 2506 3951 2578 l’olycarpi'ejr-

2384 2580 2535 2649 scopi
2566 2592 2684 2649 cum
2716 2577 2833 2631 alis
2853 2579 3129 2649 duodecim
3148 2592 3203 2649 et
3230 2579 3286 2631 8.
3316 2579 3520 2631 llerotts
3543 2577 3661 2649 [νς
3689 2579 3945 2649 Eloriiisl.

2386 2649 2452 2700 A.
2490 2648 2554 2700 Τ.
2584 2647 2665 2712 L.,
2697 2649 2948 2701 Nativitas
2992 2648 3048 2702 S.
3088 2646 3112 2684 ιι
3137 2648 3353 2702 Joannis
3384 2646 3733 2712 evangelista.
3766 2648 3831 2701 A.
3865 2646 3955 2715 Τ..

2390 2716 2631 2786 Smyrnae
2663 2720 2831 2771 natale
2861 2732 3159 2771 sanctorum
3186 2722 3253 2771 de
3283 2717 3510 2783 antiquis
3539 2719 3715 2770 lim-oti
3739 2730 3792 2769 et
3818 2718 3951 2770 Gar-

2391 2788 2561 2854 phori.
2602 2787 2665 2840 'l‘.
2695 2788 3017 2854 interponit:
3057 2787 3251 2841 Eodem
3301 2788 3383 2840 die
3414 2788 3595 2839 natalis
3628 2787 3685 2842 8.
3732 2786 3748 2824 ί
3789 2789 3950 2857 l'oly-

2388 2857 2530 2924 carpi
2588 2860 2877 2925 presbyteri
2906 2866 2959 2911 et
2998 2860 3332 2911 confessoris.
3369 2857 3453 2919 L.,
3487 2858 3545 2909 Et
3594 2857 3643 2910 in
3678 2858 3692 2905 i
3737 2858 3951 2909 Panno-

2390 2926 2511 3007 niis.
2534 2926 2631 2981 SS.
2681 2928 2950 2996 Antigoni,
2985 2927 3192 2993 llutuli,
3228 2929 3380 2993 Libii,
3429 2927 3737 2982 Uminandri
3764 2939 3817 2981 et
3847 2928 3949 2982 Ze-

2388 3010 2561 3050 IiOlllS.

2454 3086 2544 3142 25.
2570 3116 2637 3129 —
2667 3088 2729 3142 Vl
2763 3088 2892 3143 KAL.
2920 3087 2943 3125 ¹ί
2972 3088 3205 3145 inventio
3242 3089 3429 3158 capitis
3456 3088 3673 3145 Joannis
3725 3103 3955 3157 praeur-

788 3204 941 3259 anan
970 3203 1117 3256 V.'et
1157 3199 1241 3263 c.,
1290 3198 1351 3252 Et
1399 3198 1455 3252 s.
1485 3196 1718 3269 Theclm.
1762 3195 1934 3269 .t.rg.,
1965 3194 2271 3269 Nicomedia
2303 3203 2353 3269 ο
2386 3180 2542 3269 soris.
2569 3189 2624 3233 et
2652 3181 2824 3269 natale
2852 3181 2909 3235 S-
2942 3180 3171 3235 Μειιιιίω
3198 3182 3443 3251 apostoli-

716 3276 888 3332 natalc
917 3274 974 3329 S.
1004 3276 1025 3304 ε
1054 3271 1263 3325 Ἰιιεοιεθ
1291 3268 1527 3337 virginis,
1569 3266 1840 3337 discipula:
1871 3268 1928 3320 S.
1962 3266 2108 3318 Pauli
2138 3281 2267 3334 apo-

710 3347 852 3401 stoli.
888 3346 1067 3397 Romae
1111 3343 1192 3394 via
1248 3336 1518 3392 Tiburtina
1571 3337 1636 3391 ad
1682 3337 1739 3391 8.
1776 3336 2114 3389 Laurentium
2170 3352 2265 3389 na-

711 3420 812 3471 tale
840 3414 898 3471 S.
932 3413 955 3449 ά
988 3410 1313 3466 Concordiaa.
1347 3407 1400 3461 lu
1448 3408 1641 3461 Sirmio
1690 3408 1856 3461 natale
1888 3406 1944 3461 8.
1981 3415 2003 3443 ⁸
2032 3403 2267 3471 Serente,

711 3503 826 3555 qua:
879 3496 1115 3555 tempore
1173 3478 1440 3555 Maximini
1496 3478 1734 3555 plexione
1791 3476 1988 3555 capitis
2033 3479 2267 3555 Suscepit

711 3544 1040 3637 martyrium.
1074 3552 1271 3605 Eadem
1322 3548 1579 3602 habentur
1621 3548 1673 3601 iu
1705 3548 1789 3615 L.,
1820 3550 1910 3602 sed
1942 3548 2090 3601 abest
2130 3544 2270 3601 Con-

700 3627 911 3680 cordia.

710 3792 718 3805 ,
777 3715 866 3768 ‘23.
884 3742 950 3753 —
975 3712 1063 3767 Vll
1086 3710 1217 3766 Kac.
1244 3709 1406 3763 Vacat
1436 3708 1611 3763 Bmda.

2447 3266 2607 3323 Addit
2638 3268 2822 3323 Florus
2852 3268 2903 3323 iu
2936 3273 2998 3324 A.
3025 3270 3090 3325 T.
3118 3270 3203 3336 L.,
3229 3270 3327 3337 Qui
3352 3284 3415 3324 ex
3446 3269 3713 3339 discipulis
3734 3279 3945 3338 septua'

2377 3359 2519 3433 ginta
2568 3372 2711 3417 sorte
2761 3363 2959 3416 electus
3007 3378 3099 3430 pro
3128 3362 3261 3415 Juda
3303 3360 3546 3417 Searioth
3591 3362 3940 3417 duodecimus

2380 3454 2517 3508 inter
2546 3453 2812 3521 apostolos
2838 3453 3155 3521 subrogatus
3182 3461 3282 3505 est.

2453 3543 2651 3599 Similia
2701 3544 2857 3597 habet
2887 3543 3027 3611 V._et
3071 3542 3335 3611 subjungit
3361 3560 3373 3594 :
3407 3542 3550 3595 solus
3578 3541 3693 3595 sine
3720 3554 3922 3607 cogito-

2384 3624 2581 3677 mento,
2614 3614 2696 3665 cui
2727 3614 2881 3665 datur
2914 3608 3179 3678 Evangelii
3217 3608 3515 3676 prledicatiu
3544 3614 3593 3663 in
3623 3612 3821 3664 Judaza.
3860 3615 3932 3666 Α.

2382 3686 2471 3750 Ἰ“.,
2500 3684 2554 3737 lu
2593 3682 2896 3738 Nicomedia
2940 3684 3124 3738 natalis
3168 3680 3384 3736 Luciani
3422 3683 3734 3752 presbyteri.
3768 3682 3807 3734 L
3833 3721 3848 3745 ,
3882 3682 3951 3735 Et

2107 3797 2311 3854 SMITH
2349 3795 2571 3853 NOTE.

780 3903 804 3931 ι
845 3895 1071 3949 Vedasti.
1092 3893 1151 3949 8.
1182 3893 1447 3947 Auhertus
1474 3890 1673 3944 visione
1702 3888 1939 3955 angelica
1970 3888 2274 3945 admonitus

700 3967 979 4020 transtulit
1007 3967 1063 4018 8.
1084 3963 1303 4017 'Vedasti
1336 3962 1584 4030 reliquias
1613 3961 1664 4013 in
1713 3960 2042 4012 Nobiliacuin
2089 3960 2272 4012 civita-

699 4046 844 4102 ‘lem,
874 4051 1028 4102 quam
1066 4034 1135 4087 ob
1180 4048 1390 4086 causam
1439 4029 1488 4102 in
1525 4029 1793 4102 honorem
1940 4030 2269 4102 Vedasti__ibi

706 4098 941 4188 dedicata
968 4113 1050 4160 est
1077 4103 1332 4158 Ecclesia.
1362 4101 1490 4156 Vide
1520 4101 1826 4154 Bollandutn
1856 4100 1905 4153 in
1939 4099 2050 4153 Vita
2074 4100 2131 4155 8.
2161 4098 2268 4153 Ve-

706 4178 1124 4298 dainAntiochiw.
1144 4242 1239 4296 Ubi
1266 4241 1401 4294 sedit
1420 4242 1450 4294 7
1466 4254 1653 4293 annos.
1667 4237 1929 4295 Catliedra
1948 4239 2063 4309 ejus
2088 4239 2271 4294 Romae

704 4314 1012 4367 celebratur
1037 4329 1097 4365 xv
1125 4312 1241 4364 Kal.
1270 4312 1425 4364 Febr.
1456 4310 1583 4363 Vide
1612 4324 1789 4375 Supra.

783 4392 805 4421 ο
840 4382 1058 4435 ΤΙιπΙιε.
1085 4382 1205 4433 llaec
1234 4381 1425 4432 colitur
1456 4380 1585 4431 infra
1615 4379 1685 4432 25
1706 4379 2068 4446 Septembris;
2103 4378 2267 4432 Hodie

2386 3894 2618 3961 ronymi,
2665 3891 2896 3956 Rabani,
2942 3891 3189 3948 Galesinii
3218 3900 3271 3947 et
3296 3892 3430 3956 aliis,
3464 3891 3554 3946 sed
3584 3892 3649 3946 de
3680 3892 3774 3945 hoc
3823 3892 3946 3948 vide

2378 3976 2532 4069 suum
2561 3977 2678 4015 xrvt
2705 3963 2964 4016 Januarii.

2505 4031 2718 4069 Inuum;-
2770 4034 2842 4069 no
2879 4033 2963 4069 Ιηιί

2497 4031 2739 4154 l{quam}.
2769 4034 2843 4088 De
2878 4033 3030 4103 hujus
3061 4032 3215 4086 natali
3247 4031 3508 4102 agendum
3539 4032 3637 4086 erit
3664 4047 3804 4086 xxvu
3838 4033 3945 4087 De-

2535 4119 2626 4154 I‘IS.

2376 4115 2626 4157 cetnbrts.

2450 4171 2463 4209 ¹
2508 4172 2797 4239 Polycurpi.
2830 4171 3093 4227 Notkerus
3125 4172 3317 4225 habet:
3351 4170 3531 4225 Romae
3560 4171 3616 4224 8.
3662 4170 3941 4240 Poiycarpi

2375 4243 2688 4311 pre:byteri.
2741 4244 2891 4295 Baeda
2937 4243 3114 4311 Vulg.,
3146 4242 3277 4305 Ado,
3330 4241 3620 4303 Usnardus,
3656 4254 3943 4307 nosterque

2374 4322 2557 4365 auctor
2580 4311 2940 4365 confessorem
2969 4322 3186 4375 vocant;
3222 4311 3490 4379 probabile
3519 4324 3600 4365 eSt
3632 4312 3789 4379 igitur
3815 4329 3940 4365 eum

2372 4383 2510 4435 sicca
2544 4393 2709 4435 morte
2750 4382 3073 4439 defunctum.
3113 4384 3219 4434 iloc
3250 4392 3452 4435 certum
3483 4392 3584 4447 est,
3619 4397 3736 4435 cum
3778 4383 3932 4447 jussu

694 4460 885 4505 1amen
917 4450 1240 4505 Nicomediae
1274 4463 1423 4517 passa
1456 4446 1649 4501 dicitur
1677 4465 1690 4501 :
1724 4424 1814 4503 m3
1842 4463 1965 4502 vero
1992 4424 2077 4501 die
2108 4448 2267 4502 lconii
2297 4424 2349 4484 D
2379 4454 2684 4505 Diocletiani
2733 4424 3073 4505 Chromatius
3110 4451 3387 4517 praefectus
3419 4452 3467 4504 in
3501 4424 3746 4503 exsilium
3778 4424 3935 4517 ’apud

703 4522 755 4576 in
775 4524 1148 4645 “Ligeri-[23%.
1179 4591 1342 4654 Quam
1376 4585 1599 4640 Deciana
1640 4586 1937 4652 persecutio
1966 4585 2267 4641 trucidavit.

710 4662 861 4715 limda
899 4661 1372 4731 Vulg.,‘Rabanus,
1399 4655 1694 4721 Norkerus;
1724 4656 1789 4709 de
1833 4656 1930 4710 hac
1977 4657 2093 4709 vide
2135 4656 2267 4711 infra

704 4735 769 4785 13
794 4737 926 4786 Amr.

858 4748 870 4781 ι
913 4773 926 4786 .

776 4748 1055 4855 υλὲξνεηω.
1084 4798 1225 4864 Ilaec,
1255 4807 1312 4851 ut
1342 4796 1562 4858 videtur,
1595 4796 1779 4851 eadem
1810 4804 1892 4850 est
1919 4809 2037 4849 cum
2060 4794 2266 4850 Siuerio

700 4872 780 4923 vel
814 4871 1024 4931 Sireno,
1055 4871 1140 4934 qni
1173 4869 1304 4923 infra
1333 4869 1419 4920 die
1448 4867 1687 4934 sequenti
1715 4867 1927 4921 colitur.

776 4886 780 4923 l
814 4886 1024 4931 btreno,
1092 4886 1140 4921 ni
1173 4886 1304 4923 intra
1333 4886 1419 4920 uie
1448 4886 1687 4934 sequenti
1715 4886 1927 4921 coutur.

776 4940 794 4978 τ
831 4886 1192 4994 δὶιιεΐὶἱ.‹ἐῖυιιι
1224 4941 1334 5005 ipse
1355 4939 1454 4990 sibi
1486 4937 1691 4989 hortum
1724 4937 2016 4999 excoleret,
2046 4945 2098 4987 et
2128 4950 2263 4989 unus

698 5026 763 5063 ex
793 5011 1094 5063 domesticis
1126 5010 1455 5074 imperatoris
1488 5007 1784 5059 Maximiani
1809 5006 2008 5059 amicus
2042 5005 2258 5058 intimus

699 5092 869 5142 esset;
904 5078 1129 5147 quadam
1156 5078 1241 5130 die
1279 5091 1494 5129 uxorem
1526 5076 1665 5129 illius
1696 5078 1747 5128 in
1796 5077 1948 5129 horto
1992 5091 2088 5147 suo
2132 5076 2260 5147 hora

698 5145 983 5216 incongrua
1014 5148 1434 5200 deambulantem
1460 5148 1658 5213 reperit
1682 5163 1694 5197 :
1728 5159 1951 5216 eamque
1974 5146 2167 5216 acriter
2190 5145 2260 5198 de

700 5214 1031 5271 immodestia
1080 5216 1391 5284 increpavit,
1428 5223 1626 5269 etcum
1662 5214 2034 5280 indignatione
2074 5214 2256 5281 ejecit.

680 5290 824 5355 Qua:
871 5290 982 5340 viro
1026 5302 1122 5340 suo
1166 5287 1232 5339 de
1280 5285 1480 5340 Sereno
1520 5286 1904 5355 conqueritur:
1944 5285 2029 5349 qui
2086 5286 2257 5338 verbis

695 5353 936 5426 conjugis
965 5355 1029 5408 ad
1074 5355 1393 5409 iracundiam
1425 5362 1614 5426 motus,
1650 5356 1707 5408 8.
1742 5353 1997 5426 serenum
2031 5355 2257 5426 impera-

2370 4520 2707 4589 Campaniam
2737 4536 2853 4575 cum
2897 4522 3079 4577 multis
3107 4520 3418 4575 Christianis
3466 4523 3779 4583 mitteretur,
3829 4524 3932 4573 νο-

2370 4592 2639 4659 lyr-artium
2671 4603 2860 4658 sponte
2894 4607 3073 4645 secum
3107 4593 3350 4644 exsilium
3382 4591 3639 4653 subiisse;
3672 4592 3809 4657 quod
3846 4599 3934 4643 ta-

2367 4676 2488 4715 men
2519 4662 2566 4715 ei
2601 4674 2781 4727 pos:ea
2810 4662 2999 4714 accidit
3032 4662 3234 4728 penitus
3266 4660 3523 4729 ignotum.
3556 4660 3927 4729 Martyrologia

2367 4730 2417 4783 iu
2453 4732 2550 4784 hoc
2576 4732 2929 4794 consentiunt,
2956 4746 3075 4783 eum
3102 4732 3296 4783 scilicet
3319 4745 3436 4783 cum
3467 4730 3778 4783 Sebastiano
3810 4731 3935 4797 pln-

2365 4800 2527 4853 rimos
2558 4800 2620 4852 ad
2652 4801 2804 4852 iidem
2834 4799 3028 4853 Christi
3070 4802 3413 4864 convertisse,
3445 4810 3602 4868 atque
3631 4801 3692 4851 ad
3726 4814 3928 4868 lllnl'ly-

2368 4870 2429 4922 rii
2458 4871 2675 4937 gloriam
2710 4870 3035 4933 perduxisse.

2432 4936 2479 4989 'i’
2503 4940 2803 4992 Pu'miomix.
2832 4940 3006 4992 Sirmii
3034 4940 3236 4993 scilicet
3258 4940 3358 4991 hos
3390 4953 3572 5005 passos
3614 4936 3808 4991 iudicat
3836 4951 3928 4990 ve-

2365 5010 2710 5080 tristissimum
2742 5010 3163 5080 Martyrologium
3194 5010 3487 5062 Rounanum
3518 5012 3629 5061 sive
3658 5010 3714 5060 S.
3743 5008 3929 5060 liiero-

2364 5082 2531 5149 nygmi.
2584 5078 2885 5132 Bollandus.

2436 5147 2459 5185 ιι
2491 5147 2736 5201 lnvcntio.
2774 5148 2940 5203 Hodie
2980 5146 3270 5202 secundum
3300 5146 3576 5200 Baronium
3608 5143 3775 5211 prima
3824 5157 3924 5195 ca-

2360 5218 2481 5285 pitis
2532 5221 2588 5271 S.
2631 5217 2846 5272 Joannis
2900 5218 3130 5272 inventio
3180 5218 3311 5271 facta
3365 5218 3600 5269 traditur.
3659 5216 3811 5268 Baeda
3864 5215 3923 5269 in

2357 5288 2620 5341 Chronico
2648 5289 2745 5341 sub
2777 5289 3009 5354 principe
3038 5288 3290 5339 Martiano
3320 5287 3429 5339 lucc
3462 5289 3616 5338 habet
3642 5304 3655 5337 :
3683 5286 3919 5341 Joannes

2358 5359 2589 5423 Baptista
2638 5367 2794 5425 caput
2823 5372 2975 5409 suum
3018 5358 3223 5409 duobus
3270 5358 3536 5408 monachis
3581 5356 3725 5407 orien
3754 5360 3925 5405 almus

697 5421 809 5479 tori'
826 5421 896 5480 υἷὶ
921 5426 1274 5479 Christianum
1299 5434 1532 5478 accusat.
1560 5424 1753 5490 Sicque
1776 5423 2006 5476 Serenus
2031 5421 2254 5490 jnbente

696 5497 1015 5563 imperatore
1042 5507 1216 5549 tentus
1240 5505 1291 5548 et
1318 5509 1376 5548 se
1401 5494 1754 5547 Chrisdanutn
1776 5495 2048 5546 confessus
2076 5492 2253 5560 capite

694 5579 863 5619 caesus
889 5576 987 5619 est.
1022 5566 1160 5619 i’etr.
1184 5564 1249 5618 de
1275 5564 1567 5617 Natalibus.

764 5645 788 5682 ις
825 5633 1095 5703 l’olycarpi
1125 5635 1363 5701 episcopi.
1393 5634 1490 5699 Qui
1524 5633 1620 5687 hoc
1643 5632 1726 5686 die
1756 5632 2008 5701 martyrio
2035 5642 2252 5703 corona-

694 5710 777 5755 tus
807 5699 1014 5767 dicitur,
1045 5699 1339 5768 coliturque
1382 5718 1408 5755 a
1440 5704 1655 5763 Graii-is,
1691 5714 1741 5753 ut
1775 5699 1917 5769 patet
1945 5715 2006 5752 ex
2040 5699 2249 5752 Menaeis

676 5785 745 5827 et
770 5772 1079 5843 Menologio.
1109 5772 1390 5843 inscriptus
1427 5776 1585 5828 etiam
1615 5770 2001 5843 Martyrologiis
2031 5770 2084 5825 S.
2120 5770 2242 5823 llie—

2355 5430 2442 5494 qui
2476 5432 2541 5478 oh
2568 5430 2856 5477 orationem
2889 5435 3138 5480 venerant
3169 5426 3604 5493 Hierosolymam,
3636 5426 3781 5489 juxta
3816 5428 3923 5471 lle-

2356 5498 2495 5548 rodis
2520 5496 2781 5560 quondam
2809 5496 2945 5563 regis
2975 5496 3331 5548 habitaculum
3357 5498 3575 5556 revelat,
3600 5494 3739 5561 quod
3767 5494 3924 5543 detn-

2354 5580 2478 5631 ceps
2524 5565 2754 5616 Emisam
2791 5566 3075 5619 Phoenicia:
3118 5566 3299 5618 urbem
3349 5568 3625 5632 perlatum,
3656 5571 3713 5614 et
3757 5564 3919 5625 digno

2355 5636 2555 5688 honore
2604 5636 2801 5690 cultum
2831 5644 2932 5690 cst.
2966 5634 3039 5690 De
3068 5634 3372 5690 inventione
3404 5636 3593 5689 iterum
3627 5632 3919 5686 dicendum

2358 5720 2477 5759 uix
2517 5704 2757 5775 Augusti.
