4240 6518
738 393 833 453 851

1478 384 1675 439 IiEDA‘Z
1719 380 2165 443 \‘ENliRAfllLlS
2186 380 2334 434 OPP.
2370 377 2543 434 PAllS
2574 376 2657 431 IV.
2693 405 2759 416 —
2799 372 3175 431 lilSTORlCA.

3881 367 3976 433 85Ξ

1971 490 2191 546 EDITIO
2229 487 2693 544 COLONIENSIS.

738 608 893 660 quem
956 592 1136 645 beatus
1179 586 1462 655 Gregorius
1511 584 1673 643 libros
1720 583 1991 646 Moralium
2042 581 2289 646 scripsit,
2331 589 2371 645 Α
2404 578 2712 649 Lugdunum
2743 578 2911 632 sancti
2940 575 3249 629 Baldimeris
3267 574 3360 627 viri
3378 574 3493 629 Dei.
3522 572 3972 627 lnThessalonica

734 686 884 751 cujus
937 680 1309 750 praedicatione
1339 686 1394 732 et
1432 676 1690 739 industria
1736 686 1845 729 tota
1897 673 2295 742 Visigothorum

730 790 860 847 gens
888 772 953 826 ah
985 772 1204 827 Arriana
1246 770 1519 837 impietate
1546 780 1803 821 conversa
1831 774 1934 819 est.
1978 763 2176 819 Eodem
2209 762 2297 817 die

730 865 783 920 in
830 861 1149 923 Alexandria
1202 860 1376 923 natale
1430 859 1597 913 sancti
1646 856 1839 913 Juliani
1884 854 2157 930 martyris.
2201 854 2299 919 Qui

727 971 847 1011 cum
904 955 972 1008 ita
1029 953 1258 1023 podagra
1310 960 1454 1017 esset
1500 948 1844 1021 constrictus,
1888 958 1944 1000 ut
1993 961 2164 1015 neque
2224 946 2303 998 in-

724 1047 919 1103 cedere
960 1059 1130 1112 neque
1172 1053 1315 1101 state
1366 1050 1565 1112 posset,
1624 1039 1676 1093 in
1722 1038 1906 1093 sellula
1950 1035 2115 1105 judici
2144 1034 2302 1089 oll‘cr-

727 1145 833 1202 tur,
860 1155 982 1193 cum
1006 1138 1085 1192 bis
1127 1137 1215 1206 qui
1252 1152 1371 1203 eum
1422 1134 1732 1204 portabant,
1769 1146 1991 1199 quorum
2040 1144 2173 1182 unus
2214 1142 2301 1181 ne-

727 1231 895 1300 gavit,
926 1229 1060 1295 alter
1092 1228 1302 1283 nomine
1332 1228 1528 1292 Eunus,
1560 1238 1677 1277 cum
1708 1221 1915 1276 Juliano
1938 1234 2064 1273 sene
2092 1219 2142 1273 in
2168 1232 2299 1271 con-

730 1319 961 1373 fessione
991 1317 1186 1372 Christi
1227 1318 1495 1385 perdurat.
1528 1314 1732 1382 Quique
1756 1310 1977 1384 jubente
2002 1309 2181 1379 judice
2210 1321 2297 1360 ca-

727 1409 883 1463 melis
914 1410 1169 1479 impositi,
1214 1420 1267 1463 et
1300 1423 1392 1477 per
1432 1417 1593 1462 totam
1621 1392 1965 1465 circumducti
2000 1403 2214 1466 urbem,
2244 1409 2299 1455 et

722 1498 903 1567 ﬂagris
951 1498 1071 1556 hinc
1118 1498 1239 1552 inde
1282 1498 1613 1565 inspectante
1666 1493 1859 1563 populo
1912 1491 2096 1546 laniati
2148 1498 2293 1554 sunt,

728 1604 1004 1665 usquequo
1050 1592 1208 1645 linem
1246 1588 1373 1658 ipsis
1411 1585 1721 1642 verberibus
1750 1584 2087 1638 sortirentur.
2131 1578 2285 1647 Apud

2403 668 2579 723 natale
2611 666 2918 731 Alexandri,
2969 664 3297 733 Androgoni,
3326 662 3668 721 Abundantii.
3706 663 3761 716 ln
3798 661 3969 718 Africa

2405 758 2660 829 Dionysii,
2687 766 2740 812 et
2768 756 2989 810 aliorum
3022 755 3202 824 viginti
3229 763 3480 823 quatuor.

2471 851 2533 904 C.
2584 850 2732 907 Puta.
2791 848 2926 905 ΚΑι..
2980 847 3293 901 ΜΑιιτη.--
3326 846 3385 900 In
3433 846 3711 901 territorio
3761 846 3966 916 Lugdu-

2406 940 2556 995 nensi
2586 939 2717 994 locis
2748 938 3039 994 virentibus
3070 936 3208 991 beati
3239 936 3464 991 Romani
3486 936 3713 1001 abbatis,
3745 935 3837 1004 qui
3863 937 3967 1004 pri-

2408 1049 2523 1087 mus
2552 1032 2659 1087 illic
2688 1033 2848 1085 vitam
2878 1030 3207 1084 eremiticaut
3237 1028 3423 1093 duxit,
3451 1035 3508 1083 et
3535 1028 3717 1081 multis
3749 1027 3962 1081 virtuti-

2406 1128 2502 1181 bus
2549 1139 2611 1180 ac
2663 1122 2933 1187 miraculis
2962 1123 3158 1187 clarus,
3204 1121 3553 1192 plurimorum
3597 1130 3779 1189 postea
3828 1130 3968 1189 pater

2402 1221 2603 1275 exstitit
2635 1218 3037 1273 monachorum.
3086 1217 3403 1272 Venerabile
3432 1231 3627 1285 corpus
3664 1216 3781 1285 ejus
3829 1216 3965 1285 posi-

2406 1320 2515 1371 tum
2542 1318 2623 1366 est
2653 1310 2705 1365 in
2734 1307 2929 1365 finibus
2967 1309 3366 1362 Vesuntionum.
3406 1307 3460 1362 In
3492 1306 3811 1364 Alexandria
3842 1322 3963 1369 san-

2401 1411 2607 1457 etorum
2668 1408 2959 1470 martyrum
3012 1399 3286 1467 Cerealis,
3339 1397 3559 1468 Pupuli,
3600 1397 3757 1465 Gaii,
3811 1397 3964 1453 Scra-

2402 1505 2592 1560 ptnnts.

1996 1674 2218 1727 nomo
2258 1669 2754 1737 BOLLANDlANA,

734 1775 858 1829 talis
882 1776 937 1829 S.
972 1786 995 1814 ο
1033 1776 1224 1831 Felicis
1253 1774 1482 1842 episcopi
1513 1782 1565 1827 et
1595 1771 1866 1842 martyris.
1902 1769 2301 1842 Smyrna_Asi_aa

731 1847 919 1899 natalis
966 1845 1059 1900 SS.
1112 1836 1675 1907 Serviliani,'l)aciani
1722 1836 1774 1895 et
1824 1840 2069 1894 Leandri.
2116 1838 2203 1904 T.,
2234 1836 2301 1890 Et

730 1916 1008 1970 translatio
1035 1915 1089 1970 S.
1121 1914 1147 1951 ι’
1182 1914 1422 1982 Ragnulli
1457 1911 1725 1980 martyris.

791 2005 883 2057 28.
906 2033 977 2044 —
1003 2005 1045 2059 ll
1071 2004 1206 2059 ΚΑΙ..
1237 2005 1403 2057 Vacat
1433 2003 1611 2057 Baeda.

801 2099 884 2163 D.,
922 2098 1241 2159 Alexandria
1277 2107 1298 2134 ο
1322 2095 1541 2151 Metrani
1568 2092 1815 2165 martyris
1850 2100 1903 2145 et
1944 2091 2191 2146 aliorum.
2231 2086 2297 2141 V.

2418 1766 2502 1829 (3.,
2532 1765 2724 1818 natalis
2770 1762 2867 1818 SS.
2899 1760 3127 1825 Celeris,
3181 1758 3391 1828 Pupilli,
3443 1759 3777 1826 Serapionis,
3810 1758 3968 1814 Jttsti.

2414 1828 2502 1899 V.,
2531 1833 2770 1887 Candidi.
2801 1829 3198 1891 C.,Clandiani.
3233 1836 3331 1899 Α..
3353 1830 3405 1881 In
3437 1831 3751 1899 Alexandria
3778 1828 3968 1899 natalis

2405 1904 2503 1959 SS.
2556 1902 2811 1971 Dionysii,
2853 1899 3146 1971 Clattdiani.
3193 1910 3247 1953 et
3282 1898 3593 1971 ῨΤΙθβυιΨίΙῖο
3647 1898 3711 1953 Το

2405 1967 2725 2027 Alexandria
2760 1971 2951 2025 natalis
2980 1970 3076 2023 SS.
3108 1969 3438 2033 Serapionis.
3466 1968 3668 2023 Celeris
3688 2010 3702 2031 ,
3737 1967 3963 2024 Claudii.

2405 2044 2566 2099 Addit
2588 2043 2677 2111 'l‘.,
2702 2040 2977 2107 Victorini,
3008 2039 3301 2104 Saturnini,
3322 2040 3603 2101 Alexandri
3629 2048 3683 2095 et
3717 2038 3964 2093 Victoris.

2416 2194 2597 2252 ΟΤΑΞ.

2416 2195 2597 2252 ΟΤᾹΞ.

798 2308 823 2335 ι
857 2297 1065 2352 Feliris.
1094 2299 1269 2365 Papae,
1298 2314 1373 2352 sc.
1428 2297 1484 2351 Si
1517 2307 1692 2352 autem
1734 2296 1802 2350 sit
1849 2295 2000 2349 Felix
2049 2195 2559 2359 PrisnbtltgleNsexto
2592 2286 2709 2365 ᾔει.
2735 2284 2897 2365 Junii,
2932 2284 3024 2365 sed
3054 2284 3104 2337 in
3128 2284 3459 2365 Atreliatensi
3506 2284 3771 2365 Breviarip
3808 2286 3972 2365 poni-

720 2370 918 2426 colitur
947 2370 1077 2421 infra
1110 2364 1209 2422 xxx
1243 2369 1358 2422 Maii
1390 2369 1472 2431 ;si
1496 2368 1784 2431 secundus,
1818 2382 1938 2418 xxix
1961 2364 2101 2419 Julii.

795 2437 824 2519 ξ’
857 2438 1119 2520 liagnu'ﬁ.
1145 2440 1288 2520 _Sive
1329 2430 1643 2520 fiatnilplti,_
1676 2430 1843 2520 patris
1998 2430 2293 2520 lladulpbi,

719 2506 956 2577 episcopi
1012 2510 1400 2563 Atrebatensis.
1458 2509 1552 2562 llic
1596 2510 1664 2561 ab
1716 2506 1956 2561 Usuardo
2002 2512 2289 2558 annotatur

725 2646 1002 2679 ﬂ"

2404 2366 2489 2411 tur
2514 2358 2701 2423 quinto
2752 2358 2930 2408 ldunni
2966 2355 3304 2409 Novembris.
3339 2356 3573 2409 Mulanus
3597 2396 3613 2421 ,
3644 2355 3693 2409 in
3736 2354 3972 2415 indiculo

2406 2439 2709 2482 sanetorum
2738 2426 2927 2492 Belgii.

2476 2504 2500 2534 ⁶
2536 2496 2779 2550 Memmi.
2808 2497 2883 2550 De
2908 2495 3009 2549 hoc
3039 2493 3156 2550 vide
3185 2508 3365 2563 supra,
3395 2510 3517 2550 xxxt
3547 2494 3800 2551 Januarii.

2087 2728 2645 2817 MARTIUS.

1995 2905 2221 2963 EDlTlO
2258 2905 2723 2961 COLONIENSIS.

1342 3022 1666 3080 MARTIUS.

1093 3116 1256 3170 Habet
1283 3118 1387 3169 dies
1416 3131 1563 3181 xxxi,
1600 3114 1794 3167 Lunam
1825 3130 1949 3168 xxx.

722 3216 726 3225 '
798 3209 860 3265 υ.
901 3208 1032 3263 ΚΑι.
1084 3207 1303 3261 MART".
1347 3237 1417 3247 --
1462 3206 1764 3274 Andegavis
1810 3203 2072 3273 depositio
2129 3203 2302 3257 sancti

722 3300 909 3355 Albani
941 3298 1196 3366 episcopi.
1231 3297 1411 3351 Roma:
1442 3306 1745 3352 sanctorum
1781 3303 2073 3359 martyrum
2102 3294 2303 3348 ducen-

723 3400 896 3445 torum
939 3390 1230 3458 sexaginta,
1283 3387 1607 3458 temporibus
1648 3386 1872 3451 Claudii,
1927 3386 2015 3456 qui
2072 3386 2157 3441 via
2203 3385 2302 3441 Sa-

726 3481 856 3535 laria
881 3495 1097 3535 arenam
1128 3478 1386 3533 fodientes
1414 3477 1646 3531 damnati
1677 3486 1800 3530 sunt
1843 3492 1937 3543 pro
1964 3474 2168 3530 Christi
2198 3488 2296 3529 no-

721 3571 872 3635 mine
900 3588 911 3622 :
945 3584 1078 3639 quas
1101 3569 1258 3638 jussit
1283 3567 1556 3635 Claudius,
1581 3575 1639 3621 ut
1667 3565 1718 3621 in
1754 3566 1932 3637 iiglina
1966 3565 2092 3619 foris
2117 3578 2299 3623 muros

2431 3033 2518 3071 tim
2547 3016 2716 3072 Jovini
2744 3025 2797 3071 et
2830 3016 3039 3080 Basilei,
3071 3016 3159 3086 qui
3187 3032 3323 3087 passi
3354 3026 3478 3073 sunt
3512 3017 3609 3072 sub
3639 3018 3882 3075 Gallieno
3906 3029 3965 3078 et

2407 3108 2684 3163 Valeriano
2715 3109 3141 3176 imperatoribus.
3169 3118 3221 3162 et
3244 3108 3502 3177 Simplicii
3532 3124 3699 3177 papae,
3720 3110 3805 3178 qui
3829 3111 3971 3168 sedit

2404 3214 2572 3254 annos
2616 3199 2943 3269 quindecim.
3000 3201 3097 3255 llic
3137 3199 3388 3255 Acacium
3433 3200 3971 3270 Constantinopolita-

2407 3307 2531 3346 num
2555 3292 2884 3360 episcopum,
2900 3303 2951 3347 et
2968 3291 3184 3349 Petrum
3202 3291 3612 3346 Alexandrinum
3637 3293 3968 3361 episcopum,

2410 3380 2789 3450 Eutychianos,
2806 3381 3093 3436 damnavit.
3116 3380 3311 3435 Eodem
3327 3380 3410 3436 die
3424 3391 3709 3452 martyrum
3731 3382 3975 3452 plurimo-

2406 3490 2523 3529 rum
2554 3474 2655 3530 Sub
2685 3473 2987 3529 Alexandro
3019 3476 3339 3541 imperatore
3371 3488 3643 3543 passorum
3664 3515 3678 3538 ,
3722 3488 3854 3543 quos
3881 3475 3971 3531 diu

2405 3565 2663 3621 cruciatos
2692 3564 2883 3633 impius
2912 3566 3213 3619 Alexander
3243 3564 3453 3633 capitali
3482 3565 3740 3619 sententia
3772 3564 3821 3619 in
3861 3578 3964 3621 ex-

724 3662 950 3716 Salarim
998 3662 1357 3727 mitterentur,
1397 3668 1452 3722 et
1481 3673 1547 3715 eo
1596 3658 1713 3713 loco
1742 3656 1933 3713 inclusi
1975 3656 2029 3710 in
2067 3654 2295 3711 civitatis
2325 3665 2373 3730 ο
2406 3666 2575 3712 tremo
2600 3656 2889 3717 damnavit.
2919 3656 2975 3710 in
3004 3656 3243 3713 Caesarea
3274 3657 3620 3726 Cappadociae
3657 3656 3811 3713 Lucae
3851 3657 3972 3727 epi-

723 3748 1145 3816 amphitheatro,
1195 3749 1423 3803 militum
1454 3747 1660 3818 sagittis
1699 3746 2143 3801 interﬁcerentur.
2192 3746 2297 3800 Eo-

720 3838 842 3893 dem
886 3839 973 3893 die
1013 3840 1272 3908 depositio
1300 3840 1466 3893 sancti
1501 3838 1754 3897 Suitberti
1787 3838 2023 3907 episcopi
2065 3848 2119 3901 et
2157 3853 2291 3893 con-

716 3931 959 3987 fessoris.

787 4020 849 4077 E.
894 4019 958 4077 Vl
991 4022 1121 4093 Non.
1166 4021 1387 4093 MART".
1438 4054 1508 4066 --
1541 4022 1723 4079 Roma!
1753 4023 1830 4077 via
1859 4022 2040 4078 Latina
2073 4028 2291 4075 sancto-

2402 3749 2549 3818 scopi
2584 3766 2597 3801 :
2629 3748 2683 3803 in
2716 3748 2873 3803 Portu
2906 3747 3164 3812 Romano,
3192 3746 3359 3813 Pauli,
3402 3746 3736 3817 Secundolte,
3763 3747 3960 3803 Janua-

2403 3840 2514 3905 riae,
2547 3850 2598 3895 et
2625 3851 2930 3895 sanctorum
2964 3838 3142 3909 Lorgi,
3177 3838 3354 3908 lierin
3383 3848 3438 3894 et
3464 3839 3734 3905 Absaloni,

2472 3928 2531 3984 F.
2578 3928 2615 3981 V
2649 3929 2781 3983 Non.
2816 3929 3029 3985 MART".
3078 3954 3149 3970 --
3195 3926 3377 3983 Natale
3425 3937 3730 3982 sanctorum
3769 3935 3969 3999 marty-

2400 4032 2519 4074 rum
2547 4018 2823 4075 Emitherii
2847 4029 2904 4074 et
2930 4018 3214 4089 Celidonii,
3244 4017 3333 4089 qui
3358 4018 3584 4089 primum
3612 4019 3747 4089 apud
3779 4020 3970 4091 Legio-

1972 4131 2195 4188 EDITIU
2235 4126 2732 4193 BOLLANDIANA.

787 4227 839 4283 1.
869 4256 934 4265 -
962 4224 1253 4280 Κηεκυιε.
1277 4224 1443 4280 Vacat
1476 4224 1651 4279 Baeda.

792 4314 878 4378 D.,
915 4322 940 4349 ι
970 4315 1285 4367 Sanctorum
1312 4313 1661 4369 ducentorum
1704 4314 2001 4379 sexaginta,
2034 4312 2120 4379 qui
2157 4321 2289 4364 tem-

718 4382 936 4449 poribus
978 4382 1182 4436 Claudii
1216 4384 1352 4449 passi
1384 4391 1526 4439 sunt.
1560 4382 1623 4441 V.
1653 4384 1737 4447 (3.,
1763 4383 1948 4436 Natale
1967 4384 2063 4436 SS.
2096 4380 2123 4418 δ
2158 4382 2295 4434 Leo-

718 4454 823 4519 nis,
883 4451 1103 4515 Donati,
1152 4452 1535 4515 Habundantii,
1584 4451 1810 4509 Nicet‘ori
1843 4462 1897 4505 et
1932 4453 2159 4507 aliorum
2196 4466 2291 4504 no-

716 4538 859 4578 vein.
896 4524 961 4584 A.
992 4520 1054 4582 Τ.
1084 4521 1170 4588 L.,
1196 4521 1251 4579 In
1282 4521 1455 4585 Africa
1487 4523 1665 4589 passio
1686 4522 1742 4575 S.
1772 4521 1965 4577 Leonis
1992 4531 2045 4575 et
2076 4521 2287 4575 Donati.

718 4592 784 4657 Et
816 4594 865 4646 in
892 4592 1194 4658 A‘ndegavis
1219 4592 1434 4647 civitate
1463 4591 1723 4658 depositio
1748 4591 1804 4645 S.
1835 4603 1855 4629 ο
1884 4592 2060 4645 Albini
2085 4592 2292 4657 episco-

720 4607 784 4657 ιι
816 4609 865 4646 in
892 4607 1042 4647 Apue
1081 4607 1194 4648 avis
1219 4607 1434 4647 civitate
1463 4607 1723 4658 depositio
1748 4607 1804 4645 δ.
1835 4607 1855 4629 α
1884 4607 2060 4645 manu
2085 4607 2292 4657 episco-

720 4666 810 4730 pi,
862 4662 1014 4729 cujus
1044 4607 1233 4719 i’itam
1287 4662 1608 4715 Fortunatus
1656 4663 1934 4730 presbyter
1975 4661 2293 4730 conscripsit

717 4742 984 4800 comptam
1038 4733 1328 4786 miraculis.
1381 4733 1545 4789 Abest
1598 4730 1700 4787 hoc
1752 4733 1993 4785 ultimum
2041 4746 2070 4784 a
2124 4732 2207 4795 L.,
2239 4739 2295 4785 et

717 4804 889 4873 primo
918 4802 1034 4856 loco
1062 4805 1273 4871 ponitur
1303 4821 1315 4855 :
1354 4801 1624 4871 Depositio
1664 4804 1689 4844 ἀ
1721 4800 1888 4873 Moysi
1920 4801 2151 4861 hominis
2175 4802 2286 4865 Dei.

791 4894 847 4948 2.
876 4924 943 4934 —
978 4894 1040 4961 VI,
1065 4893 1263 4957 Nostis.
1296 4892 1456 4949 Vacat
1484 4892 1666 4959 Bzeda.

2325 4895 2380 4959 ι)

2476 4241 2518 4310 D
2589 4241 3144 4313 Romzeg'iJoviniani
3172 4250 3227 4298 et
3276 4244 3465 4300 Basilei
3516 4253 3571 4301 et
3620 4247 3971 4313 plurimorum

2402 4323 2713 4393 martyrum.
2838 4312 3003 4393 C.._ln
3032 4313 3282 4393 Caesarea
3306 4310 3829 4393 cappadocitebuca:
3855 4317 3972 4393 epi-

2401 4382 2546 4450 scopi
2571 4426 2584 4449 ,
2619 4382 2897 4438 Primitivi.
2926 4383 3105 4436 Roma:
3135 4383 3319 4447 Pauli,
3348 4382 3604 4438 Januarii.
3638 4385 3724 4451 V.,
3754 4382 3969 4443 Marini.

2403 4451 3082 4536 C.,.Antigopi,_Januari‘i.
3108 4457 3173 4536 A_.
3206 4454 3389 4536 Tali...
3411 4455 3475 4536 'ln
3503 4454 3740 4536 Gaesarea
3772 4456 3971 4536 Capps:

2401 4520 2568 4595 docize
2597 4520 2783 4595 natalis
2813 4524 2966 4595 Luem
2997 4521 3108 4595 [A._,
3144 4523 3310 4595 Lucii]
3340 4525 3574 4592 episcopi
3605 4568 3620 4591 ,
3651 4520 3973 4583 Januariiet

2406 4588 2684 4645 Primitivi.
2718 4592 2806 4659 T.,
2838 4588 3025 4647 eoden't
3066 4592 3173 4655 die,
3203 4593 3256 4646 in
3288 4588 3443 4661 portu
3474 4588 3745 4660 Romano,
3776 4596 3829 4650 in
3856 4610 3973 4651 οω-

2404 4663 2627 4744 meteriu
2653 4662 2838 4730 Pauli,
2873 4663 3065 4717 natalis
3110 4663 3424 4720 Secundola:
3463 4673 3518 4720 et
3554 4664 3818 4723 Januaria:
3858 4666 3971 4731 vir-

2402 4746 2601 4799 ginum.

2474 4844 2527 4899 5.
2555 4873 2625 4884 -
2656 4843 2692 4905 V
2726 4842 2922 4902 Nonas.
2959 4844 3119 4907 Vacat
3150 4846 3329 4909 Baeda.

2108 5005 2309 5063 SMITH
2351 5004 2576 5061 NOTAE.

792 5110 816 5138 ³
850 5099 1173 5155 Sanctorum.
1199 5099 1299 5167 Qui
1330 5112 1545 5154 arenam
1588 5098 1849 5161 fodientes
1893 5100 2123 5155 damnati
2171 5102 2287 5155 fue-

2393 5098 2697 5162 canonicus,
2728 5108 2909 5169 postea
2939 5100 3103 5155 abbas
3133 5099 3321 5165 factus,
3346 5099 3537 5156 deinde
3562 5099 3962 5170 Andegavettsis

717 5180 839 5227 rant
884 5184 980 5239 pro
1010 5171 1228 5224 nomine
1259 5170 1452 5224 Christi
1478 5210 1493 5233 ,
1527 5184 1659 5231 quos
1687 5170 1941 5223 Claudius
1974 5173 2024 5223 iu
2074 5172 2286 5238 lignlina
2392 5171 2675 5238 episcopus
2722 5180 2934 5225 creatus
2973 5181 3083 5235 est,
3114 5186 3176 5225 ac
3205 5172 3414 5225 tandem
3443 5187 3564 5226 cum
3594 5173 3958 5237 episcoiialern

720 5243 863 5311 foras
888 5238 1072 5311 muros
1105 5250 1267 5308 portat
1294 5238 1514 5311 Salaria;
1539 5239 1661 5311 fecit
1689 5240 1883 5311 includi
1910 5252 1962 5295 et
1984 5242 2034 5294 in
2059 5241 2289 5305 civitatis
2392 5242 2701 5311 dignitatem
2734 5242 2848 5307 plus
2878 5240 3062 5310 viginti
3102 5242 3253 5295 annis
3282 5252 3464 5295 sancte
3504 5242 3953 5309 administrasset,

718 5310 1109 5375 amphitheatro
1132 5311 1334 5375 sagittis
1374 5310 1530 5378 jussit
1576 5309 1824 5366 interfici.
1858 5310 2061 5379 Sepulti
2106 5321 2231 5367 sunt
2259 5326 2287 5364 a
2395 5309 2870 5379 Aurelianensique
2901 5309 3127 5365 concilio
3156 5311 3312 5366 tertio
3336 5311 3678 5375 interfuisset,
3707 5320 3963 5379 contage-.-

720 5326 1109 5375 ampnttneatro
1132 5326 1334 5375 sagtttts
1374 5326 1530 5378 jussu
1576 5326 1824 5366 tnternct.
1858 5326 2061 5379 Sepulti
2106 5326 2231 5367 sunt
2259 5326 2287 5364 a
2395 5326 2870 5379 aurenanenstque
2901 5326 3127 5365 COHCIIIO
3156 5326 3312 5366 terno
3336 5326 3678 5375 mtertutsset,
3707 5326 3859 5365 octua
3899 5327 3963 5368 6-.-

720 5379 885 5437 Mario
914 5392 967 5435 et
996 5380 1197 5435 Martha
1227 5380 1364 5451 etS.
1397 5380 1600 5434 Joanne
1650 5381 1963 5451 presbytero
2010 5382 2071 5451 in
2104 5390 2290 5451 crypta
2395 5384 2547 5451 nario
2593 5379 2763 5451 major
2810 5380 3055 5449 migravit
3098 5381 3151 5436 in
3197 5382 3389 5445 calum
3420 5382 3561 5437 circa
3607 5395 3801 5436 annum
3830 5326 3965 5440 5g0.

719 5452 806 5504 via
828 5451 1041 5519 Salaria
1082 5451 1229 5519 juxta
1262 5450 1455 5517 clivum
1485 5450 1987 5515 cucumeris.’Ado,
2033 5450 2286 5516 Usuard.,

721 5518 940 5577 Notker.
972 5525 1100 5574 Acta
1132 5522 1268 5587 apud
1303 5519 1541 5574 Bolland.

794 5588 819 5625 ι»
854 5589 1055 5661 Leonis.
1087 5590 1337 5657 Qua-dam
1382 5605 1513 5644 mss.
1541 5590 1911 5661 Martyrologia
1960 5605 1989 5645 a
2032 5589 2289 5661 Bollando

724 5659 883 5730 citata
908 5673 1001 5730 eos
1032 5660 1289 5730 in__Airica
1319 5661 1639 5730 Carthagine
1666 5659 1852 5729 passos
1879 5670 2081 5714 notant.

798 5732 818 5759 ε
852 5726 1040 5780 Albini.
1075 5727 1172 5783 llic
1208 5732 1257 5782 in
1305 5726 1550 5784 \‘enetica
1596 5726 1813 5798 regione
1836 5732 2046 5785 Oceano
2079 5730 2288 5785 Britan-

2395 5448 2618 5504 Ghinius
2645 5448 2920 5505 Senensis.

2465 5519 2491 5559 d
2528 5519 2717 5588 Moysi.
2752 5520 2848 5575 llic
2875 5522 3063 5575 iterum
3092 5520 3279 5576 colitur
3312 5512 3363 5575 tv
3385 5519 3659 5587 Septemb.

2469 5598 2491 5625 ε
2524 5588 2804 5645 Ιουὶηὲαηὲ.
2849 5591 2908 5644 Hi
2954 5591 3090 5658 passi
3119 5602 3239 5645 sunt
3264 5593 3343 5645 via
3375 5590 3556 5645 Latina
3595 5593 3693 5646 sub
3723 5590 3971 5647 Gallieno

2391 5672 2444 5713 et
2473 5658 2755 5713 Valeriano
2780 5661 3202 5729 imperatoribus.
3231 5662 3383 5715 liuida
3408 5665 3573 5729 ναις..
3603 5664 3736 5724 Adu,
3765 5658 3973 5717 Usuar-

2392 5730 2511 5803 dus.
2531 5729 2935 5803 _—_Ga_|esinius
2975 5730 3123 5790 addit
3152 5732 3323 5788 securi
3371 5746 3668 5803 percussos,
3695 5731 3880 5793 Petrus
3899 5732 3975 5789 de

730 5798 832 5869 nisi
864 5798 1055 5867 contini
1088 5797 1335 5887 nobiliter
1362 5810 1547 5869 natus,
1575 5801 1627 5856 iu
1659 5797 2009 5861 Cincilaccnsi
2040 5804 2288 5867 coenobio
2392 5799 2567 5858 Natal.
2593 5799 2801 5870 gladio.
