4240 6472
387 341 492 396 855

1483 338 1679 396 SECT.
1721 338 1783 393 ll.
1822 368 1891 378 —
1930 336 2498 394 MARTYROLOCIA.

3531 342 3649 398 835,.

1665 447 1888 503 EDITIO
1927 448 2389 503 COLONIENSIS.

385 563 607 605 nensem
635 545 854 604 Galatiae
883 545 1148 599 civitatem
1177 541 1391 606 milites,
1421 553 1740 610 exsurgen2e
1773 554 1953 608 peise-
1987 547 2031 600 Α
2059 543 2217 607 cepit,
2264 550 2318 592 ttt
2367 540 2473 594 duo
2519 541 2812 611 presbyteri
2861 551 2920 595 et
2957 550 3062 596 tres
3089 542 3294 598 diaconi
3325 584 3338 608 ,
3395 545 3444 598 in
3492 545 3645 600 omni

387 639 618 695 cutionis
666 635 916 707 procella,
971 650 1066 701 pro
1113 635 1448 689 confessione
1490 634 1722 690 nominis
1763 630 1956 685 Christi

392 729 631 800 plurimis
681 727 859 782 aiﬂicti
893 727 1192 790 tomentis,
1241 725 1587 779 Callacurrim
1631 739 1797 792 usque
1840 740 1960 792 per-

377 821 556 885 ducti,
589 830 746 888 alque
769 819 834 871 ibi
863 817 1118 886 martyrio
1146 817 1387 870 coronati
1420 825 1582 880 sunt;
1617 831 1844 882 cumque
1875 829 1964 868 ca-

391 912 498 981 pi'a
528 911 742 963 lictores
772 908 1089 972 inciderent,
1124 909 1433 960 miraculum
1469 907 1677 975 populis
1707 921 1963 974 magnum

392 1002 654 1070 apparuit.
709 999 840 1054 Nam
893 1001 1050 1054 unius
1098 1000 1308 1062 anulus,
1350 1002 1692 1066 orariumque
1743 997 1972 1050 alterius

395 1094 536 1146 nube
563 1101 890 1158 susceptum,
921 1098 976 1144 et
1005 1090 1056 1142 in
1095 1090 1263 1142 caelos
1295 1098 1538 1141 evectum
1569 1101 1669 1142 εει.
1709 1088 1968 1141 Viderunt

395 1184 510 1237 haec
539 1197 725 1235 omnes
748 1181 836 1250 qui
862 1181 1110 1245 aderant,
1139 1188 1193 1235 et
1221 1196 1500 1248 usquequo
1522 1181 1664 1234 acies
1689 1181 1966 1233 oculorum

393 1273 673 1328 intendere
707 1272 897 1341 potuit,
929 1271 1188 1339 fulgorem
1222 1272 1360 1337 auri,
1394 1271 1789 1338 candoremqne
1814 1270 1967 1323 lintei

393 1370 614 1426 attonito
634 1367 989 1437 sequebantur
1020 1366 1230 1420 intuitu.
1265 1366 1469 1419 Scribit
1501 1365 1612 1417 hzec
1646 1364 1967 1418 Aurelianus

393 1460 661 1525 Cleutens,
712 1458 764 1512 in
819 1458 953 1512 libro
1001 1455 1408 1512 Coronatorum.
1467 1454 1618 1521 Apud
1666 1453 1969 1507 Caesaream

396 1548 687 1606 Palaestina:
733 1557 1035 1602 sanctorum
1084 1556 1398 1615 martyrum,
1456 1546 1634 1598 militis
1689 1543 1882 1597 Marini
1920 1552 1973 1596 et

395 1641 590 1696 Asterii
622 1640 904 1702 senatoris,
959 1638 1055 1692 sub
1087 1637 1460 1705 persecutione
1492 1634 1780 1688 Valeriani.
1824 1632 1973 1686 Scri-

407 1742 551 1802 ptum
580 1739 662 1784 est
692 1730 742 1784 in
778 1729 1005 1784 Historia
1037 1727 1419 1782 ecclesiastica.
1457 1726 1519 1780 Et
1549 1727 1721 1779 nata'e
1751 1736 1971 1780 saneto-

399 1837 517 1877 rum
566 1819 774 1884 Felicis,
825 1817 1045 1881 Lucioli,
1099 1816 1398 1879 Fortunati,
1451 1816 1678 1880 Marcize,
1723 1815 1966 1881 llerodis,

2065 628 2181 681 loco
2211 628 2518 696 episc0pum
2552 646 2654 683 non
2678 632 3240 700 descrerent,propter
3274 633 3633 688 testimonium

2065 720 2504 776 ecclesiasticum.
2547 721 2674 774 ltem
2723 723 2906 777 Romae
2963 727 3044 776 via
3099 726 3266 793 Appia
3327 737 3636 780 sanctorum

2065 825 2355 882 martyrum
2387 825 2790 882 nongentorum,
2823 817 2908 883 qtti
2943 827 3063 869 sunt
3093 818 3249 884 positi
3293 818 3344 871 in
3374 828 3632 873 eminets-

2065 907 2144 959 rio
2173 908 2236 960 ad
2264 916 2498 960 sanctam
2530 906 2818 961 Caeciliam.
2856 907 3055 962 Eodem
3083 911 3168 963 die
3201 912 3372 964 sancti
3405 912 3519 966 Caii
3547 913 3642 965 Pa-

2066 998 2237 1063 latini,
2264 1000 2312 1052 in
2349 1016 2493 1053 mare
2521 1003 2699 1054 mersi.
2747 1001 2927 1054 Roma:
2960 1004 3222 1070 depositio
3247 1003 3372 1057 Jttlii
3404 1005 3644 1072 episc0pi

2067 1101 2120 1145 et
2149 1092 2470 1156 Nicomedis,
2504 1103 2555 1147 et
2577 1096 2753 1162 passio
2780 1105 3086 1149 sanctorum
3111 1096 3330 1148 Adriani
3362 1111 3481 1150 cum
3520 1097 3641 1150 aliis

2069 1196 2293 1234 numero
2325 1184 2535 1251 triginta
2570 1185 2756 1238 tribus.

2140 1271 2202 1323 A.
2239 1272 2308 1323 ΙΙΙ·
2334 1273 2464 1326 Non.
2515 1275 2733 1328 MART“.
2769 1303 2838 1314 —-
2868 1273 3020 1341 Apud
3071 1274 3406 1329 Antiochiam
3461 1278 3638 1344 passio

2071 1364 2236 1415 sancti
2290 1363 2477 1416 Phocus
2509 1366 2757 1432 martyris
2790 1405 2804 1430 ,
2837 1365 2925 1431 qui
2963 1377 3080 1430 post
3121 1366 3314 1418 multas
3335 1405 3349 1428 ,
3381 1379 3512 1434 quas
3542 1381 3653 1436 pro.

2071 1453 2284 1506 nomine
2313 1451 2680 1518 Redemptoris
2709 1461 2785 1504 est
2821 1465 3027 1518 passus,
3059 1452 3297 1518 injurias,
3321 1454 3545 1521 qualiter
3572 1453 3641 1506 de

2073 1544 2288 1609 antiquo
2323 1543 2414 1594 illo
2444 1549 2692 1609 serpente
2738 1543 3162 1607 triumphaverit,
3212 1543 3371 1597 holie
3432 1557 3646 1612 quoque

2076 1631 2282 1700 populis
2312 1631 2634 1683 declaratur.
2685 1630 2926 1698 Denique
2967 1633 3012 1683 si
3054 1630 3105 1682 itt
3138 1633 3442 1699 quempiam
3475 1634 3648 1688 locum

2075 1723 2291 1775 coluber
2317 1735 2550 1773 morsum
2581 1719 2868 1787 stringens,
2899 1733 3101 1781 venena
3126 1719 3414 1786 dillnderit,
3438 1735 3650 1776 extem-

2078 1812 2165 1880 plo
2187 1814 2274 1880 qui
2309 1823 2589 1879 percussus
2618 1819 2736 1875 est,
2779 1820 2836 1862 ιιι
2868 1809 3086 1877 januam
3131 1811 3367 1864 Basilicre
3405 1815 3656 1883 martyris

403 1911 708 1980 Antigonii,
764 1908 1033 1974 Januarii,
1087 1908 1347 1974 Tutellaa,
1397 1906 1618 1962 Gabiani
1643 1946 1660 1972 ,
1711 1906 1969 1973 Quiriuli;
2007 1885 2049 1944 Β
2078 1904 2302 1957 credens
2335 1900 2609 1969 attigerit,
2642 1910 2896 1954 evacuata
2928 1902 3124 1954 virtute
3163 1901 3353 1957 veneni
3393 1904 3656 1957 salvatttr.

404 2005 530 2058 item
562 2002 776 2065 Felicis,
811 2001 1065 2067 Floriani,
1097 2000 1306 2054 Donati.

473 2095 534 2148 G.
565 2095 626 2148 ιν
657 2093 788 2147 Non.
822 2092 1037 2146 MART".
1065 2121 1136 2132 —
1164 2091 1351 2146 Natale
1377 2092 1543 2146 sancti
1572 2091 1723 2145 Lucii
1755 2106 1902 2160 papa!
1924 2100 1977 2144 et

403 2186 674 2253 martyris,
705 2184 790 2251 qui
823 2183 1194 2252 persecutione
1245 2182 1508 2236 Valeriani
1539 2191 1595 2236 et
1627 2182 1860 2246 Calieni,
1906 2183 1977 2236 ob

404 2275 560 2329 ﬁdem
583 2274 778 2328 Christi
801 2273 997 2328 exsilio
1026 2273 1308 2341 relegatus,
1337 2284 1390 2327 et
1423 2274 1758 2341 postmodum
1791 2273 1975 2328 divino

407 2375 536 2418 nutu
566 2362 630 2416 ad
684 2361 976 2416 Ecclesiam
1025 2376 1174 2416 suam
1205 2363 1379 2416 redire
1428 2364 1737 2432 permissus,
1774 2372 1975 2432 marty-

402 2472 538 2510 rtum
575 2456 763 2524 capitis
816 2453 1223 2510 obtruncatione
1269 2455 1600 2522 complevit;
1639 2455 1838 2524 positus
1885 2464 1972 2510 est

405 2548 492 2598 via
534 2547 699 2614 Appia
725 2545 789 2598 ad
824 2555 1064 2601 sanctum
1107 2545 1335 2600 Sixtum.
1389 2545 1538 2600 Sedit
1575 2557 1752 2601 autem
1782 2548 1832 2600 in
1861 2546 1974 2615 epi-

402 2645 618 2703 scopatu
647 2650 814 2690 annos
843 2645 968 2704 tres,
1003 2650 1214 2692 menses
1245 2645 1370 2700 tres,
1401 2637 1516 2691 dies
1540 2647 1666 2691 tres.
1701 2637 1795 2690 llic
1828 2652 1970 2702 prae-

2079 1991 2207 2044 ltem
2260 1991 2375 2057 ipso
2405 1989 2493 2043 die
2531 1989 2702 2043 sancti
2755 1988 2968 2044 Eusebii
3020 1989 3279 2055 Palatini,
3313 2001 3366 2046 et
3420 1992 3664 2049 aliorum.

2080 2097 2274 2138 novem
2307 2093 2620 2152 martyrum.

2153 2174 2214 2228 Β.
2260 2174 2406 2226 Poto.
2448 2171 2581 2227 Non.
2625 2172 2840 2226 MART".
2870 2201 2938 2212 —
2968 2171 3291 2228 Nicomediae
3325 2176 3501 2230 natale
3531 2189 3652 2230 san-

2081 2277 2286 2338 ctorum
2325 2264 2548 2319 Victoris
2572 2273 2624 2318 et
2655 2264 2931 2330 Victorini,
2964 2265 3051 2334 qui
3084 2280 3176 2335 per
3208 2267 3494 2320 triennium
3533 2282 3652 2322 cum

2083 2357 2374 2411 Claudiano
2419 2363 2473 2407 et
2523 2355 2680 2407 Bassa
2712 2370 2874 2408 uxore
2904 2370 2996 2408 sua
3028 2357 3312 2410 tormentis
3343 2356 3555 2422 amicti,
3595 2367 3651 2409 et

2079 2451 2270 2508 retrusi
2306 2451 2355 2502 in
2385 2463 2672 2510 carcerem,
2702 2448 2898 2502 ibidem
2925 2449 3047 2501 vitae
3076 2463 3187 2502 sum
3213 2464 3428 2501 cursum
3455 2449 3648 2517 imple-

2079 2551 2286 2598 verunt.
2320 2542 2384 2596 Et
2411 2540 2673 2606 depositio
2694 2541 2858 2592 sancti
2892 2539 3122 2604 Qttiriaci
3157 2541 3474 2610 presbyteri.

2146 2634 2207 2686 (Σ.
2247 2631 2380 2685 Non.
2422 2631 2640 2684 MART".
2665 2660 2731 2669 —
2766 2631 2818 2683 ltt
2847 2631 3176 2697 Mauritania,
3205 2633 3419 2687 civitate
3443 2633 3652 2690 Tubur-

1649 2724 1874 2780 EDlTlO
1913 2719 2410 2778 BOLLANDIANA.

475 2814 560 2880 D.,
591 2815 688 2870 SS.
721 2816 1057 2886 {Emytherii
1086 2828 1136 2871 et
1165 2816 1438 2872 CeledOnii
1462 2826 1514 2871 et
1536 2815 1803 2884 Calagurri
1836 2833 1976 2870 mar-

404 2893 597 2956 tyrum.
627 2886 687 2938 V.
720 2885 778 2938 C.
834 2885 897 2939 Α.
923 2887 986 2938 Τ.
1016 2888 1100 2951 L.,
1128 2886 1340 2950 Felicis,
1364 2888 1521 2950 Jttsti,
1550 2887 1848 2940 Fortunati.
1885 2887 1973 2955 V.,

405 2954 640 3020 Marciae,
676 2956 947 3026 Antigoni,
971 2956 1226 3010 Januarii.
1261 2957 1323 3009 Τ.
1353 2957 1610 3026 pra2ponit
1633 2958 1802 3011 locum
1847 2954 1974 3025 agoé

405 3031 488 3080 nis
515 3042 530 3080 :
566 3027 618 3079 ln
645 3024 818 3079 Africa
848 3027 1022 3080 natale
1051 3026 1173 3090 SS.,
1194 3036 1301 3080 etc.

477 3117 535 3172 4.
561 3144 633 3156 —-
662 3116 726 3171 lV
754 3117 954 3172 Nonas.
984 3116 1147 3171 Vacat
1175 3117 1354 3171 Bazda.

475 3207 607 3274 D.,b
635 3205 776 3260 Lucii
811 3222 957 3276 papae
983 3217 1037 3262 et
1064 3209 1310 3278 martyris
1330 3214 1384 3260 et
1402 3207 1629 3278 aliorum
1654 3216 1678 3244 ο
1697 3207 1972 3277 octingen-

407 3286 580 3331 torum
628 3285 940 3346 martyrum.
993 3278 1050 3329 V.
1095 3277 1214 3346 C.,i
1241 3277 1442 3331 Natalis
1492 3287 1782 3344 martyrum
1824 3289 1971 3332 octo-

442 3351 545 3401 inta
573 3345 1126 3419 decettt_’[C.,Ancccx].
1176 3347 1383 3419 Romre
1408 3348 1668 3419 depositio
1707 3346 1830 3402 Jttlii
1860 3346 1967 3419 lg,

404 3362 545 3472 ginta
573 3362 752 3419 necem
782 3362 884 3419 [C.,
919 3362 1126 3417 παθη.
1177 3362 1360 3400 uomaa
1408 3362 1668 3413 neposttto
1707 3362 1830 3402 Jtlltt
1861 3362 1964 3417 [C.,

410 3417 595 3488 _uliaui
629 3418 643 3488 ι
683 3416 935 3486 episcopi,
985 3427 1038 3473 et
1083 3419 1306 3488 aliorum
1338 3417 1519 3486 viginti
1556 3425 1780 3485 septem.
1809 3419 1873 3488 A_.
1902 3417 1964 3472 T.

408 3486 494 3550 ι...
524 3486 704 3541 Roma:
737 3488 998 3556 depositio
1026 3487 1150 3542 Julii
1183 3490 1440 3556 episc0pi,
1471 3488 1689 3542 Sisinnii
1729 3498 1784 3541 et
1813 3486 1966 3556 Gagi.

410 3558 478 3609 Et
505 3559 586 3609 via
616 3557 783 3629 Appia
813 3559 988 3612 natale
1017 3567 1336 3629 sanctorum
1370 3567 1656 3629 martyrum
1697 3557 1971 3626 octingetto

410 3636 603 3679 torum.
639 3625 713 3680 L.’
758 3635 931 3682 tamen
965 3629 1062 3681 hos
1089 3627 1364 3696 conjttngit
1395 3625 1658 3695 prioribus
1685 3635 1737 3679 et
1773 3625 1968 3696 pariter

407 3710 596 3750 omnes
622 3696 672 3748 in
701 3700 1007 3752 ctemeterio
1037 3699 1118 3750 via
1150 3697 1318 3766 Appia
1347 3698 1590 3752 collocat.
1617 3697 1680 3750 A.
1707 3697 1796 3760 T.,
1820 3698 1973 3752 Nico-

410 3767 596 3837 mediae
622 3781 794 3833 passro
819 3769 874 3822 S.
903 3767 930 3808 ά
952 3767 1173 3821 Adriani
1202 3781 1324 3822 cum
1353 3767 1472 3822 aliis
1498 3767 1681 3837 viginti
1724 3769 1893 3821 tribus
1922 3777 1974 3823 et

411 3835 628 3891 Natalia:
659 3838 840 3890 uxoris
869 3837 1006 3904 ejus.

483 4016 569 4090 0.,
599 4018 878 4090 Antiochia
913 4018 971 4072 S.
997 4021 1216 4075 ePltocae
1248 4020 1513 4090 martyris,
1547 4032 1599 4074 et
1627 4019 1682 4075 S.
1719 4020 1737 4090 ἰ
1766 4019 1974 4090 Eusebii

409 4086 646 4159 Palatini,
677 4099 731 4143 et
759 4089 980 4142 aliorum
1006 4100 1128 4144 octo
1155 4086 1467 4159 martyrum.
1503 4091 1561 4144 V.
1593 4090 1681 4153 C.,
1716 4089 1770 4143 In
1795 4089 1972 4143 Africa

407 4156 646 4214 Adriani.
682 4159 736 4213 In
766 4159 1044 4214 Antiochia
1067 4162 1240 4231 passio
1264 4156 1323 4216 S.
1354 4160 1525 4216 Focae.
1549 4161 1634 4228 C.,
1662 4163 1724 4215 Et
1748 4161 1970 4214 aliorum

2083 2831 2171 2868 att.
2207 2815 2270 2868 A.
2301 2813 2364 2866 Τ.
2397 2813 2478 2877 L.,
2513 2812 2695 2866 Natale
2719 2812 2815 2867 SS.
2849 2813 3086 2879 Adriatti,
3122 2814 3321 2868 Rustici
3350 2858 3362 2876 ,
3404 2815 3656 2881 Vict0ris.

2083 2895 2135 2940 et
2189 2885 2420 2937 Eusebii.
2457 2883 2514 2936 L.
2563 2884 2833 2948 prazmittit
2882 2885 3090 2937 locum:
3125 2887 3174 2936 In
3224 2886 3519 2939 Antiochia.
3583 2887 3648 2940 A.

2083 2955 2450 3026 deest_Victor_.
2477 2956 2537 3005 A.
2570 2954 2652 3026 Τ..)
2675 2953 2966 3026 Antiochiae
2991 2955 3163 3020 passio
3187 2957 3240 3009 ὃ.
3271 2954 3423 3009 Foca:
3445 2965 3468 3002 κ
3493 2958 3652 3026 virgi-

2079 3026 2182 3078 nis.
2216 3024 2302 3085 T.,
2338 3024 2534 3092 Eodem
2585 3023 2688 3084 die,
2735 3024 2787 3076 in
2819 3024 2983 3076 Gallia
3013 3026 3227 3080 civitate
3257 3023 3650 3092 Suessionettsi,

2077 3096 2340 3164 depositio
2373 3094 2428 3148 S.
2460 3091 2486 3129 ιλ
2520 3093 2823 3146 DrautiOnis
2849 3095 3105 3162 epiSCOpi.

2154 3189 2209 3240 6.
2237 3186 2368 3239 -ιι
2399 3183 2531 3239 Notv.
2567 3183 2728 3237 Vacat
2759 3184 2933 3238 Baeda.

2147 3276 2212 3330 D.
2261 3277 2326 3329 A.
2361 3275 2422 3327 Τ.
2452 3275 2534 3339 L.,
2569 3273 2870 3328 Nicomedia
2903 3275 3126 3328 Victoris
3157 3284 3210 3328 et
3238 3275 3509 3331 Victorini.
3539 3278 3652 3332 Ad-

2071 3345 2147 3400 dit
2177 3347 2237 3398 D.
2273 3362 2286 3396 z
2318 3345 2407 3413 qui
2440 3346 2489 3398 itt
2515 3359 2725 3399 carcere
2754 3345 2946 3414 mortui
2979 3354 3118 3397 sunt.
3149 3348 3210 3398 A.
3249 3345 3335 3408 T.,
3382 3348 3446 3400 Et
3483 3350 3650 3414 depo—

2070 3417 2194 3469 sitio
2242 3416 2299 3469 S.
2345 3414 2640 3468 Clandiani.
2671 3415 2759 3478 T.,
2790 3413 2856 3468 Et
2899 3415 2914 3449 ί
2960 3414 3172 3468 Diodori
3205 3423 3259 3468 et
3287 3413 3649 3471 MercurihL.

2069 3485 2413 3538 Claudiattum
2438 3493 2488 3538 et
2523 3483 2838 3538 Mercurium
2885 3484 3057 3552 jttttgit
3094 3485 3302 3538 duobus
3334 3488 3539 3552 primis.
3577 3487 3636 3540 V.

2069 3557 2128 3611 C.
2164 3557 2368 3624 plenius
2398 3565 2451 3609 et
2479 3553 2780 3609 distinctius
2829 3555 2894 3607 de
2939 3556 3058 3606 his:
3089 3553 3144 3606 lu
3200 3556 3505 3611 Nicomedia
3551 3559 3644 3612 Vi-

2070 3623 2258 3690 cturis,
2286 3623 2566 3691 Victurini,
2595 3626 2682 3692 qui
2717 3641 2809 3690 per
2849 3624 3133 3677 triennium
3186 3625 3236 3677 in
3283 3628 3656 3692 persecutione

2086 3697 2221 3763 apud
2241 3697 2513 3763 Apamiam
2541 3695 2805 3748 civitatem
2835 3694 3073 3746 Bithinia:
3103 3693 3320 3749 eahibiti
3352 3711 3471 3750 cum
3494 3697 3654 3752 Clau-

2084 3767 2243 3820 diano
2275 3777 2326 3835 et
2355 3767 2514 3818 Bassa
2549 3780 2712 3818 uxore
2733 3765 2848 3833 ejus
2876 3806 2890 3828 ,
2924 3780 3010 3833 qua
3053 3781 3114 3819 ex
3151 3766 3302 3818 laicis
3341 3768 3468 3819 tenti
3500 3779 3659 3835 atque

2086 3834 2362 3889 tormentis
2391 3836 2568 3888 multis
2588 3836 2766 3888 afllicti
2791 3847 2842 3889 et
2876 3837 3066 3887 retrusi
3095 3836 3147 3887 in
3173 3852 3438 3890 carcerem
3462 3834 3658 3891 ibidem

2085 3905 2207 3959 vita:
2235 3920 2344 3959 suae
2369 3919 2582 3958 cursum
2613 3903 2984 3971 impleverunt.
3015 3905 3150 3969 Quid
3181 3908 3221 3956 si
3247 3905 3382 3958 forte
3410 3909 3524 3961 haec
3547 3908 3652 3961 sint

2089 3975 2258 4028 Baeda:
2289 3976 2340 4027 in
2369 3975 2485 4029 aliis
2514 3973 2635 4027 Mss.
2683 3985 2883 4029 temere
2908 3976 3141 4026 omissa?
3174 3975 3263 4028 Sic
3293 3978 3501 4031 videtur
3537 3979 3657 4031 Ado

2089 4046 2347 4111 reperisse
2377 4054 2428 4098 et
2456 4044 2856 4111 trattscripsisse
2880 4043 3160 4096 Notkerus.

2151 4134 2204 4185 7.
2228 4161 2300 4174 ——
2321 4133 2498 4188 NONIS.
2533 4133 2686 4202 Apud
2712 4133 3084 4202 Carthaginem
3121 4134 3134 4183 i
3177 4133 3449 4202 Perpetua:
3473 4142 3528 4190 et
3560 4134 3656 4192 Fo-

1821 4248 2025 4304 SMITH
2063 4247 2290 4302 NOTAE.

479 4346 508 4377 ι
539 4337 837 4409 Emytlierii.
868 4340 994 4394 Haec
1022 4341 1282 4396 sententia
1314 4340 1413 4395 hoc
1456 4339 1612 4393 modo
1637 4338 1966 4395 emendanda

405 4418 488 4500 Est
516 4425 529 4461 :
558 4409 848 4500 Calagurri,
872 4417 1101 4500 etvlitate,
1132 4425 1232 4478 sc.,
1268 4411 1558 4500 Vascontttn
1601 4411 1838 4490 antiqua,
1864 4410 1959 4500 SS;
1994 4440 2042 4500 υ

407 4477 698 4550 βωγιιιει-ἡί
731 4494 782 4534 et
811 4479 1082 4535 Celedouii
1113 4477 1424 4550 martyrum.
1450 4480 1546 4544 Qui
1573 4477 1798 4550 primum
1823 4481 1960 4546 apud

410 4546 792 4618 Legoniensem
836 4551 1056 4605 Galatiae
1106 4546 1373 4604 civitatem
1426 4546 1656 4612 milites,
1711 4549 1967 4618 ﬂagrante

409 4620 807 4689 persecutione,
841 4636 936 4689 pro
964 4620 1300 4675 confessione
1330 4620 1557 4673 nominis
1587 4619 1781 4672 Christi
1819 4618 1968 4670 ﬂam-

419 4688 521 4740 mis
544 4688 852 4758 ungulisque
874 4691 1069 4758 vexati,
1093 4702 1144 4745 et
1166 4691 1493 4758 Calagurrim
1518 4703 1683 4757 usque
1707 4689 1965 4757 perducti,

407 4760 661 4826 Inarlyriu
689 4761 923 4813 coronati
952 4771 1094 4814 suttl.
1126 4760 1282 4814 Baztla
1316 4760 1481 4825 ναις..
1515 4769 1568 4811 et
1597 4758 1708 4812 alii.

481 4827 506 4864 δ
537 4827 702 4881 Lucii.
730 4829 826 4894 Qui
852 4831 1004 4884 hodie
1027 4836 1094 4883 ab
1118 4833 1322 4894 Adone,
1356 4830 1506 4883 Baeda
1531 4829 1693 4895 vulg.,
1728 4827 1969 4882 Usuardo

405 4907 460 4950 et
491 4897 745 4977 Notkero,
772 4903 1088 4955 celebratur.
1126 4900 1327 4956 Colitur
1369 4901 1528 4954 etiam
1563 4901 1696 4952 inl'ra
1731 4914 1831 4951 xxv
1863 4899 1970 4952 Au-

425 4979 567 5020 lllSil.

425 4981 567 5020 ’llSlI.

405 4981 438 5034 Β
483 5039 505 5067 °
535 5036 970 5108 Octingenrorum.
1021 5042 1100 5094 Ab
1142 5041 1259 5094 aliis
1307 5039 1595 5107 octingenti
1641 5037 1859 5101 decem,
1890 5037 1971 5092 vel

410 5110 690 5181 nongenti,
723 5113 808 5181 vel,
827 5115 1075 5181 nongenti
1105 5111 1288 5166 decem
1322 5117 1687 5181 numerantur.
1712 5108 1809 5174 Qui
1834 5109 1972 5181 passi

405 5186 533 5249 sunt
559 5177 741 5249 Ruina:
767 5180 846 5232 via
881 5177 1072 5249 Appia,
1096 5191 1148 5249 et
1172 5181 1324 5249 positi
1355 5189 1478 5233 sunt
1498 5179 1550 5232 in
1574 5179 1884 5249 cmmeteriu
1906 5179 1970 5230 ad

405 5246 784 5367 irtkeciliam.
815 5246 980 5317 Ado,
1009 5246 1257 5316 Nulkél'.,
1307 5251 1564 5304 Baronius
1590 5289 1605 5314 ,
1655 5260 1708 5301 et
1758 5248 1970 5317 plurimi

487 5333 518 5367 I.

408 5329 518 5370 alii.

483 5384 509 5422 ά
533 5387 776 5460 ράγίαηί.
811 5389 1131 5446 Solemnitas
1173 5389 1288 5460 ejus
1327 5392 1484 5444 etiam
1511 5388 1812 5444 celebratur
1843 5386 1977 5442 inl'ra

407 5467 500 5508 vm
528 5456 876 5526 Septembris.

485 5530 510 5558 ⁶
541 5523 750 5582 Phorm.
774 5529 949 5598 Verba
974 5530 1192 5586 Usuardi
1210 5537 1363 5585 sunt:
1393 5529 1491 5594 Qui
1514 5538 1624 5598 post
1647 5529 1832 5582 multa:
1853 5543 1978 5597 quas

403 5599 728 5669 pronomine
756 5597 1102 5668 Redemptoris
1125 5613 1195 5654 est
1219 5616 1394 5669 passus
1417 5601 1655 5668 injurias,
1680 5600 1894 5662 qualiser
1915 5602 1980 5652 de

402 5667 614 5731 αηιὶίιιιο
640 5669 728 5720 illo
749 5667 975 5738 serpente
996 5667 1396 5740 triumphaverit,
1422 5667 1568 5724 hedie
1589 5686 1784 5738 quoque
1805 5686 1966 5738 popu-

405 5738 471 5788 lis
503 5737 812 5788 det'laralur.

427 5752 471 5790 ιδ
503 5748 812 5792 aet'taralur.

2153 4337 2170 4376 ί
2210 4337 2431 4392 Eusebii.
2473 4337 2525 4391 lo
2558 4339 2728 4393 Africa
2759 4339 2808 4392 hi
2845 4347 3106 4407 martyres
3137 4340 3279 4408 passi
3310 4349 3458 4394 sunt.

2140 4417 2164 4454 s
2210 4407 2451 4476 Virginis.
2486 4410 2678 4465 Errore
2708 4425 2776 4463 ex
2830 4407 3196 4464 terminatione
3228 4413 3372 4466 vocis
3421 4413 3490 4465 in.
3520 4426 3649 4468 casu

2069 4479 2300 4550 genitivo
2322 4488 2531 4532 exorto.

2142 4548 2168 4583 ιι
2197 4548 2514 4604 Drautionis.
2551 4548 2641 4604 Vel
2675 4549 2898 4604 Drausii.
2934 4551 3032 4616 Qui
3080 4551 3342 4605 nobilibus
3396 4551 3635 4616 parenti-

2068 4619 2164 4673 bus
2213 4627 2364 4672 natus
2413 4629 2536 4684 est,
2578 4631 2754 4686 patre,
2790 4636 2891 4684 sc.,
2929 4622 3259 4675 Lettdomaro
3285 4628 3341 4675 et
3381 4621 3637 4675 liachilde

2069 4699 2239 4743 matre
2263 4707 2274 4742 :
2305 4689 2360 4742 S.
2388 4689 2636 4742 Anterico
2664 4692 2913 4758 episcopo
2942 4692 3315 4745 Suessionensi
3361 4691 3630 4744 instruen-

2069 4760 2167 4813 dus
2200 4759 2444 4823 traditur,
2483 4759 2582 4812 sub
2623 4760 2774 4828 cujus
2820 4774 3128 4814 successore
3159 4763 3432 4814 Uettoleuo
3464 4760 3518 4811 lit
3551 4775 3638 4812 ar-

2070 4829 2437 4892 chidiaconus,
2466 4843 2570 4896 quo
2612 4830 2748 4882 ultro
2789 4832 3120 4898 relinquente
3143 4833 3510 4898 episcopatum
3541 4829 3638 4884 eli-

2071 4899 2211 4966 gitur
2240 4900 2354 4966 ipse
2382 4899 2434 4951 in
2465 4899 2790 4966 episcopum,
2819 4901 2935 4953 loco
2965 4901 3049 4954 cui
3084 4901 3395 4953 vocabulum
3429 4901 3633 4954 ltotuns

2071 4967 2165 5022 das
2213 4969 2438 5021 inditum
2488 4978 2598 5031 est,
2650 4985 2742 5036 pro
2786 4971 2908 5024 viris
2955 4971 3183 5022 exstruit
3234 4976 3641 5034 monasterium,

2075 5047 2256 5106 postea
2287 5040 2426 5091 aliud
2460 5055 2553 5107 pro
2583 5039 2871 5108 virginibus
2915 5049 3064 5094 curat
3099 5042 3165 5094 ab
3198 5041 3432 5093 Ebroitto
3475 5040 3636 5093 nobili

2074 5108 2343 5174 aedificari,
2364 5109 2581 5177 juvante
2610 5109 2873 5163 Lentrude
2897 5116 3009 5178 ejus
3030 5127 3214 5173 uxore,
3239 5113 3465 5179 denique
3497 5124 3642 5179 mor-

2078 5186 2198 5230 tuus
2242 5190 2323 5231 est
2369 5182 2510 5232 circa
2553 5194 2748 5234 annum
2796 5177 2937 5245 680,
2981 5192 3033 5236 et
3077 5182 3318 5249 sepultus
3350 5177 3400 5234 in
3435 5177 3645 5233 basilica

2077 5249 2594 5302 sanctimonialium.

2157 5316 2444 5440 ibo'ioduri.
2479 5319 2740 5375 Notkerus
2789 5320 2885 5375 hos
2929 5320 3168 5391 Nicopoli
3204 5331 3462 5390 martyres
3491 5319 3656 5374 fuisse

2157 5403 2184 5440 Ἰ
2231 5406 2238 5438 l
2274 5428 2286 5439 .

2079 5399 2286 5443 εοτιυιι.

2155 5458 2169 5508 i
2211 5457 2494 5525 Perpetua.
2541 5459 2666 5514 Haec
2701 5475 2820 5514 cum
2852 5461 3011 5515 sociis
3040 5474 3196 5528 passa
3229 5468 3310 5514 est
3362 5461 3653 5514 secundum

2083 5527 2394 5582 Bollattdtttn
2429 5544 2565 5582 anno
2591 5531 2721 5593 203,
2748 5530 2878 5584 Geta
2911 5527 3120 5584 Caesare
3143 5540 3195 5585 et
3219 5531 3458 5598 S'eptitno
3481 5531 3649 5584 Platt-

2083 5609 2231 5652 ttano
2254 5613 2395 5652 coss.
2429 5599 2580 5651 BLL‘dJ
2618 5603 2778 5668 vulg.,
2804 5602 2917 5653 Ado
2938 5642 2951 5664 ,
2983 5602 3284 5665 Usuardus,
3319 5599 3580 5655 Nutkcrus
3605 5610 3660 5654 et

2083 5670 2170 5721 alii
2220 5684 2313 5722 eos
2363 5671 2668 5738 martyrium
2721 5673 2908 5725 fecisse
2959 5671 3197 5725 scribunt
3237 5671 3288 5724 itt
3341 5671 3656 5724 Mauritania

2085 5739 2297 5793 civitate
2353 5737 2855 5797 Tubuibitanorum.
2911 5741 3017 5797 Sed
3073 5743 3174 5798 hoc
3230 5742 3400 5812 ipsum
3459 5743 3652 5813 probat
