4240 6518
629 344 736 402 855

1370 341 1567 396 IiEDA‘I
1611 340 2055 397 VENERABILIS
2092 340 2240 393 OPP.
2283 337 2456 393 PARS
2497 337 2582 391 IV.
2622 363 2691 376 —
2730 333 3106 398 HlSTORlCA.

3761 328 3871 386 856

1884 450 2109 504 EDITIO
2147 444 2603 503 COLONIENSIS.

628 548 929 603 blnatorum
961 552 1135 617 passio
1166 556 1469 601 sanctorum
1495 556 1786 613 martyrum
1820 544 2096 613 Perpetua:
2135 550 2188 596 et
2216 543 2264 599 Α
2292 546 2558 606 stagnum,
2590 536 2676 592 ubi
2706 537 2823 605 gelu
2868 537 3154 590 conslricta
3198 549 3418 604 corpora
3459 550 3643 590 eorum
3701 545 3866 591 nocte

628 641 940 705 Felicitatis,
972 649 1027 693 et
1055 653 1175 692 cum
1202 639 1279 691 eis
1310 636 1578 701 Revocati,
1603 634 1878 690 Saturnini
1906 645 1957 687 et
1983 634 2193 689 Secun-

625 731 754 795 doli,
804 744 1028 799 quorum
1080 730 1296 784 ultimus
1346 728 1398 781 in
1450 742 1665 781 carcere
1715 725 1950 796 quievit,
2004 723 2194 792 reliqui

621 838 807 876 omnes
836 823 900 876 ad
931 823 1125 878 bestias
1167 821 1340 875 traditi
1372 829 1526 886 sunt,
1560 820 1658 873 sub
1688 819 1887 874 Severo
1936 817 2192 886 principe,

620 917 707 967 die
738 916 923 969 natalis
947 915 1086 984 ejus.
1115 916 1353 982 Quaeque
1386 915 1509 968 dum
1542 913 1716 967 adhuc
1760 919 2103 964 servarentur
2142 911 2193 963 in

620 1022 857 1069 carcere,
903 1018 956 1061 et
989 1006 1239 1062 Felicitas
1270 1004 1578 1074 parturiret,
1620 1003 1854 1056 omnium
1888 1009 2193 1055 sanctorum

619 1098 1039 1152 commilitonum
1091 1096 1335 1165 precibus
1387 1096 1724 1161 impetratum
1773 1098 1875 1154 est,
1909 1099 1966 1143 ut
2008 1095 2196 1142 octavo

620 1200 809 1240 mense
853 1193 1089 1253 pareret.
1132 1184 1246 1238 Jam
1292 1198 1419 1237 vero
1459 1180 1734 1247 Perpetua:
1774 1180 1912 1233 inter
1939 1178 2040 1232 alia
2069 1192 2195 1231 con-

616 1289 825 1328 cessum
854 1284 954 1337 est,
990 1284 1043 1326 ut
1069 1273 1184 1341 ejus
1209 1288 1359 1326 mens
1385 1271 1776 1341 quodammodo
1805 1279 2137 1324 averteretur
2165 1284 2194 1321 a

615 1378 857 1431 corpore,
886 1366 935 1416 in
967 1377 1072 1431 quo
1097 1376 1267 1415 vaccas
1297 1363 1550 1427 impetum
1578 1360 1813 1429 pertulit,
1843 1358 1913 1412 ita
1941 1369 1997 1412 ut
2018 1358 2193 1413 adhuc

616 1454 848 1506 futurum
893 1460 1247 1518 exspectaret,
1302 1450 1443 1518 quod
1496 1450 1549 1503 in
1600 1465 1660 1504 se
1700 1449 1809 1517 jam
1838 1457 2044 1516 gestum
2075 1462 2194 1503 esse

624 1544 879 1599 nesciret.

691 1639 753 1692 Β.
797 1636 907 1690 Vlll
940 1635 1059 1690 inus
1092 1633 1311 1687 MART".
1357 1659 1425 1672 —-
1463 1631 1616 1701 Apud
1643 1630 2016 1699 Carthaginem
2070 1645 2194 1683 san-

618 1742 685 1787 ctt
735 1730 980 1784 Pantiani
1028 1723 1274 1790 diaconi,
1330 1723 1470 1777 beati
1509 1721 1759 1793 Cypriani
1804 1722 2060 1791 episc0pi,
2102 1722 2192 1789 qui

620 1838 787 1892 usque
818 1821 881 1874 ad
913 1821 1051 1873 diem
1086 1815 1347 1884 passionis
1376 1818 1491 1883 ejus
1520 1829 1639 1868 cum
1668 1814 1783 1882 ipso
1812 1812 2061 1865 exsilium
2091 1826 2192 1864 su-

2298 628 2783 697 disrumpebantur,
2815 637 2868 681 et
2910 635 3066 681 mane
3109 627 3343 680 crurium
3377 626 3633 681 fractione
3661 637 3865 697 marty-

2296 721 2430 774 rium
2456 726 2976 773 consummaverunt.
3013 716 3211 771 Deinde
3243 732 3466 782 eorpora
3498 732 3681 770 eorum
3711 731 3864 771 com-

2298 809 2468 875 busta,
2490 817 2545 863 et
2568 808 2619 862 in
2650 807 2864 861 ﬂuvium
2889 805 3123 875 proiecta
3144 814 3268 860 sunt
3296 824 3307 858 :
3332 806 3425 860 sed
3448 807 3625 860 divina
3647 806 3864 875 dispen-

2306 902 2513 955 satione
2540 899 2775 969 reliquiae
2806 913 2984 952 eorum
3025 909 3144 951 sunt
3172 898 3389 965 integra:
3418 908 3662 966 repertae,
3687 908 3741 952 et
3768 900 3865 952 ho—

2299 1007 2428 1046 nore
2458 992 2618 1061 digno
2652 991 2900 1045 conditae.
2950 990 3111 1043 Erant
3156 1000 3334 1043 autem
3390 990 3681 1045 nobiliores
3725 989 3865 1045 inter

2297 1098 2390 1138 eos
2418 1084 2639 1150 Quirion
2665 1091 2717 1137 et
2744 1080 3014 1136 Candidus
3045 1098 3056 1132 :
3087 1079 3301 1133 nomina
3339 1079 3585 1144 aliorum,
3616 1080 3871 1133 Domitia-

2300 1191 2415 1237 nus,
2450 1174 2735 1235 Eunoicns,
2766 1171 3015 1234 Sisinius,
3062 1169 3320 1235 Eraclius,
3354 1169 3675 1231 Alexander,
3707 1168 3868 1223 Joan-

2299 1278 2417 1330 nes,
2447 1263 2713 1326 Ciaudius,
2749 1260 3309 1324 Athanasius,Valens,
3344 1260 3620 1327 Helianus,
3645 1260 3867 1326 Meliori,

2298 1355 2531 1420 Beditas,
2561 1354 2841 1417 Achacius,
2870 1352 3146 1415 Jubianus,
3181 1350 3378 1416 Helius,
3407 1351 3730 1419 Theodotus,
3763 1350 3869 1420 Cy-

2298 1446 2468 1509 rillus,
2506 1443 2748 1511 Flavius,
2793 1443 3131 1506 Severianus,
3181 1440 3385 1506 Cirion,
3420 1440 3683 1508 Valerius,
3722 1440 3867 1496 Chu-

2297 1538 2444 1601 dion,
2500 1536 2790 1599 Sacerdun,
2850 1535 3094 1603 Priscus,
3157 1534 3465 1601 Euthicius,
3518 1534 3864 1606 Smaragdus,

2299 1626 2647 1690 Pliilocimon,
2680 1625 2874 1690 Elius,
2906 1626 3189 1690 Micallius,
3238 1625 3661 1694 Lisymmachus,
3693 1625 3855 1681 Dom-

2300 1734 2417 1783 nus,
2448 1717 2795 1787 Theophilus,
2829 1717 3071 1783 Xantius,
3102 1716 3322 1786 Aggius,
3355 1716 3631 1784 Leontius,
3662 1716 3863 1785 lsitius,

2298 1809 2483 1876 Gaius,
2513 1810 2833 1877 Gorgonius.

614 1887 819 1980 stinuit,
844 1920 898 1966 et
923 1909 1192 1979 egregium
1216 1903 1608 1960 volnmenVitae
1640 1903 1805 1971 ipsius
1833 1911 1885 1956 et
1918 1900 2186 1955 Passionis
2217 1887 2263 1946 Β
2364 1901 2425 1956 F.
2469 1902 2551 1957 Vl.
2584 1903 2704 1958 Inus
2730 1903 2947 1959 MART".
2980 1933 3049 1944 -
3086 1902 3271 1960 Natale
3308 1912 3610 1959 sanctorum
3660 1913 3861 1976 marty-

616 2002 849 2069 reliquit,
891 2008 1049 2068 atque
1089 1995 1366 2051 Dominum
1398 1996 1448 2048 in
1480 1991 1817 2062 passionibus
1846 1990 1956 2045 suis
1984 1990 2186 2059 glorill-

614 2106 745 2147 cans
783 2103 1033 2145 coronam
1063 2087 1185 2141 vitae
1231 2084 1543 2153 promeruit.
1588 2082 1643 2135 In
1682 2081 1987 2136 Nicomedia
2022 2080 2186 2145 Quin-

614 2184 710 2239 tuli
740 2180 976 2251 episcorii
1004 2189 1056 2232 et
1094 2176 1398 2246 Capitolini.
1434 2175 1491 2229 ln
1540 2174 1713 2229 Alrica
1750 2173 1960 2241 Rogati,
2011 2173 2181 2241 Bene,

614 2276 849 2338 Hermae,
900 2270 1213 2335 Felicitatis,
1263 2266 1485 2336 Orbani,
1527 2264 1715 2335 Cyrilli
1766 2263 2023 2335 episcopi,
2064 2262 2185 2334 Syl-

615 2366 737 2420 vani
761 2374 815 2418 et
842 2362 1078 2417 Mamilli.

691 2457 753 2511 E.
801 2457 886 2512 Vll
938 2454 1057 2511 Inus
1085 2455 1302 2510 Msa'rn.
1333 2481 1399 2490 —
1430 2449 1485 2503 In
1517 2448 1740 2504 Sebaste
1773 2445 2034 2502 Armenia:
2082 2446 2186 2501 mi-

612 2551 762 2604 noris
788 2550 1133 2617 quadraginta
1164 2545 1389 2601 militum
1414 2550 1653 2608 tempore
1680 2538 1864 2593 Licinii
1895 2539 2057 2607 regis,
2084 2536 2184 2591 sub

609 2637 835 2707 praeside
863 2638 1159 2709 Agricolao,
1191 2634 1280 2704 qui
1313 2642 1429 2702 post
1459 2630 1666 2685 vincula
1703 2638 1755 2683 et
1783 2642 2024 2683 carceres
2063 2644 2186 2683 ere-

608 2730 896 2801 berrimos,
930 2740 1047 2800 post
1076 2741 1244 2799 caesas
1274 2725 1537 2794 lapidibus
1578 2721 1761 2788 facies,
1789 2720 1937 2773 missi
1978 2729 2103 2775 sunt
2130 2721 2182 2776 in

2296 2008 2413 2048 rum
2439 1993 2727 2049 Alexandri
2769 2003 2823 2049 et
2850 1995 2965 2050 Gali
3010 1994 3079 2051 de
3125 1997 3399 2063 Eumenia,
3423 1997 3511 2064 qui
3548 1997 3685 2065 apud
3713 1998 3854 2065 Apa-

2292 2082 2452 2137 miam
2475 2083 2848 2152 persecutione
2879 2085 3127 2139 Antonini
3160 2085 3302 2149 Veri,
3328 2086 3583 2157 martyrio
3610 2087 3849 2144 coronati

2290 2182 2434 2240 sunt,
2454 2186 2511 2229 ut
2534 2175 2720 2229 scribit
2738 2176 3055 2245 Apollinaris
3084 2177 3613 2250 Hierosolymitanus,
3636 2181 3690 2235 in
3711 2180 3852 2237 libro

2289 2267 2574 2323 adversum
2602 2267 2981 2340 Cataphrygas.
3014 2270 3068 2323 ln
3104 2269 3316 2324 Persida
3348 2270 3522 2326 natale
3548 2283 3850 2328 sanctorum

2292 2368 2582 2429 martyrum
2609 2374 2834 2413 numero
2858 2359 2943 2411 42.
2975 2358 3030 2414 ln
3056 2359 3220 2415 Bobio
3246 2361 3420 2416 natale
3439 2363 3628 2416 Attalte
3648 2364 3861 2419 abbatis

2286 2461 2339 2506 et
2365 2451 2596 2505 confess.
2629 2450 2681 2505 lu
2707 2451 2985 2506 Antiochia
3018 2452 3210 2522 Agapte
3237 2452 3546 2521 virginis,et
3570 2453 3839 2518 Mariana:

2290 2543 2554 2613 Smyrna),
2586 2542 2831 2598 Phronis.
2893 2542 2948 2598 In
2990 2542 3296 2600 Nicomedia
3328 2544 3573 2615 Palatini,
3606 2546 3857 2605 Firmiani

2297 2646 2349 2689 et
2379 2635 2606 2691 Rustici.

2364 2724 2429 2778 G.
2476 2724 2511 2779 V
2564 2725 2685 2782 laus
2729 2724 2944 2779 Matt'rtl.
2986 2753 3054 2765 -
3110 2724 3262 2794 Apud
3307 2725 3553 2782 Nisenam
3590 2726 3859 2791 civitatem

1871 2812 2097 2867 EDITIO
2136 2815 2634 2873 BOLLANDIANA.

610 2915 843 2983 licitatis,
890 2930 1007 2985 quae
1036 2914 1222 2969 bestiis
1248 2919 1373 2968 sunt
1402 2910 1666 2977 deputata;
1688 2906 1786 2959 sub
1814 2904 2013 2960 Severo
2038 2904 2185 2973 prin-

608 3005 751 3075 cipe,
779 3012 833 3059 et
861 3018 978 3058 cum
1012 3002 1261 3057 Felicitas
1284 2999 1571 3069 parturiret
1601 2997 1653 3050 in
1681 3009 1917 3061 carcere,
1942 2996 2182 3050 omnium

608 3097 838 3150 militum
868 3094 954 3163 qui
987 3093 1141 3148 simul
1176 3089 1512 3161 patiebantur
1542 3086 1788 3156 precibus
1839 3084 2182 3153 impetratum

608 3195 726 3252 est,
778 3196 832 3239 ut
873 3192 1060 3238 octavo
1095 3196 1278 3236 mense
1318 3186 1547 3250 pareret.
1580 3176 1696 3231 iam
1738 3191 1865 3230 vero
1906 3175 2183 3243 Perpetua:

606 3280 748 3331 inter
774 3276 875 3331 alia
903 3289 1215 3330 concessum
1250 3279 1355 3336 est,
1389 3279 1445 3324 ut
1475 3271 1589 3336 ejus
1611 3281 1761 3321 mens
1788 3266 2182 3333 quodammodo

604 3374 939 3423 averteretur
965 3383 993 3420 a
1025 3381 1247 3435 corpore
1274 3410 1287 3434 ,
1322 3365 1373 3418 in
1405 3377 1511 3432 quo
1541 3376 1716 3415 vaccze
1764 3360 2016 3427 impetum
2059 3374 2180 3428 per-

605 3458 764 3524 tulit,
796 3459 867 3512 ita
896 3468 953 3511 ut
992 3457 1165 3511 adhuc
1205 3454 1434 3515 futurum
1467 3457 1798 3520 exspectaret
1825 3489 1838 3512 ,
1868 3448 2007 3518 quod
2042 3449 2092 3503 in
2125 3463 2183 3504 se

603 3548 712 3618 jam
740 3557 945 3617 gestum
971 3560 1092 3601 esse
1123 3545 1370 3599 nesciret.

684 3639 771 3707 L.,
798 3648 853 3693 et
881 3638 942 3693 S.
970 3637 1205 3691 Cassiani
1237 3634 1491 3704 episc0pi.

594 3758 595 3761 η
678 3730 734 3783 8.
764 3759 832 3770 -—
864 3727 973 3794 Vlll
1006 3726 1141 3780 IDUS.
1174 3724 1338 3778 Vacat
1368 3723 1541 3776 Baeda.

680 3820 769 3884 D.,
815 3817 1135 3886 Carthagine
1163 3814 1199 3886 ᾖ
1224 3809 1718 3886 Pontianjudiaconi
1764 3816 1825 3886 et
1863 3806 2051 3886 beati-lt
2081 3808 2181 3886 Cy-

608 3877 779 3960 priani
814 3877 1132 3960 καῖεν-ι)νῖἱῆ
1161 3884 1222 3940 ν.
1271 3882 1369 3960 ,ατε
1408 3879 1755 3960 “Nicomedia
1789 3877 2043 3960 Quintilli
2072 3879 2183 3960 e_pi-

608 3948 780 4028 scopi.
813 3959 865 4015 In
894 3948 1070 4017 Africa
1099 3954 1305 4025 Rogati,
1332 3950 1542 4028 Felicis,
1578 3948 1883 4028 Felicitatis:
1912 3949 2068 4028 A._'_l‘._
2095 3950 2181 4028 L.,

607 4031 666 4085 ln
697 4018 869 4084 Africa
904 4028 1092 4082 natalis
1123 4018 1424 4080 sanctorum
1470 4022 1689 4087 Rogati,
1727 4020 1945 4082 Felicis,
1983 4018 2180 4074 Urbani

607 4109 662 4160 et
687 4096 1152 4171 Cyrilli_epi_scopi_.
1180 4097 1242 4151 Τ.
1269 4094 1355 4161 L.,
1386 4093 1437 4147 ln
1469 4090 1773 4158 Nicomedia
1800 4088 2037 4161 Quintilli
2066 4088 2181 4158 epi-

605 4166 752 4240 scopi
781 4180 835 4225 et
864 4166 1168 4236 Capitulini.

678 4262 733 4317 9.
755 4289 827 4302 —
846 4259 937 4315 Vll
968 4259 1043 4311 In.
1065 4257 1121 4311 ln
1148 4255 1370 4313 Sebaste
1399 4254 1450 4308 in
1478 4252 1723 4309 Armenia
1754 4251 1978 4313 minore,
2004 4252 2025 4281 ο
2052 4263 2184 4318 qua-

609 4353 849 4423 draginta
905 4350 1169 4413 militum,
1220 4356 1459 4414 tempore
1507 4344 1690 4399 Licinii
1724 4343 1880 4412 regis,
1915 4340 2014 4395 sub
2047 4354 2181 4406 prte-

612 4430 728 4502 side
756 4442 1052 4515 Agricolao,
1083 4439 1172 4511 qui
1196 4448 1315 4509 post
1346 4438 1551 4505 vincula
1574 4445 1626 4497 et
1652 4449 1894 4489 carceres
1924 4432 2185 4487 creberri-

2292 2924 2430 2974 mos,
2487 2918 2607 2979 post
2657 2924 2822 2965 czesas
2879 2908 3145 2979 lapidibus
3196 2909 3377 2978 facies,
3432 2910 3578 2967 missi
3627 2922 3748 2968 sunt
3801 2913 3859 2968 in

2289 3006 2569 3067 stagnum;
2614 3000 2702 3051 ubi
2752 2999 2869 3068 gelu
2901 3000 3188 3053 constricta
3221 3014 3441 3068 corpora
3481 3014 3663 3055 eorum
3702 3011 3861 3058 noctu

2288 3088 2777 3157 disrumpebantur,
2802 3098 2856 3142 et
2882 3102 3038 3143 mane
3062 3088 3375 3159 cruriiragio
3398 3092 3705 3160 martyrium
3731 3105 3861 3147 eon-

2286 3188 2637 3233 summarunt.
2685 3179 2887 3234 Deinde
2927 3194 3150 3248 corpora
3181 3194 3364 3234 eorum
3404 3182 3678 3237 combusta
3714 3192 3764 3238 et
3806 3184 3864 3240 in

2287 3271 2482 3327 ﬂumen
2530 3271 2785 3340 proiecta,
2833 3270 2926 3324 sed
2969 3270 3364 3339 dispensatione
3401 3271 3578 3327 divina
3626 3272 3864 3341 reliquis

2287 3378 2469 3419 eorum
2499 3373 2621 3419 sunt
2663 3363 2886 3430 integra:
2927 3369 3189 3430 repertae,
3232 3371 3286 3419 et
3311 3362 3470 3432 digno
3501 3361 3703 3417 honore
3728 3377 3857 3418 con-

2286 3456 2433 3511 dite.
2481 3454 2643 3511 Erant
2683 3463 2861 3509 autem
2902 3451 3192 3509 nobiliores
3236 3451 3372 3508 inter
3416 3467 3508 3508 eos
3551 3452 3771 3521 Quirlon
3808 3462 3863 3511 et

2287 3546 2575 3602 Candidus.

2362 3660 2449 3716 10.
2492 3687 2551 3703 —-
2579 3657 2645 3715 Vl
2675 3656 2815 3713 lous.
2848 3656 3011 3712 Vacat
3039 3653 3214 3711 Baeda.

2359 3775 2445 3840 D.,
2479 3773 2695 3839 Apamia
2727 3769 3012 3827 Alexandri
3039 3780 3091 3826 et
3116 3768 3143 3808 ά
3171 3769 3285 3824 Gaii
3311 3769 3376 3825 de
3405 3769 3681 3825 Eumenia.
3720 3768 3853 3826 Per-

2286 3847 2399 3899 side
2428 3843 2768 3913 quadraginta
2798 3841 3035 3913 duorurn
3055 3850 3361 3913 martyrum.
3400 3842 3461 3913 νζ.
3489 3840 3575 3913 ρ..
3592 3842 3663 3913 _ln
3690 3841 3849 3913 Nicga

2286 3909 2533 3985 Gargonii
2563 3909 2978 3985 [V.,_Colgoni],
3010 3909 3250 3985 Palatini,
3285 3909 3467 3985 Eirrni.
3693 3914 3757 3985 _A.
3780 3910 3849 3967 Τ.

2285 3986 2372 4050 L.,
2401 3979 2460 4038 in
2492 3979 2770 4037 An‘tiochia
2798 3979 2990 4047 Agapa:
3019 3981 3253 4050 virginis.
3284 3979 3347 4035 T.
3378 3980 3458 4044 L.,
3489 3980 3551 4034 Et
3578 3980 3849 4037 uariante.

2288 4049 2470 4113 A.T..
2511 4052 2568 4106 in
2600 4054 2624 4081 °
2655 4050 2938 4106 Antiochia
2967 4049 3155 4104 natalis
3192 4050 3289 4103 SS.
3322 4050 3572 4103 Firmiani
3608 4059 3661 4105 et
3700 4050 3854 4103 Pala-

2288 4125 2402 4179 tini.
2435 4124 2500 4178 '1‘.
2536 4122 2621 4189 L.,
2652 4122 2719 4176 Et
2744 4123 2797 4175 in
2827 4120 3146 4176 Alexandria
3173 4119 3359 4175 natalis
3382 4119 3479 4176 SS.
3510 4117 3529 4157 ί
3559 4118 3780 4176 Candidi
3799 4128 3857 4176 et

2290 4194 2505 4250 Valerii.

2365 4309 2452 4364 Η.
2482 4336 2554 4349 -
2581 4306 2624 4362 V
2656 4306 2793 4361 lous.
2822 4304 2987 4361 Vacat
3016 4303 3189 4359 Baeda.

2365 4424 2456 4491 D.,
2485 4434 2509 4471 ε
2540 4422 2797 4479 Sebasten
2821 4417 3085 4473 Armenia:
3113 4414 3331 4470 minoris
3353 4412 3695 4485 quadraginta
3718 4427 3858 4471 mar-

2019 4541 2223 4599 SMlTll
2260 4537 2483 4597 NOTAC.

608 4647 1041 4720 Martyrologium
1074 4643 1248 4720 Baeda:
1276 4642 1489 4720 nomine
1533 4637 2037 4720 vulgo-insignitum
2071 4652 2173 4719 non
2205 4636 2256 4696 D
2304 4631 2377 4720 μιν
2421 4624 2842 4720 Ερμνὶᾳνξῆλρυξ
2878 4623 3170 4720 'occ‘asione
3522 4618 3709 4720 Samii.
3742 4620 3858 4720 ejus

609 4736 731 4775 esse
746 4708 1045 4788 'genuivnum
1093 4717 1270 4788 Baedre
1304 4717 1463 4788 letum
1483 4754 1497 4776 ,
1541 4708 1666 4788 quia
1696 4711 1809 4779 ipse
1832 4708 1883 4763 in
1910 4708 2177 4788 Chronico

610 4793 710 4854 sub
754 4777 955 4845 Severo
1005 4802 1097 4840 eos
1137 4785 1272 4855 apud
1313 4777 1687 4855 Carthaginem
1719 4777 1927 4855 passos
1974 4777 2176 4832 scribit.

608 4851 1005 4931 Qtiiitnplttrima
1057 4850 1265 4931 quoque
1283 4850 1538 4931 antiqua'
1566 4850 1946 4931 Martyrologia
1976 4864 2100 4931 ms;
2128 4858 2183 4903 et

610 4918 864 4986 Exerisum
896 4918 1401 4996 Martyrolﬁllabani
1434 4918 1967 4996 Manri,_Carthagini_
1990 4918 2182 4996 suifra-

607 5014 827 5068 gantur;
857 5009 909 5053 et
936 4989 1400 5068 Vic'torr'Vitensis,
1443 4995 1574 5068 lib._t
1610 4990 1998 5068 Persecutionis
2034 4989 2179 5068 V39-

610 5059 825 5137 daliczr,
847 5069 1077 5137 loquitur
1106 5067 1170 5119 de
1199 5067 1419 5137 basilica
1442 5065 1641 5137 majore
1660 5101 1675 5125 ,
1699 5061 1785 5113 ubi
1817 5075 2041 5137 Corpora
2073 5059 2172 5114 SS.

612 5131 930 5213 titartyrunt'
960 5139 1235 5213 Perpetua:
1282 5144 1336 5189 el
1364 5131 1672 5213 felicitatis
1702 5142 1843 5184 sunt.
1877 5131 2021 5213 Passi
2053 5138 2177 5213 sqnt

610 5199 731 5266 cum
757 5199 840 5266 eis
884 5199 1127 5269 Saturus,
1165 5204 1523 5271 SaturninusJ
1553 5204 1870 5267 Revocatus,
1903 5199 2179 5255 Secundo-

612 5284 716 5338 lus.
748 5285 983 5346 Quorum
1017 5278 1233 5331 ultimus
1259 5277 1309 5328 in
1342 5270 1556 5332 carcere
1579 5273 1806 5346 quievit;
1842 5270 2032 5346 reliqui
2065 5284 2179 5323 om-

611 5370 706 5409 nes
734 5339 858 5406 sunt
887 5339 1069 5404 bestiis
1099 5347 1294 5401 traditi.
1322 5349 1449 5400 Aeta
1473 5344 1610 5408 apud
1646 5339 1980 5395 Bollandum.

681 5433 707 5460 ιι
748 5420 1007 5477 Pontiani.
1041 5420 1164 5473 Sive
1207 5416 1406 5479 Pontii,
1449 5407 1658 5467 diaconi
1700 5411 1755 5465 Β.
1787 5409 2033 5480 Cypriani
2064 5407 2178 5477 epi-

611 5495 779 5560 scopi.
810 5492 906 5558 Qui
951 5505 1116 5557 usque
1156 5487 1220 5540 ad
1270 5485 1530 5560 passionis
1572 5498 1682 5560 suae
1723 5483 1867 5560 diem.
1904 5495 2023 5534 cum
2062 5481 2183 5560 ipso

612 5548 864 5618 exsilium
905 5548 1195 5624 sustinens,
1236 5548 1501 5625 egregium
1531 5555 1778 5625 volumen
1815 5550 1941 5604 Vitae
1965 5559 2019 5625 e_t
2059 5548 2185 5601 Pas-

613 5634 778 5688 sionis
806 5633 919 5699 ejus
946 5619 1192 5699 reliquit.
1221 5619 1391 5692 Atque
1422 5624 1702 5679 Dominum
1743 5636 1956 5699 semper
1985 5619 2036 5672 in
2066 5632 2187 5699 pas-

615 5690 852 5759 sionibus
894 5690 1365 5771 suisgloriticans,
1412 5710 1661 5752 coronam
1708 5694 1827 5749 vitae
1873 5690 2164 5771 promeruit

620 5774 771 5832 Baeda
802 5773 965 5842 vulg.,
996 5766 1245 5837 Usuard.,
1281 5769 1413 5825 Ado.

2286 4691 2602 4766 diacon'i'qni
2628 4691 2783 4750 hodie
2810 4697 3018 4758 colitur,
3049 4694 3354 4766 inscribitur
3375 4691 3642 4766 nnno_ullis
3668 4691 3858 4766 Marty-

2285 4759 2622 4843 rologiisJDe
2642 4768 2731 4843 illo
2755 4776 2928 4843 tanien
2952 4762 3366 4843 agendunt_i_nlra
3395 4777 3479 4843 stv
3502 4759 3853 4843 septembris.

2358 4850 2379 4876 ο
2406 4828 3131 4909 υριιαάταθὶηιαζδβοιιήάυηι
3162 4832 3514 4909 additamenta
3549 4828 3688 4909 Flori
3723 4828 3857 4885 infra

2284 4900 2463 4980 posita
2487 4900 2763 4980 Adonem,
2790 4904 3063 4980 Rabanum
3094 4901 3498 4980 et__Not.l_terutn,
3529 4900 3774 4980 coluntur
3803 4914 3857 4954 st

2285 4968 2482 5039 Martii.
2527 4968 2809 5033 Bollandns
2851 4976 3040 5037 etiam,
3074 4990 3103 5026 ι
3134 4972 3335 5035 Martii,
3386 4972 3541 5025 habet
3572 4989 3583 5023 :
3619 4968 3772 5022 Nunc
3798 4985 3861 5023 ea:

2282 5070 2335 5109 ιχ
2370 5051 2578 5112 Martii,
2625 5048 2684 5100 ob
2719 5049 2899 5115 festum
2927 5045 3115 5110 duplex
3160 5043 3219 5098 S.
3263 5040 3551 5115 Francis-ca:
3589 5039 3852 5115 Romana,

2282 5110 2575 5178 solemnitas
2621 5110 2804 5177 horum
2853 5124 3131 5184 martyrum
3176 5122 3249 5168 est
3295 5113 3347 5165 in
3396 5120 3680 5179 sequentem
3726 5110 3861 5163 diem

2283 5193 2562 5314 ("£85252
2611 5258 2686 5311 De
2732 5254 2812 5308 his
2858 5252 3178 5322 martyribus
3221 5250 3483 5322 Eusebius
3528 5249 3756 5318 loquitur
3801 5248 3855 5322 in

2288 5333 2422 5386 llist.
2458 5331 2627 5396 Eccl.,
2657 5343 2705 5393 v,
2735 5323 2821 5379 16.
2853 5318 3686 5396 SecundumLatinaMartyrol"
3716 5318 3853 5386 apud

2287 5403 2561 5483 Apamiam
2592 5390 2958 5467 persecutione
2989 5393 3239 5448 Antonini
3268 5390 3392 5447 Veri
3420 5390 3669 5461 martyrio
3697 5403 3858 5446 coro-

2385 5480 2393 5483 _
2430 5488 2452 5516 ς
2559 5509 2573 5522 .

2289 5482 2396 5579 nail
2429 5480 2699 5594 xliiiiochia
2728 5535 2935 5589 natalis.
2970 5532 3183 5586 Rectius
3207 5530 3403 5587 Nicaea.

2367 5609 2387 5648 ί
2429 5609 2667 5665 Candidi.
2700 5607 2775 5662 De
2803 5606 2882 5659 his
2914 5603 3181 5672 postridie.

2372 5692 2396 5730 ι
2439 5680 2700 5737 Sebasten.
2734 5679 2807 5733 De
2838 5666 2927 5731 bis
2945 5673 3197 5731 militibus
3227 5673 3346 5729 vide
3370 5686 3546 5742 supra,
3580 5685 3635 5725 ix
3668 5666 3863 5728 Martii.
