4240 6462
490 298 595 352 857

1601 301 1794 359 SECT.
1837 301 1902 356 ΙΙ.
1939 331 2009 343 -
2048 305 2611 363 MARTYROLOGIA.

3639 309 3743 365 858

1775 416 1998 469 EDITIO
2036 419 2497 475 COLUNIENSIS.

490 498 661 551 sancti
692 497 933 567 Gregorii
974 499 1236 569 episcopi,
1284 500 1460 556 fratris
1499 502 1636 557 beati
1674 502 1849 559 Basilii
1880 505 2063 559 Caesa-
2092 515 2143 569 Α
2178 523 2303 562 num
2335 511 2614 564 haereticos
2640 510 2908 567 damnavit
2939 528 2954 567 :
2986 522 3039 569 et
3068 514 3363 578 constituit.
3392 523 3448 569 ut
3480 514 3567 585 qui
3588 524 3747 573 natus

494 588 721 653 riensis,
769 589 869 643 viri
923 590 1253 657 doctissimi,
1306 603 1361 647 et
1411 592 1713 662 eloquentia
1760 595 2063 650 clarissimi.

494 683 647 751 Apud
677 684 1025 737 Barcinonam
1058 685 1260 738 Patiani
1288 687 1552 755 episcopi,
1586 695 1692 740 tam
1724 688 1827 741 vita
1849 729 1864 753 ,
1908 702 2064 757 quam

492 788 743 827 sermone
772 773 946 839 clari;
995 776 1082 841 qui
1127 776 1327 842 Optima
1372 786 1649 830 senectute
1689 787 1930 830 mortuus
1960 785 2065 844 est,

498 862 782 919 Theodosii
808 865 1061 932 principis
1083 876 1347 937 tempore.
1401 867 1456 921 In
1492 868 1834 934 Alexandria,
1869 868 2063 934 Eracli,

492 956 719 1023 Zosimi,
757 956 1065 1011 Alexandri.

564 1050 630 1102 A.
671 1048 735 1102 IV
800 1047 917 1102 Inus
969 1048 1187 1102 Manru.
1232 1077 1305 1091 —-
1369 1049 1555 1104 Romae
1611 1050 1778 1105 sancti
1821 1049 2066 1119 Gregorii

492 1153 664 1210 papze,
687 1140 775 1209 qui
806 1139 857 1192 iu
890 1139 1004 1208 lege
1034 1141 1125 1193 Dei
1148 1140 1600 1194 luculentissimus
1626 1142 1810 1194 doctor
1831 1141 2064 1203 exstitit,

490 1239 547 1286 et
596 1239 806 1300 gentem
837 1230 1130 1299 Anglorum
1175 1246 1268 1299 per
1317 1232 1666 1301 Augusﬁnum
1716 1240 1770 1285 et
1811 1231 2063 1285 Mellitum

488 1330 649 1391 atque
678 1319 1164 1387 Joannem,servos
1196 1321 1311 1387 Dei,
1342 1323 1405 1375 ad
1436 1322 1593 1375 ﬁdem
1620 1320 1813 1375 Christi
1844 1336 2067 1376 conver-

490 1413 575 1479 tit,
606 1412 695 1481 qui
741 1412 881 1466 sedit
929 1411 999 1466 ibi
1030 1426 1199 1465 annos
1230 1413 1506 1476 tredecim,
1552 1427 1765 1468 menses
1800 1426 1915 1477 sex,
1955 1412 2068 1467 dies

488 1502 700 1557 decem.
754 1502 850 1557 llic
902 1502 1265 1571 augmentavit
1336 1505 1388 1556 In
1445 1502 1749 1570 precatione
1799 1502 2066 1557 Canonis:

493 1609 517 1646 ι
550 1593 778 1662 Diesque
826 1603 1035 1649 nostros
1064 1594 1115 1649 in
1151 1604 1237 1648 tua
1269 1609 1396 1664 pace
1424 1594 1698 1663 dispone.)
1737 1594 1941 1651 Eodem
1982 1596 2069 1652 die

486 1684 631 1740 beati
678 1682 969 1739 Innocentii
1004 1700 1188 1754 papae,
1239 1685 1330 1753 qui
1381 1686 1519 1739 rexit
1556 1686 1851 1739 Ecclesiam
1897 1700 2068 1741 annos

487 1776 813 1845 quindecim,
840 1790 1055 1832 menses
1078 1777 1233 1843 duos,
1259 1778 1373 1831 dies
1405 1778 1589 1845 viginti
1618 1792 1801 1831 unum.
1830 1778 1925 1832 Hic
1947 1794 2071 1833 con-

2170 597 2357 652 fuisset
2400 599 2465 653 de
2494 599 2810 667 Christiana,
2847 619 2942 670 per
2983 604 3302 673 baptismum
3345 618 3743 676 renasceretur,

2168 692 2307 757 quod
2360 688 2600 758 Pelagius
2646 692 2949 748 damnabat.
2995 696 3144 764 Apud
3190 698 3560 754 Nicomediam
3600 699 3747 755 beati

2172 779 2310 833 Petri
2341 781 2586 850 martyris
2614 783 2714 835 sub
2744 782 3092 853 Diocletiano,
3122 802 3187 841 eo
3209 789 3349 857 quod
3374 790 3441 844 de
3464 791 3746 846 immensis

2171 870 2415 940 martyris
2442 873 2607 925 sancti
2630 872 2812 927 Nomm
2840 876 3114 944 suppliciis
3142 890 3476 948 causaretur,
3507 883 3742 950 appendi

2165 960 2342 1029 jussus
2369 971 2471 1029 est,
2504 971 2556 1015 et
2580 962 2756 1031 ﬂagris
2780 972 2945 1019 totum
2980 981 3174 1032 corpus
3201 970 3408 1030 laniari.
3437 980 3492 1026 et
3523 973 3745 1028 visceri-

2172 1050 2265 1102 bus
2294 1049 2402 1117 jatn
2456 1052 2592 1119 pelle
2632 1053 2859 1119 nudatis,
2904 1056 3236 1123 perfunditur
3277 1069 3430 1113 aceto
3483 1071 3540 1116 et
3581 1063 3694 1117 sale
3728 1080 3742 1117 :

2170 1140 2455 1195 novissime
2486 1141 2536 1194 itt
2569 1144 2818 1198 craticula
2851 1148 3031 1213 prunis
3058 1149 3408 1203 subterstrata
3436 1152 3595 1205 vitam
3623 1138 3769 1207 ﬁni--

2169 1235 2263 1287 vit.
2303 1233 2434 1288 Item
2472 1234 2792 1291 Nicomediae
2815 1240 2988 1293 natale
3016 1252 3324 1296 sanctorum
3351 1242 3553 1313 Egdoni
3587 1259 3739 1311 pres-

2169 1326 2360 1396 byteri,
2391 1336 2445 1381 et
2474 1328 2697 1380 aliorum
2726 1339 2951 1398 septem,
2988 1331 3074 1399 qui
3101 1331 3289 1386 diebus
3319 1332 3542 1401 singulis
3570 1332 3735 1387 suﬂ‘oc

2169 1419 2272 1471 cati
2319 1430 2463 1483 sunt,
2498 1428 2554 1473 ut
2602 1422 2814 1474 caeteris
2857 1431 3029 1476 metus
3072 1423 3419 1494 incuteretur,
3466 1435 3521 1480 et
3567 1424 3744 1496 passio

2168 1510 2337 1563 sancti
2369 1509 2708 1563 Maximiliani
2739 1512 3012 1580 martyris.

2246 1598 2302 1649 Β.
2345 1596 2407 1651 Ill
2449 1597 2563 1650 lous
2618 1598 2832 1651 MABTII.
2875 1627 2945 1639 —
2994 1598 3142 1666 Apud
3174 1601 3533 1655 Nicomediam
3567 1603 3744 1659 natale

2169 1695 2474 1738 sanctorum
2510 1685 2801 1739 Macedonii
2836 1688 3132 1758 presbyteri
3157 1729 3172 1753 ,
3204 1700 3255 1743 et
3290 1690 3529 1745 Patricia:
3558 1694 3743 1750 uxoris

2170 1776 2311 1843 ejus,
2347 1786 2401 1830 et
2432 1776 2554 1830 tilia:
2595 1778 2871 1834 Modestte.
2901 1779 2953 1833 In
2978 1778 3150 1834 Nicaea
3181 1781 3394 1837 civitate
3425 1784 3596 1839 natale
3624 1799 3749 1838 san-

485 1868 736 1926 Stitutum
758 1869 885 1926 fecit
909 1870 975 1925 de
1004 1869 1263 1935 Ecclesia,
1294 1879 1347 1924 et
1372 1870 1640 1939 Pelagium
1668 1880 1824 1940 atque
1845 1870 2065 1926 Celesti-
2098 1868 2141 1926 Β
2169 1879 2372 1924 ctorum
2426 1883 2714 1947 martyrum
2767 1872 3010 1929 'I‘eusetai
3039 1914 3054 1941 ,
3101 1882 3156 1930 et
3203 1873 3389 1930 Ilorris
3438 1876 3531 1930 lilii
3584 1876 3702 1947 ejus
3729 1894 3745 1933 :

1774 1977 2003 2033 EDITIO
2045 1980 2543 2039 BOLLANDIANA.

488 2076 685 2149 ιιι-ψη.
706 2068 805 2149 sub
837 2067 1065 2149 lucinio:
1098 2066 1304 2149 _V.nC.,
1335 2068 2063 2149 GartliaginenEra‘clii,__Zo-

484 2137 629 2192 simi.
671 2137 724 2192 In
755 2147 779 2175 ι
824 2139 1140 2192 Alexandra
1169 2137 1328 2205 Gagi,
1371 2139 1610 2193 Candidi.
1646 2138 1732 2205 C.,
1767 2140 1829 2193 Et
1858 2140 1944 2193 alii
1973 2158 2059 2194 xv.

484 2212 553 2263 Δ.
580 2207 643 2261 Τ.
664 2211 760 2278 7L.,
792 2208 844 2260 lu
870 2208 1171 2278 Nicomedia
1205 2208 1301 2261 SS.
1331 2206 1357 2244 δ
1390 2208 1661 2278 Gargonii,
1698 2210 1908 2273 Eraclii,
1939 2212 2063 2266 Ale-

486 2277 674 2337 xandri
700 2295 715 2341 ;
747 2279 841 2332 sed
872 2279 1019 2331 deest
1047 2283 1094 2330 in
1127 2277 1186 2332 L.
1220 2280 1365 2331 locus
1392 2277 1597 2344 agnitis.
1634 2280 1721 2341 T.,
1757 2280 1809 2332 lu
1838 2281 2059 2333 Cartha-

486 2348 610 2416 gine
640 2347 855 2401 Zosimi.
892 2348 943 2401 In
978 2350 1294 2401 Alexandria
1327 2350 1497 2400 natale
1526 2351 1619 2403 SS.
1650 2350 1889 2413 Candidi,
1923 2351 2062 2403 Mar-

485 2418 657 2481 ciani,
700 2418 926 2483 Quirilli.
976 2418 1057 2478 L..
1102 2419 1157 2470 lu
1189 2419 1506 2486 Carthagine
1544 2420 1770 2483 Zosimi,
1804 2420 2056 2485 Candidi,

485 2486 764 2559 Martiani,
818 2488 1043 2553 Quirilli.
1099 2488 1188 2553 A.,
1239 2487 1294 2540 In
1347 2504 1480 2557 pago
1532 2490 1769 2544 Atrebati
1800 2491 2062 2559 depositio

483 2555 543 2611 S.
579 2559 601 2586 θ
639 2557 948 2611 Vittdiciaui.

556 2644 643 2699 12.
675 2675 745 2685 -
772 2645 835 2702 IV
867 2645 946 2700 In.
970 2645 1240 2715 Depositio
1279 2646 1337 2702 S.
1368 2648 1394 2687 ά
1434 2646 1673 2716 Gregorii
1706 2663 1853 2717 papte
1892 2648 2062 2706 beatas

484 2750 687 2791 memor
692 2752 777 2792 NB.

558 2831 767 2896 Florus,
813 2831 866 2886 in
918 2834 981 2887 A.
1031 2832 1092 2887 Τ.
1145 2832 1202 2886 L.
1253 2849 1266 2885 :
1313 2832 1376 2887 Et
1426 2834 1477 2886 iu
1530 2832 1832 2888 Nicomedia
1883 2836 2057 2905 passio

488 2922 687 2978 ‘Pioni
721 2923 1036 2994 presbyteri,
1085 2923 1173 2992 qui
1225 2937 1410 2991 passus
1458 2933 1540 2979 est
1586 2926 1686 2979 sub
1735 2925 2058 2981 Proconsule

2170 2075 2314 2128 Asiae
2345 2074 2489 2129 Julio
2523 2074 2709 2128 Proclo
2747 2082 2801 2129 et
2839 2075 3183 2141 Quintiliano,
3214 2078 3301 2147 qui
3345 2086 3464 2147 post
3501 2092 3748 2137 carceres

2167 2174 2219 2219 et
2245 2167 2483 2231 corporis
2514 2165 2950 2221 dilacerationem
2979 2169 3220 2225 conﬁxus
3267 2169 3430 2238 ligno,
3474 2185 3595 2225 cum
3637 2170 3748 2227 Me-

2167 2254 2386 2309 trodoro
2416 2260 2727 2325 presbytero
2760 2257 2864 2327 igni
2898 2259 3120 2314 traditus
3146 2268 3247 2314 est.

2238 2385 2413 2465 V_._C..
2447 2384 2766 2441 NiComedim
2793 2388 2995 2465 ΕΒάοηί
3036 2387 3140 2459 [C.,
3174 2390 3401 2465 Agiloni]
3444 2395 3740 2465 presbyteri

2166 2464 2218 2509 et
2248 2456 2471 2530 aliorum
2514 2468 2715 2530 septem
2736 2456 3123 2530 Δειιίῖἲιςίδιονῐηη
3154 2456 3339 2513 diebus
3379 2456 3620 2530 singulis:
3650 2464 3741 2527 (3.,

2164 2526 2362 2598 t_tt_aliis
2384 2527 2682 2598 videntibus
2711 2528 2865 2582 timor
2898 2529 3243 2583 incuteretur.
3274 2531 3451 2584 Romae
3467 2526 3743 2598 depositio

2171 2592 2189 2633 ί
2217 2594 2505 2649 Innocentii
2527 2598 2786 2665 episcOpi,
2811 2598 2897 2666 qui
2920 2600 3078 2652 etiam
3104 2600 3405 2654 nominatur
3429 2604 3478 2655 in
3501 2592 3567 2656 Α.
3590 2602 3654 2657 Τ.
3679 2603 3741 2659 L.

2237 2732 2321 2784 i3.
2345 2760 2414 2773 -—-
2440 2730 2502 2786 III
2532 2731 2601 2785 In.
2635 2730 2689 2784 lu
2718 2732 3014 2788 Nicomedia
3049 2736 3235 2789 natalis
3277 2734 3567 2791 Macedonii
3598 2755 3744 2805 pres-

2162 2823 2354 2894 byteri,
2394 2824 2456 2876 Et
2483 2824 2722 2877 Patricia!
2754 2825 2932 2879 uxoris
2959 2825 3095 2893 ejus,
3128 2836 3182 2881 et
3210 2827 3331 2882 tilia
3362 2828 3543 2882 Modus
3565 2844 3632 2884 te.

2238 2927 2301 2978 A.
2332 2924 2395 2978 Τ.
2430 2923 2515 2988 L.,
2545 2932 2600 2978 et
2624 2923 2683 2979 S.
2716 2934 2740 2971 ε
2772 2925 3024 2981 Eufrasia:
3051 2927 3284 2997 virginis.

1898 3018 2097 3073 SMITH
2139 3017 2359 3072 NU'I‘IE.

557 3115 584 3181 ἐ
623 3107 1056 3181 Αιεπαηάνίαζίιί
1102 3123 1286 3181 omnes
1332 3123 1499 3177 usque
1546 3108 1609 3162 ad
1641 3107 1879 3181 ultimum
1934 3110 2061 3175 Qui-
2089 3108 2134 3169 C
2169 3110 2250 3164 nia
2272 3109 2381 3181 fere
2401 3109 2768 3181 Martyrologia
2793 3108 2949 3181 hujus
2972 3110 3199 3165 natalem
3222 3113 3493 3167 celebrant
3516 3113 3673 3168 Febr.
3698 3130 3736 3181 ι,

483 3178 920 3245 rillum.excepto
945 3176 1232 3245 Gorgonio,
1260 3179 1406 3247 juxta
1438 3179 1866 3246 Martyrologium
1893 3194 2057 3232 excu-

485 3263 604 3302 suni
633 3248 958 3319 Ilierpnyini,
993 3263 1043 3301 et
1071 3251 1286 3319 antiqua
1312 3264 1441 3303 mss.
1472 3250 1844 3319 Martyrologia
1875 3262 2061 3318 quam-

483 3320 710 3387 plurima
737 3314 1223 3387 Carthaginepassi
1258 3317 1528 3372 dicuntur.

554 3386 582 3460 Ρ
617 3387 891 3460 Gargonii.
945 3390 1001 3443 S.
1050 3386 1349 3460 Gorgonius
1398 3398 1601 3460 martyr
1642 3386 2060 3460 Nicomediensis

482 3458 584 3512 sub
616 3458 963 3521 Diocletiano,
994 3457 1201 3510 solibat
1243 3460 1465 3511 solemni
1498 3457 1675 3513 oflicio
1723 3460 1773 3511 iu
1820 3458 2060 3513 Ecclesia

484 3527 746 3581 Mindensi
767 3530 863 3578 hnc
881 3529 968 3581 die
986 3528 1085 3579 coli
1105 3529 1173 3581 ob
1191 3529 1470 3581 adventum
1498 3527 1836 3597 reliquiarum
1857 3529 1973 3595 ejus
1994 3530 2062 3583 ad

483 3597 625 3653 illam
663 3598 975 3651 Ecclesiam.
1029 3597 1101 3650 De
1128 3613 1191 3649 eo
1222 3608 1406 3665 agetur
1432 3602 1590 3651 etiam
1626 3614 1675 3653 ix
1707 3597 2059 3659 Septembris.

556 3669 581 3698 ε
632 3667 937 3720 Vindiciani.
972 3666 1085 3719 Nati
1118 3668 1413 3720 Belleuurlii
1445 3670 1584 3723 circa
1612 3684 1699 3722 an.
1734 3668 1860 3729 620,
1894 3677 1947 3721 ct
1974 3669 2061 3722 in-

482 3739 669 3792 structi
694 3753 723 3791 a
753 3737 849 3792 SS.
886 3738 1054 3805 Eligio
1080 3747 1133 3790 et
1163 3738 1443 3804 Autbet'to,
1477 3756 1583 3804 quo
1607 3740 1857 3792 defuncto
1888 3737 1941 3791 in
1971 3754 2056 3794 se-

482 3808 605 3863 dem
646 3808 1038 3877 episcopalem,
1079 3806 1310 3865 scilicet.
1356 3810 1760 3863 Atrcbatensem
1810 3808 2062 3864 sumetus

482 3887 586 3931 est.
626 3876 919 3932 Ecclesiatn
952 3876 1045 3931 Dei
1076 3878 1345 3945 genitricis
1376 3880 1777 3933 Atrebateusem
1810 3894 1874 3931 ex
1905 3882 2063 3932 rebus

482 3950 747 4015 propriis,
797 3964 897 4000 una
948 3962 1242 4018 cumrege
1289 3949 1650 4012 Theoderico,
1699 3950 2063 4018 augmentavit

482 4018 643 4089 villis,
668 4018 932 4089 ecclesiis,
962 4016 1508 4089 terris,molendinis,
1540 4022 1763 4089 aliisque
1778 4016 2058 4072 'sub~idiis.

480 4086 539 4142 ln
573 4089 690 4142 villa
735 4088 1029 4142 Ilunolcurt
1067 4088 1211 4140 sedis
1241 4086 1824 4153 Catneraceusis,'cum
1868 4091 2063 4156 pretio-

479 4158 693 4212 sissimo
729 4168 961 4227 martyre
1002 4156 1312 4222 Lomberto,
1346 4164 1723 4213 monasterium
1766 4160 2064 4213 construxit

482 4230 548 4279 ad
584 4227 792 4281 laudem
825 4228 915 4281 Dei
945 4239 996 4281 et
1022 4228 1420 4281 venerationem
1452 4231 1509 4284 S.
1543 4231 1714 4294 Petri,
1748 4231 1923 4295 ibique
1953 4229 2063 4282 cleo

480 4296 620 4351 ricos
646 4306 700 4352 et
740 4299 1170 4351 sanctimoniales
1198 4298 1491 4351 constituit.
1537 4299 1776 4368 Migravit
1816 4301 1879 4351 ad
1908 4299 2063 4352 Chri-

479 4381 619 4420 stum
653 4369 704 4421 in
739 4368 998 4421 Bruxellis
1024 4381 1132 4420 Suae
1159 4368 1407 4421 dimcesis
1436 4370 1731 4433 territorio;
1762 4380 1815 4423 et
1843 4368 2059 4435 sepeliri

2165 3194 2283 3234 cum
2326 3179 2383 3233 S.
2416 3179 2682 3248 Dionysio,
2715 3179 2802 3245 qui
2836 3194 2900 3231 eo
2939 3180 3055 3247 ipso
3085 3183 3171 3233 die
3201 3196 3359 3248 supra
3392 3179 3738 3239 memoratur.

2165 3250 2332 3302 Graeci
2372 3264 2499 3302 vero
2532 3265 2581 3301 xi
2621 3248 2789 3300 Martii
2822 3263 2944 3302 eum
2976 3251 3175 3303 eoluut.
3221 3252 3599 3306 I’ersecutione
3631 3255 3740 3306 An-

2166 3318 2331 3372 tonini
2367 3318 2517 3383 Veri,
2564 3319 2644 3372 vel
2694 3319 2881 3370 saltem
2934 3319 3108 3384 Decii,
3162 3330 3280 3387 post
3325 3322 3735 3388 insuperabilem

2164 3389 2568 3457 responsionum
2616 3389 2967 3441 constantiam
3017 3398 3071 3442 et
3117 3390 3419 3457 squalorem
3470 3390 3737 3456 carceris,

2164 3459 2252 3510 uhi
2281 3459 2477 3528 multos
2507 3456 2731 3528 fratrum
2768 3458 2832 3528 ad
2865 3456 3175 3528 martyrium
3209 3460 3318 3513 suis
3346 3461 3702 3513 exhortationi
3722 3490 3736 3501 -

2166 3528 2266 3581 bus
2296 3527 2565 3581 roboravit
2596 3546 2608 3580 :
2643 3525 2709 3580 ad
2740 3526 2981 3581 ultimum
3008 3525 3331 3583 cruciatibus
3362 3531 3541 3584 multis
3572 3545 3737 3584 vexa-

2165 3606 2271 3660 tus,
2316 3598 2482 3652 clavis
2521 3597 2783 3661 conﬁxus,
2829 3606 2882 3649 et
2923 3597 3130 3651 ardenti
3179 3614 3308 3667 rogo
3348 3599 3741 3666 superpositus,

2162 3667 2375 3721 beatum
2424 3682 2519 3733 pro
2547 3668 2760 3721 Christo
2803 3669 3023 3722 sortitus
3065 3679 3148 3722 est
3195 3668 3373 3722 tinem.
3421 3669 3565 3723 Passi
3615 3676 3741 3722 sunt

2162 3753 2283 3792 cum
2314 3752 2380 3790 eo
2405 3746 2459 3791 et
2488 3738 2575 3790 alii
2606 3736 2930 3806 quindecim.
2961 3738 3115 3791 Baeda
3145 3739 3311 3806 vulg.,
3346 3739 3478 3803 Ado,
3516 3738 3734 3794 Notlter.

2238 3807 2259 3846 ί
2303 3806 2614 3860 Innocentii.
2643 3808 2742 3873 Qui
2773 3807 2956 3860 habuit
2982 3808 3205 3862 comites
3234 3809 3525 3863 secundum
3554 3809 3741 3863 lIiero~

2166 3879 2311 3948 nymi
2344 3877 2776 3948 Martyrologium
2811 3877 3003 3930 Rasum
3033 3878 3338 3948 episcopum
3365 3888 3417 3931 et
3444 3877 3740 3934 .Inliauum.

2165 3946 2240 4002 De
2285 3949 2367 4001 Itis
2412 3946 2695 4018 Bo‘llandus
2724 3949 2802 4000 sic
2830 3948 3015 4000 scribit
3048 3964 3059 4000 :
3100 3946 3197 3999 llic
3214 3951 3330 4018 jam
3360 3959 3582 4001 movetur
3610 3949 3744 4016 iii/75-

2163 4019 2329 4072 cultas
2376 4019 2439 4071 de
2486 4016 2623 4071 hisce
2667 4019 2875 4087 sanctis,
2925 4018 3007 4069 ubi
3039 4016 3227 4087 fuerint
3270 4020 3512 4087 episcopi,
3546 4035 3606 4069 ac
3643 4034 3745 4086 quo

2162 4105 2341 4158 genere
2369 4090 2547 4158 mortis
2576 4088 2781 4140 sublati.
2808 4086 3013 4141 Scimus
3038 4084 3100 4139 S.
3130 4084 3487 4158 Innocentium
3516 4104 3548 4139 a
3580 4084 3745 4152 poste-

2162 4155 2381 4211 rioribus
2407 4157 2653 4209 creditum
2684 4158 2837 4222 fuisse
2862 4158 3150 4225 pontiﬁcem
3178 4155 3468 4209 Romanum
3489 4199 3503 4219 ,
3549 4166 3595 4211 et
3622 4172 3740 4208 era-

2162 4246 2274 4282 sum
2305 4229 2362 4284 S.
2399 4226 2609 4279 Rasum.
2658 4227 2904 4297 Mortuus
2919 4238 2991 4279 est
3032 4226 3358 4280 Innocentius
3382 4229 3575 4297 primus
3602 4242 3742 4279 anno

2163 4300 2288 4364 417,
2328 4300 2411 4353 die
2449 4313 2613 4351 xxvut
2659 4298 2812 4353 Julii.
2862 4295 2990 4367 Ejus
3035 4312 3216 4366 corpus
3260 4295 3561 4367 translatum
3600 4306 3671 4367 est
3711 4313 3743 4348 a

2164 4370 2344 4437 Sergio
2375 4369 2434 4421 ΙΙ
2466 4370 2722 4434 pontiﬁce,
2750 4369 2836 4435 qui
2866 4365 3061 4420 creatus
3087 4365 3158 4419 est
3183 4384 3316 4420 anno
3343 4366 3468 4420 8M.
3492 4394 3562 4406 -—
3589 4365 3743 4419 Nihil

482 4438 725 4514 elegitiu
757 4448 935 4514 monte
1060 4438 1232 4514 Eligii,
1265 4452 1330 4490 eo
1358 4440 1510 4514 quod
1531 4441 1588 4514 It.
1619 4440 1836 4514 Eligius,
1870 4441 1951 4514 cui
1984 4437 2063 4490 fa-
2093 4458 2137 4514 ι)
2166 4443 2305 4514 certi
2330 4456 2596 4509 possumus
2627 4441 2953 4514 concludere,
2982 4439 3271 4514 inducimur
3311 4447 3478 4514 tamen
3518 4438 3571 4491 in
3585 4438 3743 4514 ‘Iianc

482 4507 673 4561 rniliari
706 4524 799 4561 usu
827 4508 1122 4561 dilectionis
1150 4509 1453 4577 inhazserat,
1480 4508 1550 4560 ibi
1576 4508 1914 4562 habitationis
1945 4524 2058 4563 sua:

480 4578 678 4631 fecerat
709 4579 1083 4633 diversorium.
1113 4578 1204 4629 Est
1223 4580 1454 4643 abbatia,
1482 4579 1683 4632 distans
1714 4580 1859 4632 horae
1886 4580 2059 4645 spatio

482 4648 552 4701 ab
578 4650 854 4711 Atreliato,
885 4648 935 4701 in
967 4664 1066 4717 qua
1093 4650 1326 4701 elevatus
1350 4658 1430 4701 est
1458 4664 1549 4715 per
1578 4649 1882 4703 Fulbertuni
1915 4649 2062 4702 deci-

483 4734 628 4772 mum
652 4719 890 4786 quintum
918 4721 967 4775 in
994 4719 1265 4786 episcopio
1292 4734 1677 4771 successorem.
1708 4719 1968 4779 Molanus,
1995 4718 2061 4774 de

480 4790 681 4842 sanctis
704 4790 886 4856 Belgii.
907 4788 1119 4843 Sedisse
1142 4802 1261 4841 eum
1286 4790 1438 4841 anuis
1462 4802 1553 4841 sex
1578 4800 1631 4842 et
1650 4788 1879 4857 triginta,
1903 4801 2058 4856 atque

481 4873 515 4913 ο
545 4864 651 4911 vita
707 4858 1019 4912 discessisse
1058 4874 1197 4912 anno
1225 4859 1350 4920 712,
1400 4859 1557 4911 tradzt
1602 4861 1960 4922 (Jolveuerius,
2007 4860 2059 4913 in

482 4932 624 4982 notis
651 4930 715 4982 ad
742 4938 903 4997 caput
929 4931 998 4980 28
1026 4929 1116 4982 lili.
1150 4944 1164 4980 ι
1198 4929 1446 4981 Clirouici
1476 4930 1735 4985 Balderici
1765 4930 1831 4983 de
1853 4930 2062 4998 episco—

485 4999 569 5068 pis
596 4998 1066 5053 Cameracensihus
1094 5009 1148 5052 et
1176 5000 1635 5053 Atrebateusibus.

557 5071 582 5110 ἀ
620 5069 873 5139 Gregorii.
908 5070 981 5124 De
1007 5069 1107 5121 hoc
1133 5083 1436 5123 sermonem
1480 5070 1720 5124 latiorem
1756 5068 1906 5124 Bmda
1938 5068 2064 5124 facit

483 5140 537 5195 in
569 5141 702 5193 Ilist.
749 5141 919 5203 Eccl.,
951 5155 1021 5206 tt,
1052 5142 1104 5202 1,
1143 5141 1228 5192 ubi
1259 5141 1417 5193 etiam
1450 5141 1631 5193 videas
1661 5153 1764 5209 qua
1806 5156 1869 5193 ex
1900 5154 2059 5194 causa

483 5210 784 5265 admonitus
805 5221 908 5263 tam
929 5214 1168 5264 sedulam
1191 5225 1313 5277 erga
1336 5210 1557 5263 salutem
1586 5211 2062 5279 Anglii-Saxonica:

520 5284 659 5335 entis
696 5295 878 5335 curam
923 5280 1169 5350 gesserit.
1218 5280 1284 5333 Et
1325 5296 1353 5333 a
1401 5282 1573 5347 capite
1620 5280 1693 5332 25
1741 5282 1860 5333 libri
1908 5280 2059 5349 primi

507 5354 628 5405 Eccl.
660 5352 793 5406 Ilist.
818 5367 985 5418 usque
1011 5351 1076 5404 ad
1101 5359 1260 5419 caput
1282 5351 1523 5403 ultimum
1554 5353 1729 5420 legere
1753 5362 1837 5404 est
1859 5360 2058 5419 quanta

484 5421 743 5476 industria
791 5432 843 5475 et
886 5421 1077 5490 quibus
1119 5420 1383 5475 methodis
1411 5424 1735 5488 Augustinus
1777 5423 1842 5474 ad
1888 5436 1983 5475 nos
2029 5435 2058 5474 a

484 5491 545 5548 S.
580 5491 835 5560 Gregorio
862 5494 1054 5546 missus
1084 5492 1378 5560 apostolus,
1413 5503 1648 5545 nostram
1686 5492 1821 5545 hanc
1850 5503 2061 5556 gentem

484 5568 747 5616 convertit
775 5564 838 5615 ad
873 5562 1051 5617 Iidem.
1083 5560 1361 5616 Ordinatio
1388 5562 1544 5631 limus
1571 5563 1871 5616 celebratur
1898 5562 2058 5623 inl'ra,

485 5648 606 5697 xxix
640 5632 828 5686 Martii.

564 5708 585 5734 '
625 5701 796 5762 l’ioni.
829 5704 943 5760 Non
968 5702 1321 5772 Nicomediae,
1356 5702 1450 5760 scd
1474 5702 1715 5775 Smyrna:
1739 5702 1901 5771 passi.
1935 5700 2061 5758 Om-

2166 4505 2477 4582 Opinionem,
2503 4510 2639 4577 quod
2667 4510 2719 4563 Ιιὶ
2750 4511 2849 4562 duo
2875 4508 3096 4582 episcopi
3121 4506 3449 4582 Innocentius
3484 4516 3533 4561 et
3576 4505 3743 4582 Rasus

2162 4578 2381 4635 vixerint
2409 4590 2631 4644 tempore
2662 4580 3058 4650 persecutionis,
3096 4588 3142 4630 et
3166 4578 3623 4650 aliundeliomam
3650 4580 3745 4628 ad—

2163 4654 2408 4715 venerint,
2438 4652 2604 4718 ibique
2635 4647 2722 4702 aut
2753 4663 2924 4702 sancte
2948 4650 2998 4701 in
3028 4664 3150 4715 pace
3178 4647 3473 4715 quieverint,
3496 4657 3582 4699 aut
3609 4662 3744 4718 niar-_

2166 4725 2298 4789 tyrio
2329 4724 2475 4773 etiam
2503 4716 2604 4771 sint
2633 4722 2884 4784 coronati,
2918 4729 3002 4770 aut
3031 4718 3209 4769 saltem
3236 4730 3452 4789 corpora
3481 4732 3672 4789 eorum,
3697 4716 3743 4770 εἰ

2162 4786 2285 4845 alibi
2306 4793 2407 4845 sint
2432 4791 2586 4855 passi,
2616 4789 2828 4840 Motuum
2855 4790 3019 4843 delata
3050 4796 3167 4838 tunc
3198 4797 3253 4856 et
3273 4787 3499 4856 deposita
3525 4786 3737 4853 fuerint.

2237 4870 2262 4909 ε
2304 4854 2580 4930 Eufrasire.
2628 4858 2773 4911 Filiae
2812 4857 3061 4925 Antigoni
3085 4857 3188 4930 _viri
3230 4854 3493 4910 Senatorii
3535 4856 3744 4930 et_Eu-

2165 4924 2503 5000 praxize,sub
2520 4929 2822 4983 Theodosio
2846 4924 2996 4996 imp.,
3017 4924 3167 4995 cujus
3188 4936 3303 4979 erat
3323 4926 3741 5000 consanguinea;

2165 4994 2382 5054 inortuo
2413 5010 2588 5053 autem
2622 4994 3111 5067 Antigono,'mater
3143 4998 3404 5067 Eupraxia
3436 4994 3741 5067 Theodosio

2164 5072 2309 5126 illam
2348 5065 2771 5134 commendavit,
2810 5072 2896 5139 qni
2937 5068 3206 5122 senatorio
3243 5065 3451 5122 cuidam
3495 5066 3742 5139 viro_de-

2162 5142 2397 5205 spondit.
2435 5140 2522 5192 Illa
2556 5155 2683 5194 Vero
2712 5135 2992 5193 disci-dens
3022 5154 3141 5192 cum
3185 5150 3387 5199 matre.
3430 5144 3485 5190 et
3514 5136 3563 5189 in
3595 5135 3739 5189 The-

2164 5212 2370 5266 baidem
2418 5210 2630 5279 Aﬂgypti
2681 5210 2935 5278 profecta,
2980 5210 3031 5262 in
3078 5208 3455 5261 monasterium
3500 5207 3737 5279 ingressa

2164 5292 2245 5335 est
2293 5284 2343 5335 in
2393 5278 2690 5350 quaerant
2732 5280 2991 5344 virgines;
3043 5288 3157 5333 erat
3197 5288 3372 5350 autem
3422 5289 3545 5330 tunc
3592 5278 3740 5345 virgo

2163 5349 2431 5407 sexdecim
2480 5366 2761 5404 annorum.
2813 5350 3034 5417 Propter
3086 5349 3438 5403 excellentem
3490 5350 3739 5417 virtutem

2164 5424 2316 5477 beata
2365 5422 2605 5477 Eufrasia
2656 5415 3025 5474 miraculorum
3075 5418 3298 5489 gratiam
3346 5415 3583 5489 accepit,
3634 5430 3741 5484 qua

2164 5494 2361 5547 multos
2390 5508 2418 5545 a
2450 5492 2607 5544 variis
2635 5491 2977 5559 languoribus
3007 5488 3271 5554 liberavit,
3300 5498 3353 5542 et
3380 5488 3491 5557 ipsa
3522 5488 3734 5559 beatum

2166 5563 2327 5617 tinem
2370 5572 2610 5617 assecuta
2640 5556 2750 5625 est,
2786 5560 2994 5628 triginta
3036 5574 3206 5613 annos
3234 5568 3378 5614 nata.
3406 5556 3551 5616 Acta
3595 5556 3737 5627 apud

2168 5633 2408 5691 Bolland.
2442 5634 2489 5689 A
2515 5632 2714 5688 Graecis
2740 5630 2930 5687 colitur
2962 5646 3061 5685 xxv
3087 5628 3231 5689 Julii.
