4240 6468
607 288 710 344 859

1342 279 1541 334 BEDIE
1583 273 2030 331 VENERABILIS
2065 272 2214 328 OPP.
2257 272 2432 326 PARS
2465 271 2551 325 IV.
2591 300 2663 312 —
2700 269 3078 325 lllSTORlCA.

3736 266 3842 323 860

1864 383 2086 439 EDITIO
2123 380 2574 437 COLONIENSIS.

605 487 922 551 Τιιεοάοι-τρ,
947 484 1356 556 Nymphodorus,
1376 484 1581 546 Marem,
1605 481 1841 543 Arabim,
1865 479 1954 548 qui
1981 490 2169 531 omnes
2196 479 2240 533 Α
2274 489 2579 541 percussum
2617 489 2871 541 corporea
2903 473 3164 539 czpcitate,
3194 481 3312 542 post
3340 475 3650 544 martyrium
3675 491 3834 530 suum

612 581 718 649 igni
751 580 925 633 traditi
955 588 1095 632 sunt.
1128 576 1250 631 Julii
1279 577 1509 643 episcopi
1542 572 1900 630 Alexandriae.

677 672 738 726 C.
782 672 926 725 Puto.
976 670 1093 723 Inus
1145 669 1360 725 MART".
1393 696 1461 710 —
1502 667 1680 717 Romae
1722 663 1896 716 natale
1938 660 2167 728 quadra-

609 761 747 827 ginta
785 770 984 826 septem
1023 767 1342 828 martyrum,
1383 755 1471 826 qui
1512 751 1759 821 baptizati
1793 761 1913 805 sunt
1951 765 1977 800 a
2008 749 2167 802 Petro

609 849 867 913 apostolo,
910 862 1029 900 cum
1076 855 1342 900 teneretur
1369 846 1506 898 idem
1537 844 1804 907 apostolus
1845 842 1896 895 in
1926 840 2168 894 custodia

609 939 870 1002 Mamerti,
887 953 1004 991 cum
1020 938 1324 1005 coapostolo
1342 951 1436 990 suo
1452 932 1632 998 Paulo,
1649 934 1731 987 ubi
1751 947 1936 986 novem
1957 945 2166 985 menses

607 1025 806 1080 detenti
856 1036 1003 1090 sunt;
1045 1028 1134 1095 qui
1167 1040 1352 1079 omnes
1383 1025 1482 1077 sub
1512 1024 1848 1078 devotissima
1889 1022 2008 1076 ﬁdei
2041 1036 2169 1075 con-

609 1115 840 1169 fessione
857 1115 1159 1170 Neroniana
1179 1116 1350 1183 gladio
1373 1113 1671 1183 consumpti
1695 1123 1836 1166 sunt.
1867 1112 1919 1164 lu
1948 1113 2170 1164 Cartha-

615 1203 737 1273 gine
781 1215 1081 1258 sanctorum
1127 1205 1338 1266 Donati,
1376 1203 1596 1268 Etl‘rosi,
1632 1202 1888 1256 Frumini.
1922 1201 1976 1254 ln
2008 1201 2166 1255 Nico-

612 1295 782 1347 media
815 1296 990 1348 natale
1020 1294 1328 1348 Felicissimi
1357 1303 1409 1346 et
1442 1294 1731 1347 Frontinze.

681 1386 742 1437 D.
787 1386 902 1438 lous
946 1386 1159 1438 MART".
1206 1413 1277 1424 —
1323 1384 1375 1437 In
1408 1382 1736 1452 Cappadocia
1776 1381 1954 1450 passio
2001 1380 2169 1434 sancti

610 1472 830 1541 Longini
882 1475 1146 1542 martyris,
1189 1474 1255 1527 de
1308 1487 1413 1542 quo
1462 1478 1514 1526 in
1559 1471 1734 1526 libello
1775 1470 2014 1538 martyrii
2059 1470 2172 1537 ejus

609 1572 872 1628 narratur,
923 1564 1060 1631 quod
1100 1563 1381 1632 aliquando
1427 1562 1658 1615 militans
1706 1559 1804 1614 sub
1857 1559 2174 1613 centurione

611 1650 872 1716 Romano,
905 1652 956 1705 in
999 1651 1241 1721 passione
1275 1651 1477 1704 Domini
1522 1651 1655 1703 latus
1695 1649 1811 1718 ejus
1840 1663 1958 1702 cum
1992 1648 2173 1701 lancea

612 1743 664 1795 in
705 1757 860 1796 cruce
914 1743 1222 1810 aperuerit,
1268 1751 1321 1796 et
1359 1743 1472 1794 viso
1520 1751 1672 1794 terra:
1704 1748 1848 1793 motu
1903 1748 1957 1793 et
2011 1739 2174 1807 signis

2267 563 2604 617 illuminavit.
2652 563 2802 629 Apud
2849 563 3276 618 Thessalonicam
3329 567 3603 621 civitatem
3655 569 3835 622 natale

2269 663 2465 706 sanctae
2498 654 2751 706 Matrona:
2797 673 2808 706 :
2850 670 2967 722 qua:
2995 670 3115 708 cum
3142 666 3287 710 esset
3324 657 3513 710 ancilla
3555 658 3831 722 cujusdam

2270 747 2490 810 Jndmaz,
2537 759 2588 798 et
2637 747 2841 800 occulte
2870 747 3138 800 Christum
3176 748 3374 811 colens,
3419 748 3751 816 deprehensa
3803 764 3829 799 a

2269 834 2480 891 domina
2509 853 2626 901 sua,
2657 845 2710 890 et
2735 852 2900 906 usque
2922 838 2987 891 ad
3013 849 3238 893 mortem
3267 853 3426 904 cmsa,
3459 840 3827 908 incorruptum

2267 927 2508 994 Spiritum
2538 927 2786 980 reddidit.

2340 1019 2398 1071 Ε.
2420 1016 2577 1070 XVII.
2602 1017 2734 1073 ΚΑι..
2756 1020 3010 1073 Λιιιιιι..-
3029 1021 3206 1073 Romae
3224 1021 3394 1075 natale
3408 1023 3573 1077 sancti
3596 1023 3826 1093 Cyriai-i,

2269 1109 2356 1176 qui
2402 1117 2517 1174 post
2559 1108 2766 1179 longam
2798 1112 3027 1164 carceris
3067 1113 3495 1176 macerationem,
3533 1131 3686 1183 quam
3729 1117 3832 1170 sub

2269 1197 2585 1250 Maximiano
2616 1201 2860 1264 pertulit,
2894 1216 3011 1254 cum
3053 1200 3248 1254 Sisinio
3277 1203 3600 1257 condiacOno
3639 1220 3736 1258 suo
3775 1216 3830 1259 et

2269 1287 2560 1358 Smaragilo
2579 1291 2833 1357 etLargo,
2867 1299 2982 1356 post
3007 1290 3162 1343 multa
3185 1289 3318 1343 facta
3339 1293 3610 1355 miracula,
3638 1293 3687 1345 in
3711 1294 3828 1362 qui-

2272 1376 2371 1430 bus
2403 1379 2561 1430 etiam
2585 1378 2742 1430 ﬁliam
2762 1379 3067 1432 Diocletiani
3097 1381 3386 1448 Artemium
3415 1382 3577 1446 ipsius
3597 1393 3778 1450 rogatu
3801 1397 3830 1435 a

2271 1465 2536 1520 diemonio
2564 1467 2765 1520 curavit
2787 1483 2846 1520 ac
2875 1467 3157 1533 baptizavit
3191 1485 3202 1520 :
3229 1468 3390 1521 tiliam
3413 1483 3620 1536 quoque
3649 1469 3824 1534 Sapo-

2273 1555 2347 1609 ris
2377 1557 2513 1624 regis
2544 1556 2826 1610 Persarum
2855 1557 3082 1621 Jobiam,
3115 1558 3304 1612 missus
3335 1561 3422 1611 illo
3444 1572 3473 1610 a
3503 1558 3827 1612 Diocletiano

2273 1660 2370 1716 pro
2396 1645 2496 1699 hoc
2517 1661 2667 1714 aeque
2696 1662 2723 1699 a
2755 1645 3016 1700 daPmonio
3044 1647 3283 1701 liberavit
3311 1662 3373 1701 ac
3404 1647 3684 1717 buptizavit
3707 1662 3832 1704 cum

2277 1738 2390 1804 ipso
2439 1753 2561 1808 rege
2590 1747 2644 1794 et
2672 1741 2787 1794 aliis
2815 1741 3213 1812 quadringentis
3254 1741 3464 1812 triginta
3497 1760 3510 1796 :
3543 1753 3594 1798 et
3624 1743 3833 1798 rediens

611 1846 728 1898 qua:
767 1805 960 1887 ﬁebant
985 1875 999 1898 ,
1052 1805 1336 1886 crediderit
1362 1832 1411 1884 in
1437 1830 1705 1884 Christum
1743 1871 1756 1895 ,
1801 1805 2167 1899 pmnitentiam
2203 1805 2245 1866 Β
2275 1805 2648 1899 Romam—post
2693 1805 2916 1885 mortem
2971 1805 3298 1897 Diocletiani,
3323 1805 3514 1887 vtentus
3568 1841 3650 1887 est
3691 1834 3830 1886 inter

610 1934 772 1984 agens
821 1920 886 1974 de
933 1921 1181 1988 operibus
1212 1921 1476 1988 pristinis;
1520 1929 1698 1988 postea
1751 1923 2048 1976 monachus
2077 1921 2165 1974 fa-
2217 1956 2219 1958 -

611 2020 760 2073 ctus,
790 2025 884 2077 per
915 2011 1126 2080 triginta
1158 2019 1210 2064 et
1257 2021 1380 2064 octo
1403 2025 1570 2064 annos
1596 2009 1806 2065 Christo
1829 2009 2169 2075 militaverit,

612 2101 804 2154 multos
831 2113 1144 2156 convertens
1175 2103 1238 2155 ad
1267 2102 1420 2156 ﬁdem
1451 2102 1541 2157 Dei
1572 2120 1586 2156 :
1623 2102 1684 2155 ad
1712 2112 2013 2157 extremum
2043 2118 2173 2159 vero

612 2193 920 2261 martyrium
951 2195 1228 2263 complevit
1257 2197 1305 2248 in
1329 2196 1660 2265 Cappadocia
1684 2198 1782 2251 sub
1805 2197 2021 2251 Octavio
2047 2213 2175 2264 prae.

611 2281 744 2348 side,
777 2298 932 2351 quem
957 2294 1168 2354 propter
1195 2285 1556 2340 inﬁdelitatem
1587 2300 1736 2341 suam
1765 2285 1946 2339 divino
1970 2285 2167 2352 judicio

2274 1923 2407 1977 alios
2432 1921 2764 1976 Christianos
2785 1939 2812 1976 a
2843 1924 2951 1976 ﬁlio
2970 1922 3085 1991 ejus
3110 1923 3443 1991 Maximiano,
3483 1934 3536 1978 et
3563 1926 3612 1977 in
3643 1936 3824 1977 custo-

2273 2012 2414 2066 diam
2461 2013 2677 2080 missus,
2726 2028 2790 2067 eo
2833 2013 2973 2083 quod
3013 2028 3248 2068 sororem
3288 2028 3437 2068 suam
3477 2014 3830 2070 Christianam

2275 2102 2505 2160 fecisset.
2564 2105 2761 2161 Deinde
2792 2105 3057 2174 pral’cepit,
3088 2115 3145 2159 ut
3189 2106 3309 2160 inde
3347 2106 3431 2161 die
3471 2107 3830 2173 proceSsiouis

2276 2181 2389 2254 suae
2427 2198 2598 2253 nudus
2632 2201 2834 2253 catenis
2861 2199 3143 2268 obligatus,
3173 2208 3294 2253 ante
3326 2199 3542 2252 rhedam
3583 2199 3696 2266 ejus
3721 2208 3834 2252 tra-

2277 2288 2511 2342 heretur.
2546 2288 2611 2342 Et
2641 2299 2759 2358 post
2787 2292 2887 2344 hoc
2912 2287 3132 2344 eductus
3162 2289 3228 2343 de
3252 2303 3486 2354 carcere,
3516 2303 3633 2342 cuin
3678 2289 3836 2340 sociis

1839 2377 2060 2430 EDITIO
2099 2376 2600 2434 BOLLANDIANA.

684 2468 768 2520 Η.
797 2495 865 2506 -
895 2466 939 2521 11
970 2466 1040 2520 In.
1077 2466 1235 2521 Vacat
1267 2467 1439 2520 Baeda.

685 2561 768 2623 D.,
801 2559 980 2610 Romae
1008 2569 1293 2628 martyrum
1321 2555 1663 2624 quadraginta
1697 2563 1897 2628 septem
1925 2554 2168 2628 militum

611 2645 640 2683 θ
676 2631 731 2680 ll.
773 2629 925 2680 Petro
955 2623 1194 2694 apostolo
1218 2636 1242 2663 ⁸
1283 2623 1679 2693 baptizatorum.
1707 2625 1779 2694 Υ.
1809 2623 1891 2687 C.,
1924 2623 1977 2677 In
2017 2625 2174 2694 Nico-

614 2699 780 2752 media
813 2693 1150 2757 Felicissimi,
1187 2697 1371 2760 Dativi,
1407 2697 1671 2748 Frentinm
1703 2693 1813 2764 [B.,
1847 2693 2168 2764 Frenlianm]

613 2767 811 2822 Pionis.
857 2768 958 2819 Sed
1005 2777 1298 2831 postremos
1343 2766 1474 2816 duos
1517 2765 1573 2816 C.
1619 2763 1880 2816 connectit
1922 2763 2167 2816 Modesta:

613 2837 696 2890 die
728 2838 1061 2904 praecedenti.
1096 2839 1158 2888 A.
1190 2834 1362 2904 T.,_|n
1391 2834 1701 2904 Alexandria
1735 2833 1908 2904 passio
1937 2832 1994 2904 S.
2028 2833 2165 2904 Petri

613 2899 882 2974 martyris.
929 2907 1018 2974 A.,
1051 2902 1076 2941 ι’
1106 2902 1328 2974 Eufrosii
1355 2913 1407 2956 et
1437 2902 1726 2974 Frunitnij.
1746 2905 1809 2974 Et
1923 2911 1945 2938 ο
1977 2902 2169 2974 Leonis

616 2971 783 3042 νίψω.
814 2975 899 3036 Τ.,
927 2972 981 3024 In
1013 2972 1391 3042 Thessalonica
1429 2971 1629 3042 natalis
1659 2971 1754 3025 SS.
1789 2971 2071 3042 Alexandri
2100 2979 2242 3042 etc

616 3040 861 3105 Eufrosii,
895 3053 947 3096 et
973 3044 1026 3094 8.
1066 3041 1338 3094 Frunitnii.
1375 3041 1456 3102 L.,
1487 3040 1540 3092 In
1573 3040 1885 3094 Alexandria
1917 3040 2014 3095 SS.
2051 3041 2172 3094 Ale-

613 3115 796 3168 x::ndri
852 3123 904 3165 et
958 3112 1209 3166 Eufrasii.
1268 3111 1348 3173 Β..
1395 3111 1533 3178 quod
1591 3111 1863 3175 hucusque
1919 3110 2174 3163 habemus

614 3183 920 3246 aceplialum
952 3181 1042 3234 :lu
1093 3180 1268 3234 Africa
1317 3178 1622 3244 Alexandri,
1677 3179 1844 3235 Petri.
1895 3180 2175 3236 Antiochia

615 3257 642 3296 ἀ
669 3253 918 3306 Nilnedia:
965 3252 1162 3304 Pionis.

685 3360 770 3415 15.
800 3392 869 3403 -
898 3360 1086 3414 lamus.
1120 3359 1278 3412 Vacat
1307 3358 1481 3413 Baeda.

685 3451 772 3512 D.,
816 3451 1186 3505 Thessalonica
1235 3459 1258 3487 °
1289 3449 1768 3520 Matronaaancilke
1810 3459 1862 3504 et
1892 3451 2173 3520 martyris.

614 3521 674 3576 Β.
704 3522 789 3587 C.,
822 3521 873 3573 In
902 3521 1229 3588 Cappadocia
1258 3522 1314 3572 S.
1353 3518 1371 3556 ί
1408 3519 1647 3588 Longini.
1701 3522 1753 3573 Β.
1787 3520 1847 3575 C.
1886 3519 1968 3584 V.,
2005 3518 2059 3572 Iti
2087 3520 2177 3573 Ni-

614 3594 847 3645 comedia
891 3590 1016 3644 Luci
1045 3589 1296 3659 episc0pi.
1334 3590 1396 3645 V.
1426 3589 1510 3653 C.,
1543 3590 1860 3657 Carthagine
1902 3591 1959 3643 S.
1989 3590 2172 3644 Jacobi

617 3662 795 3716 fratris
845 3660 1068 3712 Domini.
1127 3661 1210 3722 8.,
1259 3661 1576 3726 Carthagine
1629 3659 1811 3719 Pauli.
1864 3659 2174 3723 Salvatoris,

619 3729 935 3791 Alexandri,
981 3728 1289 3796 Theophili,
1332 3728 1544 3791 Octavi,
1579 3727 1852 3782 Tlteoduli.
1897 3731 1957 3784 Α.
1993 3729 2053 3780 Τ.
2088 3727 2174 3793 L.,

615 3799 946 3864 Jerosolytna
988 3799 1156 3849 natale
1197 3797 1291 3851 SS.
1327 3809 1350 3843 ες
1393 3798 1574 3851 Jacobi
1605 3797 1827 3866 apostoli
1865 3809 1916 3851 et
1954 3797 1978 3833 ἰ
2023 3797 2176 3851 Luca:

621 3870 979 3935 evangelista.
1008 3865 1062 3919 In
1091 3867 1390 3920 Nicomedia
1423 3868 1610 3921 natalis
1635 3865 1689 3921 S.
1717 3867 1838 3919 Luci
1867 3867 2096 3931 episconi
2124 3877 2177 3921 et

619 3938 884 4004 martyris.
912 3934 967 3990 lu
999 3940 1060 3991 A.
1096 3939 1371 3990 recentiori
1405 3951 1558 3990 manu
1587 3947 1877 3992 correctum
1910 3937 2176 3991 eratzLu.

615 4009 772 4061 ciaui.
798 4005 883 4071 C.,
905 4006 970 4058 Et
998 4007 1173 4074 vigilia
1203 4006 1256 4059 S.
1297 4005 1311 4043 ί
1344 4008 1568 4076 Cyriaci.

687 4100 773 4154 16.
802 4129 870 4140 --
899 4099 1035 4154 XVII
1088 4098 1220 4153 ΚΑι..
1256 4104 1386 4154 Ann.
1421 4100 1603 4154 Romae
1629 4101 1816 4154 natalis
1858 4100 1915 4154 8.
1946 4098 2174 4170 Cyriaci,

615 4193 703 4260 qui
747 4202 859 4259 post
903 4193 1110 4262 longam
1143 4197 1371 4248 carceris
1412 4194 1850 4259 macerationem,
1883 4209 2037 4262 quam
2078 4194 2175 4248 sub

618 4281 931 4337 Maximiano
984 4285 1216 4353 pertulit,
1271 4300 1391 4339 cum
1436 4286 1667 4340 Sisinnio
1711 4286 1936 4341 diacono
1979 4301 2075 4340 suo
2123 4297 2176 4341 et

2278 2469 2564 2536 Smaragdo
2608 2477 2660 2522 et
2703 2468 2893 2538 Largo.
2938 2479 3053 2537 post
3094 2469 3255 2522 multa
3299 2469 3429 2522 facta
3476 2469 3740 2534 miracula,
3780 2472 3832 2524 in

2274 2562 2467 2630 quibus
2507 2559 2666 2613 ﬁliam
2714 2560 3016 2614 Diocletiani
3065 2561 3350 2614 Artcmiatn
3395 2560 3554 2627 ipsius
3594 2571 3772 2627 rogatu
3802 2577 3834 2615 a

2274 2650 2536 2704 daamonio
2563 2649 2764 2703 curavit
2799 2660 2852 2703 et
2894 2650 3174 2716 baptizavit
3203 2647 3502 2718 (ﬂuctuque
3531 2648 3643 2716 A.),
3675 2649 3832 2701 ﬁliam

2273 2753 2483 2807 quoque
2511 2739 2725 2806 Saporis
2752 2738 2890 2808 regis
2920 2737 3196 2792 Persarum
3225 2737 3424 2792 Jobiam
3444 2775 3459 2800 ,
3493 2739 3680 2790 missus
3709 2739 3837 2792 illuc

2272 2841 2301 2878 a
2333 2825 2656 2880 Diocletiano
2687 2841 2782 2894 pro
2809 2828 2928 2890 hoc,
2959 2841 3108 2896 teque
3148 2840 3176 2878 a
3217 2827 3477 2880 dzemonio
3507 2827 3744 2881 liberavit
3772 2842 3835 2882 ac

2274 2918 2574 2987 baptizavit,
2608 2933 2725 2972 cum
2767 2919 2882 2987 ipso
2922 2934 3045 2987 rege
3079 2930 3130 2972 et
3157 2919 3271 2972 aliis
3308 2919 3700 2988 quadringentis
3741 2919 3834 2972 tri-

2275 3011 2418 3078 ginta
2449 3008 2746 3077 (Hucusque
2769 3010 2825 3063 S.
2849 3009 3074 3079 Cyriaci,
3093 3018 3139 3062 et
3162 3009 3327 3075 deﬁcit
3357 3025 3509 3080 usque
3537 3024 3660 3063 xvut
3683 3007 3830 3077 Julii)

2277 3099 2486 3154 rediens
2516 3099 2736 3153 Romam
2768 3111 2884 3166 post
2923 3106 3145 3152 mortem
3180 3098 3522 3165 Diocletiani,
3553 3109 3723 3152 tentus
3750 3109 3833 3153 est

2275 3190 2415 3245 inter
2442 3191 2574 3245 alios
2598 3189 2927 3245 Christianos
2967 3205 2995 3243 a
3023 3191 3131 3244 ﬁlio
3156 3191 3272 3259 ejus
3313 3191 3650 3257 Maximiano,
3691 3202 3742 3246 et
3781 3192 3834 3247 in

2275 3280 2565 3336 custodiam
2610 3282 2824 3347 missus,
2856 3295 2921 3334 eo
2949 3282 3087 3350 quod
3131 3296 3366 3336 sororem
3410 3298 3555 3336 suam
3583 3281 3835 3336 Christia-

2217 3360 2222 3364 ’
2276 3385 2398 3426 nam
2445 3372 2674 3427 fecisset.
2720 3370 2918 3426 Deinde
2965 3373 3214 3441 praecepit
3256 3383 3311 3427 ut
3355 3372 3439 3428 die
3485 3374 3835 3440 processionis

2275 3477 2385 3516 sua:
2417 3463 2607 3528 nudus,
2639 3462 2840 3516 cateruis
2871 3463 3152 3532 obligatus,
3188 3471 3310 3519 ante
3338 3463 3556 3518 rhedam
3584 3463 3696 3534 ejus
3727 3473 3834 3518 tra-

2278 3553 2523 3618 beretur;
2553 3564 2606 3609 et
2637 3564 2752 3622 post
2779 3555 2891 3608 base
2919 3554 3136 3609 eductus
3165 3563 3298 3610 este
3326 3569 3565 3622 carcere,
3595 3571 3711 3610 cum
3743 3571 3834 3608 so-

2276 3647 2372 3700 ciis
2405 3645 2574 3715 Largo
2613 3653 2670 3700 et
2706 3645 2996 3715 Smaragdo
3022 3655 3074 3700 et
3101 3646 3494 3712 Crescentiano,
3525 3661 3614 3714 per
3642 3646 3836 3713 Carpa-

2276 3744 2410 3797 sium
2439 3742 2686 3794 vicarium
2707 3781 2724 3806 ,
2764 3750 2816 3794 et
2845 3741 2961 3809 pice
2984 3741 3206 3809 eliquata
3234 3749 3389 3808 caput
3414 3740 3525 3808 ejus
3569 3737 3836 3808 perfusum

2276 3843 2378 3888 est.
2431 3833 2610 3887 Denuo
2637 3832 2701 3886 de
2732 3846 2945 3885 carcere
2987 3831 3038 3886 in
3069 3841 3265 3884 catasta
3292 3840 3554 3896 extentus,
3581 3837 3834 3882 attractus

2279 3923 2475 3985 nervis,
2517 3931 2572 3976 et
2611 3920 2835 3976 fustibus
2879 3934 3068 3984 caesus,
3116 3929 3232 3988 post
3278 3919 3374 3973 hoc
3408 3919 3624 3986 jubente
3671 3919 3837 3971 Maxi-

2279 4011 2455 4065 miano
2485 4012 2659 4078 capite
2688 4018 2959 4064 truncatus
2985 4019 3096 4073 est,
3124 4025 3241 4065 cum
3275 4007 3442 4078 Largo
3471 4018 3524 4063 et
3550 4009 3837 4077 Sumang

2277 4111 2330 4157 et
2355 4103 2473 4155 aliis
2495 4101 2697 4170 viginti.
2725 4101 3065 4168 Scriptuui'in
3091 4102 3251 4171 gestis
3275 4100 3502 4154 Marcelli
3531 4114 3691 4168 papae.
3719 4099 3837 4167 Ipso

2278 4202 2519 4261 tempore
2541 4190 2887 4246 Maximianus
2917 4191 3177 4248 interiecit
3204 4207 3442 4247 sororem
3473 4205 3617 4246 suam
3645 4190 3836 4244 Arthe-

2280 4301 2458 4339 unam.

1979 4376 2183 4430 SMI'I‘H
2222 4374 2447 4429 NOTAE.

689 4470 714 4498 ι
756 4461 1156 4531 Baptizatorum.
1185 4463 1313 4517 Cum
1333 4505 1347 4529 ,
1381 4479 1482 4527 sc.,
1515 4473 1783 4519 teneretur
1813 4466 1869 4520 S.
1905 4465 2089 4518 Petrus
2118 4467 2168 4519 in
2202 4471 2253 4530 1)
2277 4462 2585 4520 orationibus
2612 4463 2832 4531 quotidie
2860 4462 3119 4516 ecclesiam
3154 4462 3524 4532 frequentaret,
3558 4477 3588 4512 a
3624 4460 3836 4515 Domina

618 4535 851 4585 custodia
894 4534 1183 4587 Mamertini
1212 4549 1329 4588 cum
1376 4535 1679 4601 coapostolo
1718 4549 1814 4587 suo
1858 4536 2038 4601 Paulo,
2085 4536 2171 4588 ubi

618 4619 807 4656 novem
840 4617 1048 4656 menses
1078 4605 1126 4656 in
1172 4604 1392 4657 vinculis
1418 4603 1618 4656 detenti
1662 4614 1802 4657 sunt.
1849 4605 1946 4670 Qui
1988 4620 2173 4658 omnes

616 4673 717 4726 sub
755 4673 1087 4745 devotissima
1119 4673 1247 4745 ﬁdei
1293 4672 1624 4745 confessione
1664 4673 1962 4727 Neroniana
2001 4674 2174 4745 gladio

615 4743 913 4808 cunsurnpti
943 4750 1083 4795 sunt.
1115 4744 1266 4796 Baeda
1295 4744 1457 4812 vnlg.,
1486 4743 1622 4807 Ado,
1651 4753 1755 4797 etc.

695 4814 716 4848 b
761 4812 1005 4880 Eufrosii.
1037 4813 1444 4877 Thessalonicae,
1474 4828 1576 4866 non
1604 4829 1726 4866 vero
1751 4814 1802 4865 in
1834 4812 2170 4881 Alexandria,

619 4882 705 4934 ubi
736 4893 914 4947 postea
948 4884 998 4934 in
1025 4883 1124 4935 hoc
1153 4893 1414 4937 commate
1443 4885 1581 4953 passi
1609 4897 1986 4950 memorantur,
2021 4899 2175 4939 coro.

616 4953 722 5005 nati
755 4962 875 5021 stitit
903 4953 1171 5021 martyrio.

693 5033 714 5060 ο
759 5020 957 5074 Leonis.
993 5020 1067 5075 De
1098 5022 1272 5076 Leone
1302 5035 1432 5091 papa
1463 5021 1580 5076 vide
1609 5023 1762 5084 infra.
1793 5038 1843 5076 ιι
1872 5023 2088 5085 Apri'is.

689 5092 716 5129 ⁴
759 5091 1032 5144 Νἱηιιιιιὶιε.
1074 5092 1128 5145 In
1169 5093 1222 5147 S.
1260 5092 1563 5160 Hieronymi
1599 5093 1987 5161 Martyrologio,
2013 5094 2174 5146 Nico-

570 5215 577 5243 ‘
617 5163 815 5214 mediae.
865 5161 919 5239 ln
969 5161 1066 5242 hac
1093 5162 1492 5243 adjunctayoce
1538 5164 1798 5243 hmretnus
1840 5162 2007 5243 dubii,
2048 5180 2172 5218 num

621 5233 948 5301 nomenrsive
976 5233 1067 5284 viri
1093 5233 1206 5284 sive
1236 5231 1465 5295 feminas,
1497 5234 1739 5301 martyris
1771 5233 2060 5285 Antiochia:
2089 5247 2174 5286 asc

619 5300 932 5371 sumendum
959 5301 1046 5360 sit,
1072 5302 1208 5371 quod
1237 5303 1364 5354 satis
1384 5309 1605 5368 apparet
1629 5300 1923 5366 probabile;
1957 5319 2021 5353 an
2049 5317 2175 5355 vero

621 5371 744 5423 illud
778 5369 1116 5438 rejiciendutn
1137 5412 1151 5434 ,
1191 5380 1436 5438 tanquam
1466 5371 1678 5422 aliunde
1709 5385 1800 5437 per
1827 5386 2061 5424 errorem
2093 5372 2172 5424 iu-

615 5450 814 5509 sertum
839 5457 852 5503 ;
898 5440 1066 5494 Martii
1100 5443 1238 5493 enim
1266 5443 1350 5494 die
1379 5439 1688 5493 duodecimo
1719 5440 1932 5495 Pioiiius
1959 5442 2170 5509 quidam

614 5507 930 5562 Nicomediae
963 5525 1146 5576 passus
1175 5512 1359 5564 fertur.

689 5582 718 5649 °r
754 5578 1022 5632 Maxume.
1073 5579 1200 5646 Qua:
1240 5582 1334 5649 {uit
1376 5578 1567 5633 anei/la
1613 5577 1868 5632 Plautium
1906 5580 2176 5649 cujusdam

615 5644 842 5715 Iuda-cr,
871 5665 984 5718 quo:
1012 5644 1125 5704 cunt
1153 5644 1343 5705 occulte
1366 5651 1624 5704 Christum
1650 5657 1867 5720 coleret,
1899 5660 1943 5704 et
1964 5644 2173 5719 'j'urtivie

2275 4551 2368 4586 sua
2409 4535 2716 4600 deprehensa
2753 4543 2800 4586 et
2841 4534 3184 4603 multipliciter
3223 4533 3445 4603 (θνῇσκε.-
3467 4533 3726 4584 novissime
3743 4546 3838 4603 _ro-

2274 4605 2428 4658 bustis
2463 4604 2678 4671 fustibus
2711 4619 2862 4669 usque
2892 4605 2958 4654 ad
2991 4600 3197 4655 mortem
3231 4618 3378 4656 casa.
3417 4600 3707 4656 Romanum
3742 4601 3839 4654 Ba-

2274 4673 2408 4727 runii
2443 4674 2735 4742 Martyrol.,
2770 4673 2905 4736 Ado,
2935 4683 3035 4725 etc.

2352 4762 2369 4802 ί
2396 4763 2628 4835 Longini.
2653 4764 2750 4828 Qui
2773 4779 2891 4817 cum
2919 4763 2968 4816 in
2999 4765 3242 4831 passione
3265 4764 3466 4819 Domini
3492 4761 3838 4835 lancealatus

2277 4835 2391 4902 ejus
2423 4832 2627 4902 aperuit
2646 4877 2658 4897 ,
2697 4836 2814 4888 viso
2845 4844 2997 4888 terra:
3030 4844 3171 4887 motu
3199 4843 3252 4887 et
3274 4836 3437 4903 signis
3465 4849 3579 4899 quae
3607 4832 3792 4903 ﬁebant
3819 4873 3835 4892 ,

2277 4901 2497 4959 credidit
2527 4906 2576 4958 in
2608 4905 2893 4965 Christum,
2942 4915 2994 4958 et
3046 4919 3136 4968 per
3179 4901 3375 4957 xxxviii
3421 4918 3588 4956 annos
3625 4901 3837 4954 Christo

2281 4977 2532 5038 tnilitans,
2566 4975 2860 5043 multosque
2898 4974 2962 5026 ad
2994 4973 3146 5043 ﬁdem
3183 4975 3374 5026 Christi
3407 4983 3736 5031 convertens,
3773 4970 3834 5022 ad

2279 5055 2574 5098 extremum
2607 5045 2655 5096 in
2686 5041 3012 5111 Cappadocia
3056 5041 3154 5096 sub
3181 5043 3396 5096 Octavio
3437 5043 3656 5108 praeside
3693 5056 3832 5094 uiar-

2283 5115 2471 5184 tyrium
2497 5115 2898 5168 consummavit.
2927 5112 3078 5166 Baeda
3109 5116 3270 5181 vutg.,
3301 5111 3514 5166 Noaker.

2351 5202 2378 5241 s
2417 5191 2614 5247 Jacobi.
2649 5191 2744 5246 llic
2770 5195 2902 5246 infra
2929 5192 3138 5255 colitur,
3168 5208 3182 5245 ι
3211 5191 3347 5246 Maii.

2350 5259 2376 5298 δ
2418 5261 2587 5315 Luca}.
2634 5262 2795 5330 Ilujus
2835 5262 3008 5315 natale
3031 5263 3328 5316 celebratur
3355 5275 3479 5315 xvnt
3510 5259 3694 5314 Octob.
3729 5257 3836 5311 llo-

2280 5333 2364 5385 die
2389 5347 2514 5385 vero
2541 5333 2654 5395 ejus
2682 5329 2944 5385 ordinatio
2971 5333 3258 5386 secundum
3286 5331 3380 5387 Ms.
3416 5329 3777 5385 Tamlactense
3805 5343 3838 5382 a

2281 5401 2531 5455 Bollando
2557 5401 2794 5454 citatum.

2283 5563 2320 5615 Α
2356 5490 2375 5529 ί
2419 5491 2636 5571 (λψὶαεὶ.
2683 5490 2847 5562 Cujus
2894 5493 3146 5548 memoria
3195 5494 3381 5549 iterum
3426 5491 3720 5547 celebratur
3750 5505 3837 5544 rut

2331 5575 2520 5615 uutbtt.
