4240 6462
529 281 627 338 861

1639 289 1827 345 SECT.
1875 290 1936 345 ll.
1976 318 2047 343 -φ
2086 290 2656 350 MARTYROLOCIA.

3668 299 3773 357 862

1750 407 1975 461 EDITIO
2010 405 2480 469 QOLONIENSIS.

524 517 693 588 Largo
722 530 774 571 et
815 516 1103 583 Smaragdo
1132 527 1183 571 et
1213 516 1610 584 Crescentiauo,
1643 535 1735 586 per
1772 520 2081 587 Carpasium
2119 524 2163 579 Α
2194 518 2427 587 undique
2456 520 2779 575 concludens
2810 522 3006 577 ostium
3046 523 3213 578 furori
3247 526 3472 593 restitit,
3512 527 3575 581 ad
3606 543 3767 598 quam

523 609 775 665 vicarium
806 612 921 677 pice
949 608 1201 677 reliquata
1253 620 1413 677 caput
1442 611 1555 678 ejus
1586 610 1855 676 perfusum
1886 622 1998 673 eSI;
2029 620 2085 667 et

522 716 728 757 rursum
770 710 887 767 post
913 700 1025 754 dies
1053 712 1276 769 quatuor
1298 704 1518 756 eductus
1546 702 1719 756 denuo
1755 703 1821 756 de
1842 718 2082 769 carcere,

520 793 573 848 in
603 800 798 846 catasta
830 801 1079 846 extentus
1107 808 1170 849 ae
1201 806 1417 858 tractus,
1443 795 1623 850 nervis
1652 805 1704 850 et
1736 795 1956 851 fustibus
1976 812 2080 849 cre—

521 895 633 948 sus,
677 890 793 948 post
840 880 954 935 dies
1006 881 1224 951 aliquot,
1252 882 1465 951 jubente
1518 884 1859 950 Maximiano,
1903 886 2079 952 capite

521 980 789 1026 truncatus
817 979 920 1036 est,
949 987 1068 1026 cum
1110 973 1280 1040 Largo
1318 985 1370 1029 et
1399 976 1711 1044 Smaragdo,
1743 985 1797 1031 et
1826 977 1943 1029 aliis
1992 977 2071 1030 vi-

517 1062 667 1133 ginti.
717 1061 985 1131 Scriptum
1011 1072 1094 1117 est
1124 1064 1174 1117 in
1204 1066 1367 1135 gestis
1394 1065 1622 1120 Marcelli
1654 1081 1821 1135 papae.
1857 1066 2078 1120 Viennae

519 1151 683 1207 sancti
712 1150 845 1207 lsicii
878 1152 1139 1221 episcopi.

592 1242 651 1297 β’.
692 1240 803 1295 XVI
832 1241 965 1297 Kac.
991 1242 1175 1297 Arma.
1200 1272 1267 1291 —
1296 1240 1350 1297 lu
1377 1243 1551 1299 Scotia
1581 1244 1753 1297 natale
1779 1245 1946 1298 sancti
1975 1243 2077 1296 Pa-

521 1332 652 1386 tricii
683 1332 913 1401 episcopi
938 1344 990 1387 et
1014 1332 1455 1404 confessoris,qni
1487 1335 1683 1404 primus
1705 1335 1897 1388 ibidem
1922 1333 2070 1388 Chri-

517 1433 655 1477 stum
704 1424 1108 1492 Evangelizavit.
1162 1425 1357 1478 Eodem
1405 1425 1491 1480 die
1539 1434 1737 1479 sancta:
1790 1422 2069 1479 Gertrudis

520 1515 753 1585 virginis,
785 1525 837 1569 et
866 1517 1037 1570 natale
1068 1516 1243 1570 Mariae
1272 1516 1540 1584 martyris.
1574 1517 1697 1570 Haec
1718 1531 1926 1585 quoque
1948 1530 2067 1569 cum

515 1614 657 1659 esset
684 1606 871 1660 ancilla
896 1606 1167 1673 cujusdam
1193 1606 1410 1660 Tertulii
1444 1606 1681 1677 praeclari
1715 1606 1836 1671 viri,
1867 1614 1919 1661 et
1950 1606 2063 1659 uol-

517 1695 589 1750 let
620 1698 669 1750 in
703 1698 863 1751 natali
897 1699 984 1751 lilii
1024 1698 1142 1768 ejus
1175 1698 1408 1764 prandiis
1434 1696 1634 1751 domini
1666 1698 1746 1750 sui
1788 1696 2070 1763 interesse,

514 1787 607 1841 sed
638 1789 801 1857 magis
833 1788 1252 1844 Christianorum
1277 1802 1424 1842 more
1443 1788 1657 1857 jejuniis
1682 1801 1895 1854 operam
1921 1785 2069 1854 dare,

2192 611 2416 679 populus
2460 626 2806 678 concurrens,
2839 618 3175 689 cum/vellet
3216 618 3506 673 secundum
3550 620 3763 690 jussum

2191 699 2443 767 principis
2474 702 2644 767 ipsum
2676 703 2902 770 lapidem
2931 706 3232 772 destruere,
3270 706 3495 761 fulmine
3520 723 3583 763 ac
3617 710 3758 763 toni-

2189 796 2271 841 tru
2318 790 2528 846 caelitus
2559 792 2771 857 emisso,
2825 795 3034 861 plurimi
3084 812 3268 851 eorum
3319 797 3657 866 interierunt,
3688 801 3757 855 ita

2186 887 2245 928 ut
2270 875 2376 930 duo
2421 879 2583 933 millia
2615 892 2669 935 et
2723 884 3038 951 septingenti
3070 899 3135 939 ex
3194 888 3322 955 ipsis
3353 887 3536 942 divino
3563 889 3765 956 judicio

2184 966 2425 1021 exstincti
2465 968 2689 1034 fuerint;
2725 972 2874 1038 pauci
2920 988 3046 1025 vero
3071 973 3158 1039 qui
3192 987 3586 1042 remanserant,
3629 993 3758 1031 cou-

2184 1059 2319 1111 versi
2363 1059 2426 1113 ad
2471 1061 2794 1128 Dominum,
2851 1063 2902 1118 in
2958 1063 3264 1121 Christiana
3320 1070 3583 1138 religione
3637 1084 3761 1139 per-

2183 1158 2512 1202 manserunt.

2251 1238 2315 1292 G.
2348 1236 2435 1290 XV
2474 1239 2607 1293 ΚΜ..
2647 1239 2832 1295 Arma.
2888 1269 2954 1284 -ν
3000 1241 3185 1296 Natale
3237 1244 3405 1298 sancti
3460 1244 3755 1300 Alexandri

2181 1331 2442 1399 episcopi,
2485 1334 2577 1398 qui
2626 1331 2694 1385 de
2741 1332 3073 1402 Cappadocia
3119 1336 3332 1390 civitate
3379 1350 3472 1390 sua
3515 1336 3755 1404 veniens,

2178 1435 2298 1474 cum
2330 1421 2595 1475 desiderio
2617 1430 2924 1475 sanctorum
2954 1423 3188 1478 locorum
3217 1422 3601 1497 Jerosolymam
3624 1440 3748 1495 per-

2176 1523 2343 1581 geret,
2373 1522 2427 1565 et
2454 1513 2727 1566 Narcissus
2752 1516 3031 1583 episcopus
3052 1516 3288 1586 ejusdem
3323 1519 3489 1584 urbis,
3520 1519 3629 1586 jam
3660 1533 3748 1574 se-

2178 1618 2279 1657 nex
2325 1612 2527 1672 regeret
2560 1603 2872 1670 Ecclesiam,
2907 1606 3007 1673 ipsi
3056 1606 3305 1661 Narcisso
3347 1617 3401 1662 et
3444 1610 3621 1662 multis
3645 1610 3756 1663 cle-

2178 1694 2301 1747 ricis
2329 1696 2443 1763 ejus
2473 1696 2760 1750 revelatum
2796 1707 2878 1751 est
2906 1698 3110 1751 :altera
3151 1699 3237 1752 die
3270 1714 3424 1752 mane
3458 1699 3656 1753 intrare
3683 1699 3750 1754 ad

2177 1784 2503 1853 episcopum,
2557 1788 2644 1855 qui
2677 1785 2890 1857 adjutor
2933 1789 3275 1842 sacerdmalis
3316 1789 3589 1843 cathedra:
3630 1805 3749 1845 esse

517 1852 750 1949 ﬂagellis
764 1881 1030 1935 atrocibus
1056 1881 1122 1935 ab
1144 1880 1331 1935 eodem
1361 1852 1577 1933 domino
1600 1894 1698 1932 suo
1719 1852 1949 1932 lacerata
1972 1852 2073 1930 est.
2110 1852 2153 1912 Β
2184 1852 2420 1929 deberet.
2456 1852 2635 1944 Itaque
2679 1852 2836 1931 revita
2867 1878 3157 1947 completa,
3186 1887 3243 1931 ut
3286 1879 3533 1945 praedicta
3564 1878 3752 1942 fuerat,

516 1970 618 2024 Sed
652 1986 770 2023 cum
823 1986 928 2025 non
963 1978 1141 2040 posset
1171 1986 1265 2041 per
1306 1970 1406 2025 hoc
1453 1974 1522 2023 ab
1575 1969 1822 2022 instantia
1875 1966 2079 2021 servitii

517 2058 732 2126 Christi,
765 2060 830 2115 ad
856 2060 1119 2115 idolorum
1149 2062 1349 2115 cultum
1380 2059 1643 2127 revocari,
1671 2060 1835 2127 judici
1870 2059 2079 2128 publico

514 2150 580 2201 ad
625 2151 941 2219 puniemlum
995 2151 1183 2203 tradita
1212 2160 1314 2204 est.
1355 2148 1453 2205 Ubi
1485 2150 1607 2203 dum
1647 2151 1929 2203 caruilices
1958 2162 2077 2201 eam

515 2240 761 2294 incendio
791 2240 997 2295 tradere
1046 2241 1382 2304 voluissent,
1418 2249 1634 2309 propter
1679 2253 1864 2311 preces
1897 2240 2075 2308 populi

512 2331 648 2385 data:
703 2342 824 2385 sunt
868 2332 915 2387 ei
956 2332 1179 2386 inducite
1226 2332 1383 2387 trium
1432 2332 1661 2387 dierum.
1705 2331 1902 2387 Triduo
1950 2345 2076 2394 ergo

512 2420 800 2490 completo,
848 2437 967 2476 cum
1022 2422 1212 2477 iterum
1254 2422 1427 2492 puniri
1477 2422 1717 2486 deberet,
1760 2419 2077 2475 mirabiliter

515 2511 721 2565 Domini
753 2513 1108 2566 misericordia
1139 2522 1316 2582 erepta
1348 2522 1448 2569 est.
1475 2514 1604 2567 Nam
1632 2528 1749 2567 cum
1780 2512 2074 2566 orationem

515 2600 737 2657 fudisset
763 2602 826 2656 ad
858 2603 1156 2670 Dominum,
1190 2614 1337 2671 petra
1383 2603 1587 2673 ingens,
1620 2618 1737 2671 quae
1794 2611 1916 2655 ante
1959 2614 2077 2653 eam

512 2690 705 2761 fuerat,
750 2711 845 2767 per
872 2696 1104 2752 medium
1136 2697 1301 2753 scissa
1327 2697 1471 2752 illam
1503 2696 1558 2752 in
1584 2713 1643 2753 se
1681 2696 1989 2766 recipiebat,
2023 2701 2077 2748 et

2184 1965 2391 2019 cunctis
2438 1966 2489 2019 iu
2523 1966 2801 2020 Palaestina
2831 1967 2882 2021 in
2913 1982 3072 2022 unum
3098 1967 3452 2037 congregatis,
3482 1966 3755 2023 adnitente

2192 2057 2275 2110 vel
2300 2057 2529 2110 maxime
2557 2057 2820 2122 Narcisso,
2838 2057 3326 2128 Hierosolymitauaz
3354 2056 3605 2113 Ecclesiae
3632 2072 3751 2111 cum

2186 2158 2252 2199 eo
2281 2146 2694 2213 gubernaculum
2727 2149 2960 2215 suscepit
2991 2164 3005 2199 :
3037 2147 3229 2217 quique
3251 2147 3622 2216 persecutione
3648 2145 3749 2201 De-

2181 2237 2248 2291 cii
2272 2251 2389 2291 cum
2433 2237 2543 2305 jam
2571 2237 2820 2306 longaavaa
2850 2236 3020 2291 aetatis
3051 2237 3345 2291 veneranda
3377 2238 3569 2293 canitie
3607 2250 3745 2303 prae-

2182 2329 2424 2396 lulgerct,
2473 2327 2661 2381 ductus
2712 2327 3026 2393 Cmsaream,
3079 2336 3131 2381 et
3157 2327 3367 2382 clausus
3406 2340 3642 2388 carcere,
3680 2325 3750 2379 ob

2184 2416 2577 2474 confessionem
2632 2416 2830 2472 Christi
2890 2419 3147 2487 martyrio
3198 2427 3480 2471 coronatus
3532 2426 3635 2472 est.
3692 2415 3749 2470 lu

2184 2507 2508 2563 Alexandria
2549 2509 2723 2563 natale
2748 2506 3015 2573 Colestici,
3046 2518 3099 2564 et
3127 2510 3178 2562 in
3217 2506 3524 2562 Nicomedia
3552 2506 3750 2576 Aprili!

2184 2606 2240 2653 et
2268 2597 2502 2651 Cervoli.

2253 2687 2317 2740 A.
2349 2686 2459 2741 XIV
2487 2685 2617 2741 ΚΑι..
2651 2688 2833 2745 Armt.
2856 2716 2928 2729 —
2956 2686 3010 2741 lu
3031 2686 3301 2758 Spolitaua
3332 2686 3544 2742 civitate
3572 2681 3756 2738 natale

1737 2807 1961 2861 EDITIO
2000 2800 2504 2859 BOLLANDIANA.

514 2990 557 3057 Ο
585 2919 669 3003 II...
688 2917 743 2974 In
766 2917 1069 2976 N3comedia
1086 2918 1341 2988 Castoris,
1361 2918 1618 2991 Dionysii,
1657 2918 1850 2988 Nouni,
1870 2918 2080 2984 Sereui,

562 3006 790 3045 utrtacaa.

562 3006 790 3045 utrtacaa.

587 3082 674 3136 I7.
700 3110 768 3121 —
813 3078 924 3134 XVI
957 3080 1091 3137 KAL.
1144 3080 1197 3134 In
1225 3080 1402 3136 Scntia
1432 3081 1492 3137 S.
1522 3090 1548 3118 ἰ
1577 3079 1787 3133 Patricii
1810 3079 2081 3134 confesso-

523 3169 615 3222 ris.
650 3170 846 3223 Eodem
874 3169 963 3223 d’e
990 3169 1164 3222 obitus
1194 3169 1251 3224 S.
1280 3167 1563 3223 Gertrudis
1594 3168 1830 3238 virginis.

589 3255 643 3311 lu
676 3257 895 3310 Rabano
923 3258 1073 3310 deest
1098 3257 1123 3294 δ
1154 3257 1451 3311 Gertrudis.
1495 3256 1546 3309 In
1582 3258 1639 3310 Β.
1672 3256 1881 3323 penitur
1910 3258 1960 3311 in
1990 3256 2080 3310 Ni-

518 3327 676 3379 viala.
732 3327 927 3380 Deinde
958 3325 1141 3383 Romae
1170 3338 1191 3365 ο
1226 3328 1512 3381 Alexandri
1536 3327 1765 3393 episcopi
1808 3336 1861 3379 et
1890 3328 2075 3380 Theo-

517 3395 620 3450 doli
650 3395 736 3449 dia
759 3396 882 3450 'oui.
921 3398 1004 3460 IL,
1032 3396 1375 3466 Jerosolymu:
1399 3394 1423 3432 ά
1453 3395 1679 3469 Quiriaci
1707 3396 1963 3464 episcOpi.

588 3484 674 3541 18.
698 3516 765 3528 —-
794 3486 880 3542 XV
914 3487 1046 3542 ΚΑΙ..
1079 3486 1240 3541 Vacat
1266 3487 1445 3541 Baeda.

2187 2913 2592 2983 rosolymitante
2620 2912 2872 2969 Ecclesia:
2919 2914 3331 2983 gubernaculum
3366 2917 3621 2983 suscepit.
3682 2916 3742 2977 V,

2185 2982 2244 3052 Β.
2270 2982 2357 3048 T.,
2387 2982 2443 3035 lu
2470 2983 2781 3037 Alexandria
2806 2982 3000 3050 Collegi
3032 2984 3047 3020 ί
3071 2984 3302 3038 diaconi.
3336 2983 3397 3038 V.
3428 2986 3513 3047 Β..
3540 2986 3751 3052 Rogati,

2182 3048 2381 3106 Saturi.
2437 3052 2667 3105 Rerum!
2717 3048 2975 3120 Pigmeuii
2996 3056 3309 3122 presbyteri.
3369 3058 3430 3108 A.
3460 3056 3522 3108 Τ.
3559 3056 3597 3109 L
3628 3097 3641 3115 .
3689 3048 3743 3110 lti

2182 3122 2465 3191 Campania
2501 3123 2689 3191 natalis
2715 3123 2809 3175 SS.
2847 3125 3056 3191 Rogati,
3093 3123 3339 3177 Victoris.
3391 3126 3455 3177 A.
3481 3125 3544 3179 T.
3575 3136 3626 3179 et
3654 3126 3739 3190 S.,

2182 3190 2417 3245 Luciatti.
2451 3191 2512 3244 T.
2546 3191 2629 3256 L.,
2660 3190 2725 3244 Et
2756 3190 2945 3245 Mauri.
2993 3193 3075 3254 L.,
3122 3194 3186 3245 Et
3222 3192 3515 3247 Saturnini.
3570 3195 3652 3258 Β..
3682 3196 3741 3250 ln

2186 3261 2495 3315 Nicomedia
2527 3260 2791 3325 Apurilis,
2837 3260 3062 3315 Servuli.
3128 3263 3179 3314 lu
3210 3263 3491 3329 Campania
3538 3265 3741 3328 Quinti,

2183 3329 2423 3391 Luciani,
2457 3330 2682 3385 Victoris
2720 3338 2777 3384 et
2818 3329 3007 3385 Mauri.
3067 3330 3121 3385 lu
3152 3331 3463 3385 Mauritania
3494 3330 3741 3389 Currenti

2183 3409 2231 3453 et
2253 3397 2279 3435 ¹¹
2310 3400 2594 3453 Timothei.

2178 3409 2231 3454 et
2253 3400 2279 3435 ¹¹
2310 3400 2594 3454 Timothei.

2250 3489 2334 3543 19.
2358 3519 2427 3531 --
2447 3488 2564 3544 XIV
2598 3490 2733 3545 Κιι..
2769 3490 2928 3544 Vacat
2955 3488 3129 3543 Baeda.

592 3580 678 3646 D.,
706 3579 761 3637 S.
790 3583 814 3613 °
844 3580 1126 3636 Alexandri
1151 3581 1405 3649 ep'scopi,
1436 3580 1523 3650 qui
1552 3594 1670 3634 cum
1702 3578 1946 3633 Narcisso
1974 3577 2066 3634 .le-
2102 3568 2147 3630 C
2253 3580 2337 3646 D.,
2372 3580 2657 3637 Pararense
2684 3580 2892 3636 civitate
2920 3580 2979 3636 S.
3015 3578 3029 3617 ί
3056 3578 3275 3637 Joannis
3309 3594 3510 3651 magna:
3539 3581 3737 3635 sancti-

1880 3688 2081 3744 SMITH
2121 3690 2346 3747 NOTIE.

590 3806 615 3834 ⁸
642 3799 877 3857 Patricii.
918 3798 974 3854 lu
1001 3798 1187 3862 scotia,
1219 3796 1269 3851 id
1302 3806 1400 3862 est,
1434 3796 1711 3860 lliberuia;
1743 3797 1831 3865 qui
1862 3814 1925 3851 ex
1958 3800 2072 3853 Bri-

520 3872 694 3927 tauuia
724 3885 751 3922 a
784 3870 968 3937 piratis
997 3879 1183 3936 captus
1208 3883 1328 3922 cum
1362 3869 1479 3921 aliis
1508 3884 1567 3921 ac
1596 3869 1950 3935 venundatus,
1975 3868 2072 3923 sed

520 3943 688 4008 pretio
718 3941 1042 4008 redemptus,
1074 3939 1355 4007 aliquando
1384 3938 1604 3991 Romam
1636 3938 1874 4002 veniens,
1903 3946 1957 3990 et
1982 3954 2074 3994 ca-

519 4011 705 4070 nonice
725 4010 929 4073 vivens,
954 4010 1144 4063 litteris
1170 4009 1475 4071 inStructus,
1499 4022 1527 4060 a
1551 4008 1842 4062 Ctelestino
1865 4022 2073 4064 summo

517 4080 766 4148 pontilice
794 4081 1019 4143 missus,
1067 4087 1184 4146 post
1208 4078 1517 4148 Palladium
1545 4077 1715 4131 Scotis
1747 4078 2073 4148 etiliiberuis

518 4147 715 4217 primus
757 4148 1026 4202 Christum
1078 4147 1422 4216 praedicavit,
1484 4155 1754 4216 totamque
1804 4147 2071 4202 Hiberniae

517 4220 737 4273 insulam
787 4218 853 4273 ad
903 4218 1057 4272 tidem
1108 4218 1334 4270 reduxit.
1393 4219 1673 4285 Postquam
1706 4232 1833 4271 vero
1874 4218 2068 4272 ibidem

516 4289 872 4357 epist-emtum
900 4303 994 4355 per
1014 4300 1181 4357 annos
1206 4286 1574 4355 quadraginta,
1604 4301 1633 4339 a
1665 4287 1920 4341 missione
1946 4302 2072 4342 vero

514 4356 805 4426 sexaginta,
829 4359 1029 4426 optime
1057 4356 1499 4426 administrasset,
1526 4369 1722 4409 annum
1754 4358 1857 4410 122
1884 4372 2070 4423 agens,

515 4429 991 4547 clarus‘grliiraculis
1029 4434 1082 4481 et
1120 4425 1403 4480 virtutibus
1434 4426 1679 4493 migravit
1704 4426 1771 4480 ad
1798 4426 2068 4484 Christum

515 4512 652 4547 anno
787 4536 802 4547 .

514 4512 652 4550 anno
678 4498 802 4551 491.

584 4566 611 4607 δ
645 4566 933 4621 Gertrudis.
975 4564 1244 4636 Nivigellae
1274 4564 1326 4619 in
1357 4564 1662 4619 Brabautia.
1714 4563 1789 4619 De
1820 4565 1918 4620 hac
1948 4565 2069 4623 vide

519 4652 551 4691 x
584 4637 872 4691 Februarii.

588 4717 612 4746 α
649 4706 945 4759 Alexandri.
978 4704 1053 4759 De
1086 4704 1167 4759 his
1194 4703 1312 4757 vide
1341 4718 1398 4758 ιιι
1428 4704 1568 4759 Maii.

584 4774 610 4813 ἀ
648 4776 895 4842 Quiriaci.
947 4775 1020 4828 De
1069 4776 1168 4828 hoc
1210 4775 1361 4828 Beda
1405 4777 1572 4841 vulg.,
1622 4772 1863 4837 Usuard,
1914 4772 2066 4840 Ado,

515 4843 776 4900 Notkerus
796 4860 845 4897 Iv
871 4845 1009 4898 Maii.
1036 4844 1403 4913 Cognomento
1424 4844 1595 4907 Judae,
1619 4845 1706 4913 qui
1730 4859 1845 4897 cum
1871 4843 2069 4899 Helena

514 4930 726 4970 crucem
756 4916 1074 4969 dominicam
1104 4913 1335 4977 invenit;
1370 4925 1423 4968 et
1451 4925 1632 4981 postea
1667 4914 1976 4981 baptizatus,
2010 4925 2063 4968 et

516 4988 797 5049 Qniriacus
826 4991 1069 5049 vocatus,
1112 4985 1388 5052 episcopus
1425 4984 1877 5052 .lerosolymorum
1908 4982 2065 5037 ordi-

2181 3801 2540 3876 trausloditur.
2596 3802 2736 3876 Petr.
2768 3802 2835 3857 de
2863 3802 3032 3876 Natal.
3068 3804 3349 3876 Baronius,
3381 3804 3435 3859 in
3469 3804 3739 3876 Martyro-

2178 3870 2336 3937 logio,
2370 3872 2553 3925 scribit
2601 3874 2739 3927 hunc
2784 3890 2886 3928 non
2929 3874 3090 3927 fuisse
3116 3870 3424 3940 episcopum
3457 3870 3729 3943 Jerosoly-

2178 3954 2383 4011 morum
2404 3980 2417 4001 .
2463 3956 2529 3995 eo
2557 3944 2698 3995 enim
2730 3952 2965 4010 tempore
2995 3944 3052 3996 S.
3080 3943 3309 4011 Cyrillus
3340 3944 3444 3997 illic
3473 3945 3692 3998 sedebat
3714 3984 3733 4007 ,

2176 4010 2265 4077 qui
2309 4011 2601 4077 supervixit
2641 4026 2805 4079 usque
2850 4015 2914 4065 ad
2950 4010 3235 4067 Theodosii
3265 4020 3537 4077 tempora;
3592 4012 3734 4066 hunc

2176 4093 2301 4133 vero
2329 4079 2393 4132 de
2420 4095 2524 4146 quo
2552 4080 2724 4149 agitur
2754 4080 2914 4135 fuisse
2939 4083 3245 4149 episcopum
3275 4082 3687 4134 Anconitauum.

2248 4158 2271 4186 ο
2313 4150 2611 4203 Alexandri.
2670 4150 2769 4216 Qui
2818 4151 3108 4205 secundum
3163 4151 3371 4203 Eusebii
3423 4150 3724 4205 Cill‘OlIiCﬂll

2174 4230 2313 4271 anno
2337 4218 2516 4273 Severi
2550 4220 2882 4287 imperatoris
2914 4221 3000 4286 12,
3032 4218 3228 4274 Christi
3257 4218 3387 4283 205,
3426 4221 3493 4273 ob
3514 4220 3729 4274 confes-

2173 4288 2375 4342 sionem
2410 4287 2665 4358 Dominici
2698 4290 2923 4343 nominis
2952 4290 3174 4358 insignis
3206 4290 3516 4343 habebatur.
3569 4292 3723 4343 Auno

2175 4358 2461 4412 Caracallae
2486 4356 2553 4422 2,
2594 4358 2791 4412 Christi
2822 4360 2931 4414 213
2953 4399 2968 4422 .
3016 4356 3290 4413 ordinatus
3317 4368 3398 4412 est
3424 4360 3598 4413 adhuc
3639 4365 3719 4410 vi-

2175 4437 2328 4482 vente
2356 4428 2603 4482 Narcisso
2646 4437 2801 4483 aetate
2843 4429 3086 4483 cenlecto
3120 4427 3575 4496 Jerosolymorum
3606 4429 3721 4493 epi-

2172 4512 2385 4566 scopus.
2442 4497 2625 4551 llivino
2654 4500 2796 4553 enim
2829 4499 3127 4553 admonitus
3152 4499 3368 4553 oraculo
3403 4498 3722 4561 Alexander,

2172 4581 2290 4638 cum
2317 4582 2378 4621 ex
2403 4567 2755 4635 Cappadocia,
2786 4569 2838 4621 in
2862 4584 2962 4637 qua
2992 4571 3218 4638 primum
3246 4568 3529 4638 episcopus
3558 4568 3727 4638 fuerat

2173 4637 2478 4706 ordinatus,
2521 4636 2910 4706 Jerosolymam
2944 4636 3206 4705 prolectus
3236 4644 3408 4696 esset,
3440 4636 3631 4689 fratres
3663 4636 3729 4689 il-

2171 4705 2273 4759 lius
2302 4706 2548 4759 Ecclesiae
2574 4708 2953 4761 humanissime
2977 4722 3097 4761 eum
3128 4706 3503 4772 suscipientes,
3533 4706 3729 4759 reverti

2175 4775 2407 4839 posthaec
2437 4776 2486 4828 iu
2520 4778 2738 4841 patriam
2770 4792 2871 4828 nou
2900 4777 3157 4839 siverunt,
3186 4786 3287 4829 etc.
3335 4773 3553 4839 Euseb.,
3588 4774 3725 4827 llist.

2174 4843 2340 4906 Eccl.,
2368 4859 2436 4907 vt,
2468 4844 2552 4898 Il.
2589 4846 2679 4898 llic
2707 4860 2824 4898 cum
2856 4845 3161 4899 Theoctisto
3187 4845 3445 4897 Ctesareze
3475 4845 3726 4909 episc0p0

2171 4914 2452 4981 Origenem
2484 4915 2846 4981 presbyterum
2871 4914 3150 4968 ordinavit.
3187 4914 3490 4980 llierouym.
3515 4914 3582 4967 de
3602 4914 3723 4965 Uri-

2171 4997 2307 5049 gene
2353 4986 2697 5052 agensiuter
2724 4999 2849 5038 suos
2894 4986 3091 5051 Script.
3138 4984 3279 5037 Eccl.
3334 4981 3535 5035 Dicitur
3564 4982 3725 5035 etiam

516 5066 667 5108 natus
698 5064 798 5109 est.
843 5054 972 5108 Cum
999 5064 1175 5106 autem
1200 5053 1439 5107 Julianus
1468 5054 1595 5121 imp.
1629 5051 1694 5105 ad
1724 5053 1913 5123 I’ersas
1944 5068 2066 5119 per-
2102 5064 2148 5123 ο
2176 5051 2475 5123 Alexander
2500 5051 2567 5107 ab
2598 5054 2849 5119 Eusebio,
2871 5070 2943 5117 τι,
2974 5054 3066 5120 20,
3100 5052 3729 5123 bibliothecaiuderosoo

515 5135 696 5189 geret,
724 5124 939 5179 veniens
967 5124 1260 5179 Jerusalem
1289 5123 1586 5189 Quiriacnm
1618 5124 1682 5175 ad
1714 5121 1933 5175 deorum
1975 5136 2060 5175 sa-

516 5194 709 5247 crilicia
741 5195 995 5247 invitavit.
1029 5194 1177 5259 Quod
1203 5208 1323 5246 cum
1354 5200 1621 5254 renueret,
1645 5194 1920 5245 dexteram
1945 5191 2063 5260 ejus

516 5264 751 5317 abscimli
801 5263 943 5318 fecit.
996 5265 1143 5317 Tunc
1193 5264 1464 5331 plumbum
1518 5261 1855 5330 liquefactum
1908 5264 1958 5315 in
2002 5277 2063 5316 os

516 5336 634 5401 ejus
681 5334 880 5387 infundi
925 5334 1101 5403 jussit.
1167 5333 1365 5388 Deinde
1404 5338 1563 5401 super
1602 5331 1791 5403 lectum
1833 5332 2062 5403 ferreum

517 5414 701 5461 Ventre
726 5400 971 5457 deorsum
999 5402 1240 5466 extendi,
1270 5410 1327 5457 et
1346 5400 1605 5457 carbones
1633 5400 1940 5468 subterpoui
1958 5440 1973 5463 ,
2001 5415 2064 5454 ac

517 5473 681 5527 salem
708 5482 764 5528 et
789 5475 996 5541 adipem
1028 5474 1254 5540 aspergi,
1283 5472 1499 5526 dorsum
1526 5487 1734 5540 quoque
1764 5471 1879 5537 ejus
1906 5470 2065 5541 virgis

516 5544 680 5619 caedi,
719 5540 911 5597 deinde
933 5542 1119 5612 jactari
1154 5543 1204 5595 iu
1237 5544 1447 5619 loream.
1471 5540 2061 5619 plenamserpeu‘tibus.

516 5612 622 5665 Sed
654 5621 828 5667 tamen
857 5610 1129 5680 serpentes
1156 5625 1341 5665 omnes
1368 5610 1544 5664 subito
1571 5610 1837 5665 exstincti.
1876 5610 2061 5664 Postea

519 5682 791 5761 Quiriacus
812 5683 864 5738 in
888 5684 1059 5738 oleum
1079 5681 1303 5737 calidum
1328 5680 1637 5748 immittitur,
1660 5680 1868 5735 tandem
1892 5680 2064 5749 gladio

2178 5122 2336 5192 lymis
2375 5123 2718 5177 exstruxisse.
2774 5124 2921 5192 Apud
2951 5123 3247 5178 Cmsaream
3289 5120 3583 5192 Palmstina:
3624 5121 3725 5173 sub

2174 5191 2331 5245 Decio
2352 5196 2401 5245 in
2425 5208 2691 5247 carcerem
2716 5190 2983 5262 coujectus
3003 5194 3229 5247 secunda
3252 5190 3585 5262 c0ufessione
3612 5205 3723 5241 ma-

2166 5274 2322 5328 gnam
2352 5262 2573 5328 gloriam
2602 5265 2798 5330 retulit,
2818 5260 2877 5317 et
2906 5263 3116 5318 tandem
3148 5265 3199 5317 in
3227 5262 3463 5316 custodia
3486 5260 3719 5314 animam

2165 5331 2452 5397 exhalavit.
2491 5334 2709 5397 Euseln,
2736 5349 2807 5397 vr,
2832 5333 2920 5387 59.

2240 5396 2259 5435 τ
2293 5400 2504 5469 Collegi.
2532 5396 2864 5456 Coluntur'bi
2896 5400 3063 5471 pridie
3093 5402 3145 5456 in
3178 5400 3492 5471 quibusdam
3521 5398 3723 5470 Marty-

2166 5468 2380 5535 rologiis
2407 5468 2445 5520 a'
2468 5471 2722 5525 Bollando
2747 5468 2944 5525 citatis.

2239 5548 2263 5609 ts
2296 5537 2569 5609 Pigmenii.
2604 5541 2679 5593 De
2704 5542 2760 5595 S.
2789 5540 3056 5609 Pigmeuio
3085 5540 3203 5593 vide
3232 5554 3352 5592 xxiv
3382 5538 3574 5592 Marti..

2243 5608 2268 5644 1³
2298 5608 2565 5663 Timothei.
2603 5610 2695 5663 llic
2725 5608 2915 5663 colitur
2946 5612 3191 5676 postridie
3220 5613 3270 5661 in
3304 5610 3453 5663 Baeda
3484 5609 3719 5676 vulgato.

2249 5676 2262 5715 ί
2296 5678 2529 5733 Joannis.
2590 5680 2784 5749 Magnae
2815 5682 3109 5734 sanditatis
3146 5681 3279 5745 viri,
3329 5680 3417 5751 qui
3459 5680 3525 5736 de
3574 5682 3729 5749 Syria
