4240 6454
374 312 484 371 865

1498 310 1686 366 SECT.
1728 310 1791 365 ll.
1832 308 1901 352 4-
1938 310 2500 368 MARTYROLOGIA.

3507 323 3610 381 866

1630 430 1854 484 EDITIO
1893 429 2354 485 COLONIENSIS.

438 519 503 575 E.
536 519 585 575 Χ
620 519 756 576 Kac.
788 521 973 575 Araic.
1011 544 1082 560 -—
1106 518 1162 573 ln
1203 517 1378 574 Africa
1410 529 1712 574 sanctorum
1740 527 1941 590 marty-
1966 524 2020 580 Α
2044 520 2276 588 Spiciens
2304 519 2653 589 Pigmenium,
2687 523 2864 578 vocari
2897 538 3018 578 eum
3063 525 3332 596 prrecepit,
3365 527 3609 600 dixitque

372 632 485 672 rum
514 614 824 678 Vietoriani,
866 612 1155 667 Frumentii
1194 621 1247 666 et
1276 614 1496 667 alterius
1537 612 1849 674 Frumentii,
1882 619 1937 666 et

370 708 591 765 duorum
638 720 1034 776 germanorum,
1066 705 1153 773 qui
1184 720 1370 759 omnes
1401 706 1771 774 persecutione
1796 703 1936 757 Van-

370 800 538 854 dalica
583 800 682 853 sub
716 797 980 851 llunerico
1008 811 1132 866 rege
1168 797 1486 851 Arianorum
1531 795 1671 864 apud
1698 794 1932 850 Africam

370 904 466 958 pro
491 887 789 942 constantia
830 887 1108 940 catholicae
1144 886 1494 942 confessionis
1525 885 1934 940 immanissimis

369 979 643 1048 suppliciis
663 977 972 1043 excruciati,
1004 978 1212 1047 egregie
1241 977 1478 1031 coronati
1500 986 1640 1031 sunt.
1668 978 1723 1032 lu
1752 976 1934 1033 Africa

371 1070 545 1124 natale
572 1067 789 1131 Felicis,
824 1076 877 1120 et
905 1065 1125 1120 aliorum
1154 1067 1358 1134 viginti.

443 1161 505 1215 F.
529 1159 598 1215 IX
624 1158 755 1213 Kac.
785 1160 968 1213 Arntc.
1002 1188 1073 1199 —
1100 1158 1281 1213 Romae
1303 1159 1472 1213 sancti
1517 1159 1775 1229 Pigmenii
1809 1174 1934 1227 pre-

370 1250 590 1320 sbyteri.
623 1248 717 1303 Hic
741 1245 1004 1302 Julianum
1027 1257 1319 1315 apostatam
1350 1257 1404 1303 et
1452 1250 1667 1318 impium
1716 1265 1744 1302 a
1775 1263 1937 1316 puero

374 1339 619 1406 nutrivit,
663 1348 721 1394 et
750 1339 939 1393 litteris
966 1340 1124 1393 etiam
1149 1341 1310 1394 sacris
1333 1342 1581 1395 erudivit.
1630 1342 1733 1395 Sed
1765 1343 1938 1396 factus

374 1432 682 1497 imperator,
711 1431 971 1485 culturam
1003 1431 1209 1498 pietatis
1250 1440 1527 1500 postquam
1577 1434 1811 1501 reliquit,
1845 1450 1941 1488 au-

373 1525 487 1580 dito
513 1523 652 1593 quod
692 1537 915 1590 corpora
943 1531 1249 1577 sanctorum
1298 1533 1610 1586 martvrum,
1641 1525 1727 1592 qui
1759 1524 1826 1576 ab
1873 1539 1939 1579 eo

376 1616 722 1678 necabantur,
761 1612 901 1666 idem
926 1612 1231 1680 Pigmenius
1268 1612 1537 1680 sepeliret,
1571 1612 1837 1666 mandavit
1860 1614 1937 1667 ei:

381 1721 403 1755 ι
436 1703 599 1772 Perge
645 1717 748 1772 quo
776 1702 1025 1763 volueris,
1058 1700 1142 1754 hic
1170 1702 1310 1755 enim
1360 1717 1464 1754 non
1496 1703 1811 1756 mercabitur
1837 1704 1943 1756 vita

381 1802 677 1858 tua,tamen
705 1791 931 1846 servitiis
956 1792 1056 1845 tuis
1085 1791 1270 1856 reddo,
1303 1808 1405 1845 non
1434 1793 1580 1845 tibi.»
1609 1793 1756 1847 Tunc
1785 1809 1940 1849 sanc—

2042 609 2088 663 ei
2116 626 2127 660 :
2163 626 2182 659 ι
2205 608 2382 663 Gloria
2407 609 2505 662 diis
2527 609 2832 679 deabusque
2859 615 3010 679 meis,
3036 615 3158 682 quia
3191 625 3241 670 te
3272 617 3443 671 video.
3481 620 3607 675 «Cui

2044 700 2127 752 vir
2177 700 2267 754 Dei
2298 700 2437 754 illico
2468 702 2743 771 respondit
2773 720 2783 754 :
2823 722 2839 753 ι
2871 703 3047 759 Gloria
3081 706 3302 761 Domino
3330 724 3447 763 meo
3477 712 3605 765 Jesu

2040 788 2248 843 Christo
2274 791 2560 845 Nazarseno
2584 792 2860 857 cruciﬂxo,
2888 796 3008 863 quia
3036 804 3086 849 te
3125 812 3229 850 non
3271 798 3441 853 video.
3469 819 3489 851 ι
3527 802 3608 856 Ad

2041 880 2176 933 hanc
2207 896 2392 935 vocem
2426 882 2589 935 iratus
2611 881 2852 935 Julianus
2902 882 3064 951 jussit
3111 903 3230 940 eum
3263 904 3355 956 per
3386 900 3604 958 pontem

2040 969 2093 1023 in
2136 970 2366 1024 Tiberim
2411 973 2755 1040 praecipitari.
2789 972 2950 1043 Cujus
2999 990 3191 1045 corpus
3235 980 3508 1034 inventum
3551 992 3609 1038 et

2041 1062 2346 1129 collectum,
2376 1066 2642 1133 sepultum
2670 1076 2752 1121 est
2786 1070 2835 1121 in
2867 1072 3172 1123 cmmeterio
3204 1071 3465 1137 Pontiani,
3501 1090 3606 1129 non

2042 1150 2197 1220 longe
2224 1167 2252 1205 a
2297 1155 2492 1208 sanctis
2519 1154 2706 1209 Abdon
2749 1164 2805 1210 et
2849 1155 3050 1212 Seune.
3087 1158 3151 1211 Et
3189 1162 3363 1215 natale
3398 1174 3612 1218 sancto-

2041 1256 2157 1295 rum
2190 1242 2424 1298 Seleucis
2451 1254 2503 1298 et
2528 1244 2715 1313 Agabi.

2120 1351 2185 1406 G.
2230 1351 2339 1408 Vlll
2398 1354 2529 1408 Kac.
2592 1358 2775 1410 APRIL.
2831 1384 2897 1399 --
2939 1359 3089 1425 Apud
3144 1358 3410 1414 civitatem
3469 1361 3615 1416 Gali-

2042 1441 2154 1496 laite
2195 1445 2453 1499 Nazareth
2488 1448 2827 1501 aununciatio
2877 1450 3187 1515 Dominica;
3244 1461 3298 1504 et
3338 1452 3610 1521 Jerosoly-

2043 1550 2144 1588 mai
2169 1536 2255 1589 ubi
2286 1537 2536 1591 Dominus
2587 1547 2767 1591 noster
2794 1540 3036 1595 Christus
3075 1542 3366 1595 crucifixus
3406 1554 3506 1597 est.
3541 1544 3611 1599 Et

2042 1625 2095 1679 in
2118 1625 2424 1681 Nicomedia
2466 1629 2639 1681 natale
2684 1629 2830 1683 Dulae
2868 1631 3071 1683 ancillae
3100 1630 3375 1699 cujusdam
3422 1633 3607 1687 militis

2045 1714 2258 1783 pagani,
2290 1730 2407 1784 qua:
2452 1731 2546 1784 pro
2572 1716 2812 1771 castitate
2838 1720 3012 1772 occisa
3042 1729 3140 1772 est.
3191 1720 3375 1773 Romae
3420 1721 3611 1785 Cirini,

2047 1805 2135 1870 qui
2186 1806 2493 1859 interfectus
2537 1821 2566 1859 a
2589 1806 2807 1861 Claudio
2852 1817 2905 1862 et
2937 1809 2987 1861 in
3022 1807 3254 1863 Tiberim
3273 1810 3525 1878 iactatus,
3558 1812 3613 1867 in

378 1892 463 1937 tus
519 1883 824 1952 Pismenius
873 1882 924 1938 in
968 1881 1232 1935 Persidam
1290 1881 1551 1949 perrexit;
1609 1883 1696 1936 ubi
1751 1883 1946 1938 demo-
1976 1872 2018 1930 Β
2049 1892 2216 1946 insula
2269 1893 2512 1948 Licaonia
2559 1897 2826 1961 inventus,
2855 1904 2909 1949 et
2948 1897 3000 1949 in
3028 1872 3330 1951 caameterio
3371 1872 3612 1953 Pontiani

375 1982 520 2026 ratus
552 1986 721 2025 annos
749 1982 996 2039 quatuor,
1054 1971 1222 2024 factus
1249 1981 1331 2025 est
1360 1987 1564 2035 caicus;
1605 1972 1727 2026 inde
1755 1989 1942 2028 moue-

378 2068 465 2115 tur
513 2060 815 2130 Pigmenius
869 2062 919 2113 in
949 2061 1171 2124 somnis,
1225 2070 1279 2113 ut
1311 2070 1664 2114 reverteretur
1692 2062 1940 2116 Romam.

379 2151 616 2220 Cumque
644 2161 760 2221 post
805 2165 1015 2206 menses
1057 2161 1280 2220 quatuor
1308 2166 1574 2217 reversus,
1605 2152 1795 2205 clivum
1846 2154 1944 2207 Sa-

375 2255 483 2295 crie
527 2241 622 2294 viae
662 2256 782 2294 cum
831 2255 935 2294 uno
994 2257 1157 2308 puero
1185 2241 1371 2307 Stipem
1411 2242 1638 2308 petendo
1686 2258 1943 2299 conscen—

378 2331 548 2398 deret,
589 2331 783 2386 factum
822 2341 904 2385 est
959 2340 1015 2385 ut
1059 2331 1354 2385 offenderet
1399 2332 1660 2386 Julianum
1720 2335 1946 2401 impera-

376 2431 547 2480 torem
594 2424 646 2479 in
691 2424 853 2480 rheda
900 2439 1057 2479 aurea
1088 2425 1391 2491 sedentem;
1426 2425 1515 2495 qui
1568 2427 1775 2480 eminus
1808 2442 1940 2480 con-

2048 1986 2293 2038 conditus
2320 1995 2422 2039 est.
2444 1985 2507 2038 Et
2535 1986 2671 2053 apud
2700 1988 2978 2055 Smyrnam
3010 1990 3186 2042 natale
3212 1990 3386 2043 sancti
3423 1990 3611 2043 lrenaei

2048 2076 2302 2145 episcopi,
2342 2076 2427 2144 qui
2458 2091 2487 2130 a
2522 2086 2757 2145 tempore
2787 2078 3082 2132 Maximiani
3114 2080 3467 2146 imperatoris,
3511 2082 3611 2134 sub

2051 2164 2278 2231 prteside
2318 2165 2514 2231 Probo,
2547 2167 2717 2234 primo
2745 2168 3025 2219 tormentis
3068 2168 3345 2222 acerrimis
3372 2181 3611 2234 vexatus,

2050 2252 2242 2308 deinde
2283 2254 2465 2310 diebus
2502 2255 2743 2323 plurimis
2788 2255 2841 2308 in
2870 2270 3082 2310 carcere
3113 2257 3394 2325 cruciatus,
3438 2257 3617 2312 novis-

2052 2346 2185 2402 sime
2212 2347 2445 2402 abscisso
2476 2348 2647 2417 capite
2677 2360 3071 2404 consummatus
3093 2357 3194 2404 est.
3608 2341 3612 2345 ’

1618 2515 1840 2569 EDITIO
1883 2515 2386 2571 BOLLANDIANA.

381 2602 510 2661 latio
532 2606 786 2673 exercuit,
812 2616 868 2659 ut
892 2620 1013 2661 eum
1035 2619 1214 2660 verum
1235 2604 1440 2661 Domini
1462 2605 1716 2659 famulum
1749 2621 1943 2674 appro-

378 2694 548 2750 baret.

452 2786 513 2838 D.
543 2782 803 2855 NarbOnaa
832 2784 889 2839 S.
922 2785 1065 2838 Pauli
1095 2786 1328 2855 episcopi
1375 2785 1615 2852 discipuli
1660 2788 1940 2854 apostolo-

381 2869 520 2909 rum.
560 2856 619 2908 γ.
653 2855 737 2918 Β..
763 2854 817 2908 In
854 2856 1094 2908 Narbona
1123 2854 1335 2910 civitate
1355 2856 1412 2912 S.
1437 2855 1580 2910 Pauli
1603 2860 1937 2914 confeswris.

382 2924 472 2987 ν..
503 2925 557 2978 In
585 2926 755 2977 Africa
785 2926 1072 2979 Saturnini.

446 3012 534 3067 25.
562 3042 626 3053 -—
649 3013 694 3068 Χ
720 3014 854 3068 Kac.
889 3015 1050 3068 Vacat
1073 3016 1245 3070 Baeda.

454 3106 641 3161 Florus
690 3108 740 3161 in
786 3110 849 3160 Δ.
897 3107 961 3161 Τ.
1018 3106 1112 3171 L.,
1162 3106 1218 3160 ln
1270 3107 1524 3163 Antiocha
1573 3108 1599 3137 ⁸
1628 3108 1943 3165 Theoderici

384 3197 682 3267 presbyteri
709 3239 723 3262 ,
770 3198 860 3265 qui
893 3206 1131 3266 tempore
1158 3195 1355 3250 Juliani
1398 3199 1732 3266 imperatoris
1760 3198 1935 3269 gladio

383 3300 667 3356 percussus
693 3285 957 3339 occubuit.

454 3373 541 3438 D.,
572 3374 626 3428 ln
657 3373 827 3428 Africa
870 3384 1157 3446 martyrum
1185 3372 1211 3446 β
1242 3372 1548 3446 Victoriani,
1577 3375 1860 3429 Frumentii
1883 3386 1939 3431 et

387 3444 610 3497 duorum
637 3442 1032 3511 germanorum}
1090 3444 1146 3495 V.
1184 3445 1265 3506 8.,
1310 3442 1363 3494 In
1396 3445 1569 3499 Africa
1618 3446 1833 3500 Fidi-lis.
1882 3447 1937 3500 ln

390 3513 669 3567 Antiochia
698 3513 959 3583 Theodori
1010 3513 1318 3583 presbyteri.
1377 3511 1462 3577 V.,
1494 3515 1711 3569 Juliani.
1766 3517 1848 3578 Β..
1886 3514 1939 3568 lu

392 3584 660 3653 [revincta
688 3582 974 3645 Carinillae,
1009 3581 1178 3646 Pauli,
1209 3584 1482 3648 Caesareae,
1511 3583 1723 3640 Juliani.
1757 3583 1846 3653 L.,
1879 3586 1945 3640 Et

385 3649 481 3706 SS.
516 3651 659 3706 Pauli
688 3663 743 3705 et
769 3653 980 3706 Juliani.

453 3741 546 3796 24.
569 3770 639 3781 -
665 3740 732 3794 IX
759 3741 895 3795 Kac.
934 3741 1089 3797 Vacat
1118 3742 1292 3796 Baeda.

556 3830 735 3906 Romae
766 3833 1021 3906 Pigmeuii
1047 3834 1341 3906 presbyteri
1396 3842 1419 3872 ε
1444 3843 1496 3906 et
1538 3835 1801 3906 martyris.
1856 3837 1941 3905 8.,

388 3900 443 3955 In
473 3902 623 3973 Syria
652 3904 880 3957 Seleuci.
936 3903 990 3956 In
1020 3900 1228 3969 Africa,
1274 3904 1513 3973 Agapiti,
1557 3900 1787 3960 Reniuli.
1846 3900 1937 3972 ν.;

2051 2607 2260 2676 Rogati.
2299 2608 2366 2661 A.
2394 2607 2453 2661 Τ.
2486 2606 2570 2674 L.,
2603 2607 2658 2661 lu
2687 2608 2836 2677 Syria
2872 2610 3061 2663 natalis
3089 2608 3187 2665 SS.
3218 2609 3447 2673 Seleuci,
3478 2611 3617 2677 Aga-

2049 2679 2136 2745 piti
2170 2688 2220 2748 et
2255 2679 2313 2732 S.
2340 2678 2565 2730 Romuli.
2596 2678 2656 2732 T.
2685 2678 2741 2732 L.
2770 2680 2855 2742 8.,
2891 2681 2950 2731 Et
2980 2681 3030 2731 iu
3060 2680 3386 2741 Mauritania,
3412 2680 3615 2748 Veruli,

2052 2747 2241 2801 Felicis
2262 2759 2315 2799 ct
2336 2748 2624 2801 Saturnini.
2662 2750 2742 2816 B.,
2769 2750 2833 2803 Et
2859 2749 3078 2803 aliorum
3110 2764 3216 2805 xvi.
3253 2750 3470 2818 lbzdem,
3495 2747 3619 2806 ante

2048 2818 2177 2871 alios
2208 2826 2333 2883 tres,
2367 2818 2676 2874 Secunduli.

2115 2927 2208 2985 25.
2253 2959 2323 2969 -
2370 2929 2478 2985 Vlll
2522 2928 2657 2986 Kac.
2713 2934 3056 2988 Anuuntiatio
3097 2935 3378 2989 dominica.
3432 2935 3617 2991 Natale

2051 3020 2198 3076 Dulce
2227 3022 2434 3076 ancilla:
2462 3024 2665 3089 militis,
2711 3040 2830 3093 qua;
2878 3040 2975 3092 pro
3013 3026 3255 3080 castitate
3293 3027 3469 3081 occisa
3515 3037 3616 3081 est.

2052 3111 2117 3165 Et
2168 3111 2346 3164 Roma:
2387 3110 2569 3181 Cyrini
2596 3151 2612 3176 ,
2664 3111 2751 3180 qui
2785 3111 3097 3168 interfectus
3139 3126 3220 3169 est
3259 3129 3286 3168 a
3316 3115 3536 3168 Claudio
3564 3124 3621 3168 et

2052 3202 2105 3255 in
2134 3198 2367 3255 Tiberim
2394 3200 2645 3270 iactatus.
2683 3203 2735 3255 in
2766 3204 2933 3257 insula
2967 3204 3231 3274 Lycaonia
3268 3204 3536 3271 inventus,
3564 3213 3620 3259 et

1973 3292 2019 3354 C
2052 3289 2104 3341 in
2146 3291 2453 3343 cmmeterio
2499 3288 2739 3345 Pontiani
2767 3286 2793 3327 ά
2816 3293 3061 3345 conditus
3092 3305 3192 3347 est.
3246 3294 3513 3362 Scriptum
3557 3296 3611 3348 in

2051 3379 2303 3435 Passioue
2328 3382 2386 3438 S.
2416 3381 2676 3435 Valentini
2706 3382 2834 3455 [Al.,
2867 3383 3175 3454 Laurentii].

2120 3469 2211 3534 νη
2246 3471 2405 3536 primo
2436 3473 2563 3536 loco,
2596 3473 2649 3527 lu
2683 3473 3045 3543 Hierosolyma
3082 3476 3142 3530 Ι).
3178 3474 3242 3531 Ν.
3289 3475 3439 3530 Jesus
3467 3475 3620 3529 Citri-

2051 3548 2162 3593 sttts
2191 3544 2473 3615 crucifixth
2495 3550 2610 3615 est;
2644 3543 2820 3615 ultimo
2845 3543 2976 3610 loco,
3008 3544 3066 3597 Et
3100 3546 3441 3615 quadraginta
3474 3560 3615 3600 mar-

2048 3618 2217 3679 tyrum
2247 3620 2300 3662 ct
2329 3612 2387 3665 S.
2417 3611 2725 3665 Theodoltc.
2762 3616 2824 3666 A.
2843 3654 2857 3676 ,
2891 3611 3129 3679 secundo
3149 3616 3278 3677 loco,
3306 3611 3371 3667 Et
3406 3615 3617 3669 crucifi-

2050 3680 2136 3733 xio
2165 3679 2358 3733 Christi
2388 3698 2399 3733 :
2435 3684 2613 3733 ultimo
2636 3722 2651 3744 ,
2687 3682 2750 3734 Et
2777 3683 3039 3743 depositio
3061 3686 3380 3739 confessoris
3411 3685 3611 3738 Christi

2049 3759 2102 3802 et
2141 3752 2370 3816 episcOpi
2406 3759 2428 3785 ι’
2465 3751 2656 3804 Monas.
2708 3752 2795 3813 T.,
2846 3752 2997 3819 Apud
3047 3754 3303 3807 Nazarelh
3352 3755 3617 3807 civitatem

2049 3819 2289 3891 Caltleae,
2328 3830 2383 3871 ut
2414 3819 2545 3891 fides
2574 3820 2807 3874 fidelium
2836 3825 3053 3887 adorat,
3086 3835 3371 3877 veneratur
3401 3833 3452 3875 ut
3483 3838 3617 3891 prae-

2048 3888 2208 3955 dicat,
2238 3889 2500 3959 Virginem
2532 3890 2807 3943 Dominum
2838 3893 3123 3960 parituram
3152 3896 3365 3961 angelus
3396 3888 3613 3948 Gabriel

1771 4019 1856 4074 SM
1865 4020 1924 4075 IT
1933 4020 1972 4075 ﬂ
2012 4020 2236 4077 NOTAE.

389 4119 517 4175 tem,
542 4124 569 4161 a
593 4124 697 4179 quo
723 4111 833 4175 ipse
849 4107 1051 4179 Paulus
1075 4110 1349 4178 apostolus
1374 4110 1589 4163 sortitus
1613 4118 1695 4164 est
1722 4126 1937 4175 nomen,

388 4183 475 4248 qui
508 4177 650 4233 illum
684 4180 801 4231 fidei
833 4177 1030 4232 Christi
1061 4177 1362 4246 subegerat.
1415 4179 1516 4243 Qui
1558 4183 1607 4232 in
1637 4182 1824 4234 eadem
1854 4197 1941 4235 re-

388 4252 540 4318 gione
566 4248 950 4316 praedicationis
975 4248 1151 4303 ofﬁcio
1177 4265 1280 4302 non
1308 4250 1539 4314 segniter
1562 4251 1797 4316 impleto,
1837 4254 1947 4305 cla-

388 4335 479 4373 rus
497 4318 1136 4388 miraculis,confessione
1152 4319 1345 4372 Christi
1362 4328 1645 4373 coronatus
1666 4321 1942 4388 sepelitur.

390 4389 542 4445 Baeda
570 4387 734 4454 ναις..
762 4385 1040 4441 Notkerus.

463 4428 1061 4518 λυΤΙιῖοῧὶῖἱξίΐῙΙιιῘ-ιέ,
1103 4458 1350 4526 quoniam
1380 4466 1718 4511 monumenta
1754 4460 1941 4514 Antio-
1975 4428 2026 4488 Β

390 4527 574 4582 chenze
608 4526 876 4595 Ecclesia,
910 4538 1088 4593 utpote
1118 4543 1300 4580 eorum
1332 4538 1530 4588 custos,
1567 4528 1802 4582 indicare
1850 4546 1941 4595 po-

389 4605 563 4659 terat,
616 4593 853 4648 Julianus
906 4598 1325 4661 praevaricatoris
1376 4597 1666 4649 avunculus
1716 4593 1940 4664 primum

385 4664 824 4732 comprehendit;
875 4664 1071 4718 deinde
1116 4666 1423 4719 verberibus
1468 4667 1701 4732 graviter
1740 4668 1940 4732 caedit;

384 4744 663 4803 postremo
688 4748 828 4796 cum,
856 4738 1147 4801 quaestione
1176 4733 1242 4786 de
1274 4735 1367 4787 illo
1398 4736 1539 4787 omni
1572 4737 1822 4788 tormenti
1853 4752 1944 4802 ge-

388 4802 519 4858 nere
547 4802 754 4868 habita,
789 4802 908 4856 furti
940 4805 1118 4858 animo
1149 4805 1547 4871 respondisset,
1593 4806 1767 4858 securi
1800 4806 1942 4859 feriri

388 4874 679 4927 mandavit.
734 4872 829 4927 Ubi
859 4889 987 4926 vero
1029 4888 1149 4925 vasa
1196 4888 1345 4926 sacra
1393 4877 1737 4940 ahripuerat,
1786 4879 1946 4942 erepit

389 4943 687 5010 petulanter
713 4941 763 4994 in
789 4943 1056 4996 Christum
1088 4943 1330 4996 illudcre.
1366 4948 1433 4995 At
1462 4944 1602 4996 illico
1632 4954 1749 5011 post
1776 4960 1943 4997 mem-

387 5015 541 5066 brum
569 5012 798 5080 genitale
828 5014 874 5065 ei
900 5013 1199 5077 contabuit,
1243 5022 1297 5066 et
1339 5028 1524 5065 carnes
1574 5013 1676 5067 illis
1704 5017 1944 5080 corporis

423 5083 626 5135 artibus
672 5082 1053 5146 circumdatae,
1120 5082 1172 5136 in
1223 5096 1428 5136 vermes
1479 5097 1750 5137 conversae
1798 5094 1942 5139 sunt.

460 5165 669 5206 zotnen.
700 5150 830 5205 Hist.
860 5151 1026 5211 Eccl.,
1055 5166 1106 5211 ν,
1132 5153 1183 5205 7.

466 5220 493 5259 δ
532 5218 829 5273 Victoriani.
883 5222 1282 5275 Adrumentinre
1328 5221 1553 5275 civitatis
1597 5221 1727 5275 civis
1753 5262 1767 5285 ,
1817 5237 1941 5288 pro-

390 5291 627 5361 consulis
649 5289 1001 5359 Carthaginis,
1027 5301 1081 5344 et
1110 5294 1331 5361 duorum
1358 5307 1729 5360 germanorum
1756 5294 1943 5361 Aquis-

390 5359 735 5426 regiensium,
768 5370 821 5413 et
846 5363 1070 5413 duorum
1103 5359 1529 5415 Fruuientiorum
1565 5359 1939 5428 mercatorum,

387 5429 482 5500 qui
508 5430 559 5480 in
590 5431 956 5500 persecutione
984 5427 1289 5483 Waudalica
1310 5471 1325 5495 ,
1367 5433 1464 5485 sub
1493 5430 1792 5484 lluunerico
1823 5446 1945 5500 rege

392 5498 605 5567 Arianog
640 5513 733 5566 pro
782 5498 887 5553 fide
931 5500 1188 5552 catholica
1236 5500 1632 5553 immanissiinis
1674 5498 1944 5567 suppliciis

387 5565 615 5636 cruciati
638 5565 652 5631 ,
703 5571 913 5636 egregie
940 5572 1181 5622 coronati
1211 5581 1353 5623 sunt.
1401 5571 1625 5622 Victoris
1659 5565 1939 5635 Uticensis,

387 5636 529 5705 Hist.
551 5635 875 5692 Wandalicée
904 5638 1288 5705 persecutionis
1321 5641 1373 5693 in
1404 5640 1598 5691 Africa.

460 5714 480 5738 υ
510 5704 792 5778 Pigmenii.
857 5704 952 5763 llic
999 5709 1099 5763 sub
1144 5706 1357 5764 Juliauo
1407 5718 1645 5779 apostata
1698 5724 1792 5779 pro
1839 5709 1942 5765 fide

2054 4114 2243 4167 Christi
2278 4112 2632 4179 praecipitatus
2672 4111 2724 4165 iu
2756 4111 3008 4177 Tiberim,
3040 4120 3257 4164 necatus
3285 4121 3385 4167 est.
3442 4114 3608 4169 Baro-

2051 4184 2190 4248 nius,
2226 4184 2274 4236 in
2307 4182 3062 4253 Martyrologio.—Displicent
3088 4194 3149 4234 ea
3177 4196 3292 4246 qua:
3321 4184 3386 4236 de
3418 4183 3612 4240 Juliani

2047 4254 2361 4306 educatione
2411 4251 2589 4304 Romae
2639 4254 2736 4305 sub
2784 4251 3057 4320 Pigmenio
3100 4266 3207 4320 una
3248 4268 3366 4304 cum
3406 4255 3608 4307 Donato

2051 4330 2331 4392 narrantur
2378 4324 2429 4374 in
2483 4319 2874 4392 Martyrologiis
2907 4319 3166 4382 Usuardi,
3210 4322 3441 4392 Adonis,
3486 4324 3612 4377 Nut-

2052 4391 2198 4455 keri,
2228 4402 2331 4447 etc.
2386 4392 2484 4446 Ubi
2528 4389 2667 4444 eniin
2704 4390 2942 4444 Julianus
2988 4405 3119 4457 puer
3163 4389 3292 4443 vixit
3341 4408 3439 4445 una
3489 4409 3609 4446 cum

2050 4463 2199 4517 Gallo
2244 4466 2405 4515 fratre
2455 4460 2504 4513 in
2552 4461 2927 4528 Cappadocia,
2977 4461 3067 4513 ubi
3117 4469 3170 4512 et
3219 4461 3610 4515 adolescentior

2049 4532 2268 4586 Athenis
2296 4531 2535 4584 eruditus
2570 4530 2763 4597 fuerit,
2793 4530 2880 4583 ubi
2911 4529 3127 4583 demum
3161 4530 3211 4581 in
3245 4529 3426 4582 Galliis
3455 4547 3611 4583 exer-

2045 4602 2238 4654 citibus
2288 4602 2591 4668 praefuerit,
2649 4602 2775 4653 satis
2830 4608 3039 4668 constat
3084 4612 3148 4650 ex
3194 4597 3497 4651 Graecorum
3547 4616 3610 4654 ac

2046 4666 2356 4723 Latinorum
2406 4669 2633 4738 antiquis
2682 4666 3075 4738 monumentis,
3126 4668 3485 4738 achinprimis
3537 4684 3605 4723 ex

2046 4740 2285 4807 ejusdem
2327 4734 2827 4807 Juliaui'epistulis.
2882 4738 2940 4788 S.
2976 4734 3462 4807 Pigm‘enii_cor_pus
3491 4740 3608 4789 col-

2048 4802 2238 4862 lecmm
2271 4818 2350 4861 est
2378 4823 2406 4860 a
2440 4802 2662 4874 quadam
2710 4815 2948 4857 matrona
2985 4804 3197 4856 nomine
3224 4802 3459 4857 Candzda
3489 4846 3502 4867 ,
3551 4815 3607 4858 et

2045 4881 2307 4943 sepultum
2355 4886 2436 4929 est
2482 4877 2530 4927 iu
2581 4885 2762 4943 crypta
2814 4875 2866 4943 in
2916 4876 3227 4943 cmineterio
3264 4874 3501 4927 Pontiani
3537 4876 3605 4929 ad

2050 4942 2238 5000 Ursum
2272 4946 2515 5012 pileatum
2550 4959 2623 4997 xtl
2646 4942 2770 4996 Kal.
2805 4942 3058 5012 Maiarum
3086 4981 3100 5002 ,
3154 4942 3226 4994 uti
3275 4943 3323 4994 in
3369 4944 3607 5008 ejusdem

2046 5020 2192 5085 Actis
2235 5011 2441 5085 legitur.
2495 5015 2688 5068 Verum
2725 5028 2882 5083 supra
2904 5054 2919 5075 ,
2971 5011 3036 5064 ad
3070 5012 3212 5065 diem
3244 5027 3371 5066 xvnt
3400 5013 3611 5078 Martii,

2045 5084 2346 5154 Pigtnenius
2380 5093 2725 5138 memoratur.

2120 5149 2145 5191 ει
2180 5155 2423 5207 (.‘ondims
2452 5163 2544 5207 est.
2594 5160 2633 5205 Α
2664 5152 2827 5207 Mario
2853 5166 2933 5207 sc.
2963 5158 3017 5206 ct
3047 5150 3248 5204 Martha
3278 5158 3331 5204 et
3355 5149 3475 5204 filiis
3501 5152 3611 5206 suis

2044 5223 2264 5277 Audifax
2296 5232 2350 5278 et
2382 5227 2609 5276 Aliacuc.

2119 5298 2144 5324 υ
2190 5292 2390 5345 Menas.
2426 5292 2709 5359 Episcopus
2741 5290 3021 5345 Mediolani
3054 5290 3251 5343 smculo
3280 5288 3471 5343 Christi
3504 5298 3610 5343 ter-

2053 5363 2145 5422 tio,
2179 5363 2275 5415 hoc
2301 5362 2369 5415 25
2402 5362 2567 5414 Martii
2599 5374 2833 5413 mortuus
2861 5368 2959 5413 est.
2993 5361 3183 5412 Verum
3213 5376 3329 5425 qu'a
3362 5363 3446 5410 hic
3491 5359 3605 5412 dies

2054 5436 2221 5485 sacris
2268 5432 2463 5485 Christi
2510 5432 2765 5483 lncarnati
2810 5441 2861 5481 et
2906 5429 3152 5481 Crucifixi
3196 5429 3461 5496 mysteriis
3505 5430 3605 5481 im-

2055 5503 2297 5569 peditur,
2334 5501 2566 5553 Ecclesia
2618 5498 3018 5553 Mediolanensis
3058 5500 3219 5550 cultui
3258 5499 3372 5563 ejus
3414 5498 3608 5550 dicavit

2054 5568 2193 5625 dictu
2233 5572 2298 5623 1‘2
2352 5571 2621 5633 Octobris,
2655 5585 2757 5635 quo
2802 5582 3009 5619 sacrum
3057 5568 3170 5633 ejus
3216 5581 3410 5634 corpus
3457 5573 3610 5622 Ann!)

2054 5642 2190 5695 1050
2222 5641 2316 5692 fuit
2345 5642 2654 5695 translatum
2682 5656 2694 5690 :
2728 5652 2831 5706 quo
2862 5637 3047 5690 itidem
3078 5636 3162 5691 die
3194 5639 3482 5706 inscriptus
3529 5647 3611 5689 est

2050 5708 2426 5781 Martyrologio
2460 5709 2720 5766 Romano.
2758 5706 3000 5762 Bollaud.
