4240 6444
608 318 707 377 867

1358 310 1564 370 ΒΕΒᾸΞ
1606 302 2055 368 VENERABILIS
2091 303 2242 361 OPP.
2284 302 2460 359 PARS
2498 300 2585 356 IV.
2618 329 2684 339 —
2721 296 3100 355 HISTORICA.

3737 294 3846 355 868

1840 418 2069 474 EblTlO
2108 408 2573 468 COLONIENSIS.

679 524 725 578 A
757 563 770 575 .
820 518 1063 575 Vlthc.
1113 519 1297 569 APRIL.
1344 542 1409 556 -
1465 511 1647 565 Romae
1701 511 1785 562 via
1822 506 2087 571 Lavicina,
2133 504 2183 558 in
2216 504 2261 561 Α
2291 500 2453 553 ratori
2500 498 2952 553 Christianissimo
3006 495 3258 552 victorias
3304 495 3371 550 de
3422 497 3659 565 tyrannis
3711 514 3850 568 pra:-

609 611 914 669 cmmeterio
958 606 1193 675 ejusdem
1235 603 1409 658 natale
1455 602 1621 655 sancti
1662 598 1895 662 Castuli;
1926 597 2013 666 qui
2052 606 2172 648 cum

613 712 756 758 esset
800 700 1032 755 cetarius
1080 696 1283 765 palatii,
1313 702 1368 749 et
1399 698 1592 761 hospes
1619 701 1947 752 sanctorum,
1992 701 2020 739 a
2051 700 2174 754 per-

612 789 941 846 secutoribus
983 796 1238 851 arctatus,
1284 794 1338 838 et
1380 784 1536 838 tertio
1566 794 1848 851 appensus,
1894 777 2050 833 tertio
2081 790 2176 829 an-

612 883 781 946 ditus,
824 879 878 934 in
918 878 1249 934 confessione
1289 871 1496 929 Domini
1554 884 1917 942 perseverans,
1983 868 2174 921 missus

611 983 693 1028 est
718 973 769 1026 in
797 971 1020 1035 foveam,
1064 979 1112 1024 et
1142 969 1353 1022 dimissa
1397 976 1479 1021 est
1506 980 1667 1034 super
1709 980 1827 1018 eum
1858 976 2027 1017 massa
2056 953 2177 1014 are-

609 1064 780 1126 naria,
839 1071 996 1131 atque
1044 1060 1115 1113 ita
1156 1074 1276 1113 cum
1329 1059 1502 1127 palma
1549 1055 1785 1125 martyrii
1836 1054 2080 1121 migravit
2106 1051 2173 1103 ad

610 1153 903 1208 Christum.
952 1150 1105 1219 Apud
1153 1149 1480 1217 Pentapolim
1522 1147 1704 1216 Libyae
1750 1142 2013 1199 Theodori
2062 1141 2176 1210 epi-

608 1245 785 1311 scopi,
818 1242 999 1298 lrentei
1049 1241 1276 1305 diaconi,
1327 1238 1633 1306 Serapionis
1663 1245 1718 1291 et
1748 1234 2012 1289 Ammonii
2066 1233 2175 1287 lec-

608 1341 814 1397 torum;
853 1341 909 1387 et
935 1330 1073 1400 apud
1104 1319 1365 1385 Sirmium
1398 1327 1573 1381 natale
1598 1327 1764 1380 sancti
1797 1323 2026 1378 Montani
2057 1335 2178 1391 pre-

609 1421 827 1493 sbyteri,
858 1421 948 1488 qui
975 1435 1095 1475 cum
1124 1417 1348 1474 Maxima
1373 1431 1548 1471 uxore
1576 1424 1772 1477 tentus,
1797 1422 1851 1468 et
1876 1413 1927 1466 in
1954 1412 2171 1465 fluvium

609 1511 962 1578 pracipitatus
1004 1518 1105 1575 est,
1149 1522 1373 1577 corpora
1413 1521 1599 1561 eorum
1632 1519 1736 1559 non
1767 1505 1921 1571 longe
1948 1505 2016 1558 ab
2048 1501 2179 1556 urbe

612 1599 712 1653 sub
758 1598 930 1666 lapide
992 1598 1224 1651 inventa.
1281 1595 1346 1648 Et
1407 1592 1673 1663 depositio
1723 1594 1891 1647 sancti
1940 1590 2177 1660 Luitgeri

609 1689 844 1758 episcopi
871 1697 928 1742 et
949 1687 1292 1743 confessoris.

680 1778 740 1830 Β.
769 1777 832 1831 γι
871 1776 1111 1831 ΚΑιειω.
1145 1777 1339 1831 Amic.
1359 1801 1431 1818 -
1450 1773 1828 1843 Hierosolyma:
1859 1773 2178 1828 resurrectio

2276 595 2429 648 dixit.

2342 682 2403 738 C.
2465 682 2503 736 ν
2552 675 2684 736 ΚΑΙ..
2733 680 2919 734 Aemc.
2970 706 3044 720 -—
3100 677 3251 747 Apud
3317 676 3610 732 Caesaream
3679 679 3850 737 Palae-

2274 774 2427 825 stina:
2493 782 2799 825 sanctorum
2883 776 3173 839 martyrum
3256 767 3457 833 Prisci,
3536 769 3721 823 Malclii
3792 781 3850 827 et

2274 861 2580 925 Alexandri,
2621 862 2709 928 qui
2764 860 3132 929 persecutione
3164 857 3449 922 Valeriani,
3500 872 3619 912 cum
3648 860 3835 914 subur~

2276 953 2469 1007 banum
2498 952 2721 1020 agellum
2754 951 3076 1019 supradictae
3107 949 3252 1004 urbis
3283 949 3659 1013 inhabitarent,
3689 961 3845 1020 atque

2277 1048 2330 1102 in
2372 1062 2433 1101 ea
2465 1045 2699 1099 cmlestis
2749 1043 2988 1113 martyrii
3032 1051 3456 1111 proponerentur
3497 1056 3730 1105 coronze,
3763 1043 3845 1096 di-

2279 1139 2406 1192 vino
2452 1135 2573 1189 fidei
2604 1133 2779 1188 calore
2823 1130 3082 1195 succensi,
3112 1130 3251 1184 ultro
3292 1130 3521 1199 iudicem
3557 1131 3834 1197 adeuntes,

2277 1242 2372 1282 cur
2404 1232 2607 1279 tantum
2635 1222 2686 1276 in
2728 1222 3041 1290 sanguinem
3087 1220 3293 1287 piorum
3324 1220 3625 1287 desaevit-et,
3656 1221 3841 1289 objur-

2279 1324 2436 1386 gant;
2467 1328 2601 1381 quos
2632 1313 2720 1367 ille
2764 1312 3015 1365 continuo
3056 1324 3153 1379 pro
3191 1309 3389 1364 Christi
3420 1311 3632 1365 nomine
3662 1310 3843 1365 DESliiS

2280 1406 2495 1460 tradidit
2524 1404 2874 1459 devorandos.
2921 1403 2984 1456 Et
3022 1401 3158 1471 apud
3198 1402 3382 1456 urbem
3410 1399 3843 1457 Cabilonensium

2283 1496 2546 1565 depositio
2574 1493 2910 1550 Guntrammi
2956 1493 3115 1562 regis,
3158 1492 3247 1561 qui
3280 1493 3349 1546 ita
3379 1504 3439 1547 se
3481 1493 3844 1557 Spiritualibus

2278 1585 2570 1641 actionibus
2624 1583 2971 1650 mancipavit,
3028 1590 3085 1636 ut
3148 1581 3351 1636 relictis
3399 1579 3579 1634 saeculi
3639 1582 3845 1648 pompis

2281 1676 2559 1731 thesauros
2619 1689 2746 1728 suos
2805 1672 3056 1727 Ecclesiis
3101 1681 3154 1726 et
3210 1670 3525 1739 pauper'bus
3580 1679 3840 1740 erogaret.

2281 1768 2462 1825 Roma:
2515 1767 2645 1821 ὃὶιιί
2706 1780 2873 1834 papae,
2920 1765 3009 1833 qui
3053 1764 3193 1819 sedit
3219 1764 3401 1818 Roma:
3425 1779 3591 1818 annos
3624 1775 3763 1819 octo.
3787 1767 3840 1819 lu

615 1866 820 1920 Domini
854 1865 1018 1919 nostri
1061 1864 1185 1919 Jesu
1223 1864 1441 1917 Christi.
1502 1862 1653 1931 Apud
1707 1861 1991 1939 {Egyptum
2041 1863 2178 1917 beati
2212 1868 2255 1928 Β
2287 1859 2460 1913 Africa
2490 1856 2662 1910 natale
2706 1854 2913 1923 Rogati,
2945 1854 3211 1921 Successi,
3244 1865 3298 1909 et
3340 1854 3561 1909 aliorum
3591 1856 3838 1911 sedecim.

621 1954 838 2009 Joannis
889 1954 1159 2017 eremitaa,
1209 1952 1532 2006 admiranda:
1571 1952 1863 2007 sanctitatis
1909 1952 2031 2020 viri,
2087 1954 2177 2020 qui

628 2047 788 2103 etiam
847 2043 1157 2116 prophetico
1197 2043 1383 2113 spiritu
1433 2042 1641 2111 plenus,
1677 2041 1977 2097 Theodosio
2021 2044 2182 2110 impe-

2280 1950 2332 2005 ιιι
2365 1950 2605 2003 Caesarea
2636 1947 2803 1999 sancti
2855 1944 3150 2015 Dagalassi.

2362 2038 2423 2092 D.
2451 2036 2514 2091 IV
2547 2035 2683 2091 ΚΑΙ..
2714 2033 2898 2090 Arhtc.
2937 2062 3008 2076 -—
3034 2033 3303 2105 Depositio
3342 2034 3567 2090 Enstasii
3617 2035 3837 2116 abbatis.

1838 2136 2064 2192 EDITIO
2105 2132 2599 2191 BOLLANDIANA.

612 2230 920 2287 venerando
946 2229 1160 2285 salutat.
1205 2228 1401 2283 Eodem
1432 2228 1519 2281 die
1549 2228 1826 2282 crueillxio
1858 2229 1919 2284 D.
1952 2230 2013 2282 N.
2046 2229 2174 2284 Jesu

613 2302 804 2356 Christi
843 2302 1128 2354 secundum
1161 2314 1391 2353 carnem.
1427 2297 1490 2352 Et
1532 2298 1751 2352 victoria
1788 2296 2058 2353 Michaelis
2084 2315 2173 2353 ar-

620 2371 881 2437 changeli.
917 2370 975 2425 Β.
999 2406 1014 2431 .
1044 2368 1098 2420 lu
1141 2367 1312 2421 Nicaea
1355 2368 1611 2422 Victorini
1637 2409 1650 2429 ,
1696 2368 2014 2431 Alexandri,
2062 2370 2177 2422 Eu-

614 2444 792 2503 frataa,
822 2438 1084 2503 Cassulte,
1116 2438 1393 2509 Nicostrati
1416 2437 1681 2509 ,_Lucilla:
1726 2447 1780 2490 et
1818 2439 2174 2509 quadringen-

621 2520 792 2565 torum
824 2518 1134 2578 martyrum.
1166 2507 1302 2561 Alibi
1330 2508 1384 2562 S.
1419 2506 1727 2562 Theodolae.

680 2601 770 2657 26.
802 2630 872 2642 -
901 2601 988 2656 VH
1013 2599 1145 2655 Kac.
1187 2600 1243 2654 in
1284 2599 1481 2655 Sirmio
1511 2610 1537 2638 ι
1572 2600 1799 2654 Montani
1840 2600 2168 2671 presbyteri,

619 2692 858 2748 Maxima
885 2690 1067 2745 uxoris
1098 2689 1212 2759 ejus
1241 2700 1294 2745 et
1321 2690 1546 2743 aliorum
1578 2690 1946 2760 quadraginta.

682 2778 870 2835 Florus
900 2779 951 2832 in
984 2779 1047 2831 A.
1077 2776 1140 2831 Τ.
1188 2776 1279 2839 1...
1312 2773 1507 2830 Eodem
1559 2777 1646 2831 die
1700 2777 1881 2832 Romae
1925 2776 1983 2834 S.
2016 2775 2043 2816 δ
2072 2777 2168 2833 Ca-

616 2867 741 2924 stuli
771 2865 1017 2935 martyris
1039 2899 1056 2932 ,
1086 2866 1173 2932 qui
1209 2873 1447 2931 tempore
1488 2864 1798 2921 Diocletiani
1827 2880 1945 2921 cum
1986 2865 2170 2922 fuisset

610 2964 877 3019 arctatus,
907 2963 961 3008 et
1002 2954 1161 3008 tertio
1199 2968 1494 3022 appensus,
1527 2953 1789 3023 tertioque
1830 2955 2070 3019 auditus,
2113 2956 2169 3011 in

608 3043 945 3102 confessione
987 3043 1195 3098 Domini
1240 3059 1619 3112 perseverans,
1655 3044 1846 3099 missus
1884 3054 1966 3100 est
2003 3045 2053 3099 in
2082 3045 2166 3101 fo-
2194 3073 2243 3136 ο

612 3150 764 3191 veam
787 3174 802 3199 ,
832 3143 888 3189 et
918 3134 1133 3189 dimissa
1165 3146 1324 3202 super
1353 3148 1471 3187 eum
1504 3148 1675 3187 massa
1718 3136 1958 3189 arenaria
1978 3175 1995 3203 ,
2044 3136 2162 3190 tali-

615 3239 721 3295 que
761 3224 1013 3294 martyrio
1048 3222 1293 3292 migravit
1347 3222 1412 3277 ad
1451 3220 1744 3279 Christum.
1788 3224 2062 3295 Scriptum
2114 3225 2170 3282 in

610 3315 786 3373 Gestis
812 3315 868 3369 S.
900 3314 1217 3370 Sebastiani.

684 3407 778 3471 Β..
810 3406 864 3460 ln
897 3405 1172 3476 Antiochia
1207 3405 1560 3476 ciTimothei,
1593 3405 1859 3476 Diogenis.
1891 3406 1947 3461 in
1980 3406 2159 3464 Africa

609 3475 866 3544 Victoris,
893 3475 1166 3531 Saturnini
1188 3514 1204 3540 ,
1233 3475 1520 3530 Salvatoris
1541 3518 1557 3545 ,
1588 3485 1642 3531 et
1669 3475 1891 3531 aliorum
1928 3492 2026 3530 xu.

2350 2227 2442 2282 27.
2471 2255 2541 2266 —
2570 2225 2631 2278 Vl
2660 2223 2792 2279 ΚΑΙ..
2825 2223 2990 2279 Vacat
3016 2224 3192 2280 Baeda.

2359 2316 2457 2377 Β..
2490 2313 2641 2383 Apud
2670 2313 2954 2382 Egyptum
2989 2312 3015 2351 ἀ
3043 2313 3260 2369 Joannis
3298 2313 3550 2368 eremitaa.
3590 2314 3649 2368 V.
3678 2356 3693 2379 ,
3727 2314 3834 2370 Na-

2284 2386 2391 2440 tale
2437 2386 2496 2441 S.
2532 2390 2555 2417 °
2587 2384 2855 2438 Marciani.
2905 2384 2960 2437 ln
3012 2383 3185 2439 Africa
3239 2384 3479 2450 Romuli,
3515 2386 3714 2439 Donati.
3769 2386 3831 2440 Et

2284 2455 2623 2509 Resurrectio
2650 2454 2711 2507 D.
2742 2454 2804 2505 N.
2836 2452 2960 2507 Jesu
2995 2454 3207 2506 Christi.
3264 2456 3327 2506 A.
3373 2454 3432 2506 'l‘.
3456 2494 3470 2516 ,
3506 2453 3834 2509 Resurrectio

2288 2524 2519 2579 Domini.
2549 2524 2612 2577 A.
2659 2524 2721 2576 Τ.
2778 2523 2878 2589 Ι...
2907 2525 2958 2575 In
3001 2521 3299 2577 Nicomedia
3340 2524 3511 2577 natale
3554 2524 3651 2579 SS.
3681 2524 3699 2562 ί
3735 2523 3832 2577 Pa-

2283 2595 2448 2648 storis
2478 2602 2532 2648 et
2564 2592 2838 2647 Victorini.
2899 2596 2963 2645 A.
2990 2594 3077 2655 T.,
3108 2592 3161 2645 ln
3192 2592 3363 2646 Africa
3390 2593 3577 2647 natalis
3607 2594 3829 2647 Romuli.

2278 2664 2338 2717 Β.
2362 2706 2377 2729 ,
2409 2663 2462 2717 In
2508 2663 2679 2716 Africa
2715 2660 2957 2726 Romuli,
2992 2662 3203 2723 Maroli,
3237 2664 3497 2718 Successi.
3539 2664 3593 2717 ln
3625 2663 3831 2720 Panno-

2279 2735 2364 2788 nia
2415 2733 2589 2802 passio
2618 2731 2674 2786 S.
2710 2740 2734 2779 Β
2764 2732 3046 2786 Alexandri
3078 2741 3233 2787 mart.

2342 2841 2433 2897 28.
2464 2869 2537 2882 -—
2564 2841 2623 2895 ν.
2654 2839 2787 2895 Kac.
2822 2840 2985 2896 Vacat
3013 2841 3188 2897 Baeda.

2346 2954 2409 3026 D.
2428 2994 2445 3021 ,
2474 2952 2714 3026 Casarea
2747 2953 3041 3026 Palaestinae
3068 2952 3120 3026 ιι.
3139 2965 3426 3026 martyrum
3456 2955 3655 3025 Prisci,
3701 2957 3827 3011 Mala

2273 3024 2399 3095 ehi,
2429 3033 2483 3095 et
2526 3023 2833 3095 Alexandri.
2866 3023 2961 3095 ν..
2997 3022 3321 3095 lnthsarea
3353 3027 3571 3095 Rogati,
3602 3022 3828 3081 Alexan-

2277 3093 2399 3157 dri,
2435 3094 2705 3148 Dorothei.
2737 3092 2798 3147 ι..
2828 3093 3023 3147 omittit
3054 3094 3399 3151 Dorotheum.
3427 3098 3493 3150 A.
3518 3092 3569 3151 et
3592 3098 3677 3159 'l‘.,
3713 3100 3827 3152 Ale«

2278 3162 2574 3228 xandrum,
2622 3176 2727 3230 quo
2768 3163 2926 3217 etiam
2969 3163 3169 3218 omisso
3215 3166 3273 3230 Β.
3334 3166 3484 3219 habet
3528 3165 3827 3223 Audactam.

2273 3233 2433 3288 Addit
2461 3232 2525 3285 Τ.
2559 3242 2605 3286 et
2633 3228 2723 3284 alii
2752 3232 2941 3287 decem.
2974 3232 3033 3287 Β.
3062 3272 3079 3296 .
3111 3234 3164 3286 1η
3196 3228 3359 3289 Tarso
3385 3236 3576 3289 Ciciliaa
3607 3237 3827 3290 Castori.

2276 3302 2340 3356 Β.
2390 3300 2451 3375 '1‘.
2501 3301 2605 3375 Ι...
2652 3301 2708 3355 ln
2769 3302 2980 3357 civitate
3038 3302 3274 3359 Cabulon
3339 3306 3597 3375 depositio
3633 3306 3647 3344 ί
3681 3306 3828 3362 Gun-

2277 3372 2448 3426 tranni
2474 3374 2638 3441 regis.

2347 3462 2439 3519 29.
2469 3493 2537 3504 —
2566 3463 2630 3519 ιγ
2660 3462 2793 3520 Kac.
2827 3462 2991 3520 Vacat
3020 3464 3196 3521 Baada.

1946 3566 2148 3623 SMITH
2185 3570 2412 3630 NOTE.

678 3666 705 3695 ι
761 3654 1021 3710 Montani.
1076 3653 1328 3722 Martyres
1375 3651 1429 3707 bi
1485 3654 1538 3707 in
1586 3652 1805 3724 fluvium
1857 3655 2167 3724 praecipitati

608 3737 774 3791 sunt,
822 3735 878 3778 et
920 3738 1140 3785 corpora
1189 3738 1371 3776 eorum
1422 3738 1562 3793 nono
1607 3723 1674 3777 ab
1717 3723 2171 3793 urbe’lapidein-

607 3805 762 3852 venta
789 3804 842 3848 et
870 3793 1072 3859 sepulta
1104 3800 1246 3845 sunt.
1280 3794 1417 3854 Ado,
1453 3790 1705 3858 Usuard.,
1737 3790 1957 3849 Notker.

687 3864 715 3903 δ
758 3864 970 3917 Castuli.
1000 3862 1109 3933 Qui
1129 3862 1223 3913 init
1252 3861 1496 3933 ιιοιιπῂιεΔ
1519 3861 1695 3933 palatii
1723 3873 1776 3917 et
1807 3865 2002 3933 hospes
2044 3878 2168 3919 sau-

610 3944 848 3996 ctorum,
879 3930 1293 3998 comprehensus
1333 3946 1361 3983 a
1407 3930 1644 3985 Fabiano
1686 3930 1942 4001 praeside,
1987 3936 2170 3988 occiso

611 4005 804 4059 Carino
832 4002 911 4072 ad_
931 4000 1251 4072 Mergumet
1279 4011 1421 4054 coss.
1452 4000 1765 4072 Maximo’et
1792 4002 2038 4072 Aquilino
2068 4009 2170 4060 hoc

613 4084 695 4129 est
722 4087 860 4126 anno
887 4069 996 4122 285
1028 4070 1374 4141 interfectus,
1407 4079 1461 4123 et
1491 4071 1571 4124 via
1603 4069 1869 4125 Lavicana
1908 4073 2166 4141 sepultus.

610 4146 781 4198 Graeci
813 4142 999 4212 colunt
1028 4139 1086 4212 S.
1119 4140 1487 4212 Sebastianum
1518 4154 1638 4212 cum
1670 4141 1933 4212 plerisque
1971 4139 2172 4212 marty-

606 4212 755 4267 ribus
786 4212 837 4265 in
866 4208 983 4277 ejus
1011 4211 1159 4263 Actis
1191 4211 1401 4275 relatis,
1432 4218 1487 4264 et
1516 4210 1655 4265 inter
1674 4208 1778 4265 bos
1805 4208 1865 4267 S.
1896 4208 2170 4268 Castuluin

607 4281 676 4336 18
710 4279 1034 4333 Decembris.

686 4356 709 4384 ο
753 4347 1025 4419 Timothei.
1057 4346 1266 4419 Baronii
1295 4346 1729 4419 Martyrologium
1772 4359 1826 4404 et
1873 4350 1972 4405 alia
2019 4353 2169 4407 cele-

686 4363 709 4384 ο
754 4363 779 4400 1
801 4363 1025 4400 ιηιοιηει.
1057 4363 1266 4401 uaronn
1295 4363 1432 4401 arari

612 4419 771 4473 brant
811 4417 906 4471 SS.
946 4416 1282 4470 Timotheum
1322 4427 1376 4469 et
1424 4363 1464 4469 ὅ

609 4489 703 4542 sed
731 4486 918 4540 dicunt
946 4500 1038 4556 eos
1068 4486 1117 4538 in
1164 4485 1467 4556 Macedonia
1515 4485 1721 4556 passos.
1767 4489 1901 4541 Sunt
1952 4485 2162 4554 tamen,

610 4569 667 4611 ut
711 4557 944 4625 videtur,
989 4555 1079 4608 alii
1123 4564 1176 4608 et
1218 4554 1410 4608 diversi
1458 4554 1694 4625 ejusdem
1743 4561 1972 4615 nominis
2000 4563 2168 4616 sancti

612 4628 701 4695 qui
734 4624 866 4679 inira
897 4627 1150 4695 coluntur
1171 4624 1200 4676 7
1231 4626 1465 4691 Aprilis,
1496 4628 1582 4693 qui
1631 4630 1768 4695 passi
1813 4641 1937 4683 sunt
1978 4632 2165 4684 Antio-

608 4693 745 4751 chiae
772 4711 891 4748 cum
922 4694 1080 4747 sociis
1109 4693 1331 4746 Macaria
1360 4705 1412 4747 et
1442 4693 1686 4750 Maxima.
1718 4696 1867 4753 Unde
1897 4700 2070 4753 forsan
2102 4715 2166 4754 ex

608 4770 696 4838 die
725 4780 797 4819 vu
822 4765 942 4818 ldus
967 4763 1162 4838 Aprilis
1187 4779 1460 4832 perperam
1493 4767 1596 4821 huc
1622 4768 1689 4821 ad
1721 4782 1791 4822 vn
1819 4768 1938 4823 Kal.
1970 4771 2167 4838 Aprilis

611 4836 855 4889 videntur
884 4836 1142 4889 translati.

683 4906 707 4942 ἀ
744 4903 980 4957 Joannis.
1013 4904 1261 4971 Lchpoii
1287 4906 1374 4974 qui
1403 4913 1554 4959 natus
1581 4914 1663 4962 est
1684 4946 1698 4971 ,
1726 4916 1781 4961 et
1804 4922 1922 4960 cum
1950 4908 2045 4963 fuit
2073 4924 2163 4962 an-

610 4990 797 5029 norum
839 4976 1051 5027 circiter
1088 4975 1193 5039 50,
1235 4978 1454 5029 secessit
1501 4981 1550 5027 in
1600 4987 1829 5029 montem
1857 4978 2160 5042 Luporum:

613 5046 700 5097 ubi
730 5058 902 5095 annos
949 5042 1019 5095 40
1065 5046 1369 5110 complens,
1403 5045 1641 5111 praedixit
1671 5046 1959 5100 Theodosii
1992 5050 2163 5101 victo-

610 5117 715 5167 rias
744 5114 813 5183 de
843 5112 1078 5183 tyrannis
1107 5112 1333 5166 Maximo
1379 5126 1456 5183 etA
1477 5115 1733 5181 Eugenio.
1767 5116 2051 5170 liollandns
2094 5119 2160 5170 de

607 5184 694 5235 die
721 5182 836 5250 ejus
864 5181 1039 5235 obitus
1071 5184 1138 5234 ita
1168 5184 1386 5236 scribit:
1424 5181 1587 5246 Quam
1618 5194 1807 5236 certum
1837 5194 1909 5237 est
1935 5186 2067 5239 diem
2096 5187 2162 5241 27

609 5251 792 5322 Martii
820 5268 920 5304 non
949 5254 1103 5317 fuisse
1132 5252 1264 5304 diem
1296 5253 1662 5320 Depositionis,
1694 5256 1922 5322 quamvis
1951 5259 2019 5306 ita
2045 5260 2166 5309 scri-

609 5322 692 5373 bat
723 5320 992 5375 Usuardus
1013 5359 1031 5385 ,
1064 5331 1165 5371 tant
1192 5322 1470 5374 verosimile
1499 5322 1641 5391 nobis
1671 5320 1864 5375 videtur
1904 5327 2166 5391 praprt'um

610 5394 785 5444 mortis
818 5393 950 5444 diem
986 5392 1258 5461 etiamnu_m
1296 5392 1434 5458 apud
1484 5389 1667 5456 Captos
1708 5394 1759 5445 in
1795 5389 1984 5446 honore
2024 5411 2162 5461 esse,

610 5463 797 5515 scilicet
841 5462 911 5514 ΞΟ
954 5461 1140 5513 mensis
1182 5459 1359 5525 Babte,
1409 5462 1494 5527 qui
1538 5463 1601 5515 l7
1651 5462 1753 5515 diei
1802 5463 2029 5517 Octobris
2076 5459 2167 5515 rei-

617 5532 853 5597 spondet.

689 5605 713 5670 τ
756 5598 1032 5670 Marciani.
1065 5598 1223 5670 Primi
1257 5597 1601 5653 Derlonensis
1632 5598 1882 5657 Ecclesiae
1911 5601 2167 5670 episcopi.

613 5665 711 5732 Qui
740 5682 767 5721 a
804 5669 862 5724 Β.
897 5668 1134 5724 Barnaba
1163 5669 1227 5723 ad
1260 5671 1416 5724 iidem
1446 5684 1739 5726 conversus
1768 5681 1850 5727 est
1875 5688 1888 5724 :
1937 5665 1989 5727 et
2018 5665 2166 5739 cujus

1472 4398 1729 4487 iageaaa‘
1752 4398 1837 4473 die
1873 4398 2164 4489 alatis,
2198 4398 2252 4458 Ῑ)

2281 3665 2381 3718 sub
2420 3662 2652 3718 Adriano
2694 3662 3017 3731 imperatore
3052 3673 3106 3718 et
3150 3662 3385 3729 Sapricio
3425 3661 3828 3719 Mediolanensis

2318 3734 2564 3787 rovincia:
2606 3733 2866 3801 pratside,
2917 3734 3109 3787 lamina
3153 3735 3312 3801 ignita
3361 3734 3508 3801 prius
3555 3735 3605 3787 in
3652 3743 3829 3801 pectus

2303 3814 2472 3857 rustra
2504 3803 2761 3868 impressa
2783 3842 2798 3865 ,
2831 3816 2970 3856 anno
2998 3802 3127 3856 Chr.
3171 3802 3272 3856 120
3314 3815 3473 3870 caput
3512 3813 3828 3870 amputatum

2278 3882 2380 3926 est.
2406 3872 2557 3927 Sedit
2580 3873 2632 3926 in
2660 3874 2962 3940 episcopatu
2993 3873 3133 3927 circa
3164 3887 3250 3927 an.
3276 3872 3363 3926 44.
3392 3877 3517 3926 Acta
3549 3873 3682 3937 apud
3714 3874 3831 3925 Bol-

2279 3942 2512 3996 landum.
2546 3941 2671 3995 Dies
2701 3942 2891 3995 natalis
2918 3942 3203 4005 aliquando
3236 3942 3443 3995 habitus
3472 3942 3557 3994 die
3585 3944 3649 3994 27
3692 3940 3828 3994 illar-

2280 4013 2337 4081 tii
2359 4053 2374 4075 ,
2410 4022 2462 4064 at
2490 4010 2647 4064 modo
2675 4012 2971 4065 celebratur
3001 4013 3031 4064 6
3066 4009 3267 4077 Martii,
3301 4021 3455 4079 prout
3484 4016 3533 4064 in
3563 4010 3825 4081 Martyro-

2273 4080 2418 4149 logio
2450 4082 2688 4134 Romano
2704 4082 3040 4149 enuntiatur.

2349 4151 2368 4190 ί
2412 4149 2663 4203 Pastoris.
2698 4148 2771 4202 De
2803 4149 2883 4202 his
2911 4150 3033 4203 vide
3064 4148 3196 4203 infra
3225 4149 3293 4203 29
3324 4149 3511 4203 Martii.

2352 4225 2377 4264 8
2420 4220 2717 4289 Alexandri.
2748 4218 2823 4272 De
2854 4219 2957 4289 hoc
2980 4218 3237 4273 Barouius
3267 4222 3318 4273 in
3352 4218 3718 4289 Martyrologio
3748 4220 3831 4274 sic

2274 4289 2459 4343 scribit
2489 4306 2501 4340 :
2536 4287 2819 4354 Drisiparw
2846 4290 2897 4341 in
2928 4288 3162 4341 Panouia
3194 4289 3256 4342 S.
3303 4287 3579 4342 Alexandri
3622 4290 3824 4357 militis,

2273 4359 2361 4427 qui
2389 4360 2478 4411 sub
2504 4357 2819 4411 Maximiano
2847 4360 3147 4425 imperatore
3172 4369 3280 4425 post
3305 4360 3487 4411 multos
3516 4374 3605 4428 pro
3633 4360 3832 4412 Christo

2274 4444 2461 4497 agones
2491 4437 2756 4495 superatos
2782 4428 3038 4495 multaque
3062 4428 3310 4479 ntiracula
3338 4430 3475 4480 edita
3496 4468 3510 4491 ,
3540 4432 3831 4497 martyrium

2273 4496 2457 4563 capitis
2486 4498 2788 4551 abscisst'one
2813 4498 3093 4563 complevit.
3130 4497 3234 4552 Sed
3265 4496 3348 4550 hic
3370 4512 3471 4550 non
3515 4499 3650 4551 idem
3676 4496 3834 4551 'vide-

2277 4576 2361 4620 tur
2383 4583 2502 4623 cum
2528 4566 2829 4621 Alexandro
2854 4568 2921 4619 ab
2946 4576 3162 4619 auctore
3190 4576 3372 4621 nostro
3401 4568 3485 4620 hic
3510 4577 3830 4620 memorato:

2273 4650 2395 4690 nam
2432 4639 2700 4704 Drizipara
2740 4644 2822 4689 est
2861 4635 2914 4688 in
2966 4634 3190 4689 Thracia
3243 4641 3420 4701 procul
3457 4651 3486 4689 a
3516 4635 3782 4689 Pannonia
3812 4653 3827 4700 ξ

2271 4714 2327 4761 et
2355 4709 2444 4777 qui
2476 4708 2544 4760 ibi
2588 4720 2773 4775 passus
2811 4713 2928 4773 est,
2968 4720 3073 4759 nou
3111 4707 3179 4758 27
3220 4705 3423 4773 Martii,
3468 4706 3562 4761 sed
3606 4708 3670 4760 l3
3710 4704 3830 4759 Maii

2268 4778 2646 4847 martyrizatus
2674 4784 2780 4847 est.

2338 4844 2366 4883 ιι
2414 4843 2723 4914 Martyrum.
2756 4844 2995 4912 Quorum
3040 4844 3141 4899 hoc
3184 4844 3341 4898 modo
3380 4844 3617 4900 meminit
3660 4843 3829 4898 Euse~

2268 4914 2389 4969 bius
2414 4918 2465 4969 in
2496 4915 2632 4970 Hist.
2669 4916 2809 4969 Eccl.
2850 4930 2955 4976 vn,
2992 4915 3058 4968 12
3088 4932 3103 4968 :
3150 4914 3312 4968 Porro
3355 4916 3407 4967 in
3444 4917 3539 4967 hac
3577 4914 3831 4967 Valeriani

2270 4989 2610 5051 persecutione
2640 4995 2739 5036 tres
2768 4985 2860 5037 viri
2892 4994 3005 5052 post
3044 4984 3292 5053 insignem
3330 4982 3521 5039 Christi
3560 4987 3832 5050 confessio-

2268 5071 2381 5109 nem
2408 5056 2545 5123 apud
2590 5053 2874 5107 Ctesaream
2916 5053 3211 5108 Palazstina:
3254 5055 3320 5108 ad
3347 5054 3529 5109 bestias
3573 5054 3825 5119 damnati,

2266 5124 2436 5177 divino
2466 5126 2708 5191 martyrio
2738 5127 2965 5176 coronati
2991 5132 3126 5177 sunt.

2348 5192 2364 5231 ί
2402 5193 2711 5247 Guntranni.
2760 5195 2859 5256 Qui
2910 5195 2978 5246 ita
3030 5208 3088 5246 se
3135 5194 3491 5259 spiritualibus
3539 5192 3833 5248 actionibus

2271 5265 2611 5330 mancipavit,
2629 5271 2704 5327 ut,
2733 5262 2933 5314 relictis
2959 5265 3139 5317 εκειηὶ
3168 5265 3391 5331 pompis,
3410 5267 3685 5318 thesauros
3710 5276 3835 5331 suos

2270 5333 2523 5386 Ecclesiis
2546 5342 2598 5385 et
2620 5330 2932 5398 pauperibus
2953 5345 3194 5400 erogaret
3234 5334 3383 5387 Baeda
3408 5335 3572 5401 vulg.,
3607 5330 3829 5387 Usuard.

2270 5430 2341 5442 —-
2369 5401 2675 5455 Cblothaiiu
2729 5414 2851 5467 rege
2907 5412 3115 5455 mortuo
3169 5416 3308 5457 anno
3338 5402 3461 5468 56l,
3492 5405 3853 5456 Guntranuus

2271 5486 2393 5524 cum
2422 5471 2678 5523 fratribus
2707 5470 2883 5521 divisit
2932 5473 3247 5538 imperium,
3292 5475 3422 5527 obiit
3468 5483 3646 5526 autem
3696 5482 3836 5523 anno

2272 5539 2414 5605 593;
2443 5550 2499 5593 et
2524 5538 2761 5604 sepultus
2795 5546 2876 5591 est
2905 5540 2957 5592 in
2987 5542 3216 5594 ecclesia
3259 5542 3317 5598 S.
3349 5543 3585 5598 Marcelli
3628 5542 3681 5595 in
3723 5552 3839 5594 ιιιοέ

2276 5608 2509 5664 nasterio
2540 5608 2680 5678 quod
2709 5608 2823 5678 ipse
2850 5618 3247 5666 construxerat.
3844 5634 3847 5639 ·
