4240 6458
353 293 461 358 869

1483 310 1673 366 SECT.
1717 312 1778 368 Il.
1818 342 1888 355 —
1925 315 2487 377 MARTYROLOGIA.

3489 335 3592 391 870

1626 441 1850 497 EDITIO
1889 443 2354 503 COLONIENSIS.

355 545 598 617 discipuli
627 547 795 600 sancti
825 545 1133 601 Columbanl
1180 548 1407 614 abbatis,
1438 553 1525 620 qui
1555 560 1702 621 pater
1743 556 1910 610 ferme
1937 547 1987 604 Α
2012 558 2230 624 collegio
2270 557 2610 631 IEinylianus
2645 565 2822 634 miles,
2857 568 2997 623 Terti
3022 572 3089 627 Ila
3131 582 3184 628 et
3235 576 3463 632 Antonia
3497 596 3585 633 sa.

356 647 730 696 sescentorum
773 637 971 692 exstitit
1013 642 1412 706 monachorum,
1444 651 1496 696 et
1525 645 1807 699 sanctitate
1839 649 1920 701 vi-

355 735 423 782 ta:
448 730 787 795 conspicuus,
834 729 992 780 etiam
1042 728 1308 784 miraculis
1346 731 1554 785 claruit.
1604 735 1700 789 llic
1740 737 1918 792 crimi-

351 829 598 873 natorem
647 832 801 871 suum
854 817 1072 872 Bassum
1113 821 1346 882 nomine,
1399 833 1525 876 nutu
1557 824 1735 877 divino
1777 842 1922 881 mor-

359 920 504 963 tuum
558 908 802 960 manibus
831 908 940 961 suis
986 922 1105 961 cum
1139 911 1530 966 linteaminibus
1582 923 1636 968 et
1675 920 1923 970 aromati-

359 1000 459 1055 bus
499 1006 729 1050 tractans
777 997 1022 1064 sepelivit
1062 997 1200 1065 apud
1250 1000 1460 1053 beatum
1494 1002 1726 1056 Petrum.
1769 1007 1921 1071 Apud

358 1088 589 1139 Alricam
633 1094 938 1138 sanctorum
971 1086 1333 1141 confessorum
1380 1093 1701 1161 Armogasti,
1731 1095 1923 1149 Archi-

357 1177 489 1230 Oimi
520 1184 575 1231 et
601 1175 800 1244 Satyri.
835 1176 896 1229 lli
928 1184 1166 1245 tempore
1200 1178 1498 1234 Vandalica:
1537 1186 1921 1250 persecutionis

363 1268 461 1326 sub
482 1266 807 1321 Gensericlto
835 1284 957 1336 rege
989 1268 1208 1335 Ariano,
1237 1285 1356 1324 cum
1388 1282 1566 1326 essent
1597 1273 1922 1329 lucidissima

371 1358 600 1413 membra
645 1359 892 1412 Ecclesia:
934 1359 1153 1422 Christi,
1192 1371 1242 1415 et
1273 1362 1580 1428 pravitatem
1607 1366 1924 1420 Arianorum

371 1449 611 1503 libertate
639 1449 898 1502 catholica
931 1449 1234 1516 frequenter
1255 1462 1554 1520 arguerent,
1586 1469 1679 1521 pro
1711 1459 1924 1511 confes-

370 1539 517 1592 sione
561 1539 797 1592 veritatis
847 1540 1010 1592 multa
1058 1551 1107 1594 et
1157 1543 1337 1609 gravia
1391 1545 1625 1610 perpessi
1670 1548 1923 1615 supplicia

371 1637 527 1696 atque
555 1627 860 1696 opprobria,
893 1643 1104 1682 cursum
1135 1630 1346 1698 gloriosi
1382 1633 1687 1689 certaminis
1737 1635 1925 1706 imple-

377 1723 585 1777 verunt,
617 1723 669 1768 et
711 1715 885 1784 passio
913 1719 1076 1772 sancti
1107 1721 1364 1776 Achartii.

441 1805 502 1860 E.
532 1805 592 1860 Ill
618 1804 749 1861 ΚΑΙ..
781 1810 964 1861 APRIL.
1006 1835 1075 1848 —-
1117 1810 1265 1876 Apud
1309 1811 1542 1880 Paphum
1573 1812 1772 1868 Ticbici
1801 1829 1927 1884 apo‘

370 1897 626 1951 stolorum
675 1898 942 1967 discipuli.
999 1899 1052 1953 In
1101 1900 1343 1954 Numidia
1397 1905 1532 1970 apud
1581 1905 1918 1962 Cirenensem
1956 1897 2390 1992 Β

371 1987 677 2053 coloniam,
729 1992 900 2042 natale
960 2001 1261 2045 sanctorum
1304 2006 1590 2064 martyrum
1642 1999 1824 2065 Agapii
1871 2011 1924 2055 et

371 2077 656 2134 Secundini
687 2079 1090 2148 episcoporum;
1125 2083 1212 2150 qui
1245 2086 1614 2152 persecutione
1661 2087 1923 2145 Valeriani

372 2174 491 2233 post
518 2166 727 2235 longum
767 2168 1011 2221 exsilium
1042 2171 1178 2237 apud
1209 2169 1477 2239 pratfatam
1510 2177 1716 2241 urbem,
1747 2179 1796 2231 in
1826 2194 1926 2246 qua

369 2266 492 2312 tunc
523 2260 750 2311 maxime
779 2259 1053 2328 gentilium
1097 2276 1239 2314 caeco
1271 2262 1469 2328 furore,
1507 2277 1558 2319 et
1589 2266 1783 2322 officiis
1823 2270 1926 2323 mi-

369 2347 634 2413 litaribus,
677 2351 739 2401 ad
772 2352 1072 2404 tentamlam
1101 2349 1365 2419 justorum
1406 2356 1584 2422 fidem,
1615 2359 1788 2413 rabies
1818 2360 1929 2413 dia-

370 2439 474 2491 boli
532 2437 827 2494 infestantis
873 2441 1128 2508 inhiabat,
1179 2457 1242 2497 ex
1294 2443 1484 2498 illustri
1525 2449 1825 2502 sacerdotio
1853 2449 1929 2502 ef-

369 2529 495 2587 fecti
542 2545 666 2588 sunt
721 2543 981 2606 martyres
1037 2537 1272 2605 gloriosi.
1324 2537 1468 2592 Passi
1499 2550 1623 2593 sunt
1661 2540 1712 2592 in
1743 2556 1926 2596 eorum

2021 660 2126 699 cra:
2153 648 2413 716 virgines,
2461 660 2513 703 et
2539 654 2777 720 quaedam
2819 659 3010 713 mulier
3041 675 3160 714 cum
3192 665 3305 717 suis
3334 668 3586 733 geminis.

2025 738 2089 793 Et
2124 744 2299 797 natale
2353 744 2563 810 Domni,
2615 746 2958 817 Philipponii,
2990 763 3042 806 et
3089 755 3311 823 Lacatii,
3342 770 3395 813 ct
3440 761 3588 818 Nicei

2023 843 2279 900 episc0pt.

2097 943 2153 996 F.
2188 944 2336 1000 PRIU.
2372 946 2502 1000 ΚΜ..
2551 949 2736 1002 APRIL.
2783 980 2846 991 —
2881 952 3063 1007 Romae
3111 968 3307 1013 sanctae
3356 961 3590 1018 Bilhinaa

2024 1031 2280 1101 virginis,
2327 1035 2446 1088 filia:
2492 1036 2694 1101 Quirini
2756 1044 3034 1110 martyris;
3076 1047 3164 1112 qui
3205 1049 3387 1103 beatus
3445 1067 3588 1106 mar-

2024 1133 2107 1192 tyr
2183 1125 2371 1179 tollens
2452 1129 2622 1183 boiam
2707 1131 2772 1185 de
2841 1135 2978 1188 collo
3048 1137 3333 1193 Alexandri
3402 1157 3587 1211 papae,

2023 1213 2312 1268 secundum
2402 1216 2692 1284 jussionem
2785 1222 2941 1290 ejus,
3019 1238 3138 1278 cum
3226 1241 3467 1298 pergeret
3534 1242 3591 1287 ut

2023 1301 2159 1355 Collo
2209 1304 2330 1357 filiae
2379 1322 2488 1362 sua:
2533 1319 2787 1364 strumam
2835 1313 3076 1368 habentis
3116 1317 3430 1388 imponeret,
3465 1339 3590 1379 ecce

2027 1409 2154 1461 puer
2206 1398 2380 1450 subito
2432 1415 2552 1453 cum
2616 1401 2782 1457 facula
2833 1408 3112 1474 apparuit,
3166 1425 3319 1478 quem
3385 1425 3592 1471 constat

2025 1485 2265 1554 angelum
2308 1486 2516 1541 Domini
2557 1489 2759 1556 fuisse,
2809 1502 2861 1547 et
2912 1496 3053 1550 vertit
3104 1499 3169 1550 ad
3227 1501 3450 1566 puellam
3501 1504 3591 1557 di-

2025 1587 2151 1627 cens
2191 1590 2204 1626 :
2241 1590 2261 1625 ι
2301 1577 2450 1630 Salva
2503 1588 2638 1644 esto,
2668 1588 2720 1633 et
2772 1581 2823 1635 in
2879 1585 3178 1652 virginitate
3216 1603 3486 1656 permane,
3535 1603 3590 1649 et

2027 1678 2126 1732 ego
2159 1675 2210 1719 te
2249 1665 2433 1720 faciam
2462 1669 2640 1723 videre
2669 1685 2920 1738 sponsum
2954 1684 3125 1742 tuum,
3157 1680 3244 1746 qui
3279 1694 3375 1748 pro
3403 1695 3586 1737 amore

2033 1763 2118 1808 tuo
2145 1759 2451 1826 sanguinem
2476 1775 2627 1815 suum
2650 1762 2835 1818 fudit.)
2863 1765 3184 1822 Perveniens
3209 1782 3372 1837 pater,
3395 1785 3448 1825 nt
3466 1789 3588 1842 per-

2031 1848 2212 1903 ficeret
2236 1850 2376 1918 quod
2407 1853 2474 1906 de
2505 1853 2618 1907 boia
2649 1857 2696 1907 ei
2717 1856 2922 1923 jussum
2957 1859 3144 1925 fuerat,
3179 1863 3308 1916 vidit
3328 1866 3503 1919 subito
3527 1867 3586 1920 li-

2398 1957 2538 2006 nam,
2560 1957 2676 2010 quae
2695 1947 3025 2010 postmodum
3046 1963 3072 2000 a
3091 1953 3591 2008 sanctoAlexandro

2033 2029 2288 2093 baptizata
2333 2041 2384 2084 et
2425 2031 2701 2102 instructa,
2733 2035 2784 2089 in
2817 2036 3118 2105 virginitate
3147 2042 3300 2109 plena
3335 2046 3589 2112 operibus

2034 2116 2184 2171 bonis
2237 2124 2564 2188 permansit;
2603 2139 2720 2192 quae
2751 2135 2926 2180 tamen
2969 2138 3086 2196 post
3115 2130 3378 2185 devictum
3411 2135 3592 2188 saeculi

2034 2204 2188 2273 hujus
2219 2222 2434 2263 cursum
2483 2214 2738 2280 sepelitur
2772 2213 2923 2282 juxta
2969 2226 3170 2284 patrem
3220 2233 3372 2273 suum
3420 2223 3594 2288 Quiri-

2035 2312 2156 2350 num
2190 2310 2496 2369 martyrem.
2552 2302 2605 2356 lo
2638 2301 2815 2357 Africa
2867 2307 3041 2360 natale
3092 2311 3294 2374 Anesii,
3342 2321 3395 2365 et
3430 2313 3595 2381 depo-

2030 2393 2153 2446 sitio
2209 2393 2478 2451 Ambrosii
2529 2398 2795 2467 episcopi,
2842 2408 2896 2454 et
2950 2403 3128 2458 natale
3177 2414 3381 2475 septem
3436 2409 3596 2479 virgi-

2031 2503 2174 2542 num.

1606 2650 1831 2707 EDl-TIO
1870 2652 2372 2710 BOLLANDIANA.

453 2757 546 2822 D.,
579 2757 728 2824 Apud
757 2757 987 2812 Africam
1017 2759 1376 2815 confessornm
1411 2769 1436 2796 η
1470 2761 1801 2828 Armogasti.
1835 2766 1934 2819 Ar-

381 2828 601 2900 chinimi
629 2838 694 2900 et
733 2831 924 2900 Satyri.
960 2829 1022 2884 V.
1075 2833 1132 2883 li.
1163 2873 1176 2894 ,
1223 2833 1542 2884 Nicomedia:
1601 2831 1627 2869 δ
1661 2834 1930 2900 Pastoris,

390 2898 640 2971 _\’ict_oritti
668 2898 1031 2971 etSaturnitti.
1061 2901 1144 2971 Β..
1175 2902 1239 2954 Et
1260 2903 1480 2955 aliorum
1514 2903 1691 2956 trium.
1745 2905 1810 2959 A.
1844 2898 1930 2971 T.,

387 2967 441 3021 in
490 2966 790 3021 Nicomedia
834 2969 1005 3021 natale
1052 2970 1146 3025 SS.
1201 2971 1432 3024 Pastoris
1477 2980 1532 3025 et
1578 2971 1822 3026 Victoris.
1873 2966 1933 3028 Et

385 3037 644 3111 depositio
669 3037 1046 3111 S._Sat_urni_ni.
1075 3045 1158 3097 A..
1187 3040 1251 3092 Et
1278 3043 1538 3111 ordinatio
1561 3041 1662 3111 CAS.
1695 3042 1930 3111 Gregorii

381 3121 550 3176 panic.
611 3108 668 3160 Β.
723 3106 786 3161 T.
837 3108 894 3160 Ι..
919 3149 934 3173 ,
968 3109 1021 3161 ltt
1066 3110 1340 3163 Antiochia
1375 3111 1546 3162 natale
1577 3109 1635 3164 S.
1667 3106 1932 3164 Theodori

375 3178 672 3300 presbyteri
719 3187 772 3232 et
816 3177 1029 3234 Juliani.
1078 3179 1139 3234 L.
1168 3218 1184 3243 ,
1235 3181 1300 3233 Et
1328 3183 1378 3234 in
1422 3180 1724 3235 Nicomedia
1753 3180 1811 3236 S.
1845 3180 1940 3234 Vi-

433 3261 562 3300 oris.

433 3261 562 3301 oris.

453 3357 543 3412 50.
571 3385 641 3397 —
667 3355 731 3412 lll
760 3355 894 3412 ΚΑΙ..
927 3358 1092 3413 Vocat
1120 3358 1296 3413 Bteda.

449 3469 507 3523 ι).
531 3509 545 3533 ,
580 3470 758 3523 Romae
787 3476 813 3516 (ἱ
843 3471 1042 3536 Quirini
1075 3472 1286 3526 tribuni.
1323 3472 1416 3537 V.,
1448 3472 1502 3526 In
1553 3471 1940 3527 Thessalonica

370 3539 590 3597 civitate
640 3541 883 3597 Domnini
935 3552 987 3597 et
1039 3541 1280 3597 Palatini.
1324 3542 1385 3597 Β.
1427 3544 1711 3612 interponit
1755 3541 1938 3595 Philo-

2038 2769 2184 2838 pln'li'.
2229 2770 2288 2823 Β.
2313 2812 2325 2833 ,
2371 2771 2433 2823 Et
2470 2770 2591 2823 alibi
2632 2770 2895 2835 Victoris,
2926 2771 3251 2838 Marcellini,
3281 2773 3584 2838 Satttrnini,

2037 2850 2089 2892 et
2123 2840 2336 2892 Eulaliae
2366 2839 2602 2906 virginis.
2668 2844 2729 2894 A.
2764 2841 2849 2902 T.,
2884 2841 3065 2893 Natale
3094 2843 3148 2895 S.
3187 2843 3402 2896 Eulaliae
3435 2847 3586 2909 virgi-

2038 2909 2205 2981 nis_rt
2252 2909 2493 2981 Palatini.
2529 2909 2591 2962 Α.
2620 2909 2682 2981 '_l‘.
2714 2910 2799 2972 L.,
2832 2909 2886 2981 In
2923 2917 2945 2944 ε
2975 2910 3284 2981 Silvanectis
3331 2916 3590 2981 depositio

2036 2978 2092 3032 S.
2133 2975 2151 3016 τ
2190 2978 2374 3048 Reguli
2403 2979 2639 3047 episcopi
2671 2987 2724 3032 et
2753 2979 3094 3034 confessoris.

2114 3089 2202 3144 5|.
2237 3119 2301 3131 --
2330 3089 2369 3144 ll
2399 3090 2532 3144 KAL.
2569 3091 2730 3145 Vacat
2759 3091 2935 3146 Baeda.

2115 3205 2202 3266 D.,
2236 3201 2417 3256 Romae
2450 3203 2506 3257 S.
2534 3212 2557 3248 8
2587 3201 2817 3271 Balbinaa
2847 3202 3083 3271 virginis.
3118 3203 3181 3256 ν.
3234 3205 3316 3268 Β.⁹
3347 3204 3400 3258 ln
3429 3205 3606 3259 Africa

2047 3275 2255 3338 Anesii,
2289 3272 2495 3334 Felicis,
2530 3270 2730 3323 Diodnli
2755 3312 2769 3331 ,
2800 3270 3076 3335 Corneliae,
3110 3271 3350 3326 Valeriae.
3386 3276 3448 3326 A.
3506 3275 3594 3339 T.,

2045 3342 2101 3396 In
2132 3341 2407 3395 Antiochia
2457 3343 2628 3393 natale
2659 3342 2715 3393 S.
2765 3339 2985 3393 Romani
3037 3344 3299 3396 monachi.
3335 3345 3394 3395 A.
3425 3344 3485 3396 Τ.
3519 3343 3602 3406 Ι..⁹

2047 3414 2108 3466 Et
2156 3412 2211 3465 5.
2243 3410 2503 3463 (ὶοτιιειὶίιε
2555 3415 2688 3478 virg.
2722 3409 2784 3462 Τ.
2823 3410 2919 3478 _L.,
2975 3411 3028 3463 ln
3073 3410 3246 3464 Africa
3293 3413 3466 3468 natale
3507 3412 3606 3467 SS.

2047 3481 2268 3548 Felicis,
2299 3479 2481 3535 Anesii
2513 3478 2622 3551 [L.,
2642 3476 2841 3548 'Unesi]
2862 3517 2878 3544 ,
2907 3480 3134 3533 Diodoli.

1733 3631 1937 3686 SMITH
1976 3629 2202 3686 NOTAE.

450 3732 477 3762 ι
515 3723 840 3793 Ανηιοῃαειὶ.
869 3723 978 3777 Sub
1009 3723 1272 3779 Geiserico
1302 3741 1424 3791 rege
1452 3726 1644 3779 Ariano
1685 3725 1936 3780 orthodo-

375 3809 500 3851 1am
535 3792 690 3848 fidem
722 3792 947 3847 confessi
983 3805 1119 3848 sunt.
1155 3797 1212 3848 S.
1247 3796 1584 3862 Armogastes
1611 3795 1933 3848 condemna-

376 3874 466 3918 tur
508 3868 571 3916 ad
615 3865 830 3917 scrobes
875 3863 1150 3918 fodiendus
1194 3873 1245 3917 et
1288 3867 1582 3918 custodiam
1617 3879 1934 3928 vaccarum,

381 3935 442 3990 S.
479 3934 812 3987 Arcltiniinns
842 3933 938 3985 sub
967 3934 1144 4000 gladio
1175 3934 1424 3987 minantis
1466 3934 1740 3996 occidere,
1787 3933 1936 3989 fortis

376 4003 654 4057 coiilessor
683 4005 910 4066 mansit;
943 4002 998 4058 S.
1030 4005 1247 4056 Saturus
1280 4014 1588 4071 procurator
1611 4005 1800 4056 domus
1832 4003 1938 4056 llu-

385 4075 551 4126 nerii-i
583 4071 924 4126 confessione
952 4072 1209 4126 catholica
1243 4073 1376 4127 bona
1407 4077 1583 4128 omnia
1613 4076 1810 4127 amisit.
1846 4073 1938 4126 Vi-

377 4145 542 4198 ctoris
575 4142 802 4195 Vitensis
835 4141 949 4193 Lib.
985 4157 998 4194 t
1039 4143 1300 4196 Historia.

457 4211 482 4250 δ
527 4211 776 4264 Pastoris.
812 4211 872 4264 Ili
906 4214 1150 4264 coluntur
1176 4228 1332 4276 supra
1361 4212 1430 4263 27
1461 4211 1656 4266 Martii.

460 4295 479 4322 ο
521 4279 776 4351 Gregorii.
817 4280 984 4349 Cujus
1019 4283 1278 4347 depositio
1323 4283 1626 4337 celebratur
1668 4296 1827 4351 supra
1872 4281 1938 4336 '12

382 4352 578 4407 Martii.
1431 4376 1436 4380 ·

458 4439 483 4478 ά
517 4443 735 4507 Quirini.
774 4440 873 4506 Qui
911 4457 942 4493 a
984 4442 1044 4496 S.
1088 4441 1381 4496 Alexandro
1419 4459 1587 4513 papa,
1619 4461 1765 4511 quem
1797 4444 1948 4496 liabe-

384 4514 468 4566 bat
497 4513 550 4564 in
576 4515 838 4574 custodia,
882 4528 995 4563 cum
1038 4515 1174 4564 omni
1216 4518 1365 4564 domo
1409 4530 1504 4566 sua
1532 4515 1813 4575 baptizatus
1841 4524 1941 4575 est,

379 4592 434 4636 et
462 4585 557 4653 sub,
594 4583 816 4633 Adriano
839 4585 1146 4653 imperatore
1187 4584 1403 4634 traditus
1442 4586 1712 4635 Aureliano
1733 4585 1901 4653 judici
1924 4598 1946 4638 :

386 4668 503 4704 cum
543 4651 594 4702 in
633 4652 942 4717 confessione
979 4652 1097 4718 ﬁdei
1129 4669 1217 4717 ,pe:
1233 4654 1457 4715 sisteret,
1496 4662 1605 4718 post
1635 4651 1824 4718 (innuis
1852 4655 1944 4704 nb-

385 4723 708 4782 scissionem,
742 4720 897 4772 erulei
925 4724 1304 4785 suspensiouem
1326 4763 1338 4782 ,
1373 4739 1612 4774 manuum
1654 4738 1712 4773 ac
1756 4723 1944 4790 pedum

388 4792 815 4861 detruncationem
833 4828 849 4861 ,
874 4805 1083 4858 agaiiem
1113 4793 1343 4858 martyrii
1367 4793 1536 4861 gladio
1564 4794 1941 4844 consummavit.

387 4859 648 4913 Baronius
698 4862 746 4910 in
798 4860 1069 4928 Martyrol.
1121 4865 1341 4924 Quidam
1369 4859 1528 4916 Vmale
1573 4863 1672 4915 sub
1715 4862 1944 4929 Trojano

386 4943 601 4999 passum
635 4931 890 4999 scribunt.

464 5003 489 5032 ⁸
518 4995 584 5052 In
613 4997 910 5052 Silvauectis
940 4998 1085 5053 deest
1116 4998 1166 5052 in
1198 5001 1263 5055 A.

2116 3721 2133 3761 ι
2170 3719 2374 3792 Reguli.
2405 3720 2797 3793 Quemiferunt
2838 3722 2998 3793 fuisse
3026 3722 3083 3777 S.
3117 3722 3337 3778 Joannis
3383 3729 3606 3793 apostoli

2041 3794 2379 3861 discipulum.
2441 3794 2534 3846 llic
2584 3792 2747 3845 Ronta
2798 3807 2827 3844 a
2878 3792 3327 3863 Clemeitte_papa
3381 3792 3609 3862 missus,

2043 3863 2371 3918 Arelatensis
2415 3862 2692 3914 ordinatus
2731 3863 3014 3929 episcopus
3061 3863 3119 3917 S.
3162 3861 3449 3931 Trophimo
3486 3861 3604 3919 suc?

2042 3936 2244 3995 cessit;
2296 3933 2473 3998 ibique
2521 3932 2657 3984 idola
2710 3931 3005 3994 destruxit,
3056 3931 3323 3984 daemones
3371 3936 3603 4000 repulit,

2042 4005 2236 4056 multos
2281 4001 2540 4053 convertit
2591 4000 2654 4051 ad
2708 4000 2898 4064 ﬁdem,
2951 4009 3003 4052 et
3055 4002 3246 4067 templa
3298 4002 3346 4052 in
3400 4003 3488 4053 Dei
3546 4012 3603 4056 et

2043 4083 2346 4126 sanctorum
2381 4075 2633 4123 honorem
2663 4070 3003 4122 construxit:
3038 4070 3159 4122 inde
3199 4071 3600 4124 Silvanectense

2043 4142 2297 4210 oppidum
2337 4139 2564 4210 adiens,
2617 4139 3016 4210 pariter‘lidem
3066 4139 3395 4210 intromittit;
3445 4155 3609 4206 quare

1965 4240 2018 4300 ι»
2269 4209 2435 4300 suam
2479 4207 3442 4300 ερίεουρξεεηἓεὲῐίξξξξςξεθξξξίξ...εὶίςξιξε
3479 4218 3607 4300 ξτες

2047 4282 2132 4334 ubi
2163 4281 2333 4333 natalis
2360 4294 2470 4332 sua:
2498 4295 2636 4332 anno
2666 4279 2733 4332 60
2763 4279 3084 4332 obdormivit
3115 4278 3168 4330 in
3201 4278 3443 4332 Domino.
3479 4277 3608 4333 Ghio

2049 4352 2168 4405 nius
2195 4351 2467 4404 Senensis.

2123 4451 2147 4488 ε
2203 4440 2451 4493 Balbime.
2500 4438 2648 4494 Filiae
2693 4438 2752 4494 S.
2802 4438 3005 4504 Quirini
3051 4438 3138 4506 qui
3187 4438 3354 4506 pridie
3400 4439 3615 4494 colitur.

2050 4512 2175 4566 Haec
2223 4511 2317 4564 fuit
2347 4526 2376 4565 e
2406 4519 2606 4564 struma
2651 4509 2953 4571 deformis;
2996 4509 3054 4561 S.
3105 4517 3280 4562 tamen
3328 4510 3612 4562 Alexandri

2051 4596 2200 4649 νίψω
2232 4582 2455 4634 vinculis
2486 4582 2654 4631 cincta
2675 4621 2688 4643 ,
2720 4591 2772 4631 et
2803 4577 3020 4649 imitata
3050 4578 3116 4649 ab
3159 4579 3346 4649 angelo
3377 4579 3455 4649 _ad
3515 4580 3624 4630 vir-

2052 4647 2341 4715 ginitatem,
2375 4659 2553 4702 sanata
2585 4657 2684 4701 est.
2718 4649 2868 4699 Bmda
2893 4647 3620 4713 vnlg,Notker.-Cmnpre-

2055 4720 2219 4773 henSa
2251 4721 2317 4772 ab
2348 4719 2634 4772 Atireliino
2661 4716 2840 4782 judice
2861 4757 2875 4779 ,
2907 4730 3025 4767 cum
3058 4716 3314 4768 rationem
3346 4731 3454 4766 suae
3492 4729 3623 4768 con-

2053 4790 2311 4842 ver~innis
2343 4787 2682 4853 ettplicuisset
2707 4826 2718 4847 ,
2756 4786 2918 4836 variis
2949 4787 3228 4837 tormentis
3275 4797 3460 4836 vexata
3506 4793 3620 4846 est,

2052 4860 2174 4911 dein
2209 4858 2396 4909 mortis
2427 4855 2745 4906 sententiam
2778 4853 2960 4904 subiit.
2996 4853 3210 4918 Sepulta
3240 4863 3323 4905 est
3366 4868 3397 4904 ει
3442 4853 3608 4903 fideli-

2053 4928 2149 4980 bus
2171 4929 2312 4994 juxta
2338 4936 2537 4994 patrem
2561 4927 2644 4994 via
2669 4923 2835 4994 Appia
2864 4924 2915 4977 in
2945 4925 3252 4978 caemeterio
3294 4920 3617 4976 Praetextati.

2059 4993 2196 5050 Ado’.
2229 4993 2359 5049 Acta
2387 4995 2523 5064 apud
2559 4993 2799 5046 Bolland.
