4240 6514
703 285 798 344 871

1461 281 1661 338 ΒΕΒίΕ
1703 283 2148 339 VENEi‘iABlLlS
2185 284 2336 340 OPP.
2377 282 2550 340 PARS
2589 282 2674 334 IV.
2718 309 2782 320 —-
2825 277 3203 334 HISTORICA.

3825 273 3937 327 872

3722 426 3924 440 ι..-

2077 507 2564 592 APRILIS.

1959 665 2180 720 EDITlO
2216 659 2678 719 COLUNIENSIS.

1345 761 1633 816 APRILIS.

1039 888 1201 942 Habet
1225 887 1344 940 Dies
1372 904 1516 955 xm,
1551 888 1751 942 Lunam
1778 904 1922 944 xxxx.

786 1024 854 1080 G.
905 1021 1042 1077 Κλι..
1111 1023 1300 1075 Arms.
1346 1050 1415 1060 —
1471 1021 1651 1074 “0mm
1716 1020 2033 1075 beatissima:
2090 1019 2264 1075 Theo-

699 1113 869 1177 doraa,
897 1113 1099 1168 sororis
1130 1112 1469 1165 illustrissimi
1501 1113 1746 1181 martyris
1787 1113 2074 1175 Hermetis,
2105 1127 2262 1180 quem

700 1202 886 1257 beatus
908 1200 1216 1254 Alexander
1240 1215 1368 1268 papa
1400 1200 1645 1253 instruxit
1675 1213 1736 1253 ac
1769 1200 2076 1269 baptizavit,
2104 1209 2264 1269 atque

699 1292 854 1345 fidem
879 1290 1073 1344 Christi
1098 1289 1294 1343 docuit.
1326 1294 1451 1355 Quae
1480 1291 1578 1343 sub
1611 1291 1894 1344 Aureliano
1946 1291 2264 1358 imperatore

692 1383 1002 1451 martyrium
1049 1379 1352 1448 complevit,
1381 1379 1584 1446 sepulta
1625 1378 1775 1447 juxta
1817 1378 2032 1433 fratrem
2065 1392 2265 1450 marty-

691 1488 805 1528 rem
847 1476 926 1524 via
955 1470 1177 1537 Salaria,
1227 1485 1332 1524 non
1378 1470 1531 1537 longe
1577 1469 1644 1522 ab
1673 1469 1802 1522 urbe
1843 1471 2026 1522 ltoma.
2062 1471 2260 1523 Eodem

697 1565 785 1619 die
813 1562 981 1617 sancti
1013 1561 1256 1616 Venantii
1299 1562 1531 1630 episcopi
1562 1572 1616 1615 et
1643 1563 1912 1632 martyris.
1957 1563 2023 1615 Et
2053 1564 2102 1615 in
2133 1579 2265 1631 pago

705 1656 1046 1709 Viunnoeuse
1082 1651 1250 1706 sancti
1299 1653 1555 1706 Vualarici
1607 1653 1946 1720 confessoris,
1980 1655 2132 1724 cujus
2179 1669 2266 1710 se-

697 1747 937 1818 pulcrum
966 1744 1168 1799 crebris
1192 1743 1459 1797 miraculis
1487 1745 1800 1799 illustratur.

768 1843 832 1893 A.
859 1839 920 1892 ιν
947 1838 1080 1892 Non.
1105 1838 1374 1891 APRIL.-—-
1404 1835 1582 1889 Natale
1612 1836 1779 1888 saneti
1810 1835 1995 1890 Nicetii
2023 1835 2260 1905 episcopi

701 1929 1086 1998 Lugdunensis,
1111 1927 1261 1995 cujus
1291 1936 1344 1979 et
1374 1928 1476 1980 vita
1523 1926 1792 1979 miraculis
1817 1927 2029 1992 claruit,
2062 1937 2115 1980 et
2147 1942 2266 1996 pre-

699 2022 830 2074 tiosa
867 2034 1009 2073 mors
1041 2017 1380 2072 nihilominus
1427 2016 1697 2071 miraculis
1727 2018 2150 2072 commendatur.
2197 2019 2261 2072 Et

2295 763 2347 820 Α
2376 756 2520 808 ribus
2551 753 2601 806 in
2651 751 2885 804 custodia
2929 751 3159 818 socians,
3191 761 3328 807 tenta
3358 764 3436 808 est
3463 756 3528 808 ab
3559 755 3767 810 Urbano
3797 775 3928 824 prat-

2364 842 2524 905 fecto,
2556 851 2610 894 et
2638 841 2688 892 in
2717 839 2947 906 equuleo
2969 843 3227 904 cruciata,
3255 844 3445 898 deinde
3479 848 3614 898 ferro
3637 857 3846 910 Onusta,
3873 861 3926 903 ct

2376 935 2430 988 in
2522 943 2785 982 carcerem
2814 936 2978 996 trusa,
3027 931 3113 983 ubi
3145 933 3335 988 virtute
3383 935 3473 988 Dei
3503 939 3673 990 omnia
3720 939 3924 993 vincula

2363 1021 2478 1086 ejus
2503 1020 2736 1084 disrupta
2768 1029 2905 1071 sunt.
2939 1019 3061 1074 Post
3089 1023 3199 1076 hinc
3243 1038 3372 1077 saxo
3424 1027 3653 1096 alligata,
3701 1029 3750 1081 in
3782 1045 3926 1083 mare

2362 1123 2531 1164 mersa
2574 1119 2683 1172 est;
2737 1110 2828 1162 scd
2885 1125 3008 1163 mox
3067 1114 3344 1168 incolumis
3396 1117 3656 1170 littoribus
3701 1121 3923 1186 reddita,

2363 1200 2542 1254 bestiis
2574 1200 2627 1253 in
2659 1202 3053 1266 amphitheatro
3085 1215 3164 1257 est
3208 1206 3460 1274 projecta,
3492 1210 3582 1262 sed
3614 1211 3679 1263 ab
3721 1212 3801 1265 his
3850 1213 3928 1265 in-

2365 1299 2523 1355 tacta,
2579 1291 2885 1361 martyrium
2931 1294 3117 1360 capitis
3147 1294 3473 1351 abscissione
3522 1303 3825 1366 promeruit.
3872 1304 3926 1356 In

2363 1385 2560 1452 Africa,
2615 1386 2913 1455 Ampliiani,
2949 1388 3198 1452 Victoris,
3253 1396 3308 1443 et
3355 1389 3576 1444 aliorum
3610 1396 3928 1461 quatuorde-

2365 1479 2488 1544 cim,
2533 1487 2586 1532 et
2641 1480 2760 1531 alibi
2811 1479 3082 1544 Marcelli,
3114 1480 3408 1546 Saturnini,
3440 1482 3644 1550 Satulli,
3671 1485 3926 1555 Quiriaci,

2366 1567 2559 1636 reginae
2587 1565 2844 1622 Proculas.

2437 1658 2498 1712 Β.
2535 1659 2598 1712 Ill
2647 1659 2780 1713 Nos.
2836 1659 3024 1714 Arms.
3054 1689 3125 1700 —
3155 1660 3544 1717 Thessalonica
3592 1665 3764 1719 natale
3802 1679 3928 1721 san-

2365 1759 2566 1804 ctarum
2614 1751 2897 1821 virginum,
2934 1753 3128 1823 Agapis
3181 1764 3232 1808 et
3283 1751 3543 1818 Chionize,
3593 1758 3690 1811 sub
3720 1759 3925 1814 Diocle-

2367 1839 2531 1905 tiano,
2565 1857 2683 1909 Quae
2734 1843 2904 1910 primo
2955 1844 3006 1896 in
3059 1858 3274 1898 carcere
3305 1855 3605 1911 maceratae,
3653 1861 3829 1918 postea
3875 1853 3926 1905 in

2366 1929 2538 1998 ignem
2581 1933 2758 1985 missa:
2786 1942 2941 1999 sunt,
2969 1934 3060 1987 sed
3089 1933 3301 1988 intactae
3332 1951 3360 1987 a
3389 1935 3614 1991 ﬂammis
3659 1949 3774 2006 post
3798 1957 3924 1992 ora-

2369 2021 2566 2075 tionem
2595 2021 2659 2074 ad
2690 2023 2851 2076 Deum
2886 2023 3077 2090 fusam,
3104 2025 3310 2078 animas
3357 2026 3718 2081 reddiderunt.
3772 2033 3926 2099 Apud

697 2111 832 2177 apud
883 2108 1178 2162 Caesaream
1232 2107 1578 2175 Cappadocia
1618 2107 1790 2175 passio
1841 2118 2042 2162 sancta:
2093 2109 2268 2163 Theo-
2296 2100 2341 2161 Β
2369 2108 2640 2178 Scythiam
2671 2111 2936 2165 civitatem
2964 2111 3206 2178 Thomis,
3238 2116 3413 2169 natale
3462 2127 3760 2172 sanctorum
3794 2122 3928 2174 Eva-

693 2202 860 2255 dosize
913 2201 1129 2268 virginis
1150 2238 1165 2264 ,
1209 2215 1330 2268 quae
1365 2208 1601 2266 tempore
1626 2200 1938 2254 Diocletiani
1968 2215 2088 2255 cum
2119 2211 2267 2256 esset

698 2305 958 2346 annorum
989 2289 1173 2344 decem
1219 2298 1274 2343 et
1300 2297 1440 2354 octo,
1490 2288 1626 2343 ultro
1661 2303 1719 2342 se
1765 2290 1961 2343 sanctis
1992 2289 2264 2344 confesso-

2364 2199 2450 2268 gri
2483 2211 2537 2255 et
2569 2201 2807 2270 Benigni.
2860 2201 3015 2273 Apud
3063 2203 3470 2261 Tauromenium
3523 2207 3716 2264 Siciliae
3759 2211 3927 2267 sancti

2367 2291 2651 2348 Pancratii.

1957 2399 2180 2454 EDITIO
2221 2399 2718 2460 BOLLANDIANA.

767 2495 822 2551 ι.
851 2522 921 2536 --
950 2491 1234 2548 KALENDIS.
1281 2490 1337 2545 In
1367 2490 1743 2546 Thessalonica
1789 2490 1966 2546 natale
1995 2493 2021 2521 ⁸
2053 2493 2260 2560 Agapes

697 2596 756 2644 et
783 2586 1043 2650 Chioniae,
1078 2585 1177 2638 sub
1207 2583 1538 2637 Diocletiano
1567 2599 1580 2634 :
1613 2597 1728 2650 qua:
1758 2581 1928 2648 primo
1959 2581 2008 2633 in
2040 2595 2255 2635 carcere

701 2686 1003 2739 maceratae,
1036 2681 1216 2740 postea
1246 2670 1298 2724 in
1329 2673 1503 2738 ignem
1535 2671 1712 2723 missae
1743 2679 1902 2734 sunt;
1933 2669 2026 2723 sed
2053 2671 2262 2724 intacta:

696 2779 726 2818 a
770 2763 993 2817 ﬂammis
1043 2771 1160 2829 post
1201 2760 1494 2816 orationem
1539 2759 1604 2813 ad
1651 2759 1816 2814 Deum
1860 2759 2026 2813 fusam
2056 2759 2261 2814 animas

697 2853 1062 2908 reddiderunt.

771 2963 838 3015 V.
864 3002 881 3028 ,
930 2961 1112 3014 Natale
1161 2959 1408 3020 Paterni,
1450 2957 1746 3023 Quintiani,
1785 2957 2027 3012 Victuris.
2064 2958 2126 3013 Β.
2151 3000 2168 3026 ,
2202 2959 2260 3016 In

705 3032 935 3099 Egypto
967 3031 1142 3097 passio
1167 3029 1260 3083 SS.
1289 3028 1516 3099 Victoris
1540 3037 1593 3080 et
1617 3028 1891 3094 Stephani.
1927 3029 1982 3083 ltt
2009 3030 2260 3087 Armenia

701 3097 872 3157 natale
902 3104 995 3156 SS.
1030 3099 1263 3164 Partini,
1293 3097 1594 3163 Quintiani,
1630 3099 1880 3153 Secundi.

698 3233 702 3242 ν
765 3216 820 3270 2.
849 3243 920 3257 --
952 3213 1014 3269 lV
1047 3210 1247 3268 Nonas.
1280 3211 1441 3265 Vacat
1471 3211 1648 3266 Bmda.

761 3303 949 3360 Florus
987 3303 1038 3357 in
1069 3303 1134 3356 A.
1166 3302 1228 3355 T.
1261 3300 1345 3366 L.,
1399 3299 1654 3370 Lugdune
1709 3301 1883 3356 natale
1937 3301 1996 3358 S.
2027 3302 2056 3342 ι’
2086 3303 2254 3360 Niceti
2285 3313 2329 3376 ρ

693 3392 927 3463 episcopi
957 3401 1011 3448 et
1039 3390 1400 3446 confessoris:
1453 3392 1540 3459 qui
1589 3392 1670 3443 vir
1716 3394 1877 3446 totius
1922 3394 2250 3459 sanctitatis,

693 3481 1111 3538 conversationis
1159 3479 1512 3545 castissimae,
1561 3479 1841 3533 charitatis
1888 3481 2099 3537 eximiae
2146 3484 2252 3538 vita

696 3575 1001 3645 perfunctus
1031 3579 1134 3625 est.

767 3663 850 3729 D.,
896 3663 1137 3715 Caesarea
1167 3659 1516 3733 Cappadocia:
1570 3670 1597 3733 ἦ
1638 3661 1953 3716 Theodosia
2003 3664 2243 3733 virginis.

691 3735 782 3796 V.,
817 3735 874 3785 ln
905 3733 1076 3785 Africa
1109 3731 1324 3782 Amsani
1349 3771 1363 3792 ,
1399 3731 1630 3784 Victuris
1671 3740 1725 3783 et
1764 3733 1989 3785 aliorum
2035 3731 2242 3788 decem.

693 3802 760 3857 Et
790 3800 1039 3855 Marcelli.
1071 3799 1153 3864 8.,
1193 3798 1246 3852 In
1283 3799 1456 3852 Africa
1487 3801 1661 3852 natale
1687 3800 1784 3854 SS.
1813 3801 2088 3868 Amphiani
2110 3843 2124 3866 ,
2155 3803 2248 3856 Vi-

691 3873 852 3927 ctoris
882 3879 935 3925 et
962 3871 1182 3923 aliorum
1215 3883 1329 3922 xu.
1373 3869 1436 3924 Et
1477 3869 1599 3923 alibi
1631 3870 1958 3938 Marcellini,
2005 3873 2241 3937 Quiriaci

2370 2508 2487 2547 cum
2537 2494 2655 2547 aliis
2701 2509 2818 2549 sex.
2854 2495 3112 2563 Lugdune
3156 2495 3340 2552 Gallim
3379 2499 3638 2562 depositio
3666 2499 3724 2557 S.
3756 2486 3923 2556 Niceti

2369 2564 2635 2635 episcopi.
2661 2564 2747 2627 T.,
2798 2566 2996 2619 Eodem
3028 2568 3111 2620 die
3151 2567 3381 2621 Luxovio
3418 2570 3673 2635 depositio
3716 2571 3926 2625 Ensehii

2367 2633 2592 2686 abbatis.
2614 2634 2702 2698 A.,
2724 2636 2920 2690 Eodem
2944 2638 3027 2690 die
3048 2638 3230 2690 natalis
3252 2638 3309 2692 S.
3335 2637 3360 2676 ἀ
3383 2633 3556 2694 Maria:
3579 2638 3923 2712 Egyptiacae.

2436 2723 2490 2778 5.
2518 2753 2588 2764 —
2615 2724 2682 2778 Ill
2709 2725 2908 2780 Notus.
2947 2727 3106 2781 Vacat
3136 2727 3310 2782 Baeda.

2438 2811 2625 2867 Florus
2661 2814 2714 2866 in
2765 2816 2830 2868 A.
2889 2815 2951 2869 T.
3009 2815 3108 2880 L.,
3149 2817 3329 2872 Romae
3369 2817 3423 2874 S.
3461 2827 3482 2854 ε
3513 2818 3642 2873 Sixti
3685 2835 3826 2889 papa:
3867 2831 3923 2877 et

2369 2904 2618 2972 martyris
2643 2904 2729 2972 qui
2768 2901 2786 2942 ί
2819 2904 2963 2977 [dum
2993 2906 3256 2961 cathedrae
3281 2908 3337 2961 Β.
3370 2907 3506 2962 Petri
3537 2909 3714 2963 Roma:
3740 2912 3926 2965 decem

2369 2992 2524 3047 annis
2553 2994 2895 3063 praesideret,
2923 2997 3197 3050 conStituit
3225 3006 3280 3050 ut
3305 2997 3438 3050 intra
3465 2999 3720 3052 actionem
3751 3015 3928 3054 sacer-

2367 3081 2468 3138 dos
2500 3082 2757 3153 incipiens
2795 3085 2986 3154 populo
3017 3087 3264 3155 hymnum
3293 3085 3614 3155 decantaret,
3641 3088 3883 3144 videlicet
3909 3108 3922 3142 :

2364 3171 2614 3240 Sanctus,
2644 3185 2877 3240 sanctus,
2909 3185 3125 3230 sanctus
3172 3174 3423 3230 Dominus
3472 3177 3608 3230 Deus
3656 3178 3920 3245 Sabaoth,

2370 3261 2515 3334 etc.]
2559 3265 2920 3335 martyrioque
2965 3275 3248 3321 coronatur
3295 3276 3531 3337 tempore
3578 3268 3698 3323 Veri
3725 3278 3778 3324 et
3806 3271 3921 3324 An«

2362 3352 2547 3408 niculi.
3625 3363 3634 3368 '

2431 3477 2519 3548 1).,
2549 3476 3244 3548 Thessalonicmivirginum
3273 3488 3306 3548 is
3337 3480 3542 3548 Agapes
3572 3487 3625 3534 et
3663 3476 3920 3536 Chionite.

2363 3547 2424 3618 V.
2451 3547 2545 3618 β..
2581 3548 2632 3600 1η
2663 3548 2907 3601 Caesarea
2953 3547 3244 3603 Palaestina:
3271 3547 3300 3585 ¹ι
3327 3547 3634 3604 Theodosia:
3663 3550 3874 3618 virginis
3907 3567 3920 3603 :

2361 3616 2412 3670 In
2448 3616 2748 3670 Nicomedia
2781 3619 2988 3672 Donati.
3041 3619 3103 3672 T.
3135 3621 3198 3671 A.
3246 3619 3328 3680 L.,
3376 3619 3430 3672 In
3475 3621 3710 3674 Caesarea
3749 3616 3920 3673 Palae-

2359 3687 2510 3738 stina:
2536 3687 2709 3741 natale
2739 3687 2795 3739 S.
2829 3687 3139 3741 Theodosia
3170 3689 3406 3742 viminis.
3457 3690 3519 3742 Et
3541 3692 3588 3742 in
3618 3689 3788 3742 Sicilia
3821 3704 3922 3741 na-

2357 3755 2583 3828 tale‘SS.
2628 3757 2916 3828 Evargriiget
2961 3757 3197 3828 B_enigni.
3255 3755 3311 3810 Β.
3362 3758 3443 3820 C.,
3473 3759 3524 3811 In
3565 3758 3788 3813 ‘Cilicia
3836 3756 3919 3828 lC,

2354 3824 2568 3906 'S‘ic‘i‘lial
2606 3826 2922 3906 nzgtalenSS.
2973 3825 3481 3906 Tltonmze,_Evagri._
3519 3829 3598 3891 8.,
3652 3824 3918 3897 Benigne,

2353 3892 2496 3955 Ruli,
2531 3892 2760 3949 Patricii.
2789 3895 2853 3949 Et
2879 3894 3052 3964 passio
3076 3897 3132 3951 S.
3159 3898 3175 3946 i
3212 3892 3484 3966 Ampriani
3511 3908 3772 3968 martyris.

2087 3985 2290 4042 SMITH
2329 3982 2554 4040 NOTAE.

765 4087 789 4110 '
821 4080 1044 4150 Agapes.
1077 4077 1168 4132 ιιω
1199 4085 1460 4147 martyres
1491 4075 1542 4132 in
1574 4075 1882 4150 ljieronymi
1902 4076 2246 4150 ‘Martyrolo—

690 4152 782 4220 gio
807 4147 1076 4220 Heracleae
1097 4150 1342 4220 dicuntur
1369 4162 1554 4220 passae.
1582 4147 1657 4220 De
1679 4148 1997 4220 martyribus
2019 4148 2254 4220 ejusdem

683 4216 914 4276 nominis
941 4218 1520 4271 Thessalonicensibus
1550 4217 1668 4269 vide
1697 4216 1833 4270 infra
1867 4217 1898 4267 5
1928 4218 2122 4270 Martii.

753 4289 780 4327 δ
815 4287 1010 4341 Niceti.
1042 4285 1209 4339 Nobili
1240 4301 1438 4353 genere
1471 4285 1557 4352 qui
1590 4295 1767 4350 natus,
1799 4287 2027 4340 clericus
2063 4285 2256 4339 litteris

2355 4074 2642 4146 juvenibus
2687 4075 2886 4144 aliquot
2929 4076 3346 4146 Hierosolymam
3391 4077 3634 4146 navigat,
3667 4078 3914 4145 turpiter-

2361 4160 2461 4216 que
2495 4145 2546 4200 in
2577 4144 2766 4216 itinere
2795 4152 2850 4199 et
2881 4148 2930 4199 in
2977 4147 3104 4200 urbe
3145 4144 3322 4199 sancta
3370 4161 3429 4200 se
3475 4144 3667 4216 gessit,
3701 4144 3830 4202 adeo
3856 4159 3915 4202 ut

2363 4213 2487 4285 hora
2521 4214 2815 4267 exaltandte
2865 4217 3036 4269 crucis
3081 4219 3330 4285 templum
3380 4213 3676 4285 ingressura
3722 4218 3912 4284 Maria,

2361 4284 2556 4350 sarpius
2595 4286 2804 4351 repulsa
2846 4296 2967 4349 est;
3015 4287 3238 4352 denique
3287 4283 3510 4355 fatigata
3549 4283 3910 4355 indignitatem

681 4358 920 4431 eruditus
939 4356 1378 4431 ,‘presbyterque
1407 4357 1599 4431 factus.
1649 4356 1711 4431 S._
1745 4356 2006 4431 Sacerdos
2045 4355 2257 4431 Lugd-u-
2283 4371 2334 4431 υ
2361 4368 2509 4431 suam
2539 4357 2808 4431 agnoscit,
2837 4365 2891 4431 et
2918 4370 3093 4431 coram
3125 4357 3348 4431 imagine
3383 4360 3438 4431 t5.
3475 4354 3702 4431 Virginis
3729 4371 3912 4431 emen-

687 4430 870 4483 nensis
895 4427 1182 4491 episcopus
1211 4438 1330 4477 cum
1365 4424 1524 4477 morti
1561 4424 1836 4490 proximus
1867 4425 1996 4489 fuit,
2033 4441 2062 4477 a
2103 4424 2252 4478 Chil-

682 4499 904 4552 deherto
955 4495 1138 4561 petivit
1191 4507 1346 4560 rege,
1397 4500 1454 4545 ut
1497 4491 1738 4546 Nicetius
1781 4492 1832 4544 in
1875 4507 2028 4547 suum
2077 4496 2250 4548 locum

683 4569 1138 4628 canstitueretur;
1169 4572 1219 4616 et
1246 4565 1313 4615 ita
1348 4574 1468 4630 post
1499 4563 1559 4615 S.
1593 4562 1968 4629 Sacerdmem,
2016 4563 2251 4618 Nicetius

679 4645 890 4692 creatus
918 4633 1017 4688 fuit
1049 4647 1160 4686 xxv
1210 4631 1494 4700 episcopus
1543 4631 1933 4699 Lugdunensis.
1983 4633 2250 4688 Miraculis

679 4718 853 4762 autem
883 4714 936 4759 et
967 4704 1113 4756 vivus
1143 4711 1196 4756 et
1244 4712 1488 4754 mortuus
1533 4702 1855 4756 coruscavit.
1916 4702 2059 4757 Obiit
2103 4704 2247 4758 circa

677 4791 764 4830 an.
798 4777 921 4828 570.
956 4773 1176 4825 Gbinius
1221 4773 1498 4825 Senensis.

749 4855 771 4882 ⁸
804 4844 1121 4896 Theodosia.
1165 4840 1298 4894 Cum
1342 4842 1559 4908 quintus
1593 4840 1706 4909 jam
1747 4855 1919 4895 annus
1967 4841 2250 4896 Diocletia-

680 4930 796 4969 ηοω
845 4912 1225 4979 persecutionis
1268 4910 1593 4981 volveretur,
1649 4911 1946 4963 'l'heodosia
1989 4915 2137 4981 virgo
2181 4927 2248 4966 ex

677 4984 807 5038 urbe
836 4984 976 5052 Tyro
1007 4981 1247 5052 oriunda,
1285 4980 1526 5052 nondum
1553 4981 1851 5052 octodecim
1885 4996 2052 5034 annos
2083 4980 2203 5052 nata
2229 5025 2243 5047 ,

679 5054 745 5107 ad
780 5049 981 5106 vinctos
1019 5049 1276 5117 quosdam
1320 5049 1588 5114 accessit,
1637 5049 1727 5115 qui
1771 5057 1893 5100 ante
1941 5051 2246 5115 prator-ium

680 5123 957 5176 sedebant.
1008 5120 1122 5186 Quo
1172 5120 1348 5180 facto,
1403 5128 1654 5184 correpta
1701 5133 1729 5168 a
1779 5119 2031 5172 militibus
2077 5119 2247 5172 dedu-

607 5216 610 5218 ·
681 5195 819 5246 citur
847 5194 909 5244 ad
944 5189 1240 5256 praesidem.
1291 5188 1384 5240 Ille
1427 5187 1712 5239 confestim
1744 5200 1862 5238 cum
1893 5202 2010 5240 eam
2041 5190 2245 5242 acerbis

680 5263 956 5317 tormentis
984 5259 1342 5312 excruciasset
1365 5298 1378 5319 ,
1412 5266 1465 5308 et
1498 5259 1661 5308 latera
1698 5256 1859 5320 ipsius
1907 5271 1969 5310 ac
2020 5258 2242 5325 papillas

677 5335 742 5384 ad
776 5332 887 5398 ipsa
917 5344 1081 5396 usque
1111 5342 1230 5379 ossa
1282 5327 1474 5398 ferreis
1521 5325 1732 5390 ungulis
1778 5334 2088 5398 exarasset,
2136 5328 2246 5394 spi-

677 5395 882 5454 rantem
913 5395 1084 5452 adhuc
1114 5406 1165 5451 et
1198 5399 1318 5449 Iacto
1348 5395 1494 5448 vultu
1521 5405 1709 5447 cnncta
1746 5395 2056 5447 tolerantem
2081 5435 2095 5457 ,
2130 5411 2242 5447 ma-

677 5468 1080 5524 rinistlnctibus
1111 5469 1273 5534 mergi
1317 5466 1502 5532 jussit.
1552 5463 1752 5517 Euseb.
1805 5462 1871 5516 de
1923 5464 2244 5532 Martyribus

677 5538 966 5592 Palmstinaa
996 5552 1111 5602 cap.
1146 5537 1198 5588 7.

755 5609 779 5645 ά
803 5607 1003 5660 Mariae.
1037 5600 1337 5658 Duodennis
1365 5603 1476 5656 haec
1504 5601 1736 5655 deseruit
1769 5600 2244 5668 parentes,etAle-

686 5679 922 5734 xandriac
952 5691 1044 5744 per
1070 5689 1243 5730 annos
1274 5676 1334 5727 t7
1370 5672 1578 5743 publica
1621 5674 1875 5727 meretrix
1924 5673 2072 5729 vixit.
2114 5673 2242 5726 Cum

2364 4424 2634 4476 dationem
2686 4424 2919 4490 pollicita
2964 4427 3254 4492 ingressum
3297 4424 3520 4477 obtinet.
3563 4425 3696 4476 Tum
3727 4427 3912 4492 gratiis

2359 4493 2601 4558 Deiparze
2631 4491 2784 4556 actis,
2819 4491 3324 4546 monitaJordanem
3356 4493 3595 4552 transire.
3619 4504 3720 4546 tres
3741 4491 3909 4560 panes

2356 4565 2579 4615 assumit
2608 4562 2657 4614 in
2685 4563 2929 4615 viaticum
2955 4579 2967 4626 ;
2995 4573 3047 4616 et
3073 4566 3418 4616 sacramentis
3446 4566 3648 4615 munita
3675 4579 3908 4617 eremum

2368 4634 2528 4699 petit,
2564 4631 2738 4698 ibique
2768 4631 2896 4684 vivit
2924 4633 3077 4684 annis
3115 4633 3179 4682 47
3215 4651 3225 4683 :
3271 4644 3528 4684 mortuam
3572 4633 3794 4699 denique
3833 4648 3910 4686 se-

2365 4704 2488 4768 pelit
2519 4701 2575 4755 S.
2607 4701 2816 4753 Zosima
2849 4703 3138 4770 monachus
3168 4702 3254 4768 qui
3287 4701 3452 4754 Vitam
3477 4703 3587 4768 ejus
3613 4702 3903 4770 descripsit.

2353 4772 2498 4826 Obiit
2522 4770 2661 4823 circa
2691 4785 2778 4822 an.
2813 4769 2938 4822 521.
2973 4775 3100 4823 Acta
3131 4773 3266 4836 apud
3304 4771 3538 4822 Bolland.

2442 4843 2465 4906 ξ
2497 4841 2654 4892 Sirti.
2691 4839 2782 4892 Vel
2815 4837 2994 4906 Xysti,
3026 4843 3090 4892 de
3118 4857 3222 4906 quo
3255 4841 3371 4892 vide
3402 4840 3529 4892 infra
3559 4840 3590 4889 ti
3619 4839 3829 4906 Aprilis.

2441 4900 2461 4939 τ
2505 4908 2769 4961 Interdum
2823 4900 3088 4962 cathedra:
3136 4900 3186 4962 et
3241 4911 3506 4974 Sabaoth,
3562 4900 3678 4962 etc."
3721 4912 3908 4964 desunt

2349 4979 2522 5032 omnia
2556 4980 2607 5030 in
2637 4979 2694 5031 L.

2427 5057 2451 5092 κ
2476 5050 2692 5115 Agapes.
2725 5047 2797 5100 De
2826 5047 2904 5099 his
2937 5047 3053 5101 vide
3083 5045 3347 5101 Kalendas
3379 5047 3590 5112 Aprilis.
3625 5049 3795 5102 Primo
3825 5049 3908 5102 ha:

2351 5130 2565 5170 sorores
2598 5117 2827 5169 Dulcicio
2879 5119 3082 5184 prinsiili
3120 5129 3466 5184 ptzesetttataa,
3517 5119 3604 5184 qui
3651 5121 3899 5170 divinitus

2352 5196 2499 5239 actus
2531 5197 2610 5239 est
2643 5187 2693 5238 in
2723 5190 2975 5240 insaniam
3004 5204 3018 5252 ;
3068 5200 3247 5255 postea
3276 5191 3376 5242 sub
3419 5188 3645 5241 Sisiiinio
3675 5190 3906 5256 praeside

2347 5266 2613 5308 COTOttalIB
2644 5267 2784 5307 SUlll.

2418 5323 2444 5360 ιι
2475 5323 2790 5376 Theodosia}.
2823 5323 2960 5394 Quae
2990 5327 3148 5378 etiam
3186 5326 3354 5394 pridie
3402 5327 3614 5393 colitur,
3662 5325 3793 5380 falso
3821 5335 3904 5379 ta-

2347 5408 2466 5446 men
2497 5395 2776 5445 ascribitur
2808 5393 3065 5448 Caesarea:
3099 5397 3147 5446 in
3181 5393 3529 5463 Cappadocia.

2425 5463 2652 5515 *Sietlia
2697 5491 2766 5502 —
2810 5465 3009 5519 Cilicia.
3063 5467 3213 5527 Ado,
3271 5467 3574 5527 Usuardus,
3623 5463 3904 5527 Notkerus,

2349 5532 2502 5584 Bmda
2533 5545 2785 5596 cxcusus,
2831 5535 2882 5585 In
2916 5534 3154 5599 Scythia,
3189 5536 3404 5586 civitate
3439 5535 3672 5587 Themis.

2421 5601 2435 5650 i
2474 5601 2754 5674 Ampriqm'.
2803 5602 2999 5656 Forsan
3049 5606 3129 5656 hic
3177 5604 3314 5655 idem
3342 5616 3422 5657 est
3449 5619 3568 5659 cum
3613 5603 3911 5674 Antpbiano

2351 5682 2582 5739 martyre
2611 5671 2757 5738 Afro,
2791 5674 2874 5741 qui
2909 5674 3076 5743 pridie
3097 5675 3415 5729 celebratur.
