4240 6520
662 344 667 373 ῖ
696 334 797 389 879

1405 339 1606 393 ΒΕυᾸΞ
1652 338 2101 394 VEAERABILIS
2139 341 2292 395 OPP.
2337 341 2514 396 PARS
2556 342 2641 397 IV.
2676 377 2747 387 —
2788 346 3169 400 llISTUIlICA.

3860 347 3964 404 880

1966 450 2191 507 EDITIO
2228 452 2687 511 COLUNIENSIS.

693 554 845 612 pater
874 545 991 613 ejus
1018 543 1342 612 Leovigildis
1383 557 1472 596 rex
1506 582 1521 605 ,
1566 544 1793 598 Arianns
1817 584 1833 609 ,
1887 544 2182 599 Gothorum
2212 545 2280 599 ob
2306 557 2355 610 Α
2388 556 2517 602 tum.
2576 549 2641 602 Et
2690 550 2740 601 in
2777 547 3043 617 Hispaniis
3093 548 3303 601 civitate
3330 544 3732 617 Ca‘saraugusta
3785 557 3962 607 natale

692 635 815 691 fidei
845 635 1117 690 catholica:
1148 632 1539 689 confessionem
1566 635 2026 704 inexpugnabilem
2060 636 2265 702 videns,

691 727 745 779 in
785 739 1053 779 carcerem
1088 737 1139 776 et
1170 723 1371 778 vincula
1426 723 1696 790 conjecit,
1752 725 1836 777 ubi
1887 734 2041 778 nocte
2084 736 2265 779 saneta

686 815 977 870 Dominicaa
1022 814 1425 868 [CSUI'I'CCIiODii
1457 814 1609 883 jussu
1652 813 1837 882 perﬁdi
1888 815 2050 881 patris
2092 816 2264 869 securi

688 920 990 971 percussus,
1019 922 1239 974 regnum
1267 914 1488 960 eue‘este
1511 920 1605 972 pro
1637 914 1849 958 terreno
1871 920 1959 958 rex
1986 915 2040 959 et
2067 915 2268 975 martyr

683 995 920 1051 intravit.
954 998 1006 1051 ln
1036 1000 1253 1053 civitate
1282 995 1602 1052 Cltalcidona
1634 997 1807 1051 natale
1828 996 2135 1064 Euphetnize
2165 1012 2266 1051 VII"

679 1085 819 1154 ginis
847 1096 902 1141 et
926 1089 1193 1155 martyris.

752 1177 813 1232 F.
846 1177 1005 1232 XVIll
1032 1178 1165 1233 ΚΑι..
1201 1177 1345 1232 Man.
1375 1207 1442 1217 --
1477 1177 1658 1232 Roma:
1683 1179 1763 1233 via
1794 1177 1961 1248 Appia
1991 1178 2041 1231 in
2069 1191 2266 1231 cmme-

679 1272 816 1327 terio
846 1272 1151 1326 Praetextati
1186 1272 1359 1326 natale
1389 1281 1701 1326 sanctorum
1743 1282 2033 1339 martyrum
2062 1268 2261 1323 Tibur-

680 1364 761 1431 tii,
813 1363 1075 1418 Valeriani
1130 1372 1186 1419 et
1227 1363 1460 1427 Maximi,
1515 1362 1615 1416 sub
1657 1362 1933 1418 Almachio
1981 1360 2260 1430 pra-fecto,

683 1470 907 1521 quorum
940 1455 1094 1524 primi
1124 1455 1352 1510 fustibus
1377 1455 1502 1509 caesi
1542 1465 1595 1509 et
1645 1453 1822 1525 gladio
1848 1462 1969 1506 sunt
2000 1452 2260 1520 percussi,

644 1547 898 1602 nultimus
928 1548 1108 1602 tandiu
1143 1548 1425 1615 plumbatis
1455 1547 1765 1601 verberatus
1792 1556 1875 1599 est
1900 1585 1915 1609 ,
1957 1546 2127 1598 donec
2155 1545 2262 1613 spi-

652 1640 841 1693 ‘ritutn
873 1639 1139 1694 redderet.
1189 1638 1507 1692 lnteramnls
1546 1637 1712 1691 sancti
1746 1635 1952 1689 Proculi
1987 1634 2257 1703 martyris.

676 1728 807 1783 item
838 1739 1035 1783 sancta:
1063 1728 1283 1783 Domnae
1307 1728 1530 1797 virginis
1550 1769 1566 1791 ,
1618 1743 1737 1781 cum
1784 1727 1941 1780 sociis
1967 1725 2259 1795 virginibus

678 1828 970 1875 coronatae.
1004 1819 1337 1874 Alexandria
1370 1820 1510 1872 beati
1536 1818 1821 1873 Frontonis
1843 1818 2071 1881 abbatis,
2105 1817 2261 1886 cujus

2372 650 2677 693 sanctorum
2725 650 3061 710 martyrum,
3113 639 3321 698 (lbtati.
3374 638 3640 705 Luperci,
3686 638 3955 707 Successi,

2372 728 2650 793 Martialis,
2681 728 2901 791 Urbani,
2934 728 3082 794 Julii,
3109 729 3443 793 O-tintiliani,
3487 728 3691 791 Publii,
3722 730 3955 786 Fronto-

2370 820 2474 884 nis,
2509 819 2723 884 Felicis,
2754 819 3031 884 Ceciliani,
3068 819 3237 881 Evoti,
3283 816 3564 881 Primitivi,
3592 810 3873 886 Apodemi,
3903 835 3954 875 et

2367 909 2693 978 reliquorum
2725 920 2974 978 quatuor,
3000 914 3087 978 qui
3117 924 3303 964 omnes
3332 909 3606 964 Saturnini
3639 913 3807 967 vocati
3831 930 3953 968 esse

2367 997 2697 1053 referuntur.
2752 999 2900 1064 Apud
2953 998 3150 1051 Italiam
3191 999 3365 1051 natale
3410 1013 3713 1053 sanetorum
3746 1012 3946 1073 marty-

2366 1101 2480 1139 rum
2505 1128 2520 1153 ,
2575 1088 2833 1152 Romani,
2872 1088 3187 1158 Eutychetis
3214 1099 3262 1140 et
3302 1087 3590 1154 Victorini,
3620 1104 3751 1156 quos
3780 1089 3947 1144 Aure-

2368 1174 2539 1229 lianus
2567 1192 2659 1247 per
2690 1178 2833 1231 varia
2869 1186 3129 1231 tormenta
3163 1177 3328 1231 occidi
3358 1177 3499 1230 fecit.

2442 1270 2506 1320 A.
2543 1268 2653 1320 XVI
2687 1268 2927 1323 Kauzan.
2962 1270 3109 1323 Man.
3144 1297 3213 1308 ——
3242 1268 3391 1336 Apud
3422 1268 3731 1323 Corinthum
3760 1270 3945 1325 Calisti

2370 1369 2425 1413 et
2450 1356 2654 1424 Carifli,
2686 1375 2804 1413 cum
2835 1361 2952 1412 aliis
2982 1370 3217 1428 septem,
3258 1359 3492 1412 omnium
3524 1362 3573 1413 in
3619 1376 3765 1415 mare
3803 1378 3948 1416 mer-

2365 1465 2571 1504 sornm.
2605 1450 2788 1503 Romae
2815 1451 2984 1504 sancti
3019 1452 3221 1504 Aniceti
3266 1466 3433 1518 papae,
3463 1453 3551 1520 qui
3592 1454 3725 1506 sedit
3752 1456 3800 1507 in
3827 1458 3941 1523 epi-

2363 1550 2582 1607 scopatu
2632 1556 2799 1594 annos
2844 1542 3122 1605 undecim,
3172 1550 3227 1596 et
3277 1546 3614 1612 temporibus
3660 1546 3844 1600 Severi
3892 1560 3945 1601 et

2362 1633 2521 1687 Marci
2551 1634 2819 1702 martyrio
2868 1646 3172 1699 coronatus,
3213 1636 3451 1704 sepultus
3489 1647 3573 1691 est
3603 1639 3653 1691 in
3685 1649 3943 1695 cremete-

2364 1721 2441 1776 rio
2464 1722 2669 1777 Calisti.
2712 1724 2809 1778 Hic
2860 1728 3157 1791 constituit,
3186 1734 3243 1779 ut
3268 1726 3443 1781 clerus
3471 1742 3679 1782 comam
3710 1744 3812 1785 nou
3845 1746 3941 1785 nu-

2365 1813 2535 1877 triret,
2567 1814 2858 1867 secundum
2890 1815 3133 1884 Apostoli
3167 1827 3513 1885 prmceptum.

656 1910 787 1962 ~vita
825 1911 1107 1963 sanctitate
1132 1916 1191 1963 et
1216 1908 1485 1962 miraculis
1511 1909 1715 1963 exstitit
1750 1909 1975 1978 gloriosa
2001 1949 2017 1974 ,
2072 1918 2127 1963 et
2162 1909 2253 1979 qui
2289 1899 2334 1961 Β
2432 1908 2494 1963 Β.
2536 1908 2628 1963 XV
2676 1909 2913 1964 Kxcsxo.
2974 1910 3118 1966 Man.
3168 1940 3239 1952 —
3284 1913 3433 1980 Apud
3478 1912 3708 1966 Africam
3762 1916 3939 1971 natale

652 2002 1003 2071 septuaginta
1038 1998 1202 2054 ferme
1231 2009 1380 2069 pater
1407 2000 1608 2053 exstitit
1636 2000 2038 2055 monachorum.

736 2094 808 2148 ιϐ.
846 2094 985 2149 XVII
1030 2095 1161 2150 ΚΑι..
1195 2095 1341 2149 Man.
1367 2124 1435 2134 -—
1459 2094 1515 2147 In
1553 2094 1765 2148 civitate
1801 2092 2049 2147 Corduba
2082 2091 2258 2149 natale

658 2180 1006 2253 Olympiadis
1048 2193 1103 2238 et
1140 2184 1347 2238 Maximi
1378 2184 1632 2237 nohilium
1660 2225 1674 2248 ,
1728 2184 1816 2252 qui
1847 2183 2067 2252 jubente
2101 2185 2258 2238 Decio

678 2272 907 2328 fustibus
934 2275 1078 2339 cmsi,
1107 2286 1159 2330 et
1182 2275 1371 2330 deinde
1396 2274 1699 2345 plumbatis,
1726 2276 1790 2330 ad
1819 2276 2060 2331 ultimum
2082 2274 2255 2344 capita

646 2384 857 2425 «eorum
889 2371 1164 2426 securibus
1218 2381 1331 2426 tusa
1369 2380 1515 2435 sunt,
1564 2370 1735 2426 donec
1764 2370 2069 2425 emitterent
2095 2368 2253 2439 spiri-

2359 2000 2527 2055 sancti
2556 2000 2853 2070 Mappalici,
2888 2002 2975 2070 qui
3006 2018 3125 2055 cum
3153 2001 3270 2056 aliis
3301 2003 3542 2071 pluribus
3571 2006 3823 2074 martyrio
3850 2021 3941 2060 co-

2360 2099 2579 2144 ronatus
2630 2100 2733 2144 est.
2784 2090 2982 2145 Scribit
3030 2092 3213 2146 beatus
3262 2091 3559 2162 Cyprianus
3609 2096 3661 2148 in
3714 2097 3935 2162 epistola

2359 2183 2520 2237 multa
2550 2182 2618 2237 de
2676 2183 2788 2237 illo.
2832 2183 2985 2248 Apud
3030 2185 3366 2239 Antiochiam
3409 2186 3586 2241 natale
3633 2197 3937 2243 sanctorum

2359 2277 2500 2332 Petri
2520 2277 2727 2333 diaconi
2751 2289 2805 2333 et
2832 2278 3200 2346 Hermogenis.
3229 2278 3446 2333 Viennae
3467 2281 3639 2335 sancti
3666 2281 3937 2352 Pantagati

2367 2368 2623 2439 episcopi.
2654 2370 2711 2425 ltt
2742 2369 2915 2424 Africa
2946 2370 3217 2424 Fortunati
3244 2380 3294 2423 et
3325 2370 3595 2424 Marciani.

1904 2482 2131 2537 EDITIO
2172 2477 2674 2535 BOLLANDIANA.

747 2574 834 2628 M.
859 2603 926 2616 -—
948 2572 1111 2628 XVIII
1156 2574 1287 2628 ΚΜ..
1332 2574 1479 2628 Man.
1538 2574 1719 2627 Roma:
1751 2584 1775 2612 α
1805 2574 2057 2638 Tiburtii,
2090 2572 2249 2627 Vale-

674 2665 816 2720 riani
847 2674 899 2719 et
931 2665 1164 2731 Maximi,
1197 2664 1592 2733 subAlmachio
1617 2663 1773 2719 Urbis
1798 2662 2083 2731 praefecto:
2114 2678 2251 2732 quo-

669 2773 787 2811 rum
834 2755 993 2826 primi
1044 2754 1273 2811 fustibus
1320 2758 1444 2810 εειξεί
1494 2766 1547 2810 et
1593 2756 1770 2824 gladio
1818 2766 1944 2811 sunt
1990 2758 2247 2825 percussi,

670 2850 887 2904 ultimus
921 2847 1102 2901 tandiu
1128 2847 1413 2916 plumbatis
1442 2849 1770 2911 verberatus,
1801 2852 1975 2901 donec
2004 2846 2247 2914 spiritum

668 2940 938 2996 redderet.

742 3053 826 3116 8.,
859 3050 1158 3113 Valeriani,
1190 3050 1415 3115 Quiriaci
1444 3092 1456 3112 ,
1501 3051 1697 3117 Ονιςιιί.
1753 3050 2074 3105 Interatnnre
2104 3050 2242 3105 Pro-

668 3123 796 3184 culi,
833 3120 859 3159 ³⁵
894 3121 1178 3175 Valentini.
1254 3121 1307 3176 In
1358 3120 1679 3175 Alexandria
1724 3123 1747 3152 ⁸
1808 3121 2086 3176 Frontoris
2133 3136 2247 3176 mo-

809 3193 821 3205 ο

666 3192 845 3247 nacht.

745 3305 832 3359 15.
880 3332 951 3345 -
1000 3282 1138 3357 XVII
1194 3301 1326 3356 KAL.
1400 3302 1455 3355 Iu
1508 3302 1717 3355 civitate
1759 3300 1987 3357 Cordula
2073 3282 2318 3357 natalcc

665 3395 1049 3467 “Olympiadis
1072 3405 1125 3450 et
1156 3394 1365 3449 Maximi
1398 3394 1651 3449 nobilium
1679 3411 1693 3449 :
1724 3395 1811 3463 qui
1830 3393 2054 3465 jubente
2080 3396 2242 3450 Decio

663 3489 892 3545 fustibus
921 3488 1047 3543 caesi
1101 3496 1155 3541 et
1201 3486 1391 3541 deinde
1424 3487 1730 3554 plumbatis,
1763 3487 1829 3540 ad
1857 3487 2107 3540 ultimutn
2141 3503 2238 3541 eo-

664 3591 785 3634 rum
820 3581 995 3650 capita
1037 3577 1311 3634 securibus
1358 3590 1504 3630 tunsa
1538 3584 1659 3630 sunt
1683 3620 1697 3643 ,
1730 3576 1900 3631 donec
1932 3580 2237 3633 emitterent

658 3675 926 3743 spiritum.

736 3787 821 3853 8.,
855 3784 910 3839 In
943 3784 1325 3855 Mesopotamia
1353 3783 1630 3848 Archelai,
1676 3781 1960 3855 Cypriani,
1996 3787 2017 3813 θ’
2046 3783 2234 3855 Dioge-

2358 2570 2439 2624 nis
2476 2584 2599 2624 cum
2649 2568 2852 2622 duobus
2902 2567 3175 2621 fratribus.
3228 2568 3281 2622 In
3317 2566 3335 2606 ί
3368 2569 3627 2637 Hispaniis
3670 2573 3929 2628 (Ia-sarem

2355 2642 2531 2711 passio
2561 2639 2656 2693 SS.
2709 2639 2954 2704 Luberti,
3002 2639 3246 2704 Apomidi
3275 2656 3395 2694 cum
3425 2641 3631 2695 duobus
3658 2642 3931 2699 fratribus.

2448 2728 2532 2783 I6.
2556 2756 2622 2771 --
2645 2727 2758 2783 XVI
2787 2727 2918 2782 KAL.
2953 2728 3111 2781 Vacat
3145 2730 3315 2782 Il:rda.

2429 2839 2513 2904 0.,
2547 2839 2862 2915 Corinthum
2893 2840 3162 2915 Ca_l_ixti_et
3203 2840 3391 2915 carisii
3420 2858 3539 2915 cum
3570 2844 3686 2899 a'iis
3716 2856 3924 2915 Septem

2354 2909 2405 2963 in
2439 2911 2569 2963 mari
2604 2925 2921 2963 mersorum.
2958 2911 3040 2971 V.,
3091 2912 3143 2963 in
3176 2912 3373 2965 Achaia
3417 2913 3674 2966 Corintho
3703 2909 3927 2970 civitate.

2354 2978 2542 3033 Calixti
2572 3022 2586 3044 ,
2618 2981 2886 3035 Leonidis.
2952 2981 3013 3033 Et
3050 2983 3225 3044 passio
3258 2990 3565 3037 sanctorum
3601 2989 3833 3039 omnium
3872 2992 3923 3039 in

2355 3050 2487 3103 mari
2520 3061 2830 3120 martyrum.
2869 3051 2951 3109 Β..
2986 3052 3038 3103 1η
3072 3053 3266 3105 Achaia
3296 3051 3555 3106 Corintho
3585 3057 3794 3109 civitate
3825 3073 3893 3109 na
3920 3090 3924 3093 η

2355 3120 2460 3190 [ale
2501 3121 2597 3174 SS.
2649 3122 2854 3181 Calisti,
2900 3124 3116 3181 Carissi,
3165 3122 3433 3183 Leonidis.
3479 3125 3647 3190 Lotte,
3705 3126 3921 3186 'l‘ertiw,

2350 3188 2666 3243 Christiana:
2689 3230 2705 3255 ,
2739 3191 2901 3243 Galla:
2929 3204 2980 3245 et
3014 3194 3308 3245 'I‘hcodortn
3339 3211 3351 3246 :
3407 3193 3457 3246 lti
3489 3188 3672 3249 omnes
3704 3199 3751 3249 io
3786 3201 3919 3250 mari

2351 3271 2474 3313 Sunt
2505 3264 2688 3315 mersi.
2747 3261 2801 3314 In
2832 3262 3138 3315 Mauritania
3179 3265 3353 3316 natale
3386 3263 3617 3319 Basilim.
3682 3267 3744 3318 Et
3767 3268 3917 3326 alihi,

2350 3332 2521 3399 natale
2549 3340 2573 3378 ε
2608 3331 2879 3384 Mauritani
2906 3370 2919 3393 ,
2978 3332 3210 3387 Fausdni
3257 3346 3309 3385 et
3357 3333 3595 3388 Luciani.
3626 3339 3688 3389 Α.
3719 3337 3779 3389 Τ.
3826 3336 3915 3399 L.,

2343 3398 2399 3473 In
2440 3402 2630 3473 Achaia
2669 3402 2922 3473 passioS.
2968 3400 3162 3473 Caliin
3194 3406 3467 3473 martyris.
3504 3406 3585 3468 L.,
3619 3415 3673 3457 et
3714 3398 3913 3459 Fausti.

2340 3472 2405 3521 A.
2462 3471 2549 3525 Τ..
2586 3472 2786 3522 Eodem
2836 3472 2923 3523 diu
2971 3472 3146 3525 natale
3187 3472 3289 3526 SS.
3340 3471 3519 3527 Fausti
3566 3485 3618 3528 et
3650 3477 3912 3530 Leonidis.

2337 3539 2399 3592 Τ.
2433 3539 2513 3605 L.,
2568 3542 2620 3593 In
2675 3556 2805 3608 pago
2832 3542 3222 3595 Constantieusi
3255 3543 3522 3611 depositio
3562 3546 3619 3600 S.
3650 3544 3675 3583 ιι
3704 3547 3913 3601 Paterui

2340 3611 2569 3677 episcotni
2602 3620 2657 3665 et
2683 3613 3025 3664 confessoris.

2412 3700 2495 3752 l7.
2519 3729 2578 3739 —
2613 3699 2699 3753 XV
2730 3700 2867 3753 ΚΜ..
2905 3701 3066 3755 VaCat
3097 3702 3273 3757 naida.

2404 3789 2494 3851 D.,
2525 3790 2672 3859 Apud
2706 3790 2936 3846 Africam
2970 3794 3027 3849 S.
3059 3792 3073 3829 ί
3103 3792 3397 3862 Mappalici.
3434 3794 3492 3847 υ.
3534 3795 3590 3850 V.
3628 3798 3688 3849 Α.
3720 3798 3778 3849 Τ.
3815 3798 3902 3860 L.,

2038 3896 2239 3951 SMITII
2279 3897 2508 3954 NOTAE.

740 3997 764 4024 α
796 3987 1035 4041 Tiburtii.
1057 3985 1327 4041 Tiburtius
1346 3996 1403 4043 et
1427 3986 1871 4052 Valerianusejus
1890 3984 2054 4041 frater
2073 4003 2235 4051 spon-

663 4074 859 4128 susque
888 4057 1216 4126 S.Ca2cilia3,
1243 4058 1310 4111 ab
1333 4060 1444 4125 ipsa
1477 4057 1683 4110 Caecilia
1717 4059 1779 4109 ad
1804 4059 1958 4128 Iidem
1989 4059 2231 4112 conversi

662 4127 817 4192 sunt;
849 4144 969 4183 cum
997 4136 1172 4182 autem
1200 4144 1230 4182 a
1263 4128 1552 4182 tortoribus
1587 4128 1651 4180 ad
1682 4128 1898 4181 domum
1931 4127 2145 4181 Maximi
2181 4134 2229 4181 in

660 4200 962 4255 custodiam
1010 4198 1157 4253 ducti
1202 4208 1414 4263 essent,
1467 4198 1670 4252 visione
1697 4200 1934 4264 angelica
1971 4198 2226 4252 Maximus

656 4271 820 4325 etiam
847 4282 1138 4322 conversus
1161 4308 1176 4331 ,
1228 4283 1412 4322 omnes
1438 4268 1537 4320 suh
1568 4270 1864 4320 Alexandro
1910 4268 2232 4333 imperatore

656 4340 799 4393 circa
830 4352 1025 4407 annum
1056 4336 1160 4391 29.9
1190 4340 1505 4407 martyrium
1531 4341 1823 4391 subierunt.
1879 4340 2079 4404 Septtlti
2110 4348 2232 4390 suttt

656 4409 738 4461 via
791 4408 959 4473 Appia
1014 4405 1065 4459 in
1124 4405 1433 4463 coemeterio
1494 4407 1816 4460 Prtetextati.
1878 4408 2021 4475 Ado,
2074 4408 2227 4460 Ila-da

654 4481 821 4547 vulg,
856 4474 1134 4547 Notlterus.

728 4542 771 4586 b'
796 4542 1065 4601 Valentini.
1113 4546 1310 4599 Forsan
1340 4542 1428 4600 hic
1457 4558 1537 4600 est
1569 4546 1987 4598 Iuteramncnsis
2017 4545 2223 4614 episco-

2343 3990 2595 4071 Apodemi
2623 4032 2638 4054 ,
2676 3992 2761 4062 qui
2788 3992 3160 4071 sttb_Dacia_no_
3181 3996 3405 4063 prteside
3430 3996 3480 4071 in
3512 3998 3662 4071 clade
3696 4001 3870 4057 Diocle

2341 4065 2514 4137 tiauea
2545 4077 2665 4137 cum
2698 4065 2965 4137 sexdecim
3004 4067 3123 4118 aliis
3149 4066 3446 4137 interempti
3471 4083 3611 4123 sunt.
3641 4070 3907 4128 Usuardos

2336 4143 2387 4185 et
2418 4133 2673 4204 Barouius
2702 4148 2796 4187 eos
2823 4136 3003 4187 colunt
3030 4138 3306 4204 postridie.

2411 4202 2770 4276 sMouritani.
2820 4204 2992 4276 Aliter
3032 4202 3327 4275 Marciani,
3376 4210 3610 4276 quicum
3653 4212 3903 4268 Faustino

2335 4283 2382 4324 et
2413 4272 2643 4325 Luciano
2690 4275 2828 4339 passi
2879 4283 3002 4327 sunt
3049 4292 3166 4327 cum
3221 4272 3339 4331 aliis
3369 4272 3418 4331 in
3452 4279 3621 4335 Ponto
3650 4284 3789 4339 Asia:
3819 4302 3902 4340 re-

2334 4344 2510 4414 gione.
2543 4345 2598 4394 S.
2635 4344 2936 4414 Hieronymi
2963 4344 3231 4410 Martyrol.

2408 4410 2433 4447 ιι
2468 4412 2702 4465 Paterni.
2753 4410 2850 4479 Qui
2900 4417 3192 4488 monachus
3239 4418 3405 4471 factus
3456 4430 3538 4473 est
3576 4420 3625 4474 in
3655 4425 3897 4488 pueritia,

2339 4493 2617 4558 provectus
2651 4495 2974 4558 tamencum
3024 4485 3080 4538 S.
3114 4488 3417 4541 Scubilione
3464 4491 3514 4543 in
3548 4485 3733 4558 pagum
3765 4485 3898 4547 Con;

2331 4556 2679 4605 stantiensmn
2733 4556 2999 4619 profectus
3025 4566 3141 4615 est,
3190 4568 3243 4609 et
3275 4558 3501 4612 Se~ciaci
3530 4556 3707 4614 dot-nit
3734 4564 3898 4618 idolo-

2332 4621 2493 4701 latras
2525 4625 2680 4701 Iidem
2705 4624 2921 4701 Christi.
2950 4624 3162 4701 peltinc
3191 4642 3219 4701 a
3249 4628 3305 4680 S.
3333 4626 3625 4701 Leontiano
3652 4634 3898 4701 episc0po

2328 4693 2759 4756 Constantieosi,
2810 4695 2898 4761 qui
2945 4694 3121 4747 ﬂoruit
3170 4699 3304 4750 eiica
3350 4713 3439 4749 an.
3470 4698 3596 4762 510,
3627 4693 3895 4757 ordinatus

2328 4774 2408 4814 est
2438 4764 2691 4815 daconus
2718 4773 2770 4815 et
2812 4764 3088 4833 presbyter
3117 4784 3126 4817 :
3161 4779 3208 4818 et
3239 4782 3330 4833 per
3370 4770 3607 4823 civitates
3645 4772 3871 4827 Constat]

2330 4832 2478 4907 tiam,
2532 4833 2768 4907 inuocas,
2819 4835 3206 4897 Cenomanum,
3241 4832 3541 4907 Abrincas,
3590 4841 3893 4902 Iiht'dOttOS.

2329 4905 2491 4976 inulta
2542 4902 2778 4954 fundavit
2827 4908 3173 4976 monasteria.
3234 4902 3681 4976 Septttageuarius
3722 4922 3893 4964 autem

2333 4973 2382 5046 in
2419 4976 2822 5046 Abrincense_tn_
2853 4973 3158 5046 episcopum
3215 4986 3297 5030 est
3341 4973 3663 5046 assultiptus.
3708 4982 3891 5035 Habuit

2331 5044 2673 5095 decessorein
2705 5042 2973 5111 Aigidium
2997 5084 3012 5105 ,
3042 5047 3131 5111 qui
3172 5062 3312 5099 anno
3335 5044 3435 5100 547
3466 5042 3688 5103 concilio
3720 5054 3885 5106 Aure-

2332 5112 2554 5166 liauensi
2603 5114 2956 5181 subscripsit,
3006 5115 3089 5167 cui
3139 5116 3347 5169 videtur
3394 5122 3717 5175 successisse
3755 5123 3891 5173 circ;-

2325 5196 2520 5235 annum
2548 5182 2653 5237 559
2672 5224 2685 5245 ,
2734 5198 2796 5235 ac
2826 5185 2946 5235 dein
2975 5185 3112 5237 circa
3137 5200 3331 5239 annum
3365 5188 3468 5241 556
3496 5190 3718 5244 concilio
3753 5191 3891 5244 Part-

2325 5254 2487 5305 siensi
2537 5256 2699 5325 tertio
2722 5255 3023 5325 interfuisse
3044 5295 3057 5318 ,
3112 5256 3428 5325 tandemque
3458 5275 3596 5310 anno
3629 5260 3728 5311 567i
3751 5262 3890 5314 diem

2325 5333 2625 5395 extremum
2651 5322 2847 5395 obiisse
2872 5326 2922 5375 in
2945 5324 3211 5389 Sesciaco,
3246 5322 3602 5395 uhi'sepultus
3633 5341 3729 5384 cst.
3765 5338 3889 5384 Acta

2326 5393 2462 5456 apud
2495 5392 2736 5445 Bolland.

2402 5460 2753 5539 Mappaliri.
2807 5463 3022 5539 Detquo
3077 5464 3368 5539 Cyprianus
3400 5469 3595 5539 scribit
3626 5470 3676 5523 in
3706 5472 3882 5539 epist..

2325 5546 2379 5599 p.
2406 5532 2464 5582 21
2494 5534 2621 5585 edit.
2669 5532 2839 5585 Oxon.
2881 5534 3065 5588 I’etrtts
3114 5532 3179 5588 de
3224 5535 3492 5590 Natalibus
3524 5542 3709 5593 horum
3740 5532 3883 5593 inar-

2325 5603 2517 5671 tyrium
2547 5604 2735 5676 asserit
2763 5614 3033 5669 peractum
3059 5606 3109 5657 in
3135 5605 3350 5676 civitate
3376 5607 3705 5676 Tagastensi.
3729 5611 3882 5663 Tent-

2344 5672 2721 5747 ius__inartyrii_
2759 5677 3008 5747 statuitur
3055 5690 3082 5726 a
3140 5675 3365 5747 Baronio
3413 5672 3476 5730 iii
3512 5681 3882 5747 persecutione

2370 5742 2491 5808 ecii,
2527 5753 2645 5811 post
2676 5742 2787 5810 ejus
2819 5745 3020 5798 caedem
3048 5746 3371 5799 continuata.

655 4634 754 4690 pus
785 4619 852 4690 de
878 4634 980 4685 quo
1013 4618 1185 4690 agitur
1217 4631 1299 4690 xiv
1330 4616 1488 4690 [βεινγ.

730 4699 753 4729 ε
788 4684 1081 4741 Fro'tttaris.
1120 4687 1332 4739 Rectius
1362 4685 1673 4753 Frontoris,
1707 4684 1953 4739 tnonaclti
1980 4687 2067 4754 qui
2099 4687 2228 4741 vixit

652 4762 707 4815 in
735 4774 919 4814 eremo
965 4757 1252 4822 Nitrieusi,
1301 4768 1353 4811 et
1402 4756 1470 4811 7U
1500 4758 1789 4809 monachos
1819 4770 2000 4809 secum
2032 4758 2082 4809 in
2112 4774 2227 4811 ere-

652 4845 796 4884 tnum
828 4827 1081 4882 abduxit.
1114 4828 1279 4897 Legas
1324 4828 1375 4881 in
1403 4826 1636 4880 Notkero
1658 4837 1709 4877 et
1736 4825 1971 4897 Ilahanu,
2007 4842 2226 4890 quomo-

652 4905 722 4953 do
770 4900 958 4953 cameli
1016 4912 1044 4950 a
1096 4896 1258 4952 divite
1313 4899 1695 4964 patrelamilias
1740 4896 1889 4963 jusau
1932 4897 2111 4951 divino
2160 4899 2224 4952 ad

653 4971 976 5025 Frontonem
1023 4967 1169 5021 missi
1222 4968 1335 5020 sine
1383 4969 1518 5021 duce
1560 4976 1708 5021 recto
1740 4968 1929 5020 itinere
1966 4978 2227 5022 venerunt

650 5041 718 5095 ad
769 5047 1076 5093 sanctorum
1123 5037 1466 5091 esurientium
1515 5038 1725 5090 cellam.
1795 5037 1904 5089 Sub
1956 5037 2226 5091 Antonino

650 5111 976 5217 imperatore
1008 5108 1153 5171 vixit,
1187 5107 1278 5160 sed
1308 5122 1414 5173 quo
1448 5107 1716 5160 Antonino
1746 5105 2006 5160 incertum
2032 5118 2134 5160 est.

782 5179 1121 5217 (Ilumnindin,
1158 5176 1416 5217 Martvrps
1441 5177 1490 5217 1ιί
1519 5185 1795 5217 nrtclmmm
1814 5175 2054 5217 dpfttnmi
2080 5194 2134 5217 cn

782 5179 1125 5249 Olympiadis.
1158 5176 1416 5249 Martyres
1441 5177 1492 5229 hi
1519 5185 1795 5249 postquam
1814 5175 2056 5231 defunCIi
2080 5188 2222 5243 sunt,

650 5246 870 5305 canibus
900 5248 1089 5303 edendi
1132 5247 1586 5314 relinquebantur.
1639 5246 1813 5299 Canes
1862 5261 1987 5301 vero
2035 5264 2220 5302 eorum

652 5334 875 5389 corpora
930 5333 1032 5371 non
1079 5319 1445 5389 contingebant
1474 5358 1485 5377 ,
1542 5318 1635 5371 sed
1668 5328 1782 5383 post
1812 5318 2057 5389 quintum
2083 5322 2221 5371 diem

655 5388 869 5458 quidam
896 5389 1181 5443 Christiani
1207 5388 1535 5458 cotlegerunt
1560 5404 1782 5454 corpora
1815 5400 1866 5441 et
1899 5388 2224 5453 sepelierunt

657 5456 711 5514 in
749 5462 908 5515 domo
953 5473 1044 5513 sua
1095 5458 1405 5512 duodecimo
1457 5456 1577 5512 Kal.
1622 5458 1836 5529 Aprilis.
1906 5461 2037 5511 Acta
2083 5460 2222 5529 apud

655 5530 987 5584 Bollandum.
1019 5528 1335 5597 Martyrizati
1358 5538 1481 5581 sunt
1512 5529 1563 5581 hi
1597 5542 1740 5581 anno
1762 5528 1888 5582 ‘ZSI.

725 5609 749 5636 °
781 5598 1044 5669 Diogenis.
1076 5599 1176 5665 Qui
1216 5601 1470 5652 diaconus
1512 5610 1725 5652 vocatur
1756 5598 1807 5650 in
1848 5598 2222 5669 Martyrologio

650 5666 1081 5739 Hieronyiniano.

726 5739 743 5777 ί
780 5737 1063 5808 Hispaniis.
1123 5738 1347 5794 Civitati:
1394 5738 1791 5811 Caesaraugus‘a
1825 5781 1839 5808 ,
1894 5739 2119 5809 Luperci
2168 5749 2221 5795 et
