  <div class='ocr_page' id='page_1' title='image "/cluster/home/n/w/nwhite01/storage/ocr_20150623/94/umn.31951002477387e/447.png"; bbox 0 0 4240 6496; ppageno 0'>
   <div class='ocr_carea' id='block_1_1' title="bbox 603 467 710 524">
    <p class='ocr_par' dir='ltr' id='par_1_1' title="bbox 603 467 710 524">
     <span class='ocr_line' id='line_1_1' title="bbox 603 467 710 524; baseline 0 0"><span class='ocrx_word' id='word_1_1' title='bbox 603 467 710 524; x_wconf 79' lang='lat'><strong>883</strong></span> 
     </span>
    </p>
   </div>
   <div class='ocr_carea' id='block_1_2' title="bbox 1346 463 3111 524">
    <p class='ocr_par' dir='ltr' id='par_1_2' title="bbox 1346 463 3111 524">
     <span class='ocr_line' id='line_1_2' title="bbox 1346 463 3111 524; baseline 0.001 -2"><span class='ocrx_word' id='word_1_2' title='bbox 1346 465 1546 523; x_wconf 69' lang='grc' dir='ltr'><strong>ΒΕῡῶ</strong></span> <span class='ocrx_word' id='word_1_3' title='bbox 1587 464 2043 522; x_wconf 77' lang='lat' dir='ltr'><strong>VENERABILIS</strong></span> <span class='ocrx_word' id='word_1_4' title='bbox 2079 463 2232 520; x_wconf 83' lang='lat' dir='ltr'><strong>OPP.</strong></span> <span class='ocrx_word' id='word_1_5' title='bbox 2276 463 2454 524; x_wconf 73' lang='lat' dir='ltr'><strong>PARS</strong></span> <span class='ocrx_word' id='word_1_6' title='bbox 2491 464 2579 522; x_wconf 87' lang='lat' dir='ltr'><strong>IV.</strong></span> <span class='ocrx_word' id='word_1_7' title='bbox 2621 495 2689 507; x_wconf 90' lang='lat'><strong><em>—</em></strong></span> <span class='ocrx_word' id='word_1_8' title='bbox 2730 465 3111 523; x_wconf 77' lang='lat' dir='ltr'><strong>HISTORICA.</strong></span> 
     </span>
    </p>
   </div>
   <div class='ocr_carea' id='block_1_3' title="bbox 3762 468 3871 521">
    <p class='ocr_par' dir='ltr' id='par_1_3' title="bbox 3762 468 3871 521">
     <span class='ocr_line' id='line_1_3' title="bbox 3762 468 3871 521; baseline 0 0"><span class='ocrx_word' id='word_1_9' title='bbox 3762 468 3871 521; x_wconf 71' lang='grc'><strong>886</strong></span> 
     </span>
    </p>
   </div>
   <div class='ocr_carea' id='block_1_4' title="bbox 1866 572 2592 632">
    <p class='ocr_par' dir='ltr' id='par_1_4' title="bbox 1866 572 2592 632">
     <span class='ocr_line' id='line_1_4' title="bbox 1866 572 2592 632; baseline -0.004 0"><span class='ocrx_word' id='word_1_10' title='bbox 1866 575 2091 632; x_wconf 86' lang='lat' dir='ltr'><strong>EDITIO</strong></span> <span class='ocrx_word' id='word_1_11' title='bbox 2127 572 2592 632; x_wconf 78' lang='lat' dir='ltr'><strong>COLONIENSIS.</strong></span> 
     </span>
    </p>
   </div>
   <div class='ocr_carea' id='block_1_5' title="bbox 678 664 3861 737">
    <p class='ocr_par' dir='ltr' id='par_1_5' title="bbox 678 664 3861 737">
     <span class='ocr_line' id='line_1_5' title="bbox 678 664 3861 737; baseline -0.002 -13"><span class='ocrx_word' id='word_1_12' title='bbox 678 669 739 724; x_wconf 88' lang='lat' dir='ltr'><strong>E.</strong></span> <span class='ocrx_word' id='word_1_13' title='bbox 775 667 864 723; x_wconf 83' lang='grc' dir='ltr'><strong>ΧΙΙ</strong></span> <span class='ocrx_word' id='word_1_14' title='bbox 894 666 1133 724; x_wconf 60' lang='lat' dir='ltr'><strong>Esmun.</strong></span> <span class='ocrx_word' id='word_1_15' title='bbox 1158 665 1308 723; x_wconf 77' lang='lat' dir='ltr'><strong>Mm.</strong></span> <span class='ocrx_word' id='word_1_16' title='bbox 1331 686 1401 710; x_wconf 59' lang='lat'><strong>—‘-</strong></span> <span class='ocrx_word' id='word_1_17' title='bbox 1424 670 1606 725; x_wconf 68' lang='lat' dir='ltr'><strong>Romae</strong></span> <span class='ocrx_word' id='word_1_18' title='bbox 1627 682 1793 725; x_wconf 85' lang='lat' dir='ltr'><strong>sancti</strong></span> <span class='ocrx_word' id='word_1_19' title='bbox 1826 667 2052 724; x_wconf 79' lang='lat' dir='ltr'><strong>Victoris</strong></span> <span class='ocrx_word' id='word_1_20' title='bbox 2073 670 2185 737; x_wconf 90' lang='lat' dir='ltr'><strong>epi-</strong></span> <span class='ocrx_word' id='word_1_21' title='bbox 2210 667 2264 726; x_wconf 76' lang='grc' dir='ltr'><strong>Α</strong></span> <span class='ocrx_word' id='word_1_22' title='bbox 2290 666 2561 721; x_wconf 71' lang='lat' dir='ltr'><strong>civitatum</strong></span> <span class='ocrx_word' id='word_1_23' title='bbox 2586 706 2599 729; x_wconf 93' lang='lat'><strong>,</strong></span> <span class='ocrx_word' id='word_1_24' title='bbox 2629 666 2718 737; x_wconf 87' lang='lat' dir='ltr'><strong>qui</strong></span> <span class='ocrx_word' id='word_1_25' title='bbox 2747 670 3113 736; x_wconf 76' lang='lat' dir='ltr'><strong>persecutione</strong></span> <span class='ocrx_word' id='word_1_26' title='bbox 3141 665 3358 736; x_wconf 83' lang='lat' dir='ltr'><strong>Saporis</strong></span> <span class='ocrx_word' id='word_1_27' title='bbox 3385 664 3523 735; x_wconf 89' lang='lat' dir='ltr'><strong>regis</strong></span> <span class='ocrx_word' id='word_1_28' title='bbox 3552 666 3861 733; x_wconf 78' lang='lat' dir='ltr'><strong>Persarum,</strong></span> 
     </span>
    </p>
   </div>
   <div class='ocr_carea' id='block_1_6' title="bbox 606 759 2184 833">
    <p class='ocr_par' dir='ltr' id='par_1_6' title="bbox 606 759 2184 833">
     <span class='ocr_line' id='line_1_6' title="bbox 606 759 2184 833; baseline -0.001 -17"><span class='ocrx_word' id='word_1_29' title='bbox 606 761 769 830; x_wconf 87' lang='lat' dir='ltr'><strong>scopi,</strong></span> <span class='ocrx_word' id='word_1_30' title='bbox 797 760 885 831; x_wconf 90' lang='lat' dir='ltr'><strong>qui</strong></span> <span class='ocrx_word' id='word_1_31' title='bbox 916 760 1099 815; x_wconf 90' lang='lat' dir='ltr'><strong>tertius</strong></span> <span class='ocrx_word' id='word_1_32' title='bbox 1122 759 1361 816; x_wconf 88' lang='lat' dir='ltr'><strong>decimus</strong></span> <span class='ocrx_word' id='word_1_33' title='bbox 1389 772 1508 833; x_wconf 92' lang='lat' dir='ltr'><strong>post</strong></span> <span class='ocrx_word' id='word_1_34' title='bbox 1547 762 1756 817; x_wconf 90' lang='lat' dir='ltr'><strong>beatum</strong></span> <span class='ocrx_word' id='word_1_35' title='bbox 1797 761 2011 815; x_wconf 89' lang='lat' dir='ltr'><strong>Petrum</strong></span> <span class='ocrx_word' id='word_1_36' title='bbox 2039 760 2184 815; x_wconf 80' lang='lat' dir='ltr'><strong>rexit</strong></span> 
     </span>
    </p>
   </div>
   <div class='ocr_carea' id='block_1_7' title="bbox 607 852 2185 922">
    <p class='ocr_par' dir='ltr' id='par_1_7' title="bbox 607 852 2185 922">
     <span class='ocr_line' id='line_1_7' title="bbox 607 852 2185 922; baseline 0.001 -16"><span class='ocrx_word' id='word_1_37' title='bbox 607 852 896 906; x_wconf 83' lang='lat' dir='ltr'><strong>Ecclesiam</strong></span> <span class='ocrx_word' id='word_1_38' title='bbox 927 853 1080 907; x_wconf 89' lang='lat' dir='ltr'><strong>annis</strong></span> <span class='ocrx_word' id='word_1_39' title='bbox 1105 852 1315 916; x_wconf 85' lang='lat' dir='ltr'><strong>decem,</strong></span> <span class='ocrx_word' id='word_1_40' title='bbox 1346 863 1401 908; x_wconf 92' lang='lat' dir='ltr'><strong>et</strong></span> <span class='ocrx_word' id='word_1_41' title='bbox 1427 854 1526 909; x_wconf 85' lang='lat' dir='ltr'><strong>sub</strong></span> <span class='ocrx_word' id='word_1_42' title='bbox 1551 854 1754 909; x_wconf 85' lang='lat' dir='ltr'><strong>Severo</strong></span> <span class='ocrx_word' id='word_1_43' title='bbox 1782 854 2019 922; x_wconf 81' lang='lat' dir='ltr'><strong>principe</strong></span> <span class='ocrx_word' id='word_1_44' title='bbox 2043 868 2185 907; x_wconf 89' lang='lat' dir='ltr'><strong>mar-</strong></span> 
     </span>
    </p>
   </div>
   <div class='ocr_carea' id='block_1_8' title="bbox 609 942 2187 1013">
    <p class='ocr_par' dir='ltr' id='par_1_8' title="bbox 609 942 2187 1013">
     <span class='ocr_line' id='line_1_8' title="bbox 609 942 2187 1013; baseline 0.003 -19"><span class='ocrx_word' id='word_1_45' title='bbox 609 942 744 1013; x_wconf 79' lang='lat' dir='ltr'><strong>tyrio</strong></span> <span class='ocrx_word' id='word_1_46' title='bbox 774 952 1080 998; x_wconf 80' lang='lat' dir='ltr'><strong>coronatur.</strong></span> <span class='ocrx_word' id='word_1_47' title='bbox 1109 943 1206 998; x_wconf 84' lang='lat' dir='ltr'><strong>llic</strong></span> <span class='ocrx_word' id='word_1_48' title='bbox 1232 944 1508 999; x_wconf 90' lang='lat' dir='ltr'><strong>constituit</strong></span> <span class='ocrx_word' id='word_1_49' title='bbox 1530 954 1588 998; x_wconf 91' lang='lat' dir='ltr'><strong>ut</strong></span> <span class='ocrx_word' id='word_1_50' title='bbox 1610 956 1848 999; x_wconf 91' lang='lat' dir='ltr'><strong>sanctum</strong></span> <span class='ocrx_word' id='word_1_51' title='bbox 1878 945 2076 999; x_wconf 79' lang='lat' dir='ltr'><strong>Pascha</strong></span> <span class='ocrx_word' id='word_1_52' title='bbox 2099 945 2187 999; x_wconf 93' lang='lat' dir='ltr'><strong>die</strong></span> 
     </span>
    </p>
   </div>
   <div class='ocr_carea' id='block_1_9' title="bbox 607 1032 2184 1108">
    <p class='ocr_par' dir='ltr' id='par_1_9' title="bbox 607 1032 2184 1108">
     <span class='ocr_line' id='line_1_9' title="bbox 607 1032 2184 1108; baseline 0.005 -23"><span class='ocrx_word' id='word_1_53' title='bbox 607 1032 883 1089; x_wconf 84' lang='lat' dir='ltr'><strong>Dominico</strong></span> <span class='ocrx_word' id='word_1_54' title='bbox 906 1035 1288 1101; x_wconf 84' lang='lat' dir='ltr'><strong>celebraretur,</strong></span> <span class='ocrx_word' id='word_1_55' title='bbox 1324 1045 1425 1091; x_wconf 90' lang='lat' dir='ltr'><strong>eta</strong></span> <span class='ocrx_word' id='word_1_56' title='bbox 1454 1037 1845 1106; x_wconf 89' lang='lat' dir='ltr'><strong>quintadecima</strong></span> <span class='ocrx_word' id='word_1_57' title='bbox 1880 1039 1999 1092; x_wconf 91' lang='lat' dir='ltr'><strong>luna</strong></span> <span class='ocrx_word' id='word_1_58' title='bbox 2030 1038 2184 1108; x_wconf 90' lang='lat' dir='ltr'><strong>primi</strong></span> 
     </span>
    </p>
   </div>
   <div class='ocr_carea' id='block_1_10' title="bbox 608 1123 2184 1197">
    <p class='ocr_par' dir='ltr' id='par_1_10' title="bbox 608 1123 2184 1197">
     <span class='ocr_line' id='line_1_10' title="bbox 608 1123 2184 1197; baseline 0.004 -20"><span class='ocrx_word' id='word_1_59' title='bbox 608 1123 813 1179; x_wconf 78' lang='lat' dir='ltr'><strong>mensis</strong></span> <span class='ocrx_word' id='word_1_60' title='bbox 850 1140 1019 1195; x_wconf 92' lang='lat' dir='ltr'><strong>usque</strong></span> <span class='ocrx_word' id='word_1_61' title='bbox 1058 1126 1123 1180; x_wconf 89' lang='lat' dir='ltr'><strong>ad</strong></span> <span class='ocrx_word' id='word_1_62' title='bbox 1153 1126 1455 1181; x_wconf 77' lang='lat' dir='ltr'><strong>vicesimam</strong></span> <span class='ocrx_word' id='word_1_63' title='bbox 1501 1128 1725 1197; x_wconf 87' lang='lat' dir='ltr'><strong>primam</strong></span> <span class='ocrx_word' id='word_1_64' title='bbox 1766 1130 2184 1196; x_wconf 85' lang='lat' dir='ltr'><strong>observaretur;</strong></span> 
     </span>
    </p>
   </div>
   <div class='ocr_carea' id='block_1_11' title="bbox 604 1216 2184 1284">
    <p class='ocr_par' dir='ltr' id='par_1_11' title="bbox 604 1216 2184 1284">
     <span class='ocr_line' id='line_1_11' title="bbox 604 1216 2184 1284; baseline 0.003 -16"><span class='ocrx_word' id='word_1_65' title='bbox 604 1226 659 1269; x_wconf 89' lang='lat' dir='ltr'><strong>ct</strong></span> <span class='ocrx_word' id='word_1_66' title='bbox 688 1216 966 1272; x_wconf 84' lang='lat' dir='ltr'><strong>constituit</strong></span> <span class='ocrx_word' id='word_1_67' title='bbox 992 1227 1048 1271; x_wconf 91' lang='lat' dir='ltr'><strong>ut</strong></span> <span class='ocrx_word' id='word_1_68' title='bbox 1081 1218 1398 1272; x_wconf 85' lang='lat' dir='ltr'><strong>necessitate</strong></span> <span class='ocrx_word' id='word_1_69' title='bbox 1430 1216 1674 1283; x_wconf 78' lang='lat' dir='ltr'><strong>faciente,</strong></span> <span class='ocrx_word' id='word_1_70' title='bbox 1718 1220 1833 1272; x_wconf 86' lang='lat' dir='ltr'><strong>sive</strong></span> <span class='ocrx_word' id='word_1_71' title='bbox 1858 1218 1916 1272; x_wconf 89' lang='lat' dir='ltr'><strong>in</strong></span> <span class='ocrx_word' id='word_1_72' title='bbox 1945 1218 2184 1284; x_wconf 87' lang='lat' dir='ltr'><strong>flumine,</strong></span> 
     </span>
    </p>
   </div>
   <div class='ocr_carea' id='block_1_12' title="bbox 602 1308 2186 1377">
    <p class='ocr_par' dir='ltr' id='par_1_12' title="bbox 602 1308 2186 1377">
     <span class='ocr_line' id='line_1_12' title="bbox 602 1308 2186 1377; baseline 0.004 -18"><span class='ocrx_word' id='word_1_73' title='bbox 602 1309 714 1363; x_wconf 73' lang='lat' dir='ltr'><strong>sive</strong></span> <span class='ocrx_word' id='word_1_74' title='bbox 744 1308 795 1363; x_wconf 92' lang='lat' dir='ltr'><strong>in</strong></span> <span class='ocrx_word' id='word_1_75' title='bbox 823 1310 979 1373; x_wconf 85' lang='lat' dir='ltr'><strong>mari,</strong></span> <span class='ocrx_word' id='word_1_76' title='bbox 1008 1310 1121 1364; x_wconf 78' lang='lat' dir='ltr'><strong>sive</strong></span> <span class='ocrx_word' id='word_1_77' title='bbox 1153 1310 1201 1365; x_wconf 93' lang='lat' dir='ltr'><strong>in</strong></span> <span class='ocrx_word' id='word_1_78' title='bbox 1235 1308 1492 1377; x_wconf 91' lang='lat' dir='ltr'><strong>fontibus,</strong></span> <span class='ocrx_word' id='word_1_79' title='bbox 1521 1311 1620 1365; x_wconf 87' lang='lat' dir='ltr'><strong>sub</strong></span> <span class='ocrx_word' id='word_1_80' title='bbox 1648 1311 1949 1366; x_wconf 86' lang='lat' dir='ltr'><strong>Christiana</strong></span> <span class='ocrx_word' id='word_1_81' title='bbox 1976 1312 2186 1367; x_wconf 87' lang='lat' dir='ltr'><strong>confes-</strong></span> 
     </span>
    </p>
   </div>
   <div class='ocr_carea' id='block_1_13' title="bbox 604 1398 2185 1471">
    <p class='ocr_par' dir='ltr' id='par_1_13' title="bbox 604 1398 2185 1471">
     <span class='ocr_line' id='line_1_13' title="bbox 604 1398 2185 1471; baseline 0.004 -22"><span class='ocrx_word' id='word_1_82' title='bbox 604 1398 787 1463; x_wconf 64' lang='lat' dir='ltr'><strong>sione,</strong></span> <span class='ocrx_word' id='word_1_83' title='bbox 833 1401 1134 1471; x_wconf 84' lang='lat' dir='ltr'><strong>quicunque</strong></span> <span class='ocrx_word' id='word_1_84' title='bbox 1180 1401 1457 1455; x_wconf 87' lang='lat' dir='ltr'><strong>hominum</strong></span> <span class='ocrx_word' id='word_1_85' title='bbox 1502 1416 1567 1456; x_wconf 83' lang='lat' dir='ltr'><strong>ex</strong></span> <span class='ocrx_word' id='word_1_86' title='bbox 1619 1402 1863 1471; x_wconf 80' lang='lat' dir='ltr'><strong>gentibus</strong></span> <span class='ocrx_word' id='word_1_87' title='bbox 1909 1402 2185 1457; x_wconf 88' lang='lat' dir='ltr'><strong>venientes</strong></span> 
     </span>
    </p>
   </div>
   <div class='ocr_carea' id='block_1_14' title="bbox 607 1488 2183 1557">
    <p class='ocr_par' dir='ltr' id='par_1_14' title="bbox 607 1488 2183 1557">
     <span class='ocr_line' id='line_1_14' title="bbox 607 1488 2183 1557; baseline 0.004 -16"><span class='ocrx_word' id='word_1_88' title='bbox 607 1488 1024 1557; x_wconf 83' lang='lat' dir='ltr'><strong>baptizarentur.</strong></span> <span class='ocrx_word' id='word_1_89' title='bbox 1061 1490 1114 1543; x_wconf 94' lang='lat' dir='ltr'><strong>In</strong></span> <span class='ocrx_word' id='word_1_90' title='bbox 1146 1490 1333 1546; x_wconf 84' lang='lat' dir='ltr'><strong>Galliis</strong></span> <span class='ocrx_word' id='word_1_91' title='bbox 1362 1491 1575 1545; x_wconf 84' lang='lat' dir='ltr'><strong>civitate</strong></span> <span class='ocrx_word' id='word_1_92' title='bbox 1607 1491 1987 1547; x_wconf 87' lang='lat' dir='ltr'><strong>Ebredunense</strong></span> <span class='ocrx_word' id='word_1_93' title='bbox 2008 1494 2183 1548; x_wconf 85' lang='lat' dir='ltr'><strong>natale</strong></span> 
     </span>
    </p>
   </div>
   <div class='ocr_carea' id='block_1_15' title="bbox 606 1578 2187 1652">
    <p class='ocr_par' dir='ltr' id='par_1_15' title="bbox 606 1578 2187 1652">
     <span class='ocr_line' id='line_1_15' title="bbox 606 1578 2187 1652; baseline 0.006 -22"><span class='ocrx_word' id='word_1_94' title='bbox 606 1578 774 1634; x_wconf 83' lang='lat' dir='ltr'><strong>sancti</strong></span> <span class='ocrx_word' id='word_1_95' title='bbox 811 1579 1128 1642; x_wconf 82' lang='lat' dir='ltr'><strong>Marcellini,</strong></span> <span class='ocrx_word' id='word_1_96' title='bbox 1160 1581 1317 1649; x_wconf 86' lang='lat' dir='ltr'><strong>primi</strong></span> <span class='ocrx_word' id='word_1_97' title='bbox 1366 1580 1605 1649; x_wconf 82' lang='lat' dir='ltr'><strong>ejusdem</strong></span> <span class='ocrx_word' id='word_1_98' title='bbox 1658 1582 1803 1637; x_wconf 90' lang='lat' dir='ltr'><strong>urbis</strong></span> <span class='ocrx_word' id='word_1_99' title='bbox 1849 1585 2084 1652; x_wconf 85' lang='lat' dir='ltr'><strong>episcopi</strong></span> <span class='ocrx_word' id='word_1_100' title='bbox 2133 1593 2187 1639; x_wconf 86' lang='lat' dir='ltr'><strong>et</strong></span> 
     </span>
    </p>
   </div>
   <div class='ocr_carea' id='block_1_16' title="bbox 604 1667 2152 1739">
    <p class='ocr_par' dir='ltr' id='par_1_16' title="bbox 604 1667 2152 1739">
     <span class='ocr_line' id='line_1_16' title="bbox 604 1667 2152 1739; baseline 0.005 -19"><span class='ocrx_word' id='word_1_101' title='bbox 604 1667 950 1723; x_wconf 84' lang='lat' dir='ltr'><strong>confessoris.</strong></span> <span class='ocrx_word' id='word_1_102' title='bbox 972 1668 1161 1724; x_wconf 74' lang='lat' dir='ltr'><strong>Roma:</strong></span> <span class='ocrx_word' id='word_1_103' title='bbox 1190 1679 1499 1725; x_wconf 90' lang='lat' dir='ltr'><strong>sanctorum</strong></span> <span class='ocrx_word' id='word_1_104' title='bbox 1526 1671 1742 1739; x_wconf 84' lang='lat' dir='ltr'><strong>Sulpicii</strong></span> <span class='ocrx_word' id='word_1_105' title='bbox 1770 1682 1823 1726; x_wconf 95' lang='lat' dir='ltr'><strong>et</strong></span> <span class='ocrx_word' id='word_1_106' title='bbox 1850 1674 2152 1728; x_wconf 86' lang='lat' dir='ltr'><strong>Serviliani.</strong></span> 
     </span>
    </p>
   </div>
   <div class='ocr_carea' id='block_1_17' title="bbox 677 1756 2184 1833">
    <p class='ocr_par' dir='ltr' id='par_1_17' title="bbox 677 1756 2184 1833">
     <span class='ocr_line' id='line_1_17' title="bbox 677 1756 2184 1833; baseline 0.005 -20"><span class='ocrx_word' id='word_1_107' title='bbox 677 1756 737 1813; x_wconf 71' lang='grc' dir='ltr'><strong>Ρ.</strong></span> <span class='ocrx_word' id='word_1_108' title='bbox 769 1758 836 1813; x_wconf 82' lang='lat' dir='ltr'><strong>XI</strong></span> <span class='ocrx_word' id='word_1_109' title='bbox 872 1759 1002 1815; x_wconf 70' lang='grc' dir='ltr'><strong>Κλι..</strong></span> <span class='ocrx_word' id='word_1_110' title='bbox 1038 1761 1182 1816; x_wconf 77' lang='lat' dir='ltr'><strong>Mut.</strong></span> <span class='ocrx_word' id='word_1_111' title='bbox 1212 1791 1283 1801; x_wconf 90' lang='lat'><strong>-—-</strong></span> <span class='ocrx_word' id='word_1_112' title='bbox 1311 1761 1490 1815; x_wconf 68' lang='lat' dir='ltr'><strong>Romae</strong></span> <span class='ocrx_word' id='word_1_113' title='bbox 1527 1763 1696 1817; x_wconf 89' lang='lat' dir='ltr'><strong>sancti</strong></span> <span class='ocrx_word' id='word_1_114' title='bbox 1744 1764 1948 1819; x_wconf 90' lang='lat' dir='ltr'><strong>Soteris</strong></span> <span class='ocrx_word' id='word_1_115' title='bbox 1997 1781 2145 1833; x_wconf 67' lang='lat' dir='ltr'><strong>papae</strong></span> <span class='ocrx_word' id='word_1_116' title='bbox 2169 1808 2184 1833; x_wconf 97' lang='lat'><strong>,</strong></span> 
     </span>
    </p>
   </div>
   <div class='ocr_carea' id='block_1_18' title="bbox 605 1850 2185 1925">
    <p class='ocr_par' dir='ltr' id='par_1_18' title="bbox 605 1850 2185 1925">
     <span class='ocr_line' id='line_1_18' title="bbox 605 1850 2185 1925; baseline 0.008 -22"><span class='ocrx_word' id='word_1_117' title='bbox 605 1850 697 1917; x_wconf 88' lang='lat' dir='ltr'><strong>qui</strong></span> <span class='ocrx_word' id='word_1_118' title='bbox 727 1850 863 1905; x_wconf 85' lang='lat' dir='ltr'><strong>sedit</strong></span> <span class='ocrx_word' id='word_1_119' title='bbox 893 1851 944 1905; x_wconf 93' lang='lat' dir='ltr'><strong>in</strong></span> <span class='ocrx_word' id='word_1_120' title='bbox 973 1854 1279 1923; x_wconf 74' lang='lat' dir='ltr'><strong>episcopatu</strong></span> <span class='ocrx_word' id='word_1_121' title='bbox 1312 1868 1480 1908; x_wconf 88' lang='lat' dir='ltr'><strong>annos</strong></span> <span class='ocrx_word' id='word_1_122' title='bbox 1507 1870 1718 1920; x_wconf 88' lang='lat' dir='ltr'><strong>novem,</strong></span> <span class='ocrx_word' id='word_1_123' title='bbox 1759 1858 1998 1925; x_wconf 90' lang='lat' dir='ltr'><strong>sepultus</strong></span> <span class='ocrx_word' id='word_1_124' title='bbox 2025 1870 2103 1913; x_wconf 91' lang='lat' dir='ltr'><strong>est</strong></span> <span class='ocrx_word' id='word_1_125' title='bbox 2133 1861 2185 1915; x_wconf 94' lang='lat' dir='ltr'><strong>in</strong></span> 
     </span>
    </p>
   </div>
   <div class='ocr_carea' id='block_1_19' title="bbox 606 1939 2184 2012">
    <p class='ocr_par' dir='ltr' id='par_1_19' title="bbox 606 1939 2184 2012">
     <span class='ocr_line' id='line_1_19' title="bbox 606 1939 2184 2012; baseline 0.008 -19"><span class='ocrx_word' id='word_1_126' title='bbox 606 1939 918 1995; x_wconf 72' lang='lat' dir='ltr'><strong>cmmeterio</strong></span> <span class='ocrx_word' id='word_1_127' title='bbox 949 1940 1154 1996; x_wconf 88' lang='lat' dir='ltr'><strong>Calisti.</strong></span> <span class='ocrx_word' id='word_1_128' title='bbox 1190 1942 1283 1996; x_wconf 86' lang='lat' dir='ltr'><strong>llic</strong></span> <span class='ocrx_word' id='word_1_129' title='bbox 1310 1943 1623 2012; x_wconf 83' lang='lat' dir='ltr'><strong>constituit,</strong></span> <span class='ocrx_word' id='word_1_130' title='bbox 1667 1956 1721 1997; x_wconf 92' lang='lat' dir='ltr'><strong>ut</strong></span> <span class='ocrx_word' id='word_1_131' title='bbox 1746 1949 1889 2000; x_wconf 88' lang='lat' dir='ltr'><strong>nulla</strong></span> <span class='ocrx_word' id='word_1_132' title='bbox 1926 1950 2184 2005; x_wconf 85' lang='lat' dir='ltr'><strong>tnonacha</strong></span> 
     </span>
    </p>
   </div>
   <div class='ocr_carea' id='block_1_20' title="bbox 2282 757 3863 828">
    <p class='ocr_par' dir='ltr' id='par_1_20' title="bbox 2282 757 3863 828">
     <span class='ocr_line' id='line_1_20' title="bbox 2282 757 3863 828; baseline 0.001 -17"><span class='ocrx_word' id='word_1_133' title='bbox 2282 758 2504 827; x_wconf 90' lang='lat' dir='ltr'><strong>jubente</strong></span> <span class='ocrx_word' id='word_1_134' title='bbox 2526 759 2716 814; x_wconf 82' lang='lat' dir='ltr'><strong>eodem</strong></span> <span class='ocrx_word' id='word_1_135' title='bbox 2746 768 2969 828; x_wconf 85' lang='lat' dir='ltr'><strong>tyranno</strong></span> <span class='ocrx_word' id='word_1_136' title='bbox 2988 757 3427 825; x_wconf 88' lang='lat' dir='ltr'><strong>comprehensus,</strong></span> <span class='ocrx_word' id='word_1_137' title='bbox 3462 757 3705 826; x_wconf 85' lang='lat' dir='ltr'><strong>ferroque</strong></span> <span class='ocrx_word' id='word_1_138' title='bbox 3724 772 3863 812; x_wconf 83' lang='lat' dir='ltr'><strong>onu-</strong></span> 
     </span>
    </p>
   </div>
   <div class='ocr_carea' id='block_1_21' title="bbox 2285 850 3864 920">
    <p class='ocr_par' dir='ltr' id='par_1_21' title="bbox 2285 850 3864 920">
     <span class='ocr_line' id='line_1_21' title="bbox 2285 850 3864 920; baseline 0 -15"><span class='ocrx_word' id='word_1_139' title='bbox 2285 862 2425 916; x_wconf 83' lang='lat' dir='ltr'><strong>stus,</strong></span> <span class='ocrx_word' id='word_1_140' title='bbox 2456 866 2601 915; x_wconf 87' lang='lat' dir='ltr'><strong>cum,</strong></span> <span class='ocrx_word' id='word_1_141' title='bbox 2633 851 2827 920; x_wconf 89' lang='lat' dir='ltr'><strong>iniquis</strong></span> <span class='ocrx_word' id='word_1_142' title='bbox 2858 851 3209 906; x_wconf 88' lang='lat' dir='ltr'><strong>tribunalibus</strong></span> <span class='ocrx_word' id='word_1_143' title='bbox 3224 851 3513 914; x_wconf 85' lang='lat' dir='ltr'><strong>exhibitus,</strong></span> <span class='ocrx_word' id='word_1_144' title='bbox 3543 850 3610 905; x_wconf 88' lang='lat' dir='ltr'><strong>de</strong></span> <span class='ocrx_word' id='word_1_145' title='bbox 3639 851 3864 905; x_wconf 89' lang='lat' dir='ltr'><strong>Domino</strong></span> 
     </span>
    </p>
   </div>
   <div class='ocr_carea' id='block_1_22' title="bbox 2285 941 3863 1006">
    <p class='ocr_par' dir='ltr' id='par_1_22' title="bbox 2285 941 3863 1006">
     <span class='ocr_line' id='line_1_22' title="bbox 2285 941 3863 1006; baseline -0.003 -6"><span class='ocrx_word' id='word_1_146' title='bbox 2285 942 2414 1000; x_wconf 80' lang='lat' dir='ltr'><strong>Jesu</strong></span> <span class='ocrx_word' id='word_1_147' title='bbox 2444 941 2656 997; x_wconf 89' lang='lat' dir='ltr'><strong>Christo</strong></span> <span class='ocrx_word' id='word_1_148' title='bbox 2679 956 2807 997; x_wconf 91' lang='lat' dir='ltr'><strong>voce</strong></span> <span class='ocrx_word' id='word_1_149' title='bbox 2831 942 2997 997; x_wconf 87' lang='lat' dir='ltr'><strong>libera</strong></span> <span class='ocrx_word' id='word_1_150' title='bbox 3019 951 3073 996; x_wconf 94' lang='lat' dir='ltr'><strong>et</strong></span> <span class='ocrx_word' id='word_1_151' title='bbox 3101 942 3531 996; x_wconf 85' lang='lat' dir='ltr'><strong>constantissima</strong></span> <span class='ocrx_word' id='word_1_152' title='bbox 3560 950 3863 1006; x_wconf 89' lang='lat' dir='ltr'><strong>testaretur,</strong></span> 
     </span>
    </p>
   </div>
   <div class='ocr_carea' id='block_1_23' title="bbox 2290 1033 3863 1105">
    <p class='ocr_par' dir='ltr' id='par_1_23' title="bbox 2290 1033 3863 1105">
     <span class='ocr_line' id='line_1_23' title="bbox 2290 1033 3863 1105; baseline -0.002 -18"><span class='ocrx_word' id='word_1_153' title='bbox 2290 1036 2517 1105; x_wconf 90' lang='lat' dir='ltr'><strong>primum</strong></span> <span class='ocrx_word' id='word_1_154' title='bbox 2549 1033 2808 1089; x_wconf 90' lang='lat' dir='ltr'><strong>carcerali</strong></span> <span class='ocrx_word' id='word_1_155' title='bbox 2837 1034 3105 1099; x_wconf 86' lang='lat' dir='ltr'><strong>ergastulo</strong></span> <span class='ocrx_word' id='word_1_156' title='bbox 3130 1048 3251 1087; x_wconf 93' lang='lat' dir='ltr'><strong>cum</strong></span> <span class='ocrx_word' id='word_1_157' title='bbox 3281 1033 3397 1087; x_wconf 89' lang='lat' dir='ltr'><strong>aliis</strong></span> <span class='ocrx_word' id='word_1_158' title='bbox 3424 1043 3655 1097; x_wconf 86' lang='lat' dir='ltr'><strong>centum,</strong></span> <span class='ocrx_word' id='word_1_159' title='bbox 3685 1048 3717 1089; x_wconf 93' lang='lat' dir='ltr'><strong>e</strong></span> <span class='ocrx_word' id='word_1_160' title='bbox 3745 1035 3863 1103; x_wconf 78' lang='lat' dir='ltr'><strong>qui-</strong></span> 
     </span>
    </p>
   </div>
   <div class='ocr_carea' id='block_1_24' title="bbox 2290 1125 3859 1197">
    <p class='ocr_par' dir='ltr' id='par_1_24' title="bbox 2290 1125 3859 1197">
     <span class='ocr_line' id='line_1_24' title="bbox 2290 1125 3859 1197; baseline -0.002 -15"><span class='ocrx_word' id='word_1_161' title='bbox 2290 1128 2386 1182; x_wconf 90' lang='lat' dir='ltr'><strong>bus</strong></span> <span class='ocrx_word' id='word_1_162' title='bbox 2414 1126 2505 1182; x_wconf 88' lang='lat' dir='ltr'><strong>alii</strong></span> <span class='ocrx_word' id='word_1_163' title='bbox 2536 1126 2796 1195; x_wconf 85' lang='lat' dir='ltr'><strong>episcopi,</strong></span> <span class='ocrx_word' id='word_1_164' title='bbox 2834 1126 2925 1179; x_wconf 84' lang='lat' dir='ltr'><strong>alii</strong></span> <span class='ocrx_word' id='word_1_165' title='bbox 2954 1135 3109 1181; x_wconf 92' lang='lat' dir='ltr'><strong>erant</strong></span> <span class='ocrx_word' id='word_1_166' title='bbox 3154 1126 3471 1197; x_wconf 85' lang='lat' dir='ltr'><strong>presbyteri,</strong></span> <span class='ocrx_word' id='word_1_167' title='bbox 3502 1126 3590 1179; x_wconf 90' lang='lat' dir='ltr'><strong>alii</strong></span> <span class='ocrx_word' id='word_1_168' title='bbox 3620 1125 3859 1179; x_wconf 76' lang='lat' dir='ltr'><strong>diverso-</strong></span> 
     </span>
    </p>
   </div>
   <div class='ocr_carea' id='block_1_25' title="bbox 2289 1214 3862 1284">
    <p class='ocr_par' dir='ltr' id='par_1_25' title="bbox 2289 1214 3862 1284">
     <span class='ocr_line' id='line_1_25' title="bbox 2289 1214 3862 1284; baseline -0.003 -12"><span class='ocrx_word' id='word_1_169' title='bbox 2289 1233 2404 1272; x_wconf 90' lang='lat' dir='ltr'><strong>rum</strong></span> <span class='ocrx_word' id='word_1_170' title='bbox 2435 1216 2681 1271; x_wconf 89' lang='lat' dir='ltr'><strong>ordinum</strong></span> <span class='ocrx_word' id='word_1_171' title='bbox 2713 1214 2916 1278; x_wconf 87' lang='lat' dir='ltr'><strong>clerici,</strong></span> <span class='ocrx_word' id='word_1_172' title='bbox 2949 1215 3109 1284; x_wconf 76' lang='lat' dir='ltr'><strong>longo</strong></span> <span class='ocrx_word' id='word_1_173' title='bbox 3140 1223 3381 1284; x_wconf 67' lang='lat' dir='ltr'><strong>tempore</strong></span> <span class='ocrx_word' id='word_1_174' title='bbox 3410 1223 3708 1269; x_wconf 83' lang='lat' dir='ltr'><strong>maceratus</strong></span> <span class='ocrx_word' id='word_1_175' title='bbox 3742 1225 3862 1279; x_wconf 88' lang='lat' dir='ltr'><strong>est;</strong></span> 
     </span>
    </p>
   </div>
   <div class='ocr_carea' id='block_1_26' title="bbox 2289 1306 3869 1378">
    <p class='ocr_par' dir='ltr' id='par_1_26' title="bbox 2289 1306 3869 1378">
     <span class='ocr_line' id='line_1_26' title="bbox 2289 1306 3869 1378; baseline -0.003 -13"><span class='ocrx_word' id='word_1_176' title='bbox 2289 1310 2579 1365; x_wconf 84' lang='lat' dir='ltr'><strong>novissime</strong></span> <span class='ocrx_word' id='word_1_177' title='bbox 2614 1307 2795 1378; x_wconf 87' lang='lat' dir='ltr'><strong>jussus</strong></span> <span class='ocrx_word' id='word_1_178' title='bbox 2822 1316 2903 1360; x_wconf 88' lang='lat' dir='ltr'><strong>est</strong></span> <span class='ocrx_word' id='word_1_179' title='bbox 2932 1321 3051 1360; x_wconf 91' lang='lat' dir='ltr'><strong>cum</strong></span> <span class='ocrx_word' id='word_1_180' title='bbox 3083 1306 3334 1361; x_wconf 86' lang='lat' dir='ltr'><strong>omnibus</strong></span> <span class='ocrx_word' id='word_1_181' title='bbox 3372 1306 3649 1371; x_wconf 89' lang='lat' dir='ltr'><strong>decollari,</strong></span> <span class='ocrx_word' id='word_1_182' title='bbox 3702 1309 3769 1361; x_wconf 87' lang='lat' dir='ltr'><strong>ita</strong></span> <span class='ocrx_word' id='word_1_183' title='bbox 3811 1314 3869 1361; x_wconf 87' lang='lat' dir='ltr'><strong>ut</strong></span> 
     </span>
    </p>
   </div>
   <div class='ocr_carea' id='block_1_27' title="bbox 2288 1396 3869 1467">
    <p class='ocr_par' dir='ltr' id='par_1_27' title="bbox 2288 1396 3869 1467">
     <span class='ocr_line' id='line_1_27' title="bbox 2288 1396 3869 1467; baseline -0.004 -11"><span class='ocrx_word' id='word_1_184' title='bbox 2288 1399 2465 1456; x_wconf 67' lang='lat' dir='ltr'><strong>cmteri</strong></span> <span class='ocrx_word' id='word_1_185' title='bbox 2491 1414 2610 1452; x_wconf 91' lang='lat' dir='ltr'><strong>cum</strong></span> <span class='ocrx_word' id='word_1_186' title='bbox 2633 1396 3029 1467; x_wconf 75' lang='lat' dir='ltr'><strong>iugularentur,</strong></span> <span class='ocrx_word' id='word_1_187' title='bbox 3058 1404 3277 1460; x_wconf 87' lang='lat' dir='ltr'><strong>astaret,</strong></span> <span class='ocrx_word' id='word_1_188' title='bbox 3307 1406 3359 1450; x_wconf 92' lang='lat' dir='ltr'><strong>et</strong></span> <span class='ocrx_word' id='word_1_189' title='bbox 3386 1398 3498 1465; x_wconf 91' lang='lat' dir='ltr'><strong>ipse</strong></span> <span class='ocrx_word' id='word_1_190' title='bbox 3521 1397 3733 1450; x_wconf 89' lang='lat' dir='ltr'><strong>ultimus</strong></span> <span class='ocrx_word' id='word_1_191' title='bbox 3756 1406 3869 1450; x_wconf 90' lang='lat' dir='ltr'><strong>tru-</strong></span> 
     </span>
    </p>
   </div>
   <div class='ocr_carea' id='block_1_28' title="bbox 2289 1487 3868 1546">
    <p class='ocr_par' dir='ltr' id='par_1_28' title="bbox 2289 1487 3868 1546">
     <span class='ocr_line' id='line_1_28' title="bbox 2289 1487 3868 1546; baseline -0.004 0"><span class='ocrx_word' id='word_1_192' title='bbox 2289 1491 2580 1546; x_wconf 87' lang='lat' dir='ltr'><strong>cidaretur.</strong></span> <span class='ocrx_word' id='word_1_193' title='bbox 2612 1487 2758 1543; x_wconf 85' lang='lat' dir='ltr'><strong>Passi</strong></span> <span class='ocrx_word' id='word_1_194' title='bbox 2789 1496 2917 1542; x_wconf 90' lang='lat' dir='ltr'><strong>sunt</strong></span> <span class='ocrx_word' id='word_1_195' title='bbox 2954 1504 3076 1543; x_wconf 91' lang='lat' dir='ltr'><strong>cum</strong></span> <span class='ocrx_word' id='word_1_196' title='bbox 3107 1502 3172 1542; x_wconf 92' lang='lat' dir='ltr'><strong>eo</strong></span> <span class='ocrx_word' id='word_1_197' title='bbox 3198 1487 3359 1542; x_wconf 92' lang='lat' dir='ltr'><strong>etiam</strong></span> <span class='ocrx_word' id='word_1_198' title='bbox 3387 1488 3665 1543; x_wconf 79' lang='lat' dir='ltr'><strong>Ustazadis</strong></span> <span class='ocrx_word' id='word_1_199' title='bbox 3695 1503 3868 1541; x_wconf 85' lang='lat' dir='ltr'><strong>eunu-</strong></span> 
     </span>
    </p>
   </div>
   <div class='ocr_carea' id='block_1_29' title="bbox 2289 1583 3867 1653">
    <p class='ocr_par' dir='ltr' id='par_1_29' title="bbox 2289 1583 3867 1653">
     <span class='ocr_line' id='line_1_29' title="bbox 2289 1583 3867 1653; baseline -0.001 -14"><span class='ocrx_word' id='word_1_200' title='bbox 2289 1584 2443 1648; x_wconf 90' lang='lat' dir='ltr'><strong>chus,</strong></span> <span class='ocrx_word' id='word_1_201' title='bbox 2472 1585 2718 1639; x_wconf 90' lang='lat' dir='ltr'><strong>nutrnius</strong></span> <span class='ocrx_word' id='word_1_202' title='bbox 2749 1583 2912 1653; x_wconf 81' lang='lat' dir='ltr'><strong>regis,</strong></span> <span class='ocrx_word' id='word_1_203' title='bbox 2944 1593 2999 1638; x_wconf 92' lang='lat' dir='ltr'><strong>et</strong></span> <span class='ocrx_word' id='word_1_204' title='bbox 3027 1583 3249 1639; x_wconf 85' lang='lat' dir='ltr'><strong>Abdella</strong></span> <span class='ocrx_word' id='word_1_205' title='bbox 3290 1592 3448 1652; x_wconf 90' lang='lat' dir='ltr'><strong>atque</strong></span> <span class='ocrx_word' id='word_1_206' title='bbox 3485 1585 3747 1647; x_wconf 80' lang='lat' dir='ltr'><strong>Ananiss,</strong></span> <span class='ocrx_word' id='word_1_207' title='bbox 3777 1598 3867 1637; x_wconf 86' lang='lat' dir='ltr'><strong>ve-</strong></span> 
     </span>
    </p>
   </div>
   <div class='ocr_carea' id='block_1_30' title="bbox 2291 1674 3864 1742">
    <p class='ocr_par' dir='ltr' id='par_1_30' title="bbox 2291 1674 3864 1742">
     <span class='ocr_line' id='line_1_30' title="bbox 2291 1674 3864 1742; baseline 0.001 -14"><span class='ocrx_word' id='word_1_208' title='bbox 2291 1675 2553 1730; x_wconf 91' lang='lat' dir='ltr'><strong>nerabiles</strong></span> <span class='ocrx_word' id='word_1_209' title='bbox 2598 1690 2785 1738; x_wconf 86' lang='lat' dir='ltr'><strong>senes,</strong></span> <span class='ocrx_word' id='word_1_210' title='bbox 2831 1683 2885 1729; x_wconf 93' lang='lat' dir='ltr'><strong>ct</strong></span> <span class='ocrx_word' id='word_1_211' title='bbox 2931 1674 3195 1737; x_wconf 88' lang='lat' dir='ltr'><strong>Pusitius,</strong></span> <span class='ocrx_word' id='word_1_212' title='bbox 3248 1676 3560 1742; x_wconf 66' lang='lat' dir='ltr'><strong>praepositus</strong></span> <span class='ocrx_word' id='word_1_213' title='bbox 3603 1675 3864 1730; x_wconf 73' lang='lat' dir='ltr'><strong>artificum</strong></span> 
     </span>
    </p>
   </div>
   <div class='ocr_carea' id='block_1_31' title="bbox 2291 1765 3859 1835">
    <p class='ocr_par' dir='ltr' id='par_1_31' title="bbox 2291 1765 3859 1835">
     <span class='ocr_line' id='line_1_31' title="bbox 2291 1765 3859 1835; baseline -0.001 -14"><span class='ocrx_word' id='word_1_214' title='bbox 2291 1767 2546 1835; x_wconf 85' lang='lat' dir='ltr'><strong>regalium</strong></span> <span class='ocrx_word' id='word_1_215' title='bbox 2573 1783 2587 1829; x_wconf 87' lang='lat'><strong>;</strong></span> <span class='ocrx_word' id='word_1_216' title='bbox 2619 1781 2684 1821; x_wconf 93' lang='lat' dir='ltr'><strong>eo</strong></span> <span class='ocrx_word' id='word_1_217' title='bbox 2712 1765 2854 1835; x_wconf 90' lang='lat' dir='ltr'><strong>quod</strong></span> <span class='ocrx_word' id='word_1_218' title='bbox 2885 1765 3069 1820; x_wconf 90' lang='lat' dir='ltr'><strong>videns</strong></span> <span class='ocrx_word' id='word_1_219' title='bbox 3096 1765 3371 1834; x_wconf 80' lang='lat' dir='ltr'><strong>praefatum</strong></span> <span class='ocrx_word' id='word_1_220' title='bbox 3398 1779 3579 1821; x_wconf 84' lang='lat' dir='ltr'><strong>senem</strong></span> <span class='ocrx_word' id='word_1_221' title='bbox 3604 1766 3859 1820; x_wconf 81' lang='lat' dir='ltr'><strong>Ananiam</strong></span> 
     </span>
    </p>
   </div>
   <div class='ocr_carea' id='block_1_32' title="bbox 2290 1856 3859 1925">
    <p class='ocr_par' dir='ltr' id='par_1_32' title="bbox 2290 1856 3859 1925">
     <span class='ocr_line' id='line_1_32' title="bbox 2290 1856 3859 1925; baseline -0.003 -12"><span class='ocrx_word' id='word_1_222' title='bbox 2290 1858 2389 1913; x_wconf 91' lang='lat' dir='ltr'><strong>sub</strong></span> <span class='ocrx_word' id='word_1_223' title='bbox 2417 1859 2520 1913; x_wconf 91' lang='lat' dir='ltr'><strong>ictu</strong></span> <span class='ocrx_word' id='word_1_224' title='bbox 2547 1856 2706 1925; x_wconf 87' lang='lat' dir='ltr'><strong>gladii</strong></span> <span class='ocrx_word' id='word_1_225' title='bbox 2740 1866 3075 1922; x_wconf 90' lang='lat' dir='ltr'><strong>trementem,</strong></span> <span class='ocrx_word' id='word_1_226' title='bbox 3108 1856 3490 1912; x_wconf 81' lang='lat' dir='ltr'><strong>exclamaverit</strong></span> <span class='ocrx_word' id='word_1_227' title='bbox 3515 1856 3859 1920; x_wconf 89' lang='lat' dir='ltr'><strong>confidenter,</strong></span> 
     </span>
    </p>
   </div>
   <div class='ocr_carea' id='block_1_33' title="bbox 2293 1948 3867 2014">
    <p class='ocr_par' dir='ltr' id='par_1_33' title="bbox 2293 1948 3867 2014">
     <span class='ocr_line' id='line_1_33' title="bbox 2293 1948 3867 2014; baseline -0.001 -10"><span class='ocrx_word' id='word_1_228' title='bbox 2293 1949 2506 2004; x_wconf 89' lang='lat' dir='ltr'><strong>dicens:</strong></span> <span class='ocrx_word' id='word_1_229' title='bbox 2533 1949 2772 2014; x_wconf 90' lang='lat' dir='ltr'><strong>Paulum,</strong></span> <span class='ocrx_word' id='word_1_230' title='bbox 2797 1964 2830 2003; x_wconf 95' lang='lat' dir='ltr'><strong>o</strong></span> <span class='ocrx_word' id='word_1_231' title='bbox 2851 1962 3035 2013; x_wconf 79' lang='lat' dir='ltr'><strong>senex,</strong></span> <span class='ocrx_word' id='word_1_232' title='bbox 3062 1948 3254 2003; x_wconf 86' lang='lat' dir='ltr'><strong>claude</strong></span> <span class='ocrx_word' id='word_1_233' title='bbox 3276 1949 3460 2003; x_wconf 87' lang='lat' dir='ltr'><strong>oculos</strong></span> <span class='ocrx_word' id='word_1_234' title='bbox 3485 1963 3723 2012; x_wconf 81' lang='lat' dir='ltr'><strong>securus,</strong></span> <span class='ocrx_word' id='word_1_235' title='bbox 3744 1964 3867 2003; x_wconf 78' lang='lat' dir='ltr'><strong>mox</strong></span> 
     </span>
    </p>
   </div>
   <div class='ocr_carea' id='block_1_34' title="bbox 606 2017 3870 2109">
    <p class='ocr_par' dir='ltr' id='par_1_34' title="bbox 606 2017 3870 2109">
     <span class='ocr_line' id='line_1_34' title="bbox 606 2017 3870 2109; baseline 0.004 -30"><span class='ocrx_word' id='word_1_236' title='bbox 606 2028 797 2096; x_wconf 86' lang='lat' dir='ltr'><strong>pallam</strong></span> <span class='ocrx_word' id='word_1_237' title='bbox 828 2041 1086 2085; x_wconf 88' lang='lat' dir='ltr'><strong>sacratam</strong></span> <span class='ocrx_word' id='word_1_238' title='bbox 1118 2034 1454 2096; x_wconf 77' lang='lat' dir='ltr'><strong>contingeret</strong></span> <span class='ocrx_word' id='word_1_239' title='bbox 1503 2034 1554 2088; x_wconf 89' lang='lat' dir='ltr'><strong>in</strong></span> <span class='ocrx_word' id='word_1_240' title='bbox 1597 2035 1819 2090; x_wconf 88' lang='lat' dir='ltr'><strong>ecclesia</strong></span> <span class='ocrx_word' id='word_1_241' title='bbox 1842 2076 1858 2101; x_wconf 93' lang='lat'><strong>,</strong></span> <span class='ocrx_word' id='word_1_242' title='bbox 1902 2053 2077 2109; x_wconf 91' lang='lat' dir='ltr'><strong>neque</strong></span> <span class='ocrx_word' id='word_1_243' title='bbox 2107 2040 2185 2094; x_wconf 90' lang='lat' dir='ltr'><strong>in-</strong></span> <span class='ocrx_word' id='word_1_244' title='bbox 2218 2017 2265 2079; x_wconf 75' lang='grc' dir='ltr'><strong>Β</strong></span> <span class='ocrx_word' id='word_1_245' title='bbox 2293 2042 2488 2097; x_wconf 82' lang='lat' dir='ltr'><strong>Christi</strong></span> <span class='ocrx_word' id='word_1_246' title='bbox 2521 2041 2721 2095; x_wconf 89' lang='lat' dir='ltr'><strong>videbis</strong></span> <span class='ocrx_word' id='word_1_247' title='bbox 2751 2049 3046 2109; x_wconf 86' lang='lat' dir='ltr'><strong>aspectum.</strong></span> <span class='ocrx_word' id='word_1_248' title='bbox 3090 2039 3217 2094; x_wconf 82' lang='lat' dir='ltr'><strong>Filia</strong></span> <span class='ocrx_word' id='word_1_249' title='bbox 3256 2053 3468 2109; x_wconf 88' lang='lat' dir='ltr'><strong>quoque</strong></span> <span class='ocrx_word' id='word_1_250' title='bbox 3493 2038 3730 2109; x_wconf 79' lang='lat' dir='ltr'><strong>ejusdem</strong></span> <span class='ocrx_word' id='word_1_251' title='bbox 3766 2038 3870 2093; x_wconf 84' lang='lat' dir='ltr'><strong>Pu-</strong></span> 
     </span>
    </p>
   </div>
   <div class='ocr_carea' id='block_1_35' title="bbox 606 2126 2185 2195">
    <p class='ocr_par' dir='ltr' id='par_1_35' title="bbox 606 2126 2185 2195">
     <span class='ocr_line' id='line_1_35' title="bbox 606 2126 2185 2195; baseline 0.008 -20"><span class='ocrx_word' id='word_1_252' title='bbox 606 2136 825 2177; x_wconf 86' lang='lat' dir='ltr'><strong>censum</strong></span> <span class='ocrx_word' id='word_1_253' title='bbox 866 2134 1106 2191; x_wconf 89' lang='lat' dir='ltr'><strong>poneret.</strong></span> <span class='ocrx_word' id='word_1_254' title='bbox 1154 2126 1307 2195; x_wconf 86' lang='lat' dir='ltr'><strong>Apud</strong></span> <span class='ocrx_word' id='word_1_255' title='bbox 1362 2126 1633 2181; x_wconf 88' lang='lat' dir='ltr'><strong>Persidem</strong></span> <span class='ocrx_word' id='word_1_256' title='bbox 1687 2130 1860 2184; x_wconf 89' lang='lat' dir='ltr'><strong>natale</strong></span> <span class='ocrx_word' id='word_1_257' title='bbox 1904 2133 2075 2186; x_wconf 87' lang='lat' dir='ltr'><strong>sancti</strong></span> <span class='ocrx_word' id='word_1_258' title='bbox 2106 2134 2185 2189; x_wconf 90' lang='lat' dir='ltr'><strong>Si-</strong></span> 
     </span>
    </p>
   </div>
   <div class='ocr_carea' id='block_1_36' title="bbox 609 2213 2192 2291">
    <p class='ocr_par' dir='ltr' id='par_1_36' title="bbox 609 2213 2192 2291">
     <span class='ocr_line' id='line_1_36' title="bbox 609 2213 2192 2291; baseline 0.008 -26"><span class='ocrx_word' id='word_1_259' title='bbox 609 2213 816 2269; x_wconf 85' lang='lat' dir='ltr'><strong>meonis</strong></span> <span class='ocrx_word' id='word_1_260' title='bbox 848 2215 1081 2283; x_wconf 87' lang='lat' dir='ltr'><strong>episcopi</strong></span> <span class='ocrx_word' id='word_1_261' title='bbox 1129 2216 1421 2282; x_wconf 69' lang='lat' dir='ltr'><strong>Seleuciae,</strong></span> <span class='ocrx_word' id='word_1_262' title='bbox 1468 2227 1523 2271; x_wconf 90' lang='lat' dir='ltr'><strong>et</strong></span> <span class='ocrx_word' id='word_1_263' title='bbox 1568 2217 1895 2275; x_wconf 87' lang='lat' dir='ltr'><strong>Thcsifontis</strong></span> <span class='ocrx_word' id='word_1_264' title='bbox 1938 2224 2192 2291; x_wconf 75' lang='lat' dir='ltr'><strong>regalium</strong></span> 
     </span>
    </p>
   </div>
   <div class='ocr_carea' id='block_1_37' title="bbox 2294 2130 3869 2201">
    <p class='ocr_par' dir='ltr' id='par_1_37' title="bbox 2294 2130 3869 2201">
     <span class='ocr_line' id='line_1_37' title="bbox 2294 2130 3869 2201; baseline -0.002 -14"><span class='ocrx_word' id='word_1_265' title='bbox 2294 2134 2422 2200; x_wconf 84' lang='lat' dir='ltr'><strong>sitii,</strong></span> <span class='ocrx_word' id='word_1_266' title='bbox 2456 2134 2604 2201; x_wconf 87' lang='lat' dir='ltr'><strong>virgo</strong></span> <span class='ocrx_word' id='word_1_267' title='bbox 2631 2146 2802 2195; x_wconf 89' lang='lat' dir='ltr'><strong>sacra,</strong></span> <span class='ocrx_word' id='word_1_268' title='bbox 2832 2130 2987 2184; x_wconf 89' lang='lat' dir='ltr'><strong>simul</strong></span> <span class='ocrx_word' id='word_1_269' title='bbox 3022 2140 3297 2199; x_wconf 86' lang='lat' dir='ltr'><strong>perempta</strong></span> <span class='ocrx_word' id='word_1_270' title='bbox 3325 2140 3425 2185; x_wconf 87' lang='lat' dir='ltr'><strong>est.</strong></span> <span class='ocrx_word' id='word_1_271' title='bbox 3458 2130 3605 2198; x_wconf 75' lang='lat' dir='ltr'><strong>Apud</strong></span> <span class='ocrx_word' id='word_1_272' title='bbox 3639 2130 3869 2184; x_wconf 69' lang='lat' dir='ltr'><strong>Alema-</strong></span> 
     </span>
    </p>
   </div>
   <div class='ocr_carea' id='block_1_38' title="bbox 2296 2218 3865 2289">
    <p class='ocr_par' dir='ltr' id='par_1_38' title="bbox 2296 2218 3865 2289">
     <span class='ocr_line' id='line_1_38' title="bbox 2296 2218 3865 2289; baseline -0.003 -12"><span class='ocrx_word' id='word_1_273' title='bbox 2296 2224 2465 2277; x_wconf 88' lang='lat' dir='ltr'><strong>driatu</strong></span> <span class='ocrx_word' id='word_1_274' title='bbox 2500 2224 2675 2277; x_wconf 88' lang='lat' dir='ltr'><strong>natale</strong></span> <span class='ocrx_word' id='word_1_275' title='bbox 2703 2228 3007 2277; x_wconf 78' lang='lat' dir='ltr'><strong>sanctorum</strong></span> <span class='ocrx_word' id='word_1_276' title='bbox 3037 2219 3329 2289; x_wconf 85' lang='lat' dir='ltr'><strong>Fortunati,</strong></span> <span class='ocrx_word' id='word_1_277' title='bbox 3370 2218 3609 2275; x_wconf 77' lang='lat' dir='ltr'><strong>Aratoris</strong></span> <span class='ocrx_word' id='word_1_278' title='bbox 3642 2219 3865 2289; x_wconf 79' lang='lat' dir='ltr'><strong>presby-</strong></span> 
     </span>
    </p>
   </div>
   <div class='ocr_carea' id='block_1_39' title="bbox 1857 2310 2622 2372">
    <p class='ocr_par' dir='ltr' id='par_1_39' title="bbox 1857 2310 2622 2372">
     <span class='ocr_line' id='line_1_39' title="bbox 1857 2310 2622 2372; baseline 0.001 -7"><span class='ocrx_word' id='word_1_279' title='bbox 1857 2310 2081 2368; x_wconf 83' lang='lat' dir='ltr'><strong>EDITIO</strong></span> <span class='ocrx_word' id='word_1_280' title='bbox 2122 2313 2622 2372; x_wconf 77' lang='lat' dir='ltr'><strong>BOLLANDI.\NA.</strong></span> 
     </span>
    </p>
   </div>
   <div class='ocr_carea' id='block_1_40' title="bbox 606 2400 2177 2470">
    <p class='ocr_par' dir='ltr' id='par_1_40' title="bbox 606 2400 2177 2470">
     <span class='ocr_line' id='line_1_40' title="bbox 606 2400 2177 2470; baseline 0.004 -15"><span class='ocrx_word' id='word_1_281' title='bbox 606 2400 806 2455; x_wconf 82' lang='lat' dir='ltr'><strong>lleladii</strong></span> <span class='ocrx_word' id='word_1_282' title='bbox 832 2438 848 2462; x_wconf 89' lang='lat'><strong>,</strong></span> <span class='ocrx_word' id='word_1_283' title='bbox 882 2400 1211 2470; x_wconf 84' lang='lat' dir='ltr'><strong>Errnogenis.</strong></span> <span class='ocrx_word' id='word_1_284' title='bbox 1269 2401 1357 2466; x_wconf 84' lang='lat' dir='ltr'><strong>A.,</strong></span> <span class='ocrx_word' id='word_1_285' title='bbox 1404 2400 1520 2462; x_wconf 42' lang='lat' dir='ltr'><strong>Ipso</strong></span> <span class='ocrx_word' id='word_1_286' title='bbox 1566 2401 1651 2455; x_wconf 93' lang='lat' dir='ltr'><strong>die</strong></span> <span class='ocrx_word' id='word_1_287' title='bbox 1690 2402 1951 2468; x_wconf 72' lang='grc' dir='ltr'><strong>ἀρριιείιίο</strong></span> <span class='ocrx_word' id='word_1_288' title='bbox 1984 2404 2177 2462; x_wconf 78' lang='lat' dir='ltr'><strong>Leonis</strong></span> 
     </span>
    </p>
   </div>
   <div class='ocr_carea' id='block_1_41' title="bbox 605 2470 2173 2541">
    <p class='ocr_par' dir='ltr' id='par_1_41' title="bbox 605 2470 2173 2541">
     <span class='ocr_line' id='line_1_41' title="bbox 605 2470 2173 2541; baseline 0.004 -17"><span class='ocrx_word' id='word_1_289' title='bbox 605 2488 775 2540; x_wconf 65' lang='lat' dir='ltr'><strong>papa&#39;,</strong></span> <span class='ocrx_word' id='word_1_290' title='bbox 810 2472 1189 2539; x_wconf 85' lang='lat' dir='ltr'><strong>requiescentis</strong></span> <span class='ocrx_word' id='word_1_291' title='bbox 1221 2473 1272 2523; x_wconf 93' lang='lat' dir='ltr'><strong>in</strong></span> <span class='ocrx_word' id='word_1_292' title='bbox 1304 2470 1527 2523; x_wconf 75' lang='lat' dir='ltr'><strong>ecclesia</strong></span> <span class='ocrx_word' id='word_1_293' title='bbox 1558 2473 1614 2523; x_wconf 76' lang='lat' dir='ltr'><strong>ii.</strong></span> <span class='ocrx_word' id='word_1_294' title='bbox 1646 2472 1782 2525; x_wconf 88' lang='lat' dir='ltr'><strong>Petri</strong></span> <span class='ocrx_word' id='word_1_295' title='bbox 1810 2476 2173 2541; x_wconf 78' lang='lat' dir='ltr'><strong>apostolorum</strong></span> 
     </span>
    </p>
   </div>
   <div class='ocr_carea' id='block_1_42' title="bbox 606 2540 2180 2609">
    <p class='ocr_par' dir='ltr' id='par_1_42' title="bbox 606 2540 2180 2609">
     <span class='ocr_line' id='line_1_42' title="bbox 606 2540 2180 2609; baseline 0.013 -28"><span class='ocrx_word' id='word_1_296' title='bbox 606 2541 874 2609; x_wconf 61' lang='lat' dir='ltr'><strong>principis.</strong></span> <span class='ocrx_word' id='word_1_297' title='bbox 920 2540 1005 2602; x_wconf 90' lang='lat' dir='ltr'><strong>L.,</strong></span> <span class='ocrx_word' id='word_1_298' title='bbox 1057 2542 1118 2593; x_wconf 74' lang='lat' dir='ltr'><strong>Et</strong></span> <span class='ocrx_word' id='word_1_299' title='bbox 1159 2541 1422 2609; x_wconf 67' lang='lat' dir='ltr'><strong>depositio</strong></span> <span class='ocrx_word' id='word_1_300' title='bbox 1452 2542 1601 2593; x_wconf 65' lang='lat' dir='ltr'><strong>boum</strong></span> <span class='ocrx_word' id='word_1_301' title='bbox 1631 2540 1900 2597; x_wconf 75' lang='lat' dir='ltr'><strong>rnetnnria:</strong></span> <span class='ocrx_word' id='word_1_302' title='bbox 1927 2555 1951 2581; x_wconf 69' lang='grc' dir='ltr'><strong>υ</strong></span> <span class='ocrx_word' id='word_1_303' title='bbox 1986 2546 2180 2603; x_wconf 89' lang='lat' dir='ltr'><strong>Leonis</strong></span> 
     </span>
    </p>
   </div>
   <div class='ocr_carea' id='block_1_43' title="bbox 607 2611 1663 2681">
    <p class='ocr_par' dir='ltr' id='par_1_43' title="bbox 607 2611 1663 2681">
     <span class='ocr_line' id='line_1_43' title="bbox 607 2611 1663 2681; baseline 0.001 -18"><span class='ocrx_word' id='word_1_304' title='bbox 607 2628 775 2681; x_wconf 73' lang='lat' dir='ltr'><strong>paptt&#39;,</strong></span> <span class='ocrx_word' id='word_1_305' title='bbox 806 2611 894 2680; x_wconf 88' lang='lat' dir='ltr'><strong>qui</strong></span> <span class='ocrx_word' id='word_1_306' title='bbox 924 2612 1099 2664; x_wconf 83' lang='lat' dir='ltr'><strong>Bruno</strong></span> <span class='ocrx_word' id='word_1_307' title='bbox 1119 2611 1292 2664; x_wconf 86' lang='lat' dir='ltr'><strong>dictus</strong></span> <span class='ocrx_word' id='word_1_308' title='bbox 1317 2623 1397 2665; x_wconf 73' lang='grc' dir='ltr'><strong>εει</strong></span> <span class='ocrx_word' id='word_1_309' title='bbox 1432 2613 1663 2665; x_wconf 85' lang='lat' dir='ltr'><strong>u0miuc.</strong></span> 
     </span>
    </p>
   </div>
   <div class='ocr_carea' id='block_1_44' title="bbox 671 2701 1524 2759">
    <p class='ocr_par' dir='ltr' id='par_1_44' title="bbox 671 2701 1524 2759">
     <span class='ocr_line' id='line_1_44' title="bbox 671 2701 1524 2759; baseline -0.002 -2"><span class='ocrx_word' id='word_1_310' title='bbox 671 2704 761 2759; x_wconf 71' lang='lat'><strong>20.</strong></span> <span class='ocrx_word' id='word_1_311' title='bbox 785 2733 855 2743; x_wconf 93' lang='lat'><strong>—</strong></span> <span class='ocrx_word' id='word_1_312' title='bbox 876 2701 966 2757; x_wconf 82' lang='lat' dir='ltr'><strong>XII</strong></span> <span class='ocrx_word' id='word_1_313' title='bbox 999 2702 1132 2756; x_wconf 77' lang='grc' dir='ltr'><strong>ΚΑι..</strong></span> <span class='ocrx_word' id='word_1_314' title='bbox 1159 2702 1321 2755; x_wconf 83' lang='lat' dir='ltr'><strong>Vacat</strong></span> <span class='ocrx_word' id='word_1_315' title='bbox 1350 2703 1524 2755; x_wconf 63' lang='lat' dir='ltr'><strong>liuida.</strong></span> 
     </span>
    </p>
   </div>
   <div class='ocr_carea' id='block_1_45' title="bbox 675 2792 2181 2861">
    <p class='ocr_par' dir='ltr' id='par_1_45' title="bbox 675 2792 2181 2861">
     <span class='ocr_line' id='line_1_45' title="bbox 675 2792 2181 2861; baseline 0.002 -12"><span class='ocrx_word' id='word_1_316' title='bbox 675 2793 862 2849; x_wconf 84' lang='lat' dir='ltr'><strong>Florus</strong></span> <span class='ocrx_word' id='word_1_317' title='bbox 891 2792 942 2847; x_wconf 87' lang='lat' dir='ltr'><strong>in</strong></span> <span class='ocrx_word' id='word_1_318' title='bbox 970 2795 1033 2847; x_wconf 76' lang='grc' dir='ltr'><strong>Α.</strong></span> <span class='ocrx_word' id='word_1_319' title='bbox 1058 2792 1119 2846; x_wconf 88' lang='grc' dir='ltr'>Τ.</span> <span class='ocrx_word' id='word_1_320' title='bbox 1150 2793 1231 2857; x_wconf 87' lang='lat' dir='ltr'><strong>L.,</strong></span> <span class='ocrx_word' id='word_1_321' title='bbox 1275 2792 1458 2845; x_wconf 80' lang='lat' dir='ltr'><strong>Ronue</strong></span> <span class='ocrx_word' id='word_1_322' title='bbox 1494 2792 1753 2861; x_wconf 83' lang='lat' dir='ltr'><strong>depositio</strong></span> <span class='ocrx_word' id='word_1_323' title='bbox 1800 2794 1857 2850; x_wconf 87' lang='lat' dir='ltr'><strong>S.</strong></span> <span class='ocrx_word' id='word_1_324' title='bbox 1903 2795 1929 2834; x_wconf 68' lang='grc' dir='ltr'>δ</span> <span class='ocrx_word' id='word_1_325' title='bbox 1973 2797 2181 2853; x_wconf 85' lang='lat' dir='ltr'><strong>Aniceti</strong></span> 
     </span>
    </p>
   </div>
   <div class='ocr_carea' id='block_1_46' title="bbox 603 2881 2185 2953">
    <p class='ocr_par' dir='ltr' id='par_1_46' title="bbox 603 2881 2185 2953">
     <span class='ocr_line' id='line_1_46' title="bbox 603 2881 2185 2953; baseline 0.003 -18"><span class='ocrx_word' id='word_1_326' title='bbox 603 2898 753 2953; x_wconf 73' lang='lat' dir='ltr'><strong>papa:</strong></span> <span class='ocrx_word' id='word_1_327' title='bbox 778 2893 832 2936; x_wconf 92' lang='lat' dir='ltr'><strong>et</strong></span> <span class='ocrx_word' id='word_1_328' title='bbox 861 2882 1147 2952; x_wconf 82' lang='lat' dir='ltr'><strong>martyris:</strong></span> <span class='ocrx_word' id='word_1_329' title='bbox 1174 2882 1261 2950; x_wconf 90' lang='lat' dir='ltr'><strong>qui</strong></span> <span class='ocrx_word' id='word_1_330' title='bbox 1292 2897 1410 2935; x_wconf 90' lang='lat' dir='ltr'><strong>cum</strong></span> <span class='ocrx_word' id='word_1_331' title='bbox 1446 2881 1731 2936; x_wconf 72' lang='lat' dir='ltr'><strong>Ecclesium</strong></span> <span class='ocrx_word' id='word_1_332' title='bbox 1759 2882 2047 2939; x_wconf 85' lang='lat' dir='ltr'><strong>Romanam</strong></span> <span class='ocrx_word' id='word_1_333' title='bbox 2087 2900 2185 2941; x_wconf 85' lang='lat' dir='ltr'><strong>au-</strong></span> 
     </span>
    </p>
   </div>
   <div class='ocr_carea' id='block_1_47' title="bbox 604 2970 2185 3043">
    <p class='ocr_par' dir='ltr' id='par_1_47' title="bbox 604 2970 2185 3043">
     <span class='ocr_line' id='line_1_47' title="bbox 604 2970 2185 3043; baseline 0.003 -17"><span class='ocrx_word' id='word_1_334' title='bbox 604 2976 689 3026; x_wconf 89' lang='lat' dir='ltr'><strong>nis</strong></span> <span class='ocrx_word' id='word_1_335' title='bbox 729 2970 974 3026; x_wconf 88' lang='lat' dir='ltr'><strong>undecim</strong></span> <span class='ocrx_word' id='word_1_336' title='bbox 1021 2972 1267 3035; x_wconf 84' lang='lat' dir='ltr'><strong>rexisset,</strong></span> <span class='ocrx_word' id='word_1_337' title='bbox 1302 2985 1485 3040; x_wconf 89' lang='lat' dir='ltr'><strong>passus</strong></span> <span class='ocrx_word' id='word_1_338' title='bbox 1511 2982 1592 3025; x_wconf 92' lang='lat' dir='ltr'><strong>est</strong></span> <span class='ocrx_word' id='word_1_339' title='bbox 1640 2982 1878 3043; x_wconf 89' lang='lat' dir='ltr'><strong>tempore</strong></span> <span class='ocrx_word' id='word_1_340' title='bbox 1917 2974 2097 3029; x_wconf 82' lang='lat' dir='ltr'><strong>Severi</strong></span> <span class='ocrx_word' id='word_1_341' title='bbox 2128 2984 2185 3030; x_wconf 90' lang='lat' dir='ltr'><strong>et</strong></span> 
     </span>
    </p>
   </div>
   <div class='ocr_carea' id='block_1_48' title="bbox 607 3061 794 3118">
    <p class='ocr_par' dir='ltr' id='par_1_48' title="bbox 607 3061 794 3118">
     <span class='ocr_line' id='line_1_48' title="bbox 607 3061 794 3118; baseline -0.027 0"><span class='ocrx_word' id='word_1_342' title='bbox 607 3061 794 3118; x_wconf 70' lang='lat' dir='ltr'><strong>Marci.</strong></span> 
     </span>
    </p>
   </div>
   <div class='ocr_carea' id='block_1_49' title="bbox 680 3149 2175 3228">
    <p class='ocr_par' dir='ltr' id='par_1_49' title="bbox 680 3149 2175 3228">
     <span class='ocr_line' id='line_1_49' title="bbox 680 3149 2175 3228; baseline 0.001 -23"><span class='ocrx_word' id='word_1_343' title='bbox 770 3151 950 3228; x_wconf 61' lang='lat' dir='ltr'><strong>[totum</strong></span> <span class='ocrx_word' id='word_1_344' title='bbox 976 3151 1248 3228; x_wconf 71' lang='lat' dir='ltr'><strong>depositio</strong></span> <span class='ocrx_word' id='word_1_345' title='bbox 1270 3149 1543 3228; x_wconf 72' lang='lat' dir='ltr'><strong>°_Victori_s.</strong></span> <span class='ocrx_word' id='word_1_346' title='bbox 1576 3152 1809 3228; x_wconf 87' lang='lat' dir='ltr'><strong>episcopi</strong></span> <span class='ocrx_word' id='word_1_347' title='bbox 1833 3165 1882 3207; x_wconf 92' lang='lat' dir='ltr'><strong>et</strong></span> <span class='ocrx_word' id='word_1_348' title='bbox 1902 3156 2175 3228; x_wconf 67' lang='lat' dir='ltr'><strong>martyris,</strong></span> 
     </span>
    </p>
   </div>
   <div class='ocr_carea' id='block_1_50' title="bbox 605 3220 2181 3290">
    <p class='ocr_par' dir='ltr' id='par_1_50' title="bbox 605 3220 2181 3290">
     <span class='ocr_line' id='line_1_50' title="bbox 605 3220 2181 3290; baseline 0.002 -13"><span class='ocrx_word' id='word_1_349' title='bbox 605 3220 628 3257; x_wconf 75' lang='grc' dir='ltr'><em>δ</em></span> <span class='ocrx_word' id='word_1_350' title='bbox 654 3222 865 3290; x_wconf 89' lang='lat' dir='ltr'><strong>Sulpitii</strong></span> <span class='ocrx_word' id='word_1_351' title='bbox 897 3230 950 3274; x_wconf 88' lang='lat' dir='ltr'><strong>et</strong></span> <span class='ocrx_word' id='word_1_352' title='bbox 972 3221 1268 3277; x_wconf 87' lang='lat' dir='ltr'><strong>Serviliani.</strong></span> <span class='ocrx_word' id='word_1_353' title='bbox 1302 3222 1364 3277; x_wconf 91' lang='lat' dir='ltr'><strong>V.</strong></span> <span class='ocrx_word' id='word_1_354' title='bbox 1393 3222 1473 3288; x_wconf 75' lang='lat'><strong>8.,</strong></span> <span class='ocrx_word' id='word_1_355' title='bbox 1505 3221 1685 3277; x_wconf 67' lang='lat' dir='ltr'><strong>Romae</strong></span> <span class='ocrx_word' id='word_1_356' title='bbox 1707 3220 1967 3290; x_wconf 77' lang='lat' dir='ltr'><strong>depositio</strong></span> <span class='ocrx_word' id='word_1_357' title='bbox 2006 3220 2064 3281; x_wconf 65' lang='lat' dir='ltr'><strong>S&#39;.</strong></span> <span class='ocrx_word' id='word_1_358' title='bbox 2095 3220 2181 3280; x_wconf 86' lang='lat' dir='ltr'><strong>Vi-</strong></span> 
     </span>
    </p>
   </div>
   <div class='ocr_carea' id='block_1_51' title="bbox 601 3292 2182 3359">
    <p class='ocr_par' dir='ltr' id='par_1_51' title="bbox 601 3292 2182 3359">
     <span class='ocr_line' id='line_1_51' title="bbox 601 3292 2182 3359; baseline 0.005 -16"><span class='ocrx_word' id='word_1_359' title='bbox 601 3296 766 3345; x_wconf 77' lang='lat' dir='ltr'><strong>ctoris</strong></span> <span class='ocrx_word' id='word_1_360' title='bbox 797 3292 1053 3359; x_wconf 69' lang='lat' dir='ltr'><strong>cpiscolii,</strong></span> <span class='ocrx_word' id='word_1_361' title='bbox 1084 3292 1292 3356; x_wconf 85' lang='lat' dir='ltr'><strong>Felicis,</strong></span> <span class='ocrx_word' id='word_1_362' title='bbox 1321 3294 1627 3347; x_wconf 81' lang='lat' dir='ltr'><strong>Alexandri.</strong></span> <span class='ocrx_word' id='word_1_363' title='bbox 1678 3293 1745 3348; x_wconf 84' lang='lat' dir='ltr'><strong>Et</strong></span> <span class='ocrx_word' id='word_1_364' title='bbox 1791 3296 1841 3349; x_wconf 92' lang='lat' dir='ltr'><strong>iu</strong></span> <span class='ocrx_word' id='word_1_365' title='bbox 1873 3299 2182 3351; x_wconf 78' lang='lat' dir='ltr'><strong>cmtneterio</strong></span> 
     </span>
    </p>
   </div>
   <div class='ocr_carea' id='block_1_52' title="bbox 596 3361 2177 3434">
    <p class='ocr_par' dir='ltr' id='par_1_52' title="bbox 596 3361 2177 3434">
     <span class='ocr_line' id='line_1_52' title="bbox 596 3361 2177 3434; baseline 0.004 -19"><span class='ocrx_word' id='word_1_366' title='bbox 596 3364 753 3434; x_wconf 60' lang='lat' dir='ltr'><strong>juxta</strong></span> <span class='ocrx_word' id='word_1_367' title='bbox 778 3364 914 3416; x_wconf 85' lang='lat' dir='ltr'><strong>viam</strong></span> <span class='ocrx_word' id='word_1_368' title='bbox 939 3363 1322 3417; x_wconf 75' lang='lat' dir='ltr'><strong>Numentauam</strong></span> <span class='ocrx_word' id='word_1_369' title='bbox 1353 3361 1609 3418; x_wconf 73' lang='lat' dir='ltr'><strong>Salviani.</strong></span> <span class='ocrx_word' id='word_1_370' title='bbox 1640 3365 1883 3434; x_wconf 82' lang='lat' dir='ltr'><strong>Aragaci,</strong></span> <span class='ocrx_word' id='word_1_371' title='bbox 1916 3368 1995 3421; x_wconf 91' lang='lat' dir='ltr'><strong>vel</strong></span> <span class='ocrx_word' id='word_1_372' title='bbox 2029 3369 2177 3434; x_wconf 75' lang='lat' dir='ltr'><strong>juxta</strong></span> 
     </span>
    </p>
   </div>
   <div class='ocr_carea' id='block_1_53' title="bbox 2283 2403 3860 2477">
    <p class='ocr_par' dir='ltr' id='par_1_53' title="bbox 2283 2403 3860 2477">
     <span class='ocr_line' id='line_1_53' title="bbox 2283 2403 3860 2477; baseline -0.002 -14"><span class='ocrx_word' id='word_1_373' title='bbox 2283 2409 2472 2477; x_wconf 71' lang='lat' dir='ltr'><strong>positio</strong></span> <span class='ocrx_word' id='word_1_374' title='bbox 2502 2407 2562 2463; x_wconf 90' lang='grc'><strong>8.</strong></span> <span class='ocrx_word' id='word_1_375' title='bbox 2586 2403 2817 2477; x_wconf 82' lang='lat' dir='ltr'><strong>Victoris</strong></span> <span class='ocrx_word' id='word_1_376' title='bbox 2843 2403 3091 2477; x_wconf 78' lang='lat' dir='ltr'><strong>episcopi</strong></span> <span class='ocrx_word' id='word_1_377' title='bbox 3105 2414 3159 2477; x_wconf 85' lang='lat' dir='ltr'><strong>et</strong></span> <span class='ocrx_word' id='word_1_378' title='bbox 3180 2404 3566 2477; x_wconf 15' lang='lat' dir='ltr'><strong>passioillona‘ti</strong></span> <span class='ocrx_word' id='word_1_379' title='bbox 3593 2406 3860 2477; x_wconf 79' lang='lat' dir='ltr'><strong>martyris.</strong></span> 
     </span>
    </p>
   </div>
   <div class='ocr_carea' id='block_1_54' title="bbox 2285 2473 3869 2543">
    <p class='ocr_par' dir='ltr' id='par_1_54' title="bbox 2285 2473 3869 2543">
     <span class='ocr_line' id='line_1_54' title="bbox 2285 2473 3869 2543; baseline -0.002 -9"><span class='ocrx_word' id='word_1_380' title='bbox 2285 2473 2650 2534; x_wconf 65' lang='lat' dir='ltr'><strong>Autissiodoro</strong></span> <span class='ocrx_word' id='word_1_381' title='bbox 2672 2475 2884 2530; x_wconf 88' lang='lat' dir='ltr'><strong>civitate</strong></span> <span class='ocrx_word' id='word_1_382' title='bbox 2910 2473 3170 2540; x_wconf 86' lang='lat' dir='ltr'><strong>depositio</strong></span> <span class='ocrx_word' id='word_1_383' title='bbox 3192 2475 3249 2529; x_wconf 93' lang='lat' dir='ltr'><strong>S.</strong></span> <span class='ocrx_word' id='word_1_384' title='bbox 3280 2477 3303 2504; x_wconf 86' lang='lat'><strong><em>°</em></strong></span> <span class='ocrx_word' id='word_1_385' title='bbox 3330 2475 3537 2529; x_wconf 84' lang='lat' dir='ltr'><strong>Martini</strong></span> <span class='ocrx_word' id='word_1_386' title='bbox 3559 2473 3791 2543; x_wconf 83' lang='lat' dir='ltr'><strong>episcopi</strong></span> <span class='ocrx_word' id='word_1_387' title='bbox 3814 2486 3869 2531; x_wconf 86' lang='lat' dir='ltr'><strong>et</strong></span> 
     </span>
    </p>
   </div>
   <div class='ocr_carea' id='block_1_55' title="bbox 2288 2544 3859 2610">
    <p class='ocr_par' dir='ltr' id='par_1_55' title="bbox 2288 2544 3859 2610">
     <span class='ocr_line' id='line_1_55' title="bbox 2288 2544 3859 2610; baseline -0.003 -9"><span class='ocrx_word' id='word_1_388' title='bbox 2288 2548 2628 2603; x_wconf 81' lang='lat' dir='ltr'><strong>confessoris.</strong></span> <span class='ocrx_word' id='word_1_389' title='bbox 2681 2545 2768 2605; x_wconf 86' lang='grc' dir='ltr'><strong>Β..</strong></span> <span class='ocrx_word' id='word_1_390' title='bbox 2810 2544 2863 2597; x_wconf 94' lang='lat' dir='ltr'><strong>lu</strong></span> <span class='ocrx_word' id='word_1_391' title='bbox 2898 2545 3071 2598; x_wconf 82' lang='lat' dir='ltr'><strong>Africa</strong></span> <span class='ocrx_word' id='word_1_392' title='bbox 3112 2545 3287 2599; x_wconf 89' lang='lat' dir='ltr'><strong>natale</strong></span> <span class='ocrx_word' id='word_1_393' title='bbox 3328 2546 3573 2607; x_wconf 84' lang='lat' dir='ltr'><strong>Servani,</strong></span> <span class='ocrx_word' id='word_1_394' title='bbox 3616 2545 3859 2610; x_wconf 79' lang='lat' dir='ltr'><strong>Silviani,</strong></span> 
     </span>
    </p>
   </div>
   <div class='ocr_carea' id='block_1_56' title="bbox 2283 2612 3865 2684">
    <p class='ocr_par' dir='ltr' id='par_1_56' title="bbox 2283 2612 3865 2684">
     <span class='ocr_line' id='line_1_56' title="bbox 2283 2612 3865 2684; baseline -0.003 -10"><span class='ocrx_word' id='word_1_395' title='bbox 2283 2619 2522 2674; x_wconf 86' lang='lat' dir='ltr'><strong>Joannis.</strong></span> <span class='ocrx_word' id='word_1_396' title='bbox 2567 2617 2621 2670; x_wconf 92' lang='lat' dir='ltr'><strong>In</strong></span> <span class='ocrx_word' id='word_1_397' title='bbox 2655 2614 2985 2669; x_wconf 81' lang='lat' dir='ltr'><strong>Autissidoro</strong></span> <span class='ocrx_word' id='word_1_398' title='bbox 3017 2614 3230 2669; x_wconf 87' lang='lat' dir='ltr'><strong>civitate</strong></span> <span class='ocrx_word' id='word_1_399' title='bbox 3275 2614 3535 2684; x_wconf 87' lang='lat' dir='ltr'><strong>depositio</strong></span> <span class='ocrx_word' id='word_1_400' title='bbox 3571 2616 3628 2671; x_wconf 91' lang='lat' dir='ltr'><strong>S.</strong></span> <span class='ocrx_word' id='word_1_401' title='bbox 3663 2612 3680 2652; x_wconf 74' lang='grc' dir='ltr'>ί</span> <span class='ocrx_word' id='word_1_402' title='bbox 3723 2614 3865 2670; x_wconf 72' lang='lat' dir='ltr'><strong>Mar-</strong></span> 
     </span>
    </p>
   </div>
   <div class='ocr_carea' id='block_1_57' title="bbox 2290 2684 3866 2757">
    <p class='ocr_par' dir='ltr' id='par_1_57' title="bbox 2290 2684 3866 2757">
     <span class='ocr_line' id='line_1_57' title="bbox 2290 2684 3866 2757; baseline 0 -14"><span class='ocrx_word' id='word_1_403' title='bbox 2290 2690 2425 2744; x_wconf 90' lang='lat' dir='ltr'><strong>ciani</strong></span> <span class='ocrx_word' id='word_1_404' title='bbox 2474 2687 2789 2757; x_wconf 82' lang='lat' dir='ltr'><strong>presbyteri.</strong></span> <span class='ocrx_word' id='word_1_405' title='bbox 2831 2686 2915 2751; x_wconf 72' lang='lat'><strong>(3.,</strong></span> <span class='ocrx_word' id='word_1_406' title='bbox 2964 2685 3230 2754; x_wconf 90' lang='lat' dir='ltr'><strong>Depositio</strong></span> <span class='ocrx_word' id='word_1_407' title='bbox 3274 2684 3497 2740; x_wconf 82' lang='lat' dir='ltr'><strong>Victoris</strong></span> <span class='ocrx_word' id='word_1_408' title='bbox 3538 2687 3772 2756; x_wconf 90' lang='lat' dir='ltr'><strong>episcopi</strong></span> <span class='ocrx_word' id='word_1_409' title='bbox 3806 2695 3866 2743; x_wconf 79' lang='lat' dir='ltr'><strong>et</strong></span> 
     </span>
    </p>
   </div>
   <div class='ocr_carea' id='block_1_58' title="bbox 2292 2759 2558 2814">
    <p class='ocr_par' dir='ltr' id='par_1_58' title="bbox 2292 2759 2558 2814">
     <span class='ocr_line' id='line_1_58' title="bbox 2292 2759 2558 2814; baseline -0.011 0"><span class='ocrx_word' id='word_1_410' title='bbox 2292 2759 2558 2814; x_wconf 84' lang='lat' dir='ltr'><strong>Serviani.</strong></span> 
     </span>
    </p>
   </div>
   <div class='ocr_carea' id='block_1_59' title="bbox 2359 2844 3195 2903">
    <p class='ocr_par' dir='ltr' id='par_1_59' title="bbox 2359 2844 3195 2903">
     <span class='ocr_line' id='line_1_59' title="bbox 2359 2844 3195 2903; baseline -0.004 0"><span class='ocrx_word' id='word_1_411' title='bbox 2359 2849 2449 2903; x_wconf 67' lang='lat'><strong>2|.</strong></span> <span class='ocrx_word' id='word_1_412' title='bbox 2474 2877 2545 2889; x_wconf 91' lang='lat'>—</span> <span class='ocrx_word' id='word_1_413' title='bbox 2568 2847 2637 2901; x_wconf 77' lang='lat' dir='ltr'><strong>XI</strong></span> <span class='ocrx_word' id='word_1_414' title='bbox 2670 2846 2803 2901; x_wconf 78' lang='grc' dir='ltr'><strong>ΚΑι.</strong></span> <span class='ocrx_word' id='word_1_415' title='bbox 2828 2844 2995 2899; x_wconf 88' lang='lat' dir='ltr'><strong>Vacat</strong></span> <span class='ocrx_word' id='word_1_416' title='bbox 3019 2844 3195 2900; x_wconf 65' lang='lat' dir='ltr'><strong>Baeda.</strong></span> 
     </span>
    </p>
   </div>
   <div class='ocr_carea' id='block_1_60' title="bbox 2366 2936 3871 3006">
    <p class='ocr_par' dir='ltr' id='par_1_60' title="bbox 2366 2936 3871 3006">
     <span class='ocr_line' id='line_1_60' title="bbox 2366 2936 3871 3006; baseline -0.003 -10"><span class='ocrx_word' id='word_1_417' title='bbox 2366 2944 2451 3006; x_wconf 92' lang='lat' dir='ltr'><strong>D.,</strong></span> <span class='ocrx_word' id='word_1_418' title='bbox 2476 2939 2691 2995; x_wconf 81' lang='lat' dir='ltr'><strong>Perside</strong></span> <span class='ocrx_word' id='word_1_419' title='bbox 2732 2936 2789 2993; x_wconf 91' lang='lat' dir='ltr'><strong>S.</strong></span> <span class='ocrx_word' id='word_1_420' title='bbox 2820 2946 2843 2984; x_wconf 74' lang='grc' dir='ltr'><strong>ι</strong></span> <span class='ocrx_word' id='word_1_421' title='bbox 2868 2936 3130 2992; x_wconf 88' lang='lat' dir='ltr'><strong>Simeonis</strong></span> <span class='ocrx_word' id='word_1_422' title='bbox 3170 2936 3399 3004; x_wconf 84' lang='lat' dir='ltr'><strong>episcopi</strong></span> <span class='ocrx_word' id='word_1_423' title='bbox 3432 2950 3551 2990; x_wconf 85' lang='lat' dir='ltr'><strong>cum</strong></span> <span class='ocrx_word' id='word_1_424' title='bbox 3583 2937 3699 2991; x_wconf 90' lang='lat' dir='ltr'><strong>aliis</strong></span> <span class='ocrx_word' id='word_1_425' title='bbox 3743 2952 3871 2992; x_wconf 84' lang='lat' dir='ltr'><strong>cen-</strong></span> 
     </span>
    </p>
   </div>
   <div class='ocr_carea' id='block_1_61' title="bbox 2292 3006 3868 3076">
    <p class='ocr_par' dir='ltr' id='par_1_61' title="bbox 2292 3006 3868 3076">
     <span class='ocr_line' id='line_1_61' title="bbox 2292 3006 3868 3076; baseline -0.003 -10"><span class='ocrx_word' id='word_1_426' title='bbox 2292 3022 2423 3067; x_wconf 93' lang='lat' dir='ltr'><strong>tum.</strong></span> <span class='ocrx_word' id='word_1_427' title='bbox 2468 3010 2528 3064; x_wconf 90' lang='lat' dir='ltr'><strong>V.</strong></span> <span class='ocrx_word' id='word_1_428' title='bbox 2557 3010 2639 3072; x_wconf 77' lang='lat'><strong>8.,</strong></span> <span class='ocrx_word' id='word_1_429' title='bbox 2667 3009 2849 3062; x_wconf 60' lang='lat' dir='ltr'><strong>Romae</strong></span> <span class='ocrx_word' id='word_1_430' title='bbox 2898 3007 2950 3060; x_wconf 91' lang='lat' dir='ltr'><strong>in</strong></span> <span class='ocrx_word' id='word_1_431' title='bbox 2991 3010 3298 3061; x_wconf 74' lang='lat' dir='ltr'><strong>cmmeterio</strong></span> <span class='ocrx_word' id='word_1_432' title='bbox 3337 3006 3525 3061; x_wconf 73' lang='lat' dir='ltr'><strong>Calini</strong></span> <span class='ocrx_word' id='word_1_433' title='bbox 3574 3006 3653 3060; x_wconf 91' lang='lat' dir='ltr'><strong>via</strong></span> <span class='ocrx_word' id='word_1_434' title='bbox 3696 3010 3868 3076; x_wconf 82' lang='lat' dir='ltr'><strong>Appia</strong></span> 
     </span>
    </p>
   </div>
   <div class='ocr_carea' id='block_1_62' title="bbox 2293 3076 3869 3147">
    <p class='ocr_par' dir='ltr' id='par_1_62' title="bbox 2293 3076 3869 3147">
     <span class='ocr_line' id='line_1_62' title="bbox 2293 3076 3869 3147; baseline -0.004 -11"><span class='ocrx_word' id='word_1_435' title='bbox 2293 3082 2318 3121; x_wconf 77' lang='grc' dir='ltr'><strong>ιι</strong></span> <span class='ocrx_word' id='word_1_436' title='bbox 2352 3079 2641 3144; x_wconf 90' lang='lat' dir='ltr'><strong>Valeriani,</strong></span> <span class='ocrx_word' id='word_1_437' title='bbox 2671 3076 2898 3134; x_wconf 85' lang='lat' dir='ltr'><strong>Tiburtii</strong></span> <span class='ocrx_word' id='word_1_438' title='bbox 2940 3085 2997 3131; x_wconf 81' lang='lat' dir='ltr'><strong>et</strong></span> <span class='ocrx_word' id='word_1_439' title='bbox 3029 3077 3263 3147; x_wconf 79' lang='lat' dir='ltr'><strong>Maximi.</strong></span> <span class='ocrx_word' id='word_1_440' title='bbox 3294 3078 3357 3132; x_wconf 82' lang='grc' dir='ltr'><strong>Α.</strong></span> <span class='ocrx_word' id='word_1_441' title='bbox 3383 3077 3470 3138; x_wconf 82' lang='grc' dir='ltr'><strong>Τ..</strong></span> <span class='ocrx_word' id='word_1_442' title='bbox 3496 3077 3675 3131; x_wconf 66' lang='lat' dir='ltr'><strong>Romae</strong></span> <span class='ocrx_word' id='word_1_443' title='bbox 3702 3078 3869 3147; x_wconf 84' lang='lat' dir='ltr'><strong>depo-</strong></span> 
     </span>
    </p>
   </div>
   <div class='ocr_carea' id='block_1_63' title="bbox 2290 3145 3867 3207">
    <p class='ocr_par' dir='ltr' id='par_1_63' title="bbox 2290 3145 3867 3207">
     <span class='ocr_line' id='line_1_63' title="bbox 2290 3145 3867 3207; baseline -0.002 -2"><span class='ocrx_word' id='word_1_444' title='bbox 2290 3154 2413 3207; x_wconf 86' lang='lat' dir='ltr'><strong>sitio</strong></span> <span class='ocrx_word' id='word_1_445' title='bbox 2462 3151 2520 3206; x_wconf 87' lang='lat' dir='ltr'><strong>S.</strong></span> <span class='ocrx_word' id='word_1_446' title='bbox 2548 3148 2833 3203; x_wconf 88' lang='lat' dir='ltr'><strong>Valeriani.</strong></span> <span class='ocrx_word' id='word_1_447' title='bbox 2883 3147 2937 3201; x_wconf 94' lang='lat' dir='ltr'><strong>In</strong></span> <span class='ocrx_word' id='word_1_448' title='bbox 2967 3145 3288 3201; x_wconf 78' lang='lat' dir='ltr'><strong>Alexandria</strong></span> <span class='ocrx_word' id='word_1_449' title='bbox 3336 3148 3508 3201; x_wconf 84' lang='lat' dir='ltr'><strong>natale</strong></span> <span class='ocrx_word' id='word_1_450' title='bbox 3554 3149 3606 3203; x_wconf 88' lang='lat' dir='ltr'><strong>S.</strong></span> <span class='ocrx_word' id='word_1_451' title='bbox 3642 3145 3867 3203; x_wconf 84' lang='lat' dir='ltr'><strong>Victoris</strong></span> 
     </span>
    </p>
   </div>
   <div class='ocr_carea' id='block_1_64' title="bbox 2292 3216 3865 3295">
    <p class='ocr_par' dir='ltr' id='par_1_64' title="bbox 2292 3216 3865 3295">
     <span class='ocr_line' id='line_1_64' title="bbox 2292 3216 3865 3295; baseline -0.004 -18"><span class='ocrx_word' id='word_1_452' title='bbox 2292 3225 2404 3295; x_wconf 81' lang='lat' dir='ltr'><strong>[L.,</strong></span> <span class='ocrx_word' id='word_1_453' title='bbox 2430 3217 2716 3295; x_wconf 86' lang='lat' dir='ltr'><strong>A_matoris]</strong></span> <span class='ocrx_word' id='word_1_454' title='bbox 2751 3218 3042 3295; x_wconf 67' lang='lat' dir='ltr'><strong>presbytte</strong></span> <span class='ocrx_word' id='word_1_455' title='bbox 3073 3226 3127 3293; x_wconf 74' lang='lat' dir='ltr'><strong>et</strong></span> <span class='ocrx_word' id='word_1_456' title='bbox 3146 3216 3561 3295; x_wconf 76' lang='lat' dir='ltr'><strong>V_italis.__&#39;l‘.__B.,</strong></span> <span class='ocrx_word' id='word_1_457' title='bbox 3596 3219 3648 3295; x_wconf 82' lang='lat' dir='ltr'><strong>In</strong></span> <span class='ocrx_word' id='word_1_458' title='bbox 3670 3219 3865 3295; x_wconf 67' lang='lat' dir='ltr'><strong>Terra-</strong></span> 
     </span>
    </p>
   </div>
   <div class='ocr_carea' id='block_1_65' title="bbox 2288 3284 3866 3357">
    <p class='ocr_par' dir='ltr' id='par_1_65' title="bbox 2288 3284 3866 3357">
     <span class='ocr_line' id='line_1_65' title="bbox 2288 3284 3866 3357; baseline -0.005 -8"><span class='ocrx_word' id='word_1_459' title='bbox 2288 3284 2405 3350; x_wconf 74' lang='lat' dir='ltr'><strong>cina</strong></span> <span class='ocrx_word' id='word_1_460' title='bbox 2452 3284 2763 3357; x_wconf 73' lang='lat' dir='ltr'><strong>Campanize</strong></span> <span class='ocrx_word' id='word_1_461' title='bbox 2791 3284 2968 3357; x_wconf 84' lang='lat' dir='ltr'><strong>passio</strong></span> <span class='ocrx_word' id='word_1_462' title='bbox 3006 3288 3067 3343; x_wconf 95' lang='grc'><strong>8.</strong></span> <span class='ocrx_word' id='word_1_463' title='bbox 3106 3284 3121 3324; x_wconf 73' lang='grc' dir='ltr'><strong>ί</strong></span> <span class='ocrx_word' id='word_1_464' title='bbox 3163 3287 3383 3341; x_wconf 65' lang='lat' dir='ltr'><strong>Caesarii</strong></span> <span class='ocrx_word' id='word_1_465' title='bbox 3426 3288 3657 3342; x_wconf 88' lang='lat' dir='ltr'><strong>diaconi.</strong></span> <span class='ocrx_word' id='word_1_466' title='bbox 3705 3290 3763 3344; x_wconf 77' lang='grc' dir='ltr'><strong>Β.</strong></span> <span class='ocrx_word' id='word_1_467' title='bbox 3812 3289 3866 3343; x_wconf 91' lang='lat' dir='ltr'><strong>lu</strong></span> 
     </span>
    </p>
   </div>
   <div class='ocr_carea' id='block_1_66' title="bbox 2292 3357 3865 3430">
    <p class='ocr_par' dir='ltr' id='par_1_66' title="bbox 2292 3357 3865 3430">
     <span class='ocr_line' id='line_1_66' title="bbox 2292 3357 3865 3430; baseline -0.005 -12"><span class='ocrx_word' id='word_1_468' title='bbox 2292 3362 2608 3419; x_wconf 80' lang='lat' dir='ltr'><strong>Alexandria</strong></span> <span class='ocrx_word' id='word_1_469' title='bbox 2642 3360 2817 3430; x_wconf 82' lang='lat' dir='ltr'><strong>natale</strong></span> <span class='ocrx_word' id='word_1_470' title='bbox 2846 3357 3277 3430; x_wconf 76' lang='lat' dir='ltr'><strong>_SS._Fort_unati,</strong></span> <span class='ocrx_word' id='word_1_471' title='bbox 3311 3358 3547 3412; x_wconf 72' lang='lat' dir='ltr'><strong>Aratoris</strong></span> <span class='ocrx_word' id='word_1_472' title='bbox 3589 3359 3865 3430; x_wconf 82' lang='lat' dir='ltr'><strong>presbyte-</strong></span> 
     </span>
    </p>
   </div>
   <div class='ocr_carea' id='block_1_67' title="bbox 681 3428 3825 3500">
    <p class='ocr_par' dir='ltr' id='par_1_67' title="bbox 681 3428 3825 3500">
     <span class='ocr_line' id='line_1_67' title="bbox 681 3428 3825 3500; baseline -0.001 -15"><span class='ocrx_word' id='word_1_473' title='bbox 681 3431 903 3486; x_wconf 86' lang='lat' dir='ltr'><strong>Silviani</strong></span> <span class='ocrx_word' id='word_1_474' title='bbox 926 3434 1151 3487; x_wconf 87' lang='lat' dir='ltr'><strong>Aiaraci.</strong></span> <span class='ocrx_word' id='word_1_475' title='bbox 1181 3433 1268 3498; x_wconf 88' lang='lat' dir='ltr'><strong>B.,</strong></span> <span class='ocrx_word' id='word_1_476' title='bbox 1296 3434 1530 3487; x_wconf 64' lang='lat' dir='ltr'><strong>Donatw.</strong></span> <span class='ocrx_word' id='word_1_477' title='bbox 1558 3437 1621 3487; x_wconf 83' lang='lat' dir='ltr'><strong>A.</strong></span> <span class='ocrx_word' id='word_1_478' title='bbox 1644 3434 1729 3500; x_wconf 84' lang='lat' dir='ltr'><strong>’l‘.,</strong></span> <span class='ocrx_word' id='word_1_479' title='bbox 1748 3428 1953 3492; x_wconf 72' lang='lat' dir='ltr'><strong>Eodem</strong></span> <span class='ocrx_word' id='word_1_480' title='bbox 1976 3428 2064 3492; x_wconf 80' lang='lat' dir='ltr'><strong>die</strong></span> <span class='ocrx_word' id='word_1_481' title='bbox 2089 3439 2179 3492; x_wconf 89' lang='lat' dir='ltr'><strong>de-</strong></span> <span class='ocrx_word' id='word_1_482' title='bbox 2212 3429 2257 3490; x_wconf 90' lang='lat' dir='ltr'><strong>C</strong></span> <span class='ocrx_word' id='word_1_483' title='bbox 2288 3437 2375 3499; x_wconf 89' lang='lat' dir='ltr'><strong>rii,</strong></span> <span class='ocrx_word' id='word_1_484' title='bbox 2403 3430 2614 3497; x_wconf 76' lang='lat' dir='ltr'><strong>Felicis,</strong></span> <span class='ocrx_word' id='word_1_485' title='bbox 2645 3428 2816 3494; x_wconf 90' lang='lat' dir='ltr'><strong>Silvii,</strong></span> <span class='ocrx_word' id='word_1_486' title='bbox 2846 3428 3053 3496; x_wconf 89' lang='lat' dir='ltr'><strong>Vitalis,</strong></span> <span class='ocrx_word' id='word_1_487' title='bbox 3098 3428 3150 3481; x_wconf 93' lang='lat' dir='ltr'><strong>in</strong></span> <span class='ocrx_word' id='word_1_488' title='bbox 3178 3442 3394 3483; x_wconf 84' lang='lat' dir='ltr'><strong>carcere</strong></span> <span class='ocrx_word' id='word_1_489' title='bbox 3420 3428 3825 3498; x_wconf 79' lang='lat' dir='ltr'><strong>quiescentiuin.</strong></span> 
     </span>
    </p>
   </div>
   <div class='ocr_carea' id='block_1_68' title="bbox 1985 3526 2457 3588">
    <p class='ocr_par' dir='ltr' id='par_1_68' title="bbox 1985 3526 2457 3588">
     <span class='ocr_line' id='line_1_68' title="bbox 1985 3526 2457 3588; baseline -0.021 0"><span class='ocrx_word' id='word_1_490' title='bbox 1985 3531 2189 3588; x_wconf 76' lang='lat' dir='ltr'><strong>SMlTiI</strong></span> <span class='ocrx_word' id='word_1_491' title='bbox 2230 3526 2457 3586; x_wconf 67' lang='lat' dir='ltr'><strong>NOTAE.</strong></span> 
     </span>
    </p>
   </div>
   <div class='ocr_carea' id='block_1_69' title="bbox 675 3616 2180 3690">
    <p class='ocr_par' dir='ltr' id='par_1_69' title="bbox 675 3616 2180 3690">
     <span class='ocr_line' id='line_1_69' title="bbox 675 3616 2180 3690; baseline 0.004 -18"><span class='ocrx_word' id='word_1_492' title='bbox 675 3628 703 3659; x_wconf 77' lang='grc' dir='ltr'><strong>ι</strong></span> <span class='ocrx_word' id='word_1_493' title='bbox 733 3616 934 3673; x_wconf 77' lang='lat' dir='ltr'><strong>Leonis.</strong></span> <span class='ocrx_word' id='word_1_494' title='bbox 984 3619 1279 3690; x_wconf 59' lang='lat' dir='ltr'><strong>Nonith</strong></span> <span class='ocrx_word' id='word_1_495' title='bbox 1331 3620 1545 3675; x_wconf 85' lang='lat' dir='ltr'><strong>natione</strong></span> <span class='ocrx_word' id='word_1_496' title='bbox 1571 3622 1916 3686; x_wconf 83' lang='lat' dir='ltr'><strong>Alemannus,</strong></span> <span class='ocrx_word' id='word_1_497' title='bbox 1967 3624 2180 3678; x_wconf 89' lang='lat' dir='ltr'><strong>nomine</strong></span> 
     </span>
    </p>
   </div>
   <div class='ocr_carea' id='block_1_70' title="bbox 606 3689 2177 3757">
    <p class='ocr_par' dir='ltr' id='par_1_70' title="bbox 606 3689 2177 3757">
     <span class='ocr_line' id='line_1_70' title="bbox 606 3689 2177 3757; baseline 0.004 -16"><span class='ocrx_word' id='word_1_498' title='bbox 606 3690 806 3753; x_wconf 75' lang='lat' dir='ltr'><strong>llrnno,</strong></span> <span class='ocrx_word' id='word_1_499' title='bbox 836 3690 1115 3756; x_wconf 77' lang='lat' dir='ltr'><strong>episcopus</strong></span> <span class='ocrx_word' id='word_1_500' title='bbox 1146 3689 1318 3746; x_wconf 82' lang='lat' dir='ltr'><strong>faetus</strong></span> <span class='ocrx_word' id='word_1_501' title='bbox 1347 3692 1605 3745; x_wconf 83' lang='lat' dir='ltr'><strong>Fullensis</strong></span> <span class='ocrx_word' id='word_1_502' title='bbox 1636 3707 1775 3747; x_wconf 85' lang='lat' dir='ltr'><strong>anno</strong></span> <span class='ocrx_word' id='word_1_503' title='bbox 1802 3693 1959 3757; x_wconf 71' lang='lat'><strong>109.6,</strong></span> <span class='ocrx_word' id='word_1_504' title='bbox 1995 3692 2177 3748; x_wconf 74' lang='lat' dir='ltr'><strong>Rotnte</strong></span> 
     </span>
    </p>
   </div>
   <div class='ocr_carea' id='block_1_71' title="bbox 601 3757 2176 3831">
    <p class='ocr_par' dir='ltr' id='par_1_71' title="bbox 601 3757 2176 3831">
     <span class='ocr_line' id='line_1_71' title="bbox 601 3757 2176 3831; baseline 0.004 -21"><span class='ocrx_word' id='word_1_505' title='bbox 601 3757 994 3831; x_wconf 12' lang='lat' dir='ltr'><strong>1704‘9&#39;pontifex</strong></span> <span class='ocrx_word' id='word_1_506' title='bbox 1024 3768 1252 3831; x_wconf 69' lang='lat' dir='ltr'><strong>creatus,</strong></span> <span class='ocrx_word' id='word_1_507' title='bbox 1283 3769 1524 3829; x_wconf 77' lang='lat' dir='ltr'><strong>tempore</strong></span> <span class='ocrx_word' id='word_1_508' title='bbox 1547 3762 1753 3816; x_wconf 86' lang='lat' dir='ltr'><strong>lleurici</strong></span> <span class='ocrx_word' id='word_1_509' title='bbox 1787 3765 1946 3817; x_wconf 90' lang='lat' dir='ltr'><strong>tertii.</strong></span> <span class='ocrx_word' id='word_1_510' title='bbox 1974 3763 2176 3831; x_wconf 55' lang='lat' dir='ltr'><strong>Romae,</strong></span> 
     </span>
    </p>
   </div>
   <div class='ocr_carea' id='block_1_72' title="bbox 600 3827 2176 3899">
    <p class='ocr_par' dir='ltr' id='par_1_72' title="bbox 600 3827 2176 3899">
     <span class='ocr_line' id='line_1_72' title="bbox 600 3827 2176 3899; baseline 0.003 -18"><span class='ocrx_word' id='word_1_511' title='bbox 600 3827 770 3899; x_wconf 77' lang='lat' dir='ltr'><strong>&#39;I‘icini</strong></span> <span class='ocrx_word' id='word_1_512' title='bbox 791 3867 808 3891; x_wconf 94' lang='lat'><strong>,</strong></span> <span class='ocrx_word' id='word_1_513' title='bbox 836 3829 1134 3898; x_wconf 67' lang='lat' dir='ltr'><strong>Moguntina,</strong></span> <span class='ocrx_word' id='word_1_514' title='bbox 1162 3829 1341 3883; x_wconf 80' lang='lat' dir='ltr'><strong>Remis</strong></span> <span class='ocrx_word' id='word_1_515' title='bbox 1369 3827 1422 3885; x_wconf 79' lang='lat' dir='ltr'><strong>et</strong></span> <span class='ocrx_word' id='word_1_516' title='bbox 1446 3831 1701 3885; x_wconf 80' lang='lat' dir='ltr'><strong>Vercellis</strong></span> <span class='ocrx_word' id='word_1_517' title='bbox 1722 3834 1945 3886; x_wconf 75' lang='lat' dir='ltr'><strong>enucilia</strong></span> <span class='ocrx_word' id='word_1_518' title='bbox 1970 3827 2176 3899; x_wconf 79' lang='lat' dir='ltr'><strong>habuit,</strong></span> 
     </span>
    </p>
   </div>
   <div class='ocr_carea' id='block_1_73' title="bbox 599 3897 2176 3969">
    <p class='ocr_par' dir='ltr' id='par_1_73' title="bbox 599 3897 2176 3969">
     <span class='ocr_line' id='line_1_73' title="bbox 599 3897 2176 3969; baseline 0.007 -21"><span class='ocrx_word' id='word_1_519' title='bbox 599 3907 657 3949; x_wconf 90' lang='lat' dir='ltr'><strong>ut</strong></span> <span class='ocrx_word' id='word_1_520' title='bbox 698 3897 1071 3969; x_wconf 81' lang='lat' dir='ltr'><strong>Berengarium</strong></span> <span class='ocrx_word' id='word_1_521' title='bbox 1124 3908 1176 3954; x_wconf 93' lang='lat' dir='ltr'><strong>et</strong></span> <span class='ocrx_word' id='word_1_522' title='bbox 1221 3899 1355 3955; x_wconf 76' lang='lat' dir='ltr'><strong>alios</strong></span> <span class='ocrx_word' id='word_1_523' title='bbox 1404 3902 1804 3965; x_wconf 80' lang='lat' dir='ltr'><strong>condemnaret,</strong></span> <span class='ocrx_word' id='word_1_524' title='bbox 1837 3913 1891 3957; x_wconf 91' lang='lat' dir='ltr'><strong>ct</strong></span> <span class='ocrx_word' id='word_1_525' title='bbox 1924 3897 2176 3959; x_wconf 70' lang='lat' dir='ltr'><strong>Ecclesiae</strong></span> 
     </span>
    </p>
   </div>
   <div class='ocr_carea' id='block_1_74' title="bbox 601 3966 2173 4039">
    <p class='ocr_par' dir='ltr' id='par_1_74' title="bbox 601 3966 2173 4039">
     <span class='ocr_line' id='line_1_74' title="bbox 601 3966 2173 4039; baseline 0.008 -22"><span class='ocrx_word' id='word_1_526' title='bbox 601 3966 759 4039; x_wconf 59' lang='lat' dir='ltr'><strong>statui</strong></span> <span class='ocrx_word' id='word_1_527' title='bbox 787 3966 1110 4033; x_wconf 75' lang='lat' dir='ltr'><strong>consuleret,</strong></span> <span class='ocrx_word' id='word_1_528' title='bbox 1144 3970 1465 4039; x_wconf 67' lang='lat' dir='ltr'><strong>Graecosque</strong></span> <span class='ocrx_word' id='word_1_529' title='bbox 1496 3973 1559 4024; x_wconf 86' lang='lat' dir='ltr'><strong>ad</strong></span> <span class='ocrx_word' id='word_1_530' title='bbox 1592 3972 1845 4026; x_wconf 57' lang='lat' dir='ltr'><strong>unitatem</strong></span> <span class='ocrx_word' id='word_1_531' title='bbox 1879 3984 2173 4029; x_wconf 69' lang='lat' dir='ltr'><strong>revocaret.</strong></span> 
     </span>
    </p>
   </div>
   <div class='ocr_carea' id='block_1_75' title="bbox 597 4034 2176 4110">
    <p class='ocr_par' dir='ltr' id='par_1_75' title="bbox 597 4034 2176 4110">
     <span class='ocr_line' id='line_1_75' title="bbox 597 4034 2176 4110; baseline 0.006 -22"><span class='ocrx_word' id='word_1_532' title='bbox 597 4034 1246 4110; x_wconf 59' lang='lat' dir='ltr'><strong>Qunstantinopnlitanum</strong></span> <span class='ocrx_word' id='word_1_533' title='bbox 1301 4034 1722 4110; x_wconf 82' lang='lat' dir='ltr'><strong>imperatorem,</strong></span> <span class='ocrx_word' id='word_1_534' title='bbox 1776 4053 1829 4094; x_wconf 95' lang='lat' dir='ltr'><strong>ut</strong></span> <span class='ocrx_word' id='word_1_535' title='bbox 1876 4046 2176 4104; x_wconf 73' lang='lat' dir='ltr'><strong>sepulcrum</strong></span> 
     </span>
    </p>
   </div>
   <div class='ocr_carea' id='block_1_76' title="bbox 605 4105 2180 4168">
    <p class='ocr_par' dir='ltr' id='par_1_76' title="bbox 605 4105 2180 4168">
     <span class='ocr_line' id='line_1_76' title="bbox 605 4105 2180 4168; baseline 0.005 -10"><span class='ocrx_word' id='word_1_536' title='bbox 605 4105 813 4161; x_wconf 83' lang='lat' dir='ltr'><strong>Domini</strong></span> <span class='ocrx_word' id='word_1_537' title='bbox 858 4119 912 4162; x_wconf 93' lang='lat' dir='ltr'><strong>et</strong></span> <span class='ocrx_word' id='word_1_538' title='bbox 950 4105 1075 4163; x_wconf 89' lang='lat' dir='ltr'><strong>inibi</strong></span> <span class='ocrx_word' id='word_1_539' title='bbox 1120 4105 1399 4166; x_wconf 73' lang='lat' dir='ltr'><strong>ecclesiam</strong></span> <span class='ocrx_word' id='word_1_540' title='bbox 1430 4127 1459 4165; x_wconf 89' lang='lat' dir='ltr'><strong>a</strong></span> <span class='ocrx_word' id='word_1_541' title='bbox 1493 4105 1727 4165; x_wconf 83' lang='lat' dir='ltr'><strong>barbaris</strong></span> <span class='ocrx_word' id='word_1_542' title='bbox 1758 4113 1984 4167; x_wconf 86' lang='lat' dir='ltr'><strong>dirutam</strong></span> <span class='ocrx_word' id='word_1_543' title='bbox 2016 4116 2180 4168; x_wconf 89' lang='lat' dir='ltr'><strong>resti-</strong></span> 
     </span>
    </p>
   </div>
   <div class='ocr_carea' id='block_1_77' title="bbox 600 4179 2175 4249">
    <p class='ocr_par' dir='ltr' id='par_1_77' title="bbox 600 4179 2175 4249">
     <span class='ocr_line' id='line_1_77' title="bbox 600 4179 2175 4249; baseline 0.004 -21"><span class='ocrx_word' id='word_1_544' title='bbox 600 4185 795 4243; x_wconf 88' lang='lat' dir='ltr'><strong>tueret,</strong></span> <span class='ocrx_word' id='word_1_545' title='bbox 831 4179 1052 4249; x_wconf 75' lang='lat' dir='ltr'><strong>benigne</strong></span> <span class='ocrx_word' id='word_1_546' title='bbox 1082 4180 1308 4249; x_wconf 87' lang='lat' dir='ltr'><strong>impulit.</strong></span> <span class='ocrx_word' id='word_1_547' title='bbox 1340 4183 1481 4235; x_wconf 83' lang='lat' dir='ltr'><strong>Obiit</strong></span> <span class='ocrx_word' id='word_1_548' title='bbox 1508 4196 1626 4236; x_wconf 91' lang='lat' dir='ltr'><strong>cum</strong></span> <span class='ocrx_word' id='word_1_549' title='bbox 1673 4184 1897 4237; x_wconf 79' lang='lat' dir='ltr'><strong>sedisset</strong></span> <span class='ocrx_word' id='word_1_550' title='bbox 1926 4198 2096 4237; x_wconf 88' lang='lat' dir='ltr'><strong>annos</strong></span> <span class='ocrx_word' id='word_1_551' title='bbox 2122 4183 2175 4249; x_wconf 77' lang='grc' dir='ltr'><strong>ὅ,</strong></span> 
     </span>
    </p>
   </div>
   <div class='ocr_carea' id='block_1_78' title="bbox 605 4248 2177 4321">
    <p class='ocr_par' dir='ltr' id='par_1_78' title="bbox 605 4248 2177 4321">
     <span class='ocr_line' id='line_1_78' title="bbox 605 4248 2177 4321; baseline 0.006 -23"><span class='ocrx_word' id='word_1_552' title='bbox 605 4260 817 4321; x_wconf 62' lang='lat' dir='ltr'><strong>incuses</strong></span> <span class='ocrx_word' id='word_1_553' title='bbox 845 4248 900 4306; x_wconf 66' lang='grc' dir='ltr'><strong>ἓ,</strong></span> <span class='ocrx_word' id='word_1_554' title='bbox 932 4250 1046 4302; x_wconf 88' lang='lat' dir='ltr'><strong>dies</strong></span> <span class='ocrx_word' id='word_1_555' title='bbox 1078 4251 1132 4313; x_wconf 84' lang='lat'><strong>8,</strong></span> <span class='ocrx_word' id='word_1_556' title='bbox 1162 4248 1303 4305; x_wconf 87' lang='lat' dir='ltr'><strong>anno</strong></span> <span class='ocrx_word' id='word_1_557' title='bbox 1334 4251 1521 4305; x_wconf 87' lang='lat' dir='ltr'><strong>salutis</strong></span> <span class='ocrx_word' id='word_1_558' title='bbox 1554 4250 1711 4315; x_wconf 69' lang='grc'><strong>1054,</strong></span> <span class='ocrx_word' id='word_1_559' title='bbox 1746 4263 1800 4307; x_wconf 90' lang='lat' dir='ltr'><strong>et</strong></span> <span class='ocrx_word' id='word_1_560' title='bbox 1824 4258 2062 4321; x_wconf 75' lang='lat' dir='ltr'><strong>sepultus</strong></span> <span class='ocrx_word' id='word_1_561' title='bbox 2092 4248 2177 4308; x_wconf 87' lang='lat' dir='ltr'><strong>est</strong></span> 
     </span>
    </p>
   </div>
   <div class='ocr_carea' id='block_1_79' title="bbox 597 4314 1010 4370">
    <p class='ocr_par' dir='ltr' id='par_1_79' title="bbox 597 4314 1010 4370">
     <span class='ocr_line' id='line_1_79' title="bbox 597 4314 1010 4370; baseline 0.01 -6"><span class='ocrx_word' id='word_1_562' title='bbox 597 4314 663 4367; x_wconf 84' lang='lat' dir='ltr'><strong>ad</strong></span> <span class='ocrx_word' id='word_1_563' title='bbox 692 4316 750 4370; x_wconf 87' lang='grc'><strong>8.</strong></span> <span class='ocrx_word' id='word_1_564' title='bbox 777 4315 1010 4369; x_wconf 85' lang='lat' dir='ltr'><strong>Petrum.</strong></span> 
     </span>
    </p>
   </div>
   <div class='ocr_carea' id='block_1_80' title="bbox 672 4382 2175 4459">
    <p class='ocr_par' dir='ltr' id='par_1_80' title="bbox 672 4382 2175 4459">
     <span class='ocr_line' id='line_1_80' title="bbox 672 4382 2175 4459; baseline 0.007 -23"><span class='ocrx_word' id='word_1_565' title='bbox 672 4382 700 4421; x_wconf 67' lang='grc' dir='ltr'>δ</span> <span class='ocrx_word' id='word_1_566' title='bbox 746 4385 959 4459; x_wconf 69' lang='lat' dir='ltr'><strong>Aniceti.</strong></span> <span class='ocrx_word' id='word_1_567' title='bbox 1005 4388 1102 4451; x_wconf 87' lang='lat' dir='ltr'><strong>Qui</strong></span> <span class='ocrx_word' id='word_1_568' title='bbox 1146 4388 1506 4454; x_wconf 86' lang='lat' dir='ltr'><strong>pontificatum</strong></span> <span class='ocrx_word' id='word_1_569' title='bbox 1548 4392 1709 4459; x_wconf 88' lang='lat' dir='ltr'><strong>gessit</strong></span> <span class='ocrx_word' id='word_1_570' title='bbox 1754 4393 1820 4444; x_wconf 88' lang='lat' dir='ltr'><strong>ab</strong></span> <span class='ocrx_word' id='word_1_571' title='bbox 1869 4408 2010 4445; x_wconf 86' lang='lat' dir='ltr'><strong>anno</strong></span> <span class='ocrx_word' id='word_1_572' title='bbox 2055 4392 2175 4457; x_wconf 77' lang='lat' dir='ltr'><strong>l50,</strong></span> 
     </span>
    </p>
   </div>
   <div class='ocr_carea' id='block_1_81' title="bbox 600 4456 2175 4527">
    <p class='ocr_par' dir='ltr' id='par_1_81' title="bbox 600 4456 2175 4527">
     <span class='ocr_line' id='line_1_81' title="bbox 600 4456 2175 4527; baseline 0.008 -24"><span class='ocrx_word' id='word_1_573' title='bbox 600 4456 875 4527; x_wconf 26' lang='lat' dir='ltr'><strong>usqueuad</strong></span> <span class='ocrx_word' id='word_1_574' title='bbox 923 4459 1268 4527; x_wconf 67' lang='lat' dir='ltr'><strong>annumiiil,</strong></span> <span class='ocrx_word' id='word_1_575' title='bbox 1316 4468 1370 4511; x_wconf 88' lang='lat' dir='ltr'><strong>et</strong></span> <span class='ocrx_word' id='word_1_576' title='bbox 1408 4456 1593 4527; x_wconf 74' lang='lat' dir='ltr'><strong>passus</strong></span> <span class='ocrx_word' id='word_1_577' title='bbox 1630 4470 1710 4514; x_wconf 72' lang='lat' dir='ltr'><strong>cst</strong></span> <span class='ocrx_word' id='word_1_578' title='bbox 1755 4470 1993 4527; x_wconf 87' lang='lat' dir='ltr'><strong>tempore</strong></span> <span class='ocrx_word' id='word_1_579' title='bbox 2020 4463 2175 4516; x_wconf 80' lang='lat' dir='ltr'><strong>Marci</strong></span> 
     </span>
    </p>
   </div>
   <div class='ocr_carea' id='block_1_82' title="bbox 600 4522 2178 4595">
    <p class='ocr_par' dir='ltr' id='par_1_82' title="bbox 600 4522 2178 4595">
     <span class='ocr_line' id='line_1_82' title="bbox 600 4522 2178 4595; baseline 0.004 -18"><span class='ocrx_word' id='word_1_580' title='bbox 600 4522 823 4595; x_wconf 68' lang='lat' dir='ltr'><strong>Aurelii,</strong></span> <span class='ocrx_word' id='word_1_581' title='bbox 858 4535 908 4578; x_wconf 90' lang='lat' dir='ltr'><strong>et</strong></span> <span class='ocrx_word' id='word_1_582' title='bbox 942 4526 1087 4580; x_wconf 82' lang='lat' dir='ltr'><strong>Lucii</strong></span> <span class='ocrx_word' id='word_1_583' title='bbox 1124 4526 1265 4595; x_wconf 88' lang='lat' dir='ltr'><strong>Veri,</strong></span> <span class='ocrx_word' id='word_1_584' title='bbox 1296 4522 1643 4595; x_wconf 40' lang='lat' dir='ltr'><strong>non-Severi,</strong></span> <span class='ocrx_word' id='word_1_585' title='bbox 1678 4541 1731 4582; x_wconf 92' lang='lat' dir='ltr'><strong>ut</strong></span> <span class='ocrx_word' id='word_1_586' title='bbox 1765 4522 1894 4583; x_wconf 80' lang='lat' dir='ltr'><strong>falso</strong></span> <span class='ocrx_word' id='word_1_587' title='bbox 1941 4533 2178 4585; x_wconf 83' lang='lat' dir='ltr'><strong>scribunt</strong></span> 
     </span>
    </p>
   </div>
   <div class='ocr_carea' id='block_1_83' title="bbox 603 4593 2176 4673">
    <p class='ocr_par' dir='ltr' id='par_1_83' title="bbox 603 4593 2176 4673">
     <span class='ocr_line' id='line_1_83' title="bbox 603 4593 2176 4673; baseline 0.009 -29"><span class='ocrx_word' id='word_1_588' title='bbox 603 4593 999 4673; x_wconf 48' lang='lat' dir='ltr'><strong>alartxrulogia.</strong></span> <span class='ocrx_word' id='word_1_589' title='bbox 1051 4593 1322 4673; x_wconf 45' lang='lat' dir='ltr'><strong>Colitur&#39;a</strong></span> <span class='ocrx_word' id='word_1_590' title='bbox 1354 4600 1581 4673; x_wconf 85' lang='lat' dir='ltr'><strong>Baronio</strong></span> <span class='ocrx_word' id='word_1_591' title='bbox 1629 4593 2089 4673; x_wconf 64' lang='lat' dir='ltr'><strong>inMartyrolngio</strong></span> <span class='ocrx_word' id='word_1_592' title='bbox 2118 4604 2176 4657; x_wconf 81' lang='grc'><strong>17</strong></span> 
     </span>
    </p>
   </div>
   <div class='ocr_carea' id='block_1_84' title="bbox 609 4666 2138 4739">
    <p class='ocr_par' dir='ltr' id='par_1_84' title="bbox 609 4666 2138 4739">
     <span class='ocr_line' id='line_1_84' title="bbox 609 4666 2138 4739; baseline 0.009 -25"><span class='ocrx_word' id='word_1_593' title='bbox 609 4666 821 4739; x_wconf 72' lang='lat' dir='ltr'><strong>Aprilis,</strong></span> <span class='ocrx_word' id='word_1_594' title='bbox 854 4676 903 4719; x_wconf 87' lang='lat' dir='ltr'><strong>et</strong></span> <span class='ocrx_word' id='word_1_595' title='bbox 936 4666 1002 4719; x_wconf 87' lang='lat' dir='ltr'><strong>ab</strong></span> <span class='ocrx_word' id='word_1_596' title='bbox 1032 4682 1247 4739; x_wconf 81' lang='lat' dir='ltr'><strong>aneture</strong></span> <span class='ocrx_word' id='word_1_597' title='bbox 1280 4670 1449 4723; x_wconf 67' lang='lat' dir='ltr'><strong>Baetim</strong></span> <span class='ocrx_word' id='word_1_598' title='bbox 1480 4671 1797 4739; x_wconf 87' lang='lat' dir='ltr'><strong>supposititii</strong></span> <span class='ocrx_word' id='word_1_599' title='bbox 1829 4666 1891 4724; x_wconf 70' lang='lat' dir='ltr'><strong>f6</strong></span> <span class='ocrx_word' id='word_1_600' title='bbox 1922 4666 2138 4739; x_wconf 64' lang='lat' dir='ltr'><strong>Apiilis.</strong></span> 
     </span>
    </p>
   </div>
   <div class='ocr_carea' id='block_1_85' title="bbox 641 4735 2175 4812">
    <p class='ocr_par' dir='ltr' id='par_1_85' title="bbox 641 4735 2175 4812">
     <span class='ocr_line' id='line_1_85' title="bbox 641 4735 2175 4812; baseline 0.007 -26"><span class='ocrx_word' id='word_1_601' title='bbox 641 4744 691 4812; x_wconf 40' lang='grc' dir='ltr'><strong>,ε</strong></span> <span class='ocrx_word' id='word_1_602' title='bbox 735 4735 966 4812; x_wconf 59' lang='lat' dir='ltr'><strong>Victoris.</strong></span> <span class='ocrx_word' id='word_1_603' title='bbox 996 4737 1077 4812; x_wconf 77' lang='lat' dir='ltr'><strong>Ab</strong></span> <span class='ocrx_word' id='word_1_604' title='bbox 1102 4738 1302 4812; x_wconf 80' lang='lat' dir='ltr'><strong>_Atlone,</strong></span> <span class='ocrx_word' id='word_1_605' title='bbox 1331 4735 1561 4812; x_wconf 74' lang='lat' dir='ltr'><strong>Nutkeru</strong></span> <span class='ocrx_word' id='word_1_606' title='bbox 1582 4735 1636 4794; x_wconf 82' lang='lat' dir='ltr'><strong>et</strong></span> <span class='ocrx_word' id='word_1_607' title='bbox 1660 4741 1810 4795; x_wconf 45' lang='lat' dir='ltr'><strong>liuida</strong></span> <span class='ocrx_word' id='word_1_608' title='bbox 1833 4735 2175 4809; x_wconf 81' lang='lat' dir='ltr'><strong>supposititio</strong></span> 
     </span>
    </p>
   </div>
   <div class='ocr_carea' id='block_1_86' title="bbox 601 4803 2176 4881">
    <p class='ocr_par' dir='ltr' id='par_1_86' title="bbox 601 4803 2176 4881">
     <span class='ocr_line' id='line_1_86' title="bbox 601 4803 2176 4881; baseline 0.01 -28"><span class='ocrx_word' id='word_1_609' title='bbox 601 4803 686 4856; x_wconf 89' lang='lat' dir='ltr'><strong>hic</strong></span> <span class='ocrx_word' id='word_1_610' title='bbox 727 4804 995 4881; x_wconf 60' lang='lat' dir='ltr'><strong>jtrdicalur</strong></span> <span class='ocrx_word' id='word_1_611' title='bbox 1044 4808 1205 4881; x_wconf 83' lang='lat' dir='ltr'><strong>fuisse</strong></span> <span class='ocrx_word' id='word_1_612' title='bbox 1254 4803 1483 4876; x_wconf 81' lang='lat' dir='ltr'><strong>pontifex</strong></span> <span class='ocrx_word' id='word_1_613' title='bbox 1511 4811 1777 4865; x_wconf 80' lang='lat' dir='ltr'><strong>Romanus</strong></span> <span class='ocrx_word' id='word_1_614' title='bbox 1810 4828 1822 4862; x_wconf 91' lang='lat'>:</span> <span class='ocrx_word' id='word_1_615' title='bbox 1852 4803 1950 4881; x_wconf 78' lang='lat' dir='ltr'><strong>qui</strong></span> <span class='ocrx_word' id='word_1_616' title='bbox 1978 4826 2055 4867; x_wconf 90' lang='lat' dir='ltr'><strong>sc.</strong></span> <span class='ocrx_word' id='word_1_617' title='bbox 2092 4830 2176 4868; x_wconf 88' lang='lat' dir='ltr'><strong>re-</strong></span> 
     </span>
    </p>
   </div>
   <div class='ocr_carea' id='block_1_87' title="bbox 598 4874 2254 4955">
    <p class='ocr_par' dir='ltr' id='par_1_87' title="bbox 598 4874 2254 4955">
     <span class='ocr_line' id='line_1_87' title="bbox 598 4874 2254 4955; baseline 0.007 -31"><span class='ocrx_word' id='word_1_618' title='bbox 598 4884 748 4952; x_wconf 75' lang='lat' dir='ltr'><strong>perto</strong></span> <span class='ocrx_word' id='word_1_619' title='bbox 777 4874 987 4955; x_wconf 79' lang='lat' dir='ltr'><strong>Victore</strong></span> <span class='ocrx_word' id='word_1_620' title='bbox 1017 4874 1359 4955; x_wconf 31' lang='lat' dir='ltr'><strong>episcoponet</strong></span> <span class='ocrx_word' id='word_1_621' title='bbox 1390 4882 1570 4955; x_wconf 75' lang='lat' dir='ltr'><strong>ltomm</strong></span> <span class='ocrx_word' id='word_1_622' title='bbox 1598 4895 1849 4955; x_wconf 82' lang='lat' dir='ltr'><strong>martyre,</strong></span> <span class='ocrx_word' id='word_1_623' title='bbox 1871 4874 2003 4955; x_wconf 75' lang='lat' dir='ltr'><strong>nihil</strong></span> <span class='ocrx_word' id='word_1_624' title='bbox 2036 4884 2167 4937; x_wconf 81' lang='lat' dir='ltr'><strong>ulte-</strong></span> <span class='ocrx_word' id='word_1_625' title='bbox 2208 4897 2254 4955; x_wconf 80' lang='grc' dir='ltr'>ι)</span> 
     </span>
    </p>
   </div>
   <div class='ocr_carea' id='block_1_88' title="bbox 596 4946 2173 5020">
    <p class='ocr_par' dir='ltr' id='par_1_88' title="bbox 596 4946 2173 5020">
     <span class='ocr_line' id='line_1_88' title="bbox 596 4946 2173 5020; baseline 0.009 -27"><span class='ocrx_word' id='word_1_626' title='bbox 596 4946 1066 5020; x_wconf 46' lang='grc' dir='ltr'><strong>νὶυςροείιεπυηι.</strong></span> <span class='ocrx_word' id='word_1_627' title='bbox 1101 4949 1215 5020; x_wconf 68' lang='lat' dir='ltr'><strong>Sed</strong></span> <span class='ocrx_word' id='word_1_628' title='bbox 1251 4950 1472 5004; x_wconf 73' lang='lat' dir='ltr'><strong>Victoris</strong></span> <span class='ocrx_word' id='word_1_629' title='bbox 1502 4946 2023 5020; x_wconf 44' lang='lat' dir='ltr'><strong>Romani-pontificis</strong></span> <span class='ocrx_word' id='word_1_630' title='bbox 2050 4954 2173 5007; x_wconf 90' lang='lat' dir='ltr'><strong>cul-</strong></span> 
     </span>
    </p>
   </div>
   <div class='ocr_carea' id='block_1_89' title="bbox 598 5011 2171 5084">
    <p class='ocr_par' dir='ltr' id='par_1_89' title="bbox 598 5011 2171 5084">
     <span class='ocr_line' id='line_1_89' title="bbox 598 5011 2171 5084; baseline 0.008 -20"><span class='ocrx_word' id='word_1_631' title='bbox 598 5022 683 5066; x_wconf 92' lang='lat' dir='ltr'><strong>tus</strong></span> <span class='ocrx_word' id='word_1_632' title='bbox 715 5011 967 5070; x_wconf 76' lang='lat' dir='ltr'><strong>hacienus</strong></span> <span class='ocrx_word' id='word_1_633' title='bbox 1004 5017 1069 5069; x_wconf 91' lang='lat' dir='ltr'><strong>ad</strong></span> <span class='ocrx_word' id='word_1_634' title='bbox 1096 5016 1165 5070; x_wconf 67' lang='lat'><strong>28</strong></span> <span class='ocrx_word' id='word_1_635' title='bbox 1191 5017 1312 5073; x_wconf 87' lang='lat' dir='ltr'><strong>.lulii</strong></span> <span class='ocrx_word' id='word_1_636' title='bbox 1348 5031 1651 5084; x_wconf 81' lang='lat' dir='ltr'><strong>perseverat</strong></span> <span class='ocrx_word' id='word_1_637' title='bbox 1680 5040 1693 5075; x_wconf 90' lang='lat'><strong>:</strong></span> <span class='ocrx_word' id='word_1_638' title='bbox 1719 5011 1772 5076; x_wconf 76' lang='lat' dir='ltr'><strong>et</strong></span> <span class='ocrx_word' id='word_1_639' title='bbox 1799 5024 2007 5076; x_wconf 86' lang='lat' dir='ltr'><strong>collatis</strong></span> <span class='ocrx_word' id='word_1_640' title='bbox 2037 5024 2171 5076; x_wconf 54' lang='lat' dir='ltr'><strong>Mar:-</strong></span> 
     </span>
    </p>
   </div>
   <div class='ocr_carea' id='block_1_90' title="bbox 600 5084 2170 5160">
    <p class='ocr_par' dir='ltr' id='par_1_90' title="bbox 600 5084 2170 5160">
     <span class='ocr_line' id='line_1_90' title="bbox 600 5084 2170 5160; baseline 0.008 -25"><span class='ocrx_word' id='word_1_641' title='bbox 600 5084 873 5160; x_wconf 52' lang='lat' dir='ltr'><strong>tj&#39;rologiis</strong></span> <span class='ocrx_word' id='word_1_642' title='bbox 904 5086 1220 5160; x_wconf 62' lang='lat' dir='ltr'><strong>apellando</strong></span> <span class='ocrx_word' id='word_1_643' title='bbox 1267 5091 1459 5153; x_wconf 84' lang='lat' dir='ltr'><strong>citatis,</strong></span> <span class='ocrx_word' id='word_1_644' title='bbox 1494 5092 1699 5146; x_wconf 86' lang='lat' dir='ltr'><strong>videtur</strong></span> <span class='ocrx_word' id='word_1_645' title='bbox 1734 5093 1871 5145; x_wconf 88' lang='lat' dir='ltr'><strong>haud</strong></span> <span class='ocrx_word' id='word_1_646' title='bbox 1903 5093 2170 5160; x_wconf 81' lang='lat' dir='ltr'><strong>improba-</strong></span> 
     </span>
    </p>
   </div>
   <div class='ocr_carea' id='block_1_91' title="bbox 597 5151 2170 5228">
    <p class='ocr_par' dir='ltr' id='par_1_91' title="bbox 597 5151 2170 5228">
     <span class='ocr_line' id='line_1_91' title="bbox 597 5151 2170 5228; baseline 0.01 -25"><span class='ocrx_word' id='word_1_647' title='bbox 597 5151 704 5207; x_wconf 86' lang='lat' dir='ltr'><strong>bile</strong></span> <span class='ocrx_word' id='word_1_648' title='bbox 754 5151 893 5208; x_wconf 87' lang='lat' dir='ltr'><strong>hunc</strong></span> <span class='ocrx_word' id='word_1_649' title='bbox 925 5155 1185 5228; x_wconf 78' lang='lat' dir='ltr'><strong>Victorem</strong></span> <span class='ocrx_word' id='word_1_650' title='bbox 1232 5151 1538 5227; x_wconf 83' lang='lat' dir='ltr'><strong>episcopum</strong></span> <span class='ocrx_word' id='word_1_651' title='bbox 1583 5162 1831 5228; x_wconf 86' lang='lat' dir='ltr'><strong>aliunde,</strong></span> <span class='ocrx_word' id='word_1_652' title='bbox 1888 5171 1946 5216; x_wconf 89' lang='lat' dir='ltr'><strong>ut</strong></span> <span class='ocrx_word' id='word_1_653' title='bbox 1981 5151 2170 5218; x_wconf 64' lang='lat' dir='ltr'><strong>Romae</strong></span> 
     </span>
    </p>
   </div>
   <div class='ocr_carea' id='block_1_92' title="bbox 599 5227 1425 5289">
    <p class='ocr_par' dir='ltr' id='par_1_92' title="bbox 599 5227 1425 5289">
     <span class='ocr_line' id='line_1_92' title="bbox 599 5227 1425 5289; baseline 0.011 -15"><span class='ocrx_word' id='word_1_654' title='bbox 599 5233 887 5289; x_wconf 89' lang='lat' dir='ltr'><strong>pateretur,</strong></span> <span class='ocrx_word' id='word_1_655' title='bbox 918 5227 1201 5281; x_wconf 82' lang='lat' dir='ltr'><strong>adductum</strong></span> <span class='ocrx_word' id='word_1_656' title='bbox 1244 5231 1425 5283; x_wconf 80' lang='lat' dir='ltr'><strong>fuisse.</strong></span> 
     </span>
    </p>
   </div>
   <div class='ocr_carea' id='block_1_93' title="bbox 666 5290 2167 5374">
    <p class='ocr_par' dir='ltr' id='par_1_93' title="bbox 666 5290 2167 5374">
     <span class='ocr_line' id='line_1_93' title="bbox 666 5290 2167 5374; baseline 0.007 -28"><span class='ocrx_word' id='word_1_657' title='bbox 666 5290 695 5374; x_wconf 50' lang='grc' dir='ltr'><em>ᾗ</em></span> <span class='ocrx_word' id='word_1_658' title='bbox 727 5292 1054 5374; x_wconf 81' lang='lat' dir='ltr'><strong>Sulpitii._lli</strong></span> <span class='ocrx_word' id='word_1_659' title='bbox 1088 5300 1370 5374; x_wconf 60' lang='lat' dir='ltr'><strong>nominere</strong></span> <span class='ocrx_word' id='word_1_660' title='bbox 1398 5301 1527 5374; x_wconf 70' lang='lat' dir='ltr'><strong>socii</strong></span> <span class='ocrx_word' id='word_1_661' title='bbox 1561 5301 1802 5374; x_wconf 71' lang='lat' dir='ltr'><strong>Victoris,</strong></span> <span class='ocrx_word' id='word_1_662' title='bbox 1846 5302 1937 5355; x_wconf 88' lang='lat' dir='ltr'><strong>sed</strong></span> <span class='ocrx_word' id='word_1_663' title='bbox 1973 5303 2167 5370; x_wconf 78' lang='lat' dir='ltr'><strong>prthi-</strong></span> 
     </span>
    </p>
   </div>
   <div class='ocr_carea' id='block_1_94' title="bbox 595 5366 2167 5442">
    <p class='ocr_par' dir='ltr' id='par_1_94' title="bbox 595 5366 2167 5442">
     <span class='ocr_line' id='line_1_94' title="bbox 595 5366 2167 5442; baseline 0.008 -28"><span class='ocrx_word' id='word_1_664' title='bbox 595 5366 804 5442; x_wconf 62' lang='lat' dir='ltr'><strong>calione</strong></span> <span class='ocrx_word' id='word_1_665' title='bbox 826 5366 880 5417; x_wconf 77' lang='lat' dir='ltr'><strong>et</strong></span> <span class='ocrx_word' id='word_1_666' title='bbox 911 5366 1178 5442; x_wconf 80' lang='lat' dir='ltr'><strong>miraculis</strong></span> <span class='ocrx_word' id='word_1_667' title='bbox 1208 5368 1402 5423; x_wconf 70' lang='lat' dir='ltr'><strong>Flatize</strong></span> <span class='ocrx_word' id='word_1_668' title='bbox 1428 5370 1709 5425; x_wconf 69' lang='lat' dir='ltr'><strong>Dos-itilla:</strong></span> <span class='ocrx_word' id='word_1_669' title='bbox 1736 5376 1799 5423; x_wconf 88' lang='lat' dir='ltr'><strong>ad</strong></span> <span class='ocrx_word' id='word_1_670' title='bbox 1836 5366 1991 5427; x_wconf 79' lang='lat' dir='ltr'><strong>fidem</strong></span> <span class='ocrx_word' id='word_1_671' title='bbox 2016 5376 2167 5427; x_wconf 72' lang='lat' dir='ltr'><strong>(ibri-</strong></span> 
     </span>
    </p>
   </div>
   <div class='ocr_carea' id='block_1_95' title="bbox 594 5437 2171 5507">
    <p class='ocr_par' dir='ltr' id='par_1_95' title="bbox 594 5437 2171 5507">
     <span class='ocr_line' id='line_1_95' title="bbox 594 5437 2171 5507; baseline 0.009 -28"><span class='ocrx_word' id='word_1_672' title='bbox 594 5437 660 5483; x_wconf 76' lang='lat' dir='ltr'><strong>sti</strong></span> <span class='ocrx_word' id='word_1_673' title='bbox 687 5437 927 5507; x_wconf 66' lang='lat' dir='ltr'><strong>conversi</strong></span> <span class='ocrx_word' id='word_1_674' title='bbox 952 5448 1102 5507; x_wconf 75' lang='lat' dir='ltr'><strong>sunt,</strong></span> <span class='ocrx_word' id='word_1_675' title='bbox 1131 5454 1248 5507; x_wconf 73' lang='lat' dir='ltr'><strong>qua:</strong></span> <span class='ocrx_word' id='word_1_676' title='bbox 1276 5442 1432 5495; x_wconf 73' lang='lat' dir='ltr'><strong>etiam</strong></span> <span class='ocrx_word' id='word_1_677' title='bbox 1463 5456 1684 5507; x_wconf 79' lang='lat' dir='ltr'><strong>sponsas</strong></span> <span class='ocrx_word' id='word_1_678' title='bbox 1713 5457 1896 5496; x_wconf 88' lang='lat' dir='ltr'><strong>eorum</strong></span> <span class='ocrx_word' id='word_1_679' title='bbox 1925 5443 2171 5497; x_wconf 80' lang='lat' dir='ltr'><strong>Theodo-</strong></span> 
     </span>
    </p>
   </div>
   <div class='ocr_carea' id='block_1_96' title="bbox 595 5505 2168 5573">
    <p class='ocr_par' dir='ltr' id='par_1_96' title="bbox 595 5505 2168 5573">
     <span class='ocr_line' id='line_1_96' title="bbox 595 5505 2168 5573; baseline 0.008 -20"><span class='ocrx_word' id='word_1_680' title='bbox 595 5514 705 5573; x_wconf 72' lang='lat' dir='ltr'><strong>ram</strong></span> <span class='ocrx_word' id='word_1_681' title='bbox 747 5512 799 5556; x_wconf 92' lang='lat' dir='ltr'><strong>et</strong></span> <span class='ocrx_word' id='word_1_682' title='bbox 829 5505 1219 5573; x_wconf 79' lang='lat' dir='ltr'><strong>Euphrosinam</strong></span> <span class='ocrx_word' id='word_1_683' title='bbox 1264 5509 1328 5561; x_wconf 76' lang='lat' dir='ltr'><strong>atl</strong></span> <span class='ocrx_word' id='word_1_684' title='bbox 1364 5505 1511 5572; x_wconf 83' lang='lat' dir='ltr'><strong>spem</strong></span> <span class='ocrx_word' id='word_1_685' title='bbox 1544 5512 1667 5565; x_wconf 71' lang='lat' dir='ltr'><strong>vitre</strong></span> <span class='ocrx_word' id='word_1_686' title='bbox 1707 5522 1918 5567; x_wconf 63' lang='lat' dir='ltr'><strong>:cternse</strong></span> <span class='ocrx_word' id='word_1_687' title='bbox 1966 5513 2168 5566; x_wconf 86' lang='lat' dir='ltr'><strong>lucrata</strong></span> 
     </span>
    </p>
   </div>
   <div class='ocr_carea' id='block_1_97' title="bbox 593 5568 2173 5650">
    <p class='ocr_par' dir='ltr' id='par_1_97' title="bbox 593 5568 2173 5650">
     <span class='ocr_line' id='line_1_97' title="bbox 593 5568 2173 5650; baseline 0.009 -28"><span class='ocrx_word' id='word_1_688' title='bbox 593 5568 1044 5650; x_wconf 46' lang='lat' dir='ltr'><strong>ft&#39;terat;_et_&#39;cuut</strong></span> <span class='ocrx_word' id='word_1_689' title='bbox 1090 5568 1486 5650; x_wconf 83' lang='lat' dir='ltr'><strong>nollentidolis</strong></span> <span class='ocrx_word' id='word_1_690' title='bbox 1529 5581 1822 5648; x_wconf 79' lang='lat' dir='ltr'><strong>immolare,</strong></span> <span class='ocrx_word' id='word_1_691' title='bbox 1852 5598 1881 5635; x_wconf 92' lang='lat' dir='ltr'><strong>a</strong></span> <span class='ocrx_word' id='word_1_692' title='bbox 1923 5583 2173 5650; x_wconf 67' lang='lat' dir='ltr'><strong>praefecto</strong></span> 
     </span>
    </p>
   </div>
   <div class='ocr_carea' id='block_1_98' title="bbox 597 5636 2164 5721">
    <p class='ocr_par' dir='ltr' id='par_1_98' title="bbox 597 5636 2164 5721">
     <span class='ocr_line' id='line_1_98' title="bbox 597 5636 2164 5721; baseline 0.01 -31"><span class='ocrx_word' id='word_1_693' title='bbox 597 5636 1224 5721; x_wconf 40' lang='lat' dir='ltr'><strong>iirbiSﬁuianorapile</strong></span> <span class='ocrx_word' id='word_1_694' title='bbox 1271 5649 1408 5715; x_wconf 72' lang='lat' dir='ltr'><strong>pit-xi</strong></span> <span class='ocrx_word' id='word_1_695' title='bbox 1459 5663 1600 5706; x_wconf 90' lang='lat' dir='ltr'><strong>sunt.</strong></span> <span class='ocrx_word' id='word_1_696' title='bbox 1653 5636 1888 5718; x_wconf 78' lang='lat' dir='ltr'><strong>Quorum</strong></span> <span class='ocrx_word' id='word_1_697' title='bbox 1923 5636 2164 5718; x_wconf 58' lang='lat' dir='ltr'><strong>&#39;coniora</strong></span> 
     </span>
    </p>
   </div>
   <div class='ocr_carea' id='block_1_99' title="bbox 590 5709 2156 5791">
    <p class='ocr_par' dir='ltr' id='par_1_99' title="bbox 590 5709 2156 5791">
     <span class='ocr_line' id='line_1_99' title="bbox 590 5709 2156 5791; baseline 0.011 -33"><span class='ocrx_word' id='word_1_698' title='bbox 590 5709 876 5791; x_wconf 73' lang='lat' dir='ltr'><strong>Christiani</strong></span> <span class='ocrx_word' id='word_1_699' title='bbox 926 5709 1211 5791; x_wconf 65' lang='lat' dir='ltr'><strong>rapientes,</strong></span> <span class='ocrx_word' id='word_1_700' title='bbox 1268 5709 1555 5785; x_wconf 81' lang='lat' dir='ltr'><strong>posuerunt</strong></span> <span class='ocrx_word' id='word_1_701' title='bbox 1604 5709 1905 5789; x_wconf 28' lang='lat' dir='ltr'><strong>inﬁpttcdio</strong></span> <span class='ocrx_word' id='word_1_702' title='bbox 1952 5709 2156 5788; x_wconf 75' lang='lat' dir='ltr'><strong>eorum,</strong></span> 
     </span>
    </p>
   </div>
   <div class='ocr_carea' id='block_1_100' title="bbox 594 5779 1762 5855">
    <p class='ocr_par' dir='ltr' id='par_1_100' title="bbox 594 5779 1762 5855">
     <span class='ocr_line' id='line_1_100' title="bbox 594 5779 1762 5855; baseline 0.016 -28"><span class='ocrx_word' id='word_1_703' title='bbox 594 5792 676 5828; x_wconf 74' lang='lat' dir='ltr'><strong>vra</strong></span> <span class='ocrx_word' id='word_1_704' title='bbox 704 5779 921 5855; x_wconf 49' lang='lat' dir='ltr'><strong>Latina,</strong></span> <span class='ocrx_word' id='word_1_705' title='bbox 945 5779 1469 5842; x_wconf 35' lang='lat' dir='ltr'><strong>tuilliario&#39;sccundn.</strong></span> <span class='ocrx_word' id='word_1_706' title='bbox 1498 5794 1629 5855; x_wconf 78' lang='lat' dir='ltr'><strong>Ado,</strong></span> <span class='ocrx_word' id='word_1_707' title='bbox 1656 5779 1762 5849; x_wconf 70' lang='lat' dir='ltr'><strong>etc.</strong></span> 
     </span>
    </p>
   </div>
   <div class='ocr_carea' id='block_1_101' title="bbox 581 5850 2164 5934">
    <p class='ocr_par' dir='ltr' id='par_1_101' title="bbox 581 5850 2164 5934">
     <span class='ocr_line' id='line_1_101' title="bbox 581 5850 2164 5934; baseline 0.007 -28"><span class='ocrx_word' id='word_1_708' title='bbox 581 5929 585 5934; x_wconf 20' lang='grc' dir='ltr'>ι</span> <span class='ocrx_word' id='word_1_709' title='bbox 662 5854 685 5883; x_wconf 86' lang='lat'><strong><em>&quot;</em></strong></span> <span class='ocrx_word' id='word_1_710' title='bbox 709 5850 942 5908; x_wconf 69' lang='lat' dir='ltr'><strong>Martini.</strong></span> <span class='ocrx_word' id='word_1_711' title='bbox 973 5857 1070 5920; x_wconf 77' lang='lat' dir='ltr'><strong>Qui</strong></span> <span class='ocrx_word' id='word_1_712' title='bbox 1111 5857 1317 5913; x_wconf 85' lang='lat' dir='ltr'><strong>Marcus</strong></span> <span class='ocrx_word' id='word_1_713' title='bbox 1343 5858 1535 5915; x_wconf 88' lang='lat' dir='ltr'><strong>dicitur</strong></span> <span class='ocrx_word' id='word_1_714' title='bbox 1567 5850 1625 5916; x_wconf 27' lang='lat' dir='ltr'><strong>in.</strong></span> <span class='ocrx_word' id='word_1_715' title='bbox 1653 5877 1753 5917; x_wconf 89' lang='lat' dir='ltr'><strong>ms.</strong></span> <span class='ocrx_word' id='word_1_716' title='bbox 1789 5861 2164 5934; x_wconf 76' lang='lat' dir='ltr'><strong>Martyrologio</strong></span> 
     </span>
    </p>
   </div>
   <div class='ocr_carea' id='block_1_102' title="bbox 2288 3612 3859 3686">
    <p class='ocr_par' dir='ltr' id='par_1_102' title="bbox 2288 3612 3859 3686">
     <span class='ocr_line' id='line_1_102' title="bbox 2288 3612 3859 3686; baseline -0.004 -11"><span class='ocrx_word' id='word_1_717' title='bbox 2288 3618 2594 3675; x_wconf 79' lang='lat' dir='ltr'><strong>monasterii</strong></span> <span class='ocrx_word' id='word_1_718' title='bbox 2627 3617 2684 3673; x_wconf 93' lang='grc'><strong>8.</strong></span> <span class='ocrx_word' id='word_1_719' title='bbox 2709 3612 2892 3670; x_wconf 88' lang='lat' dir='ltr'><strong>Sabini</strong></span> <span class='ocrx_word' id='word_1_720' title='bbox 2920 3614 2988 3668; x_wconf 90' lang='lat' dir='ltr'><strong>de</strong></span> <span class='ocrx_word' id='word_1_721' title='bbox 3017 3612 3290 3686; x_wconf 77' lang='lat' dir='ltr'><strong>Levitania</strong></span> <span class='ocrx_word' id='word_1_722' title='bbox 3323 3614 3373 3669; x_wconf 93' lang='lat' dir='ltr'><strong>in</strong></span> <span class='ocrx_word' id='word_1_723' title='bbox 3404 3614 3669 3686; x_wconf 87' lang='lat' dir='ltr'><strong>montibus</strong></span> <span class='ocrx_word' id='word_1_724' title='bbox 3697 3612 3859 3686; x_wconf 83' lang='lat' dir='ltr'><strong>Pyre-</strong></span> 
     </span>
    </p>
   </div>
   <div class='ocr_carea' id='block_1_103' title="bbox 2284 3684 3858 3757">
    <p class='ocr_par' dir='ltr' id='par_1_103' title="bbox 2284 3684 3858 3757">
     <span class='ocr_line' id='line_1_103' title="bbox 2284 3684 3858 3757; baseline -0.004 -13"><span class='ocrx_word' id='word_1_725' title='bbox 2284 3692 2436 3744; x_wconf 66' lang='lat' dir='ltr'><strong>naeis.</strong></span> <span class='ocrx_word' id='word_1_726' title='bbox 2471 3690 2666 3744; x_wconf 91' lang='lat' dir='ltr'><strong>Verum</strong></span> <span class='ocrx_word' id='word_1_727' title='bbox 2706 3687 2828 3757; x_wconf 88' lang='lat' dir='ltr'><strong>quia</strong></span> <span class='ocrx_word' id='word_1_728' title='bbox 2869 3686 3006 3757; x_wconf 79' lang='lat' dir='ltr'><strong>inter</strong></span> <span class='ocrx_word' id='word_1_729' title='bbox 3044 3684 3324 3751; x_wconf 76' lang='lat' dir='ltr'><strong>episcopos</strong></span> <span class='ocrx_word' id='word_1_730' title='bbox 3366 3684 3858 3757; x_wconf 57' lang='lat' dir='ltr'><strong>Atrtissiotloremes</strong></span> 
     </span>
    </p>
   </div>
   <div class='ocr_carea' id='block_1_104' title="bbox 2284 3754 3855 3819">
    <p class='ocr_par' dir='ltr' id='par_1_104' title="bbox 2284 3754 3855 3819">
     <span class='ocr_line' id='line_1_104' title="bbox 2284 3754 3855 3819; baseline -0.004 -4"><span class='ocrx_word' id='word_1_731' title='bbox 2284 3763 2458 3815; x_wconf 91' lang='lat' dir='ltr'><strong>nullus</strong></span> <span class='ocrx_word' id='word_1_732' title='bbox 2502 3759 2653 3815; x_wconf 87' lang='lat' dir='ltr'><strong>istius</strong></span> <span class='ocrx_word' id='word_1_733' title='bbox 2698 3754 2927 3810; x_wconf 73' lang='lat' dir='ltr'><strong>nominis</strong></span> <span class='ocrx_word' id='word_1_734' title='bbox 2975 3766 3279 3819; x_wconf 88' lang='lat' dir='ltr'><strong>annotatur,</strong></span> <span class='ocrx_word' id='word_1_735' title='bbox 3305 3755 3622 3809; x_wconf 87' lang='lat' dir='ltr'><strong>arbitramur</strong></span> <span class='ocrx_word' id='word_1_736' title='bbox 3663 3754 3855 3808; x_wconf 81' lang='lat' dir='ltr'><strong>intelli-</strong></span> 
     </span>
    </p>
   </div>
   <div class='ocr_carea' id='block_1_105' title="bbox 2281 3824 3860 3899">
    <p class='ocr_par' dir='ltr' id='par_1_105' title="bbox 2281 3824 3860 3899">
     <span class='ocr_line' id='line_1_105' title="bbox 2281 3824 3860 3899; baseline -0.005 -13"><span class='ocrx_word' id='word_1_737' title='bbox 2281 3833 2513 3899; x_wconf 81' lang='lat' dir='ltr'><strong>gendum</strong></span> <span class='ocrx_word' id='word_1_738' title='bbox 2544 3840 2635 3883; x_wconf 87' lang='lat' dir='ltr'><strong>aut</strong></span> <span class='ocrx_word' id='word_1_739' title='bbox 2664 3825 3329 3899; x_wconf 68' lang='lat' dir='ltr'><strong>Mamertinumabbatem,</strong></span> <span class='ocrx_word' id='word_1_740' title='bbox 3361 3824 3646 3899; x_wconf 72' lang='lat' dir='ltr'><strong>au_t_potins</strong></span> <span class='ocrx_word' id='word_1_741' title='bbox 3670 3825 3860 3899; x_wconf 37' lang='lat' dir='ltr'><strong>Maria:</strong></span> 
     </span>
    </p>
   </div>
   <div class='ocr_carea' id='block_1_106' title="bbox 2281 3895 3856 3965">
    <p class='ocr_par' dir='ltr' id='par_1_106' title="bbox 2281 3895 3856 3965">
     <span class='ocr_line' id='line_1_106' title="bbox 2281 3895 3856 3965; baseline -0.004 -10"><span class='ocrx_word' id='word_1_742' title='bbox 2281 3895 2407 3955; x_wconf 79' lang='lat' dir='ltr'><strong>itum</strong></span> <span class='ocrx_word' id='word_1_743' title='bbox 2460 3899 2775 3953; x_wconf 91' lang='lat' dir='ltr'><strong>monachum</strong></span> <span class='ocrx_word' id='word_1_744' title='bbox 2846 3896 2934 3965; x_wconf 91' lang='lat' dir='ltr'><strong>qui</strong></span> <span class='ocrx_word' id='word_1_745' title='bbox 2983 3896 3135 3948; x_wconf 88' lang='lat' dir='ltr'><strong>aliter</strong></span> <span class='ocrx_word' id='word_1_746' title='bbox 3182 3896 3373 3947; x_wconf 88' lang='lat' dir='ltr'><strong>dicitur</strong></span> <span class='ocrx_word' id='word_1_747' title='bbox 3431 3895 3725 3950; x_wconf 65' lang='lat' dir='ltr'><strong>Marcianus</strong></span> <span class='ocrx_word' id='word_1_748' title='bbox 3770 3896 3856 3949; x_wconf 88' lang='lat' dir='ltr'><strong>vel</strong></span> 
     </span>
    </p>
   </div>
   <div class='ocr_carea' id='block_1_107' title="bbox 2280 3965 3855 4031">
    <p class='ocr_par' dir='ltr' id='par_1_107' title="bbox 2280 3965 3855 4031">
     <span class='ocr_line' id='line_1_107' title="bbox 2280 3965 3855 4031; baseline -0.005 -6"><span class='ocrx_word' id='word_1_749' title='bbox 2280 3972 2605 4031; x_wconf 81' lang='lat' dir='ltr'><strong>Martianus;</strong></span> <span class='ocrx_word' id='word_1_750' title='bbox 2665 3969 2715 4022; x_wconf 92' lang='lat' dir='ltr'><strong>hi</strong></span> <span class='ocrx_word' id='word_1_751' title='bbox 2766 3968 2906 4021; x_wconf 90' lang='lat' dir='ltr'><strong>enim</strong></span> <span class='ocrx_word' id='word_1_752' title='bbox 2970 3967 3130 4019; x_wconf 89' lang='lat' dir='ltr'><strong>amho</strong></span> <span class='ocrx_word' id='word_1_753' title='bbox 3209 3966 3559 4020; x_wconf 84' lang='lat' dir='ltr'><strong>Autissiodori</strong></span> <span class='ocrx_word' id='word_1_754' title='bbox 3606 3965 3855 4019; x_wconf 72' lang='lat' dir='ltr'><strong>vixerunt</strong></span> 
     </span>
    </p>
   </div>
   <div class='ocr_carea' id='block_1_108' title="bbox 2277 4039 3182 4097">
    <p class='ocr_par' dir='ltr' id='par_1_108' title="bbox 2277 4039 3182 4097">
     <span class='ocr_line' id='line_1_108' title="bbox 2277 4039 3182 4097; baseline -0.007 -1"><span class='ocrx_word' id='word_1_755' title='bbox 2277 4051 2332 4097; x_wconf 92' lang='lat' dir='ltr'><strong>et</strong></span> <span class='ocrx_word' id='word_1_756' title='bbox 2365 4041 2466 4095; x_wconf 88' lang='lat' dir='ltr'><strong>hoc</strong></span> <span class='ocrx_word' id='word_1_757' title='bbox 2492 4041 2579 4094; x_wconf 92' lang='lat' dir='ltr'><strong>die</strong></span> <span class='ocrx_word' id='word_1_758' title='bbox 2607 4040 2874 4092; x_wconf 90' lang='lat' dir='ltr'><strong>coluntur.</strong></span> <span class='ocrx_word' id='word_1_759' title='bbox 2917 4039 3182 4090; x_wconf 66' lang='lat' dir='ltr'><strong>ltoeuso.</strong></span> 
     </span>
    </p>
   </div>
   <div class='ocr_carea' id='block_1_109' title="bbox 2354 4105 3855 4174">
    <p class='ocr_par' dir='ltr' id='par_1_109' title="bbox 2354 4105 3855 4174">
     <span class='ocr_line' id='line_1_109' title="bbox 2354 4105 3855 4174; baseline -0.004 -9"><span class='ocrx_word' id='word_1_760' title='bbox 2354 4110 2372 4150; x_wconf 71' lang='grc' dir='ltr'>ί</span> <span class='ocrx_word' id='word_1_761' title='bbox 2406 4110 2681 4165; x_wconf 78' lang='lat' dir='ltr'><strong>Marciani.</strong></span> <span class='ocrx_word' id='word_1_762' title='bbox 2719 4106 2982 4167; x_wconf 69' lang='lat' dir='ltr'><strong>llunachi,</strong></span> <span class='ocrx_word' id='word_1_763' title='bbox 3013 4106 3100 4171; x_wconf 88' lang='lat' dir='ltr'><strong>qui</strong></span> <span class='ocrx_word' id='word_1_764' title='bbox 3132 4121 3163 4159; x_wconf 93' lang='lat' dir='ltr'><strong>a</strong></span> <span class='ocrx_word' id='word_1_765' title='bbox 3195 4106 3433 4174; x_wconf 87' lang='lat' dir='ltr'><strong>partibus</strong></span> <span class='ocrx_word' id='word_1_766' title='bbox 3459 4105 3855 4160; x_wconf 86' lang='lat' dir='ltr'><strong>Bituricensium</strong></span> 
     </span>
    </p>
   </div>
   <div class='ocr_carea' id='block_1_110' title="bbox 2279 4176 3855 4244">
    <p class='ocr_par' dir='ltr' id='par_1_110' title="bbox 2279 4176 3855 4244">
     <span class='ocr_line' id='line_1_110' title="bbox 2279 4176 3855 4244; baseline -0.004 -8"><span class='ocrx_word' id='word_1_767' title='bbox 2279 4181 2706 4236; x_wconf 84' lang='lat' dir='ltr'><strong>Autissiodorum</strong></span> <span class='ocrx_word' id='word_1_768' title='bbox 2738 4177 3052 4237; x_wconf 79' lang='lat' dir='ltr'><strong>adveniens,</strong></span> <span class='ocrx_word' id='word_1_769' title='bbox 3086 4176 3155 4228; x_wconf 91' lang='lat' dir='ltr'><strong>oh</strong></span> <span class='ocrx_word' id='word_1_770' title='bbox 3185 4178 3454 4244; x_wconf 78' lang='lat' dir='ltr'><strong>religionis</strong></span> <span class='ocrx_word' id='word_1_771' title='bbox 3483 4192 3739 4237; x_wconf 83' lang='lat' dir='ltr'><strong>aurorem,</strong></span> <span class='ocrx_word' id='word_1_772' title='bbox 3773 4191 3855 4229; x_wconf 83' lang='lat' dir='ltr'><strong>re-</strong></span> 
     </span>
    </p>
   </div>
   <div class='ocr_carea' id='block_1_111' title="bbox 2277 4247 3858 4321">
    <p class='ocr_par' dir='ltr' id='par_1_111' title="bbox 2277 4247 3858 4321">
     <span class='ocr_line' id='line_1_111' title="bbox 2277 4247 3858 4321; baseline -0.005 -15"><span class='ocrx_word' id='word_1_773' title='bbox 2277 4262 2434 4321; x_wconf 87' lang='lat' dir='ltr'><strong>gente</strong></span> <span class='ocrx_word' id='word_1_774' title='bbox 2476 4248 2857 4321; x_wconf 87' lang='lat' dir='ltr'><strong>tnonasterium</strong></span> <span class='ocrx_word' id='word_1_775' title='bbox 2888 4247 2948 4300; x_wconf 91' lang='lat' dir='ltr'><strong>S.</strong></span> <span class='ocrx_word' id='word_1_776' title='bbox 2971 4247 3221 4321; x_wconf 79' lang='lat' dir='ltr'><strong>Germani</strong></span> <span class='ocrx_word' id='word_1_777' title='bbox 3254 4247 3670 4321; x_wconf 81' lang='lat' dir='ltr'><strong>S._Mamertit_to,</strong></span> <span class='ocrx_word' id='word_1_778' title='bbox 3708 4259 3858 4299; x_wconf 85' lang='lat' dir='ltr'><strong>asce-</strong></span> 
     </span>
    </p>
   </div>
   <div class='ocr_carea' id='block_1_112' title="bbox 2281 4316 3855 4383">
    <p class='ocr_par' dir='ltr' id='par_1_112' title="bbox 2281 4316 3855 4383">
     <span class='ocr_line' id='line_1_112' title="bbox 2281 4316 3855 4383; baseline 0 -14"><span class='ocrx_word' id='word_1_779' title='bbox 2281 4316 2451 4376; x_wconf 75' lang='lat' dir='ltr'><strong>iarum</strong></span> <span class='ocrx_word' id='word_1_780' title='bbox 2499 4320 2744 4375; x_wconf 79' lang='lat' dir='ltr'><strong>smlalitio</strong></span> <span class='ocrx_word' id='word_1_781' title='bbox 2791 4334 2850 4371; x_wconf 90' lang='lat' dir='ltr'><strong>se</strong></span> <span class='ocrx_word' id='word_1_782' title='bbox 2901 4317 3182 4383; x_wconf 71' lang='lat' dir='ltr'><strong>postulavit</strong></span> <span class='ocrx_word' id='word_1_783' title='bbox 3226 4316 3415 4370; x_wconf 84' lang='lat' dir='ltr'><strong>snciari</strong></span> <span class='ocrx_word' id='word_1_784' title='bbox 3456 4332 3471 4370; x_wconf 89' lang='lat'><strong>:</strong></span> <span class='ocrx_word' id='word_1_785' title='bbox 3516 4317 3601 4370; x_wconf 92' lang='lat' dir='ltr'><strong>ubi</strong></span> <span class='ocrx_word' id='word_1_786' title='bbox 3652 4330 3855 4369; x_wconf 85' lang='lat' dir='ltr'><strong>summa</strong></span> 
     </span>
    </p>
   </div>
   <div class='ocr_carea' id='block_1_113' title="bbox 2279 4388 3857 4454">
    <p class='ocr_par' dir='ltr' id='par_1_113' title="bbox 2279 4388 3857 4454">
     <span class='ocr_line' id='line_1_113' title="bbox 2279 4388 3857 4454; baseline -0.003 -9"><span class='ocrx_word' id='word_1_787' title='bbox 2279 4392 2539 4446; x_wconf 89' lang='lat' dir='ltr'><strong>charitate</strong></span> <span class='ocrx_word' id='word_1_788' title='bbox 2575 4399 2873 4454; x_wconf 48' lang='lat' dir='ltr'><strong>susceptus,</strong></span> <span class='ocrx_word' id='word_1_789' title='bbox 2906 4388 3206 4441; x_wconf 86' lang='lat' dir='ltr'><strong>sanetitatis</strong></span> <span class='ocrx_word' id='word_1_790' title='bbox 3235 4388 3442 4441; x_wconf 78' lang='lat' dir='ltr'><strong>eximite</strong></span> <span class='ocrx_word' id='word_1_791' title='bbox 3472 4390 3669 4440; x_wconf 80' lang='lat' dir='ltr'><strong>fructus</strong></span> <span class='ocrx_word' id='word_1_792' title='bbox 3700 4388 3857 4440; x_wconf 89' lang='lat' dir='ltr'><strong>uber-</strong></span> 
     </span>
    </p>
   </div>
   <div class='ocr_carea' id='block_1_114' title="bbox 2281 4457 3849 4525">
    <p class='ocr_par' dir='ltr' id='par_1_114' title="bbox 2281 4457 3849 4525">
     <span class='ocr_line' id='line_1_114' title="bbox 2281 4457 3849 4525; baseline -0.006 -10"><span class='ocrx_word' id='word_1_793' title='bbox 2281 4464 2445 4516; x_wconf 80' lang='lat' dir='ltr'><strong>rimus</strong></span> <span class='ocrx_word' id='word_1_794' title='bbox 2488 4461 2685 4514; x_wconf 88' lang='lat' dir='ltr'><strong>emisit.</strong></span> <span class='ocrx_word' id='word_1_795' title='bbox 2738 4459 3020 4515; x_wconf 84' lang='lat' dir='ltr'><strong>Saussaius</strong></span> <span class='ocrx_word' id='word_1_796' title='bbox 3063 4457 3113 4508; x_wconf 92' lang='lat' dir='ltr'><strong>iu</strong></span> <span class='ocrx_word' id='word_1_797' title='bbox 3144 4458 3521 4525; x_wconf 83' lang='lat' dir='ltr'><strong>Martyrologio</strong></span> <span class='ocrx_word' id='word_1_798' title='bbox 3558 4457 3849 4521; x_wconf 78' lang='lat' dir='ltr'><strong>Gallicana,</strong></span> 
     </span>
    </p>
   </div>
   <div class='ocr_carea' id='block_1_115' title="bbox 2279 4526 3855 4598">
    <p class='ocr_par' dir='ltr' id='par_1_115' title="bbox 2279 4526 3855 4598">
     <span class='ocr_line' id='line_1_115' title="bbox 2279 4526 3855 4598; baseline -0.003 -15"><span class='ocrx_word' id='word_1_799' title='bbox 2279 4534 2364 4585; x_wconf 87' lang='lat' dir='ltr'><strong>die</strong></span> <span class='ocrx_word' id='word_1_800' title='bbox 2384 4532 2451 4586; x_wconf 71' lang='lat'><strong>29</strong></span> <span class='ocrx_word' id='word_1_801' title='bbox 2476 4534 2690 4598; x_wconf 67' lang='lat' dir='ltr'><strong>Aprilis.</strong></span> <span class='ocrx_word' id='word_1_802' title='bbox 2719 4530 2973 4598; x_wconf 77' lang='lat' dir='ltr'><strong>Rogatus,</strong></span> <span class='ocrx_word' id='word_1_803' title='bbox 2997 4537 3052 4580; x_wconf 93' lang='lat' dir='ltr'><strong>ut</strong></span> <span class='ocrx_word' id='word_1_804' title='bbox 3075 4528 3215 4580; x_wconf 88' lang='lat' dir='ltr'><strong>diem</strong></span> <span class='ocrx_word' id='word_1_805' title='bbox 3240 4526 3458 4581; x_wconf 70' lang='lat' dir='ltr'><strong>Pascha:</strong></span> <span class='ocrx_word' id='word_1_806' title='bbox 3486 4529 3537 4581; x_wconf 92' lang='lat' dir='ltr'><strong>in</strong></span> <span class='ocrx_word' id='word_1_807' title='bbox 3564 4527 3855 4598; x_wconf 81' lang='lat' dir='ltr'><strong>Fontanetn</strong></span> 
     </span>
    </p>
   </div>
   <div class='ocr_carea' id='block_1_116' title="bbox 2280 4597 3849 4665">
    <p class='ocr_par' dir='ltr' id='par_1_116' title="bbox 2280 4597 3849 4665">
     <span class='ocr_line' id='line_1_116' title="bbox 2280 4597 3849 4665; baseline -0.005 -10"><span class='ocrx_word' id='word_1_808' title='bbox 2280 4597 2603 4656; x_wconf 77' lang='lat' dir='ltr'><strong>monasterio</strong></span> <span class='ocrx_word' id='word_1_809' title='bbox 2632 4597 2950 4663; x_wconf 84' lang='lat' dir='ltr'><strong>celebraret,</strong></span> <span class='ocrx_word' id='word_1_810' title='bbox 2980 4610 3257 4665; x_wconf 73' lang='lat' dir='ltr'><strong>correptus</strong></span> <span class='ocrx_word' id='word_1_811' title='bbox 3285 4608 3366 4651; x_wconf 89' lang='lat' dir='ltr'><strong>est</strong></span> <span class='ocrx_word' id='word_1_812' title='bbox 3387 4597 3573 4652; x_wconf 86' lang='lat' dir='ltr'><strong>dolore</strong></span> <span class='ocrx_word' id='word_1_813' title='bbox 3600 4597 3849 4661; x_wconf 79' lang='lat' dir='ltr'><strong>febrium,</strong></span> 
     </span>
    </p>
   </div>
   <div class='ocr_carea' id='block_1_117' title="bbox 2277 4667 3855 4736">
    <p class='ocr_par' dir='ltr' id='par_1_117' title="bbox 2277 4667 3855 4736">
     <span class='ocr_line' id='line_1_117' title="bbox 2277 4667 3855 4736; baseline -0.005 -10"><span class='ocrx_word' id='word_1_814' title='bbox 2277 4682 2334 4726; x_wconf 88' lang='lat' dir='ltr'><strong>et</strong></span> <span class='ocrx_word' id='word_1_815' title='bbox 2371 4673 2536 4735; x_wconf 86' lang='lat' dir='ltr'><strong>obiit;</strong></span> <span class='ocrx_word' id='word_1_816' title='bbox 2578 4671 2998 4725; x_wconf 82' lang='lat' dir='ltr'><strong>Autissiodorutn</strong></span> <span class='ocrx_word' id='word_1_817' title='bbox 3043 4678 3215 4720; x_wconf 89' lang='lat' dir='ltr'><strong>tamen</strong></span> <span class='ocrx_word' id='word_1_818' title='bbox 3261 4678 3558 4736; x_wconf 81' lang='lat' dir='ltr'><strong>reportatus</strong></span> <span class='ocrx_word' id='word_1_819' title='bbox 3585 4708 3601 4733; x_wconf 92' lang='lat'><strong>,</strong></span> <span class='ocrx_word' id='word_1_820' title='bbox 3634 4676 3691 4719; x_wconf 90' lang='lat' dir='ltr'><strong>et</strong></span> <span class='ocrx_word' id='word_1_821' title='bbox 3717 4667 3855 4720; x_wconf 88' lang='lat' dir='ltr'><strong>sole-</strong></span> 
     </span>
    </p>
   </div>
   <div class='ocr_carea' id='block_1_118' title="bbox 2280 4737 3854 4807">
    <p class='ocr_par' dir='ltr' id='par_1_118' title="bbox 2280 4737 3854 4807">
     <span class='ocr_line' id='line_1_118' title="bbox 2280 4737 3854 4807; baseline -0.003 -12"><span class='ocrx_word' id='word_1_822' title='bbox 2280 4746 2388 4796; x_wconf 88' lang='lat' dir='ltr'><strong>mni</strong></span> <span class='ocrx_word' id='word_1_823' title='bbox 2432 4742 2573 4797; x_wconf 87' lang='lat' dir='ltr'><strong>cultu</strong></span> <span class='ocrx_word' id='word_1_824' title='bbox 2604 4751 2867 4807; x_wconf 86' lang='lat' dir='ltr'><strong>receptus,</strong></span> <span class='ocrx_word' id='word_1_825' title='bbox 2902 4738 3140 4803; x_wconf 58' lang='lat' dir='ltr'><strong>sepultus</strong></span> <span class='ocrx_word' id='word_1_826' title='bbox 3168 4747 3249 4793; x_wconf 87' lang='lat' dir='ltr'><strong>est</strong></span> <span class='ocrx_word' id='word_1_827' title='bbox 3292 4740 3343 4793; x_wconf 88' lang='lat' dir='ltr'><strong>in</strong></span> <span class='ocrx_word' id='word_1_828' title='bbox 3374 4739 3600 4793; x_wconf 83' lang='lat' dir='ltr'><strong>ecclesia</strong></span> <span class='ocrx_word' id='word_1_829' title='bbox 3639 4738 3697 4793; x_wconf 92' lang='lat' dir='ltr'><strong>S.</strong></span> <span class='ocrx_word' id='word_1_830' title='bbox 3724 4737 3854 4791; x_wconf 74' lang='lat' dir='ltr'><strong>Ger~</strong></span> 
     </span>
    </p>
   </div>
   <div class='ocr_carea' id='block_1_119' title="bbox 2280 4809 3036 4878">
    <p class='ocr_par' dir='ltr' id='par_1_119' title="bbox 2280 4809 3036 4878">
     <span class='ocr_line' id='line_1_119' title="bbox 2280 4809 3036 4878; baseline -0.003 -13"><span class='ocrx_word' id='word_1_831' title='bbox 2280 4814 2442 4866; x_wconf 89' lang='lat' dir='ltr'><strong>mani.</strong></span> <span class='ocrx_word' id='word_1_832' title='bbox 2477 4814 2605 4866; x_wconf 80' lang='lat' dir='ltr'><strong>Acta</strong></span> <span class='ocrx_word' id='word_1_833' title='bbox 2636 4811 2771 4878; x_wconf 87' lang='lat' dir='ltr'><strong>apud</strong></span> <span class='ocrx_word' id='word_1_834' title='bbox 2798 4809 3036 4863; x_wconf 79' lang='lat' dir='ltr'><strong>Bolland.</strong></span> 
     </span>
    </p>
   </div>
   <div class='ocr_carea' id='block_1_120' title="bbox 2353 4876 3850 4948">
    <p class='ocr_par' dir='ltr' id='par_1_120' title="bbox 2353 4876 3850 4948">
     <span class='ocr_line' id='line_1_120' title="bbox 2353 4876 3850 4948; baseline -0.003 -12"><span class='ocrx_word' id='word_1_835' title='bbox 2353 4893 2377 4929; x_wconf 73' lang='grc' dir='ltr'><strong>ε</strong></span> <span class='ocrx_word' id='word_1_836' title='bbox 2407 4876 2682 4937; x_wconf 79' lang='lat' dir='ltr'><strong>Simeonis.</strong></span> <span class='ocrx_word' id='word_1_837' title='bbox 2709 4881 2951 4948; x_wconf 85' lang='lat' dir='ltr'><strong>Episcopi</strong></span> <span class='ocrx_word' id='word_1_838' title='bbox 2985 4879 3239 4935; x_wconf 64' lang='lat' dir='ltr'><strong>Seleuciae</strong></span> <span class='ocrx_word' id='word_1_839' title='bbox 3266 4889 3319 4933; x_wconf 89' lang='lat' dir='ltr'><strong>et</strong></span> <span class='ocrx_word' id='word_1_840' title='bbox 3338 4878 3734 4948; x_wconf 81' lang='lat' dir='ltr'><strong>Clesiphontis:</strong></span> <span class='ocrx_word' id='word_1_841' title='bbox 3760 4876 3850 4944; x_wconf 87' lang='lat' dir='ltr'><strong>qui</strong></span> 
     </span>
    </p>
   </div>
   <div class='ocr_carea' id='block_1_121' title="bbox 2273 4947 3849 5022">
    <p class='ocr_par' dir='ltr' id='par_1_121' title="bbox 2273 4947 3849 5022">
     <span class='ocr_line' id='line_1_121' title="bbox 2273 4947 3849 5022; baseline -0.006 -16"><span class='ocrx_word' id='word_1_842' title='bbox 2273 4953 2496 5022; x_wconf 80' lang='lat' dir='ltr'><strong>jubente</strong></span> <span class='ocrx_word' id='word_1_843' title='bbox 2521 4956 2723 5020; x_wconf 83' lang='lat' dir='ltr'><strong>Sapore</strong></span> <span class='ocrx_word' id='word_1_844' title='bbox 2756 4947 3032 5005; x_wconf 82' lang='lat' dir='ltr'><strong>Persarum</strong></span> <span class='ocrx_word' id='word_1_845' title='bbox 3064 4965 3187 5022; x_wconf 77' lang='lat' dir='ltr'><strong>rege</strong></span> <span class='ocrx_word' id='word_1_846' title='bbox 3217 4950 3656 5022; x_wconf 84' lang='lat' dir='ltr'><strong>comprehensus,</strong></span> <span class='ocrx_word' id='word_1_847' title='bbox 3688 4947 3849 5003; x_wconf 81' lang='lat' dir='ltr'><strong>ferro-</strong></span> 
     </span>
    </p>
   </div>
   <div class='ocr_carea' id='block_1_122' title="bbox 2275 5020 3844 5090">
    <p class='ocr_par' dir='ltr' id='par_1_122' title="bbox 2275 5020 3844 5090">
     <span class='ocr_line' id='line_1_122' title="bbox 2275 5020 3844 5090; baseline -0.005 -13"><span class='ocrx_word' id='word_1_848' title='bbox 2275 5020 2379 5090; x_wconf 75' lang='lat' dir='ltr'><strong>que</strong></span> <span class='ocrx_word' id='word_1_849' title='bbox 2407 5033 2654 5087; x_wconf 89' lang='lat' dir='ltr'><strong>onustus,</strong></span> <span class='ocrx_word' id='word_1_850' title='bbox 2686 5023 2877 5090; x_wconf 83' lang='lat' dir='ltr'><strong>iniquis</strong></span> <span class='ocrx_word' id='word_1_851' title='bbox 2911 5021 3259 5075; x_wconf 85' lang='lat' dir='ltr'><strong>tribunalibus</strong></span> <span class='ocrx_word' id='word_1_852' title='bbox 3284 5020 3574 5083; x_wconf 79' lang='lat' dir='ltr'><strong>exhibitus,</strong></span> <span class='ocrx_word' id='word_1_853' title='bbox 3604 5034 3721 5090; x_wconf 85' lang='lat' dir='ltr'><strong>cum</strong></span> <span class='ocrx_word' id='word_1_854' title='bbox 3752 5033 3844 5071; x_wconf 81' lang='lat' dir='ltr'><strong>so-</strong></span> 
     </span>
    </p>
   </div>
   <div class='ocr_carea' id='block_1_123' title="bbox 2277 5088 3847 5159">
    <p class='ocr_par' dir='ltr' id='par_1_123' title="bbox 2277 5088 3847 5159">
     <span class='ocr_line' id='line_1_123' title="bbox 2277 5088 3847 5159; baseline -0.004 -12"><span class='ocrx_word' id='word_1_855' title='bbox 2277 5088 2380 5147; x_wconf 75' lang='lat' dir='ltr'><strong>lem</strong></span> <span class='ocrx_word' id='word_1_856' title='bbox 2412 5095 2577 5147; x_wconf 89' lang='lat' dir='ltr'><strong>nollet</strong></span> <span class='ocrx_word' id='word_1_857' title='bbox 2607 5088 2863 5156; x_wconf 81' lang='lat' dir='ltr'><strong>adorare,</strong></span> <span class='ocrx_word' id='word_1_858' title='bbox 2898 5092 3126 5159; x_wconf 86' lang='lat' dir='ltr'><strong>primum</strong></span> <span class='ocrx_word' id='word_1_859' title='bbox 3156 5106 3371 5145; x_wconf 84' lang='lat' dir='ltr'><strong>carcere</strong></span> <span class='ocrx_word' id='word_1_860' title='bbox 3401 5106 3521 5143; x_wconf 90' lang='lat' dir='ltr'><strong>cum</strong></span> <span class='ocrx_word' id='word_1_861' title='bbox 3560 5088 3675 5142; x_wconf 91' lang='lat' dir='ltr'><strong>aliis</strong></span> <span class='ocrx_word' id='word_1_862' title='bbox 3717 5103 3847 5142; x_wconf 84' lang='lat' dir='ltr'><strong>ceu-</strong></span> 
     </span>
    </p>
   </div>
   <div class='ocr_carea' id='block_1_124' title="bbox 2277 5158 3844 5229">
    <p class='ocr_par' dir='ltr' id='par_1_124' title="bbox 2277 5158 3844 5229">
     <span class='ocr_line' id='line_1_124' title="bbox 2277 5158 3844 5229; baseline -0.003 -14"><span class='ocrx_word' id='word_1_863' title='bbox 2277 5174 2406 5226; x_wconf 92' lang='lat' dir='ltr'><strong>tum,</strong></span> <span class='ocrx_word' id='word_1_864' title='bbox 2447 5180 2509 5218; x_wconf 72' lang='lat' dir='ltr'><strong>ex</strong></span> <span class='ocrx_word' id='word_1_865' title='bbox 2556 5165 2747 5229; x_wconf 84' lang='lat' dir='ltr'><strong>quibus</strong></span> <span class='ocrx_word' id='word_1_866' title='bbox 2791 5158 3180 5229; x_wconf 29' lang='lat' dir='ltr'><strong>alii’episcOpi,</strong></span> <span class='ocrx_word' id='word_1_867' title='bbox 3220 5160 3307 5213; x_wconf 91' lang='lat' dir='ltr'><strong>alii</strong></span> <span class='ocrx_word' id='word_1_868' title='bbox 3345 5170 3498 5214; x_wconf 91' lang='lat' dir='ltr'><strong>erant</strong></span> <span class='ocrx_word' id='word_1_869' title='bbox 3530 5158 3844 5229; x_wconf 77' lang='lat' dir='ltr'><strong>presbyteri,</strong></span> 
     </span>
    </p>
   </div>
   <div class='ocr_carea' id='block_1_125' title="bbox 2273 5232 3841 5295">
    <p class='ocr_par' dir='ltr' id='par_1_125' title="bbox 2273 5232 3841 5295">
     <span class='ocr_line' id='line_1_125' title="bbox 2273 5232 3841 5295; baseline -0.003 -9"><span class='ocrx_word' id='word_1_870' title='bbox 2273 5233 2359 5286; x_wconf 91' lang='lat' dir='ltr'><strong>alii</strong></span> <span class='ocrx_word' id='word_1_871' title='bbox 2391 5235 2727 5287; x_wconf 82' lang='lat' dir='ltr'><strong>diversorum</strong></span> <span class='ocrx_word' id='word_1_872' title='bbox 2770 5233 3014 5287; x_wconf 85' lang='lat' dir='ltr'><strong>ordinum</strong></span> <span class='ocrx_word' id='word_1_873' title='bbox 3057 5232 3260 5295; x_wconf 83' lang='lat' dir='ltr'><strong>clerici,</strong></span> <span class='ocrx_word' id='word_1_874' title='bbox 3291 5232 3381 5285; x_wconf 88' lang='lat' dir='ltr'><strong>ditt</strong></span> <span class='ocrx_word' id='word_1_875' title='bbox 3411 5238 3704 5285; x_wconf 84' lang='lat' dir='ltr'><strong>maceratus</strong></span> <span class='ocrx_word' id='word_1_876' title='bbox 3733 5238 3841 5283; x_wconf 88' lang='lat' dir='ltr'><strong>est:</strong></span> 
     </span>
    </p>
   </div>
   <div class='ocr_carea' id='block_1_126' title="bbox 2272 5301 3848 5370">
    <p class='ocr_par' dir='ltr' id='par_1_126' title="bbox 2272 5301 3848 5370">
     <span class='ocr_line' id='line_1_126' title="bbox 2272 5301 3848 5370; baseline -0.003 -14"><span class='ocrx_word' id='word_1_877' title='bbox 2272 5304 2465 5358; x_wconf 57' lang='lat' dir='ltr'><strong>deinde</strong></span> <span class='ocrx_word' id='word_1_878' title='bbox 2508 5319 2628 5357; x_wconf 91' lang='lat' dir='ltr'><strong>cum</strong></span> <span class='ocrx_word' id='word_1_879' title='bbox 2671 5303 3034 5356; x_wconf 72' lang='lat' dir='ltr'><strong>Emtltazanes</strong></span> <span class='ocrx_word' id='word_1_880' title='bbox 3080 5302 3219 5370; x_wconf 88' lang='lat' dir='ltr'><strong>regis</strong></span> <span class='ocrx_word' id='word_1_881' title='bbox 3264 5301 3543 5363; x_wconf 81' lang='lat' dir='ltr'><strong>nutritius,</strong></span> <span class='ocrx_word' id='word_1_882' title='bbox 3592 5302 3678 5368; x_wconf 89' lang='lat' dir='ltr'><strong>qui</strong></span> <span class='ocrx_word' id='word_1_883' title='bbox 3725 5308 3848 5352; x_wconf 88' lang='lat' dir='ltr'><strong>ante</strong></span> 
     </span>
    </p>
   </div>
   <div class='ocr_carea' id='block_1_127' title="bbox 2272 5371 3848 5442">
    <p class='ocr_par' dir='ltr' id='par_1_127' title="bbox 2272 5371 3848 5442">
     <span class='ocr_line' id='line_1_127' title="bbox 2272 5371 3848 5442; baseline -0.003 -17"><span class='ocrx_word' id='word_1_884' title='bbox 2272 5372 2381 5442; x_wconf 86' lang='lat' dir='ltr'><strong>jam</strong></span> <span class='ocrx_word' id='word_1_885' title='bbox 2425 5375 2606 5442; x_wconf 85' lang='lat' dir='ltr'><strong>lapsus</strong></span> <span class='ocrx_word' id='word_1_886' title='bbox 2641 5382 2722 5428; x_wconf 88' lang='lat' dir='ltr'><strong>est</strong></span> <span class='ocrx_word' id='word_1_887' title='bbox 2763 5389 2791 5424; x_wconf 91' lang='lat' dir='ltr'><strong>a</strong></span> <span class='ocrx_word' id='word_1_888' title='bbox 2826 5373 2952 5437; x_wconf 87' lang='lat' dir='ltr'><strong>fide,</strong></span> <span class='ocrx_word' id='word_1_889' title='bbox 2981 5372 3072 5425; x_wconf 89' lang='lat' dir='ltr'><strong>sed</strong></span> <span class='ocrx_word' id='word_1_890' title='bbox 3114 5388 3206 5440; x_wconf 89' lang='lat' dir='ltr'><strong>per</strong></span> <span class='ocrx_word' id='word_1_891' title='bbox 3234 5387 3355 5425; x_wconf 91' lang='lat' dir='ltr'><strong>eum</strong></span> <span class='ocrx_word' id='word_1_892' title='bbox 3394 5373 3457 5424; x_wconf 86' lang='lat' dir='ltr'><strong>ad</strong></span> <span class='ocrx_word' id='word_1_893' title='bbox 3490 5371 3848 5442; x_wconf 73' lang='lat' dir='ltr'><strong>pmniteutiam</strong></span> 
     </span>
    </p>
   </div>
   <div class='ocr_carea' id='block_1_128' title="bbox 2276 5440 3845 5511">
    <p class='ocr_par' dir='ltr' id='par_1_128' title="bbox 2276 5440 3845 5511">
     <span class='ocr_line' id='line_1_128' title="bbox 2276 5440 3845 5511; baseline -0.004 -15"><span class='ocrx_word' id='word_1_894' title='bbox 2276 5440 2446 5497; x_wconf 78' lang='lat' dir='ltr'><strong>fuerat</strong></span> <span class='ocrx_word' id='word_1_895' title='bbox 2482 5440 2806 5506; x_wconf 81' lang='lat' dir='ltr'><strong>revocatus,</strong></span> <span class='ocrx_word' id='word_1_896' title='bbox 2853 5445 3162 5511; x_wconf 90' lang='lat' dir='ltr'><strong>martyrium</strong></span> <span class='ocrx_word' id='word_1_897' title='bbox 3216 5451 3521 5496; x_wconf 87' lang='lat' dir='ltr'><strong>constanter</strong></span> <span class='ocrx_word' id='word_1_898' title='bbox 3564 5440 3845 5511; x_wconf 69' lang='lat' dir='ltr'><strong>subiisset;</strong></span> 
     </span>
    </p>
   </div>
   <div class='ocr_carea' id='block_1_129' title="bbox 2279 5507 3850 5581">
    <p class='ocr_par' dir='ltr' id='par_1_129' title="bbox 2279 5507 3850 5581">
     <span class='ocr_line' id='line_1_129' title="bbox 2279 5507 3850 5581; baseline -0.004 -14"><span class='ocrx_word' id='word_1_899' title='bbox 2279 5513 2552 5581; x_wconf 80' lang='lat' dir='ltr'><strong>pos:ritlie,</strong></span> <span class='ocrx_word' id='word_1_900' title='bbox 2590 5513 2679 5579; x_wconf 87' lang='lat' dir='ltr'><strong>qui</strong></span> <span class='ocrx_word' id='word_1_901' title='bbox 2730 5525 2844 5567; x_wconf 91' lang='lat' dir='ltr'><strong>erat</strong></span> <span class='ocrx_word' id='word_1_902' title='bbox 2890 5507 3006 5564; x_wconf 79' lang='lat' dir='ltr'><strong>dies</strong></span> <span class='ocrx_word' id='word_1_903' title='bbox 3036 5512 3269 5577; x_wconf 70' lang='lat' dir='ltr'><strong>Paschae,</strong></span> <span class='ocrx_word' id='word_1_904' title='bbox 3317 5512 3564 5566; x_wconf 88' lang='lat' dir='ltr'><strong>omnibus</strong></span> <span class='ocrx_word' id='word_1_905' title='bbox 3604 5519 3724 5564; x_wconf 87' lang='lat' dir='ltr'><strong>ante</strong></span> <span class='ocrx_word' id='word_1_906' title='bbox 3765 5507 3850 5562; x_wconf 85' lang='lat' dir='ltr'><strong>Si-</strong></span> 
     </span>
    </p>
   </div>
   <div class='ocr_carea' id='block_1_130' title="bbox 2279 5581 3849 5653">
    <p class='ocr_par' dir='ltr' id='par_1_130' title="bbox 2279 5581 3849 5653">
     <span class='ocr_line' id='line_1_130' title="bbox 2279 5581 3849 5653; baseline -0.002 -17"><span class='ocrx_word' id='word_1_907' title='bbox 2279 5584 2482 5637; x_wconf 88' lang='lat' dir='ltr'><strong>meonis</strong></span> <span class='ocrx_word' id='word_1_908' title='bbox 2511 5585 2693 5637; x_wconf 87' lang='lat' dir='ltr'><strong>oculos</strong></span> <span class='ocrx_word' id='word_1_909' title='bbox 2718 5584 2895 5653; x_wconf 90' lang='lat' dir='ltr'><strong>gladio</strong></span> <span class='ocrx_word' id='word_1_910' title='bbox 2920 5581 3195 5652; x_wconf 86' lang='lat' dir='ltr'><strong>jugulatis,</strong></span> <span class='ocrx_word' id='word_1_911' title='bbox 3228 5582 3515 5637; x_wconf 88' lang='lat' dir='ltr'><strong>novissime</strong></span> <span class='ocrx_word' id='word_1_912' title='bbox 3543 5592 3597 5636; x_wconf 89' lang='lat' dir='ltr'><strong>et</strong></span> <span class='ocrx_word' id='word_1_913' title='bbox 3624 5581 3736 5649; x_wconf 89' lang='lat' dir='ltr'><strong>ipse</strong></span> <span class='ocrx_word' id='word_1_914' title='bbox 3762 5582 3849 5634; x_wconf 79' lang='lat' dir='ltr'><strong>de-</strong></span> 
     </span>
    </p>
   </div>
   <div class='ocr_carea' id='block_1_131' title="bbox 2276 5653 3283 5709">
    <p class='ocr_par' dir='ltr' id='par_1_131' title="bbox 2276 5653 3283 5709">
     <span class='ocr_line' id='line_1_131' title="bbox 2276 5653 3283 5709; baseline -0.002 -2"><span class='ocrx_word' id='word_1_915' title='bbox 2276 5653 2502 5707; x_wconf 87' lang='lat' dir='ltr'><strong>collatus</strong></span> <span class='ocrx_word' id='word_1_916' title='bbox 2530 5662 2631 5706; x_wconf 85' lang='lat' dir='ltr'><strong>est.</strong></span> <span class='ocrx_word' id='word_1_917' title='bbox 2664 5654 2856 5709; x_wconf 82' lang='lat' dir='ltr'><strong>Passus</strong></span> <span class='ocrx_word' id='word_1_918' title='bbox 2885 5665 2964 5709; x_wconf 88' lang='lat' dir='ltr'><strong>est</strong></span> <span class='ocrx_word' id='word_1_919' title='bbox 2993 5668 3133 5706; x_wconf 90' lang='lat' dir='ltr'><strong>anno</strong></span> <span class='ocrx_word' id='word_1_920' title='bbox 3162 5655 3283 5707; x_wconf 70' lang='grc'><strong>549.</strong></span> 
     </span>
    </p>
   </div>
   <div class='ocr_carea' id='block_1_132' title="bbox 2343 5719 3808 5797">
    <p class='ocr_par' dir='ltr' id='par_1_132' title="bbox 2343 5719 3808 5797">
     <span class='ocr_line' id='line_1_132' title="bbox 2343 5719 3808 5797; baseline -0.001 -21"><span class='ocrx_word' id='word_1_921' title='bbox 2343 5719 2371 5797; x_wconf 61' lang='grc' dir='ltr'>ξι</span> <span class='ocrx_word' id='word_1_922' title='bbox 2407 5723 2706 5797; x_wconf 40' lang='lat' dir='ltr'><strong>Valeriaij</strong></span> <span class='ocrx_word' id='word_1_923' title='bbox 2725 5725 2786 5778; x_wconf 91' lang='lat' dir='ltr'><strong>lli</strong></span> <span class='ocrx_word' id='word_1_924' title='bbox 2814 5738 2971 5793; x_wconf 87' lang='lat' dir='ltr'><strong>supra</strong></span> <span class='ocrx_word' id='word_1_925' title='bbox 3006 5725 3251 5797; x_wconf 83' lang='lat' dir='ltr'><strong>coluntur</strong></span> <span class='ocrx_word' id='word_1_926' title='bbox 3280 5723 3366 5797; x_wconf 82' lang='lat' dir='ltr'><strong>die</strong></span> <span class='ocrx_word' id='word_1_927' title='bbox 3390 5721 3462 5779; x_wconf 73' lang='lat' dir='ltr'>H</span> <span class='ocrx_word' id='word_1_928' title='bbox 3490 5722 3702 5797; x_wconf 59' lang='lat' dir='ltr'><strong>Aprilis.</strong></span> <span class='ocrx_word' id='word_1_929' title='bbox 3777 5786 3808 5797; x_wconf 39' lang='lat' dir='ltr'>ﬂ</span> 
     </span>
    </p>
   </div>
   <div class='ocr_carea' id='block_1_133' title="bbox 2313 5791 3845 5919">
    <p class='ocr_par' dir='ltr' id='par_1_133' title="bbox 2313 5791 3845 5919">
     <span class='ocr_line' id='line_1_133' title="bbox 2313 5791 3845 5919; baseline -0.001 -72"><span class='ocrx_word' id='word_1_930' title='bbox 2313 5791 2362 5919; x_wconf 62' lang='lat' dir='ltr'><strong>Ni</strong></span> <span class='ocrx_word' id='word_1_931' title='bbox 2398 5793 2630 5919; x_wconf 53' lang='lat' dir='ltr'><strong>Carsﬁrit&#39;.</strong></span> <span class='ocrx_word' id='word_1_932' title='bbox 2663 5794 2832 5866; x_wconf 83' lang='lat' dir='ltr'><strong>Hujus</strong></span> <span class='ocrx_word' id='word_1_933' title='bbox 2858 5791 3112 5850; x_wconf 86' lang='lat' dir='ltr'><strong>memoria</strong></span> <span class='ocrx_word' id='word_1_934' title='bbox 3143 5794 3405 5865; x_wconf 81' lang='lat' dir='ltr'><strong>praecipue</strong></span> <span class='ocrx_word' id='word_1_935' title='bbox 3434 5793 3731 5850; x_wconf 83' lang='lat' dir='ltr'><strong>celebratur</strong></span> <span class='ocrx_word' id='word_1_936' title='bbox 3758 5791 3845 5846; x_wconf 76' lang='lat' dir='ltr'><strong>die</strong></span> 
     </span>
     <span class='ocr_line' id='line_1_134' title="bbox 2313 5881 2640 5919; baseline 0 0"><span class='ocrx_word' id='word_1_937' title='bbox 2313 5906 2327 5919; x_wconf 82' lang='lat'><strong>.</strong></span> <span class='ocrx_word' id='word_1_938' title='bbox 2358 5881 2507 5919; x_wconf 89' lang='lat' dir='ltr'><strong>ovem</strong></span> <span class='ocrx_word' id='word_1_939' title='bbox 2551 5881 2640 5919; x_wconf 66' lang='grc' dir='ltr'><strong>τις.</strong></span> 
     </span>
    </p>
   </div>
   <div class='ocr_carea' id='block_1_134' title="bbox 2268 5880 2640 5921">
    <p class='ocr_par' dir='ltr' id='par_1_134' title="bbox 2268 5880 2640 5921">
     <span class='ocr_line' id='line_1_135' title="bbox 2268 5880 2640 5921; baseline 0 -2"><span class='ocrx_word' id='word_1_940' title='bbox 2268 5880 2282 5919; x_wconf 87' lang='grc'><strong>1</strong></span> <span class='ocrx_word' id='word_1_941' title='bbox 2310 5880 2640 5921; x_wconf 59' lang='grc' dir='ltr'><strong>Νυνειιιυτιε.</strong></span> 
     </span>
    </p>
   </div>
  </div>
