4240 6458
390 372 493 428 885

1494 377 1689 435 SECT.
1732 378 1795 435 ll.
1836 409 1904 420 -—
1949 377 2513 435 MARTYROLOGIA.

3551 371 3653 425 886

1638 468 1867 524 EDITIO
1906 467 2378 524 COLONIENSIS.

385 561 505 624 teri,
533 558 746 623 Felicis,
767 559 944 624 Silini,
968 559 1179 627 Vitalts,
1194 561 1284 630 qui
1308 559 1367 614 in
1384 574 1603 617 carcere
1624 565 1963 631 quieverunt.
1996 570 2046 626 Α
2074 564 2288 627 nacliis;
2321 562 2481 617 etiam
2511 576 2629 614 cum
2658 562 2879 615 sacratis
2904 559 3194 630 virginibus
3227 560 3489 626 plurimis.
3515 569 3655 614 inter

386 649 441 703 In
472 649 597 703 Asia
624 652 798 705 natale
832 649 1099 705 Maximini
1138 652 1413 722 martyris,
1444 652 1533 721 qui
1562 663 1798 724 tempore
1830 655 1971 710 Decii

390 752 511 810 post
539 742 645 794 alia
676 752 939 794 tormenta
970 742 1235 811 lapidibus
1256 759 1542 811 oppressus
1570 759 1675 799 est.

454 830 521 887 ϐ.
554 831 598 885 Χ
632 831 766 886 Kac.
800 833 943 885 Man.
971 861 1041 873 —
1072 832 1256 887 Romae
1287 833 1365 887 via
1395 834 1561 902 Appia
1588 836 1638 888 in
1664 838 1975 893 cmmeterio

385 924 567 979 Calisti
598 925 711 980 Gaii
745 940 911 994 papze.
939 925 1034 979 llic
1062 926 1339 981 constituit
1366 937 1421 981 ut
1449 943 1542 995 per
1568 944 1755 983 omnes
1781 931 1976 998 gradus

386 1015 614 1085 primum
645 1015 977 1081 ascenderet,
1005 1016 1049 1069 si
1072 1016 1189 1086 quis
1208 1017 1491 1086 episcopus
1515 1015 1626 1072 ﬁeri
1657 1031 1971 1086 mereretur,

388 1119 445 1161 ut
465 1118 607 1163 esset
633 1107 909 1173 ostiarius,
933 1108 1117 1170 lector,
1143 1108 1433 1173 exorcista,
1456 1108 1831 1175 subdiaconus,
1861 1111 1976 1164 dia-

384 1211 575 1268 conus,
599 1200 893 1269 presbyter.
920 1198 1018 1264 Qui
1042 1213 1163 1253 cum
1184 1196 1482 1254 Ecclesiam
1511 1200 1755 1256 undecim
1781 1218 1973 1265 annos,

389 1302 600 1342 menses
629 1297 885 1355 quatuor,
932 1288 1051 1343 dies
1087 1288 1371 1343 duodecim
1413 1293 1669 1355 I‘CXlaSBI,
1719 1292 1978 1362 martyrio

385 1388 672 1433 coronatos
700 1390 783 1433 est
812 1381 910 1433 sub
952 1379 1279 1435 Diocletiano
1308 1380 1568 1449 print-ipe,
1600 1397 1723 1437 cum
1747 1384 1977 1439 Gabinio

388 1471 555 1525 fratre
602 1483 655 1524 et
694 1472 1033 1542 presbytero.
1082 1473 1291 1540 Agapiti
1340 1473 1652 1541 pontilicis,
1703 1475 1790 1543 qui
1840 1476 1979 1529 sedit

388 1563 571 1617 Itonia:
605 1579 816 1619 menses
849 1564 1115 1619 undecim.
1161 1564 1257 1619 llic
1293 1564 1565 1635 ingressus
1595 1566 1978 1623 Constantino-

390 1652 549 1718 polim
581 1653 645 1706 ad
678 1653 1033 1707 .liistinianum
1076 1656 1479 1722 imperatorem,
1516 1660 1819 1711 Antemium
1867 1658 1977 1725 epi-

390 1756 609 1809 sCoputu
637 1742 1324 1811 Constantinopolitanum,
1372 1745 1469 1814 qui
1504 1746 1635 1799 duas
1678 1758 1894 1800 naturas
1924 1748 1974 1799 in

389 1832 606 1886 Christo
636 1833 883 1901 negabat,
916 1833 1166 1900 deposuit
1189 1874 1203 1898 ,
1249 1842 1303 1888 et
1347 1833 1398 1888 in
1427 1833 1543 1905 ejiis
1574 1835 1691 1888 loco
1731 1835 1973 1890 Menuam

2080 670 2209 724 quas
2236 656 2397 707 etiam
2428 665 2480 708 et
2508 668 2747 708 sororem
2777 654 2945 708 sancti
2976 654 3212 722 episcopi
3245 652 3539 718 Simeonis,
3570 668 3677 707 non

2082 754 2223 803 tuine
2253 749 2490 809 Tarbnil,
2526 765 2646 801 cum
2680 750 2966 818 pedisequa
2999 763 3110 802 sua
3134 747 3402 814 stipitibus
3432 746 3656 815 alligan-

2082 850 2181 905 tes,
2214 841 2459 909 ferraque
2490 840 2777 903 liodentes,
2818 840 3565 893 crudelissimenecaverunt.
3604 838 3657 891 In

2078 929 2324 984 Corduba
2346 929 2558 983 civitate
2583 929 2757 983 natale
2783 928 3066 992 Parnienii,
3090 929 3399 989 llelitiietim,
3420 937 3471 981 et
3492 928 3668 996 Cliry-

2078 1021 2220 1073 soliti
2255 1020 2710 1091 presbyterorum,
2739 1028 2794 1073 et
2834 1018 2998 1071 Lucae
3035 1028 3087 1070 et
3120 1018 3264 1070 illuiii
3312 1019 3657 1072 diaconoroin

2082 1110 2150 1164 de
2177 1111 2487 1180 Babylonia,
2542 1125 2769 1181 quorum
2801 1110 3007 1178 primus
3047 1110 3267 1175 praecisa
3294 1109 3454 1162 etiam
3484 1110 3658 1179 lingua

2082 1203 2417 1271 loquebatur.
2464 1204 2662 1257 Omnes
2703 1201 2876 1269 primo
2921 1201 2974 1255 in
3012 1199 3237 1269 equuleo
3275 1200 3559 1267 suspensi,
3608 1210 3661 1253 et

2081 1296 2306 1349 nexibus
2333 1294 2609 1348 attractati
2628 1304 2771 1358 sunt,
2801 1292 2925 1347 dein
2952 1294 3164 1347 laminis
3186 1293 3497 1348 ardentibus
3517 1294 3658 1348 circa

2083 1388 2245 1442 latera
2280 1388 2538 1455 appositis
2566 1385 2779 1439 ustulati
2801 1426 2815 1452 ,
2848 1394 2905 1439 et
2942 1384 3149 1453 ungulis
3181 1385 3415 1450 lacerati,
3444 1384 3510 1438 ad
3541 1385 3661 1439 ultio

2083 1494 2227 1531 mum
2277 1478 2455 1546 gladio
2507 1476 2755 1531 trucidati
2807 1484 2970 1541 sunt,
3019 1483 3282 1545 praesente
3324 1486 3662 1543 persecutore

2085 1568 2264 1625 Decio.
2299 1566 2535 1637 Lugduni
2565 1566 2754 1621 Gallia:
2794 1566 2965 1619 sancti
2992 1564 3236 1635 Epipodii
3264 1567 3531 1637 martyris,
3563 1565 3664 1619 sub

2082 1662 2349 1716 Antonino
2403 1660 2560 1713 Vero.
2617 1656 2835 1712 Vienna:
2883 1657 3052 1711 sancti
3102 1656 3294 1711 Juliani
3336 1654 3572 1725 episcopi
3611 1668 3666 1711 et

2080 1753 2424 1807 confessoris.
3086 1801 3097 1810 .

2153 1850 2217 1900 A.
2250 1844 2316 1898 IX
2345 1844 2587 1899 KiLcso.
2618 1841 2763 1898 ΜΑιι.
2789 1869 2856 1883 -
2882 1841 3067 1896 Natale
3093 1841 3260 1895 sancti
3290 1840 3502 1910 Georgii
3524 1854 3665 1894 mar-

387 1925 719 1980 Catbolicum
764 1927 1118 1980 consecravit.
1172 1926 1322 1993 Apud
1364 1924 1637 1979 Persidem
1668 1935 1971 1981 sanctorum
2010 1924 2052 1981 Β
2083 1937 2235 2008 ιγτῖε,
2266 1937 2353 2005 qui
2386 1936 2486 1989 sub
2520 1934 2763 1999 Datiano,
2790 1948 2917 2002 rege
2958 1933 3237 1987 Persarum
3270 1931 3664 2000 potentissimo,

390 2027 684 2085 martyrum
738 2015 1129 2085 plurimorum,
1179 2015 1268 2084 qui
1322 2015 1545 2083 jubente
1597 2016 1799 2084 Sapore
1852 2033 1975 2085 rege

390 2124 569 2161 annuo
598 2108 683 2162 die
709 2150 724 2175 ,
777 2121 883 2177 quo
917 2106 1180 2176 passionis
1221 2106 1510 2161 Dominica:
1540 2110 1796 2161 memoria
1829 2110 1973 2164 cele-

391 2200 616 2264 bratur,
663 2212 760 2268 per
804 2208 967 2252 totam
1009 2196 1242 2252 Persidis
1288 2199 1557 2265 regionem
1607 2202 1757 2263 lenti,
1788 2214 1849 2251 ac
1882 2215 1975 2266 pro

387 2288 581 2342 Christi
615 2287 830 2342 nomine
861 2288 1036 2356 gladio
1060 2287 1287 2358 jugulati
1317 2299 1460 2341 sunt.
1488 2289 1543 2343 ln
1571 2305 1677 2358 quo
1710 2291 1830 2347 ii-lei
1859 2308 1973 2347 cer-

384 2380 585 2434 tamine
619 2395 808 2449 passus
845 2392 928 2433 est
974 2379 1212 2434 Milesius
1237 2380 1557 2449 episcopus,
1608 2382 1888 2438 sanctitate
1918 2395 1974 2440 et

387 2470 764 2524 miraculorum
807 2469 971 2539 gloria
1023 2469 1270 2537 insignis.
1319 2472 1662 2539 Accepsimas
1692 2474 1973 2542 episcopus

385 2576 507 2615 cum
538 2562 850 2631 presbytero
880 2575 979 2613 suo
1003 2561 1200 2613 Jacobo
1225 2576 1238 2625 ;
1273 2570 1325 2614 et
1348 2559 1573 2627 Mareas,
1597 2572 1651 2617 et
1680 2562 1837 2618 Bicor
1863 2566 1979 2633 epiJ

391 2652 538 2721 scopi
570 2667 688 2706 cum
721 2651 929 2707 clericis
952 2651 1062 2706 fere
1088 2649 1349 2717 ducentis,
1373 2660 1427 2706 et
1452 2653 1834 2724 quinquaginta
1857 2672 1974 2710 ino-

2084 2029 2173 2098 qtti
2197 2026 2571 2082 dominabatur
2596 2040 2757 2095 super
2786 2026 3118 2094 septuaginta
3152 2038 3322 2093 reges,
3358 2023 3535 2079 multis
3566 2025 3663 2077 mi-

2084 2118 2279 2173 raculis
2308 2117 2524 2181 claruit,
2559 2116 2923 2186 plurimosque
2950 2114 3213 2169 convertit
3233 2115 3297 2167 ad
3329 2114 3484 2167 iidem
3510 2113 3664 2167 Chri-

2081 2210 2172 2275 sti,
2204 2210 2359 2263 simul
2390 2218 2443 2263 et
2473 2207 2849 2263 Alexandriam
2882 2222 3099 2259 uxorein
3136 2208 3301 2275 ipsius
3333 2206 3537 2259 Datiani
3569 2221 3661 2262 us-

2080 2320 2184 2372 que
2210 2303 2274 2355 ad
2321 2302 2633 2372 martyrium
2673 2300 2990 2354 coiil'ortai'ii
3017 2318 3031 2354 :
3066 2302 3180 2369 ipse
3213 2316 3339 2353 vero
3371 2301 3492 2355 novi
3507 2300 3659 2355 sime

2080 2393 2376 2446 decollatus
2406 2392 2713 2461 martyrium
2766 2389 3026 2458 explevit,
3077 2392 3318 2458 quamvis
3363 2401 3509 2459 gesta
3541 2405 3661 2458 pas-

2078 2482 2243 2537 sionis
2294 2482 2411 2549 ejus
2452 2480 2590 2534 inter
2625 2482 2958 2549 apocryplias
3014 2492 3465 2535 connuinerentur
3521 2483 3656 2534 scri-

2081 2582 2287 2641 pturas.
2319 2574 2371 2627 In
2398 2572 2587 2626 Galliis
2615 2570 2832 2625 civitate
2874 2569 3110 2624 Valentia
3143 2578 3318 2625 naia3e
3352 2582 3656 2626 sanctorum

2087 2662 2279 2716 Felicis
2301 2662 2617 2732 presbyteri,
2651 2660 2922 2715 Fortunati
2952 2671 3006 2715 et
3029 2661 3253 2717 Achillei
3286 2664 3655 2731 diaconorum,

1635 2748 1861 2804 EDITIO
1904 2753 2403 2813 BULLANDIANA.

453 2836 635 2891 ‘22.—
664 2836 705 2891 Χ
747 2836 882 2892 ΚΔι..
925 2836 1109 2892 Ιὶοιιιω
1152 2838 1415 2907 depositio
1456 2840 1516 2893 S.
1558 2846 1583 2873 "
1620 2841 1735 2896 ϐειιί
1780 2859 1963 2911 papazz

380 2930 473 2995 qui
515 2945 639 2985 cum
688 2929 980 2984 Ecclesiam
1020 2930 1298 2985 duodecim
1340 2931 1429 3003 [A.
1470 2931 1533 2987 Τ.
1568 2932 1653 2997 L.,
1699 2935 1967 3008 undecim]

382 3037 574 3087 annos,
621 3017 645 3054 δ
690 3036 903 3075 menses
937 3032 1183 3091 quatuor,
1228 3023 1343 3077 dies
1389 3022 1667 3078 duodecim
1714 3030 1965 3095 rexisset,

386 3113 642 3183 martyrio
707 3123 993 3167 coronatur
1031 3115 1129 3168 sub
1181 3112 1508 3168 Diocletiano
1554 3116 1796 3187 principe
1847 3136 1967 3174 cum

387 3207 610 3262 Gabinio
638 3206 822 3262 fratre.
850 3206 1051 3261 Eodem
1095 3206 1183 3261 die
1213 3207 1266 3261 in
1293 3205 1520 3263 Cordula
1551 3210 1771 3266 civitate
1812 3224 1966 3265 nata-

384 3304 451 3357 lis
492 3316 513 3341 ο
558 3301 840 3366 Parmenii,
881 3300 1118 3372 llelymae
1157 3310 1213 3355 et
1249 3300 1548 3371 Chrysoteli
1595 3305 1889 3374 presbyteri
1914 3304 1969 3371 «³,

382 3412 439 3455 et
462 3400 589 3455 Luci
607 3411 661 3454 et
682 3398 845 3453 Musae
865 3398 1205 3450 diaconoruni
1225 3396 1299 3466 (ll
1306 3408 1516 3452 actenus
1538 3397 1650 3467 A.),
1667 3398 1733 3452 de
1750 3398 1974 3468 Babylo-

387 3495 495 3555 nia,
523 3506 750 3559 quorum
778 3493 994 3558 praecisa
1015 3489 1175 3542 etiam
1207 3488 1381 3557 lingua
1412 3489 1744 3558 loquebatur.
1775 3488 1974 3547 Omnes

387 3589 440 3638 in
457 3586 682 3656 equuleo
703 3581 947 3651 suspensi
974 3589 1027 3635 et
1054 3579 1275 3633 nexibus
1296 3580 1481 3633 arctati
1506 3591 1650 3645 sunt,
1676 3579 1870 3634 deinde
1898 3581 1974 3635 la—

388 3676 549 3732 minis
587 3674 899 3728 ardentibus
925 3673 1125 3725 circum
1171 3672 1334 3723 latera
1366 3670 1620 3738 appositis
1649 3671 1893 3734 ustulati,
1921 3684 1975 3727 et

389 3764 597 3837 ungulis
639 3765 849 3818 lacerati
888 3764 994 3816 :ail
1037 3762 1278 3817 ultimum
1321 3761 1500 3830 gladio
1550 3763 1773 3816 truncati
1826 3773 1969 3830 sunt,

390 3868 652 3923 praesente
683 3864 1024 3926 persecutore
1056 3854 1234 3909 Decio.
1259 3854 1545 3926 ("actenus
1588 3854 1678 3925 Τ.)
1705 3856 1972 3925 Scriptum

389 3952 443 4005 in
468 3951 711 4020 paSsione
743 3949 799 4003 S.
826 3946 1115 4002 Laurentii.

463 4042 549 4108 l..,
580 4040 643 4095 Et
663 4040 719 4096 S.
743 4041 764 4069 ο
790 4040 1032 4108 EntrOpii
1058 4039 1326 4106 martyris.

2146 2849 2235 2903 25.
2260 2881 2330 2891 —
2352 2850 2418 2905 lx
2442 2849 2577 2905 Κλι..
2603 2850 2784 2905 Natale
2823 2849 2881 2906 S.
2916 2849 2933 2887 ί
2967 2850 3174 2919 Georgii
3202 2851 3469 2921 martyris.

2149 2943 2337 2998 Florus
2380 2944 2432 2998 in
2458 2945 2522 2998 A.
2545 2943 2608 2998 Τ.
2634 2943 2722 3009 L.,
2748 2944 2813 2997 Et
2837 2945 2887 2997 iii
2910 2942 3141 3013 Algypto
3171 2944 3346 3012 passio
3389 2942 3489 2998 SS.
3514 2952 3537 2990 Β
3566 2941 3653 2998 Vi-

2079 3036 2240 3088 ctoris
2283 3043 2337 3090 et
2374 3034 2600 3089 Coronae
2644 3035 2745 3090 sub
2785 3035 3025 3105 principe
3068 3037 3338 3090 Antonino
3381 3053 3394 3090 :
3436 3052 3657 3107 quorum

2082 3125 2259 3181 Victor
2284 3136 2403 3194 post
2424 3125 2753 3181 evolsionem
2783 3141 3090 3189 nervorum,
3118 3136 3174 3180 et
3196 3128 3448 3182 t’erventis
3476 3129 3579 3183 olei
3606 3134 3659 3184 in

2080 3216 2197 3285 ejus
2230 3216 2495 3285 pudilibus
2529 3216 2782 3271 membris
2821 3217 3157 3283 etfusionem,
3191 3228 3245 3272 et
3277 3229 3394 3287 post
3428 3220 3658 3275 eructio-

2081 3326 2205 3363 nem
2257 3309 2555 3371 oculorum,
2599 3324 2890 3377 suSpeusus
2927 3312 3199 3373 deorsum,
3240 3312 3542 3367 decoriatus
3578 3323 3659 3368 est

2078 3415 2236 3472 atque
2285 3404 2364 3458 sic
2404 3406 2715 3458 deeollaius.
2776 3404 2985 3460 Corona
3027 3419 3154 3458 veto
3198 3404 3410 3475 alligata
3455 3406 3660 3461 duabus

2078 3498 2357 3553 arboribus
2386 3496 2552 3552 divisa
2580 3508 2681 3551 est.

2153 3590 2215 3643 V.
2262 3591 2345 3648 Β..
2376 3590 2554 3643 Romae
2602 3590 2842 3642 Natioris.
2890 3589 2975 3655 V.,
3004 3590 3206 3655 Vitalis,
3252 3587 3276 3627 δ
3322 3591 3532 3646 Felicis.
3567 3594 3658 3659 L.,

2080 3660 2262 3715 Passio
2295 3661 2390 3715 SS.
2441 3659 2653 3724 Felicis,
2689 3660 2957 3714 Fortunati
2999 3670 3051 3713 et
3082 3661 3328 3717 Achillei.
3358 3663 3448 3726 Τ..
3477 3663 3661 3718 Natale

2081 3733 2175 3787 SS.
2204 3730 2395 3785 Felicis
2443 3732 2759 3800 presbyteri,
2814 3730 3088 3785 Fontinali
3138 3743 3190 3784 et
3222 3733 3445 3786 Achillei
3500 3743 3555 3787 et
3596 3736 3658 3789 S.

2084 3802 2305 3856 Naboris
2350 3803 2619 3870 martyris.
2674 3809 2770 3864 Α..
2802 3801 2983 3854 Natale
3033 3804 3090 3856 S.
3144 3801 3386 3857 Naboris.
3432 3805 3547 3871 Ipso
3576 3807 3662 3858 die

2083 3876 2138 3925 ὃ.
2182 3872 2192 3908 ί
2234 3874 2412 3938 lieguli
2462 3872 2696 3939 episcopi
2743 3881 2797 3926 et
2847 3873 3189 3927 υυιιιὶτδπιπίδ.
3237 3876 3319 3936 ιλ,
3376 3876 3428 3927 In
3482 3876 3657 3932 Ali-ica

2085 3944 2184 4068 (ES.
2232 3944 2483 4024 Dattiliiii,
2535 3941 2760 4007 Felicis,
2804 3942 3097 4005 Theodori,
3156 3944 3393 4010 Venusti,
3448 3946 3654 4011 Vitalis,

2129 4024 2341 4068 austiiii.

2129 4016 2341 4068 austini.

1781 4132 1987 4188 Sill'l'll
2031 4128 2262 4186 ΝΟΤιΕ.

465 4239 490 4265 ⁸·
522 4227 657 4281 (inii.
690 4225 787 4293 Qui
816 4226 973 4278 etiam
1003 4239 1159 4292 supra
1191 4224 1491 4280 celebratur
1523 4241 1586 4278 xx
1617 4225 1702 4278 die
1732 4224 1963 4277 Felirttao

391 4300 456 4355 rii
492 4317 504 4351 :
536 4306 589 4352 et
616 4299 704 4367 qui
746 4300 811 4348 ab
841 4310 977 4348 anno
1001 4294 1108 4367 285
1137 4296 1201 4349 ad
1231 4311 1432 4367 autumi
1462 4294 1566 4347 290
1600 4296 1779 4367 liomse
1805 4298 1962 4367 sedit.

468 4369 493 4407 ι»
524 4365 722 4421 Menses
751 4378 990 4433 quatuor,
1022 4366 1129 4419 dies
1153 4368 1385 4419 undecim
1404 4366 1597 4418 desunt
1628 4366 1678 4417 in
1710 4369 1798 4432 A.,
1830 4365 1888 4417 'l‘.

469 4450 492 4477 ο
530 4437 807 4491 Pannonii.
835 4436 1079 4489 Cordulae
1100 4436 1249 4503 juxta
1281 4436 1599 4504 Babylonem
1636 4452 1646 4487 :
1676 4433 1837 4487 fuisse
1870 4438 1968 4489 hos

392 4520 655 4577 martyres
709 4510 976 4575 Babylone
1020 4512 1119 4560 sub
1148 4506 1795 4577 PolyclII‘OItierpiscopo
1821 4522 1956 4571 pres-

395 4574 615 4651 byteros
640 4588 723 4651 _i-l.i
751 4574 1025 4651 diaconos,
1056 4588 1171 4651 acta
1214 4574 1474 4645 paSsionis
1584 4576 1848 4651 Laurentii
1881 4580 1963 4628 iii-

403 4644 601 4707 dicant.
638 4649 1019 4719 I‘olychronius
1047 4644 1478 4719 celeliraturngii
1512 4644 1804 4719 Februarii.

466 4724 489 4758 ⁸³
525 4725 616 4783 Α..
648 4716 1067 4788 presbyterorum,
1100 4718 1300 4788 omisso
1329 4716 1629 4785 Cliysotelo.

471 4803 495 4828 ε
531 4785 954 4860 Ειιηέορίί.’ριιιε
990 4790 1061 4841 sit
1098 4804 1200 4860 non
1245 4786 1427 4860 liquet,
1474 4788 1573 4838 nisi
1616 4788 1682 4838 sit
1714 4788 1756 4836 is
1783 4785 1871 4860 qui
1915 4786 1964 4838 in

395 4858 789 4931 Martyrologiis
850 4858 1042 4931 dicitur
1101 4874 1128 4909 a
1180 4859 1237 4909 li.
1280 4858 1557 4910 Clemente
1605 4859 1964 4931 apostolorum

392 4925 712 4987 successore
730 4929 794 4983 ad
824 4928 1185 4994 episc0patttm
1215 4938 1580 4990 consectatus,
1605 4938 1658 4978 et
1688 4930 1736 4978 iit
1766 4925 1965 4980 Gallias

395 4999 719 5072 praedicandi
749 4999 915 5072 gratia
948 5000 1180 5052 directus
1209 5008 1311 5061 est,
1342 5008 1395 5050 et
1420 4998 1530 5065 qui,
1566 4998 1781 5063 impleto
1813 4996 1966 5064 liiijus

392 5071 554 5127 cilicii
586 5086 824 5134 munere,
854 5071 1243 5137 insurgentibus
1275 5074 1488 5135 paganis
1513 5082 1646 5134 quos
1669 5078 1853 5119 auctor
1882 5082 1967 5119 iii-

395 5144 550 5198 vidiae
587 5142 806 5196 credere
848 5155 951 5193 non
984 5139 1379 5208 permisit,irtu
1422 5138 1628 5191 securis
1656 5138 1844 5189 colliso
1883 5152 1967 5189 ca-

394 5216 504 5281 pite
536 5215 702 5266 victor
729 5211 993 5264 occubuit.
1034 5209 1231 5262 Dicitur
1264 5211 1420 5261 fuisse
1453 5212 1655 5275 primus
1684 5208 1967 5276 episcOpus

394 5283 765 5342 Santonensis.

474 5354 492 5392 ί
526 5353 753 5421 Georgii.
796 5350 852 5403 lii
885 5350 1098 5421 Perside
1127 5350 1341 5402 civitate
1371 5348 1628 5414 Diospoli,
1672 5356 1772 5401 sub
1803 5350 1968 5421 impe-

394 5436 575 5481 ratore
602 5418 948 5476 Diocletiano.
987 5420 1114 5488 Ejus
1154 5430 1271 5473 acta
1301 5422 1433 5471 ildt‘o
1466 5422 1616 5485 plena
1656 5429 1779 5472 sunt
1819 5418 1967 5471 labu-

394 5501 482 5561 lis,
514 5506 569 5548 ut
607 5494 736 5547 nihil
782 5493 910 5545 certi
942 5491 1008 5544 de
1048 5494 1149 5543 hoc
1186 5500 1369 5543 sancto
1407 5491 1607 5543 narrari
1650 5490 1834 5556 possit.
1886 5488 1968 5561 Di-

391 5560 622 5621 cendum
663 5571 837 5617 tamen
872 5571 975 5623 est,
1009 5562 1146 5629 quod
1183 5564 1284 5615 sub
1316 5560 1472 5626 hujus
1504 5563 1754 5631 martyris-
1791 5560 1969 5625 auspi-

390 5640 491 5691 ciis
535 5635 727 5689 militat
772 5648 864 5698 per
911 5640 1075 5684 totum
1120 5642 1383 5683 terrarum
1431 5634 1615 5683 orbein
1664 5632 1967 5685 celebratus

392 5708 529 5759 ordo
553 5705 857 5774 Anglicante
885 5701 1234 5774 Periscelidis,
1260 5709 1314 5753 et
1336 5702 1473 5767 quod
1504 5716 1641 5774 gens
1664 5703 1881 5768 Anglica
1913 5700 1965 5753 iu

394 5781 455 5832 S.
481 5771 694 5844 Georgii
726 5773 1072 5841 patrocinium
1097 5773 1379 5844 praecipue
1406 5771 1691 5844 concessit,
1724 5785 1823 5844 nec
1854 5782 1967 5844 tan-

396 5863 509 5903 tum
552 5840 936 5902 recentioribus
968 5842 1229 5908 aetatibus,
1268 5840 1360 5895 sed
1396 5843 1461 5895 ab
1511 5840 1637 5909 ipsis
1667 5841 1965 5911 Anglo-Sa-

2074 4221 2245 4276 κοιιίρί
2288 4219 2590 4273 dominatus
2633 4217 2941 4287 principiis;
2973 4218 3113 4287 quod
3154 4231 3399 4286 putamus
3439 4220 3653 4288 probari

2073 4308 2139 4346 ex
2168 4296 2269 4346 ltoc
2299 4294 2413 4360 ipso
2445 4290 2563 4344 looo
2593 4291 2761 4344 Baeda:
2788 4290 2998 4360 genuini
3031 4288 3415 4359 Martyroloﬂi,
3451 4294 3538 4358 qui
3567 4310 3655 4344 eo-

2073 4365 2194 4416 dem
2232 4363 2389 4415 modo
2419 4376 2524 4428 quo
2555 4360 2752 4414 Christi
2791 4372 2844 4415 et
2873 4362 3232 4430 apostolorum
3273 4365 3431 4426 lusui,
3460 4364 3649 4418 l‘estuni

2075 4449 2288 4503 quoque
2327 4434 2385 4487 S.
2410 4433 2625 4503 Georgii
2657 4431 3052 4498 simplicissime
3088 4433 3357 4485 indit-amt.

2149 4513 2173 4549 ις
2208 4500 2457 4556 Victoris.’
2500 4500 2581 4573 lli'
2608 4503 2697 4555 die
2736 4506 2976 4573 sequenti
3026 4506 3184 4555 etiam
3227 4504 3507 4566 coluntur;
3555 4504 3652 4560 sed

2000 4556 2049 4615 ῐ)
2076 4576 2343 4655 praacjpae
2358 4572 2547 4655 omnis
2570 4573 2712 4655 itan.

2140 4643 2165 4679 ιι
2205 4642 2413 4698 Felicis.
2446 4644 2775 4714 Presbyteri,
2815 4644 3085 4697 Fortunati
3121 4653 3175 4697 et
3213 4642 3437 4695 Achillei
3464 4643 3650 4699 diaco-

2070 4731 2281 4767 noruin.
2320 4717 2416 4778 Qui
2448 4730 2476 4765 a
2507 4716 2660 4767 beato
2693 4716 2892 4767 Irenteo
2921 4715 3257 4781 Lngdunensi
3295 4714 3549 4781 episcopo
3583 4716 3651 4771 ad

2070 4787 2465 4850 praedicanduiti
2506 4784 2649 4835 missi
2683 4784 2997 4845 Valentiam,
3037 4799 3157 4835 cum
3200 4798 3485 4836 maximam
3529 4800 3649 4852 par-

2069 4866 2176 4909 teui
2208 4856 2356 4909 istius
2388 4854 2532 4907 urbis
2561 4855 2624 4905 ad
2659 4854 2814 4908 tidem
2846 4856 3255 4917 convertissem,
3298 4868 3327 4906 a
3355 4853 3490 4908 doce
3518 4861 3648 4909 (Jor-

2068 4928 2209 4978 iielio
2249 4927 2298 4978 in
2326 4938 2595 4977 carcerem
2630 4933 2783 4987 trnSi,
2810 4924 3002 4977 deinde
3039 4924 3322 4978 durissima
3357 4939 3648 4981 nervorum

2068 4996 2421 5061 ll.igellat.oue
2467 4994 2763 5047 diutissime
2814 4996 3073 5047 verberati
3123 5004 3265 5047 sunt.
3317 4994 3440 5047 Post
3485 4998 3651 5053 etiam

2068 5066 2318 5118 revinctis
2364 5075 2483 5133 post
2526 5074 2671 5133 terga
2720 5064 2982 5128 inanibus,
3032 5066 3248 5118 renibus
3299 5066 3653 5133 cruribusque

2066 5136 2378 5201 ευιιίίὐοιίδ,
2424 5133 2564 5189 circa
2615 5143 2850 5189 rotarum
2903 5136 3215 5204 vertiginem
3257 5137 3487 5199 astricti,
3518 5136 3653 5192 {uini

2066 5221 2276 5274 quoque
2319 5205 2673 5260 auariudiiie
2716 5212 2987 5273 supposita
3036 5208 3123 5261 die
3171 5224 3233 5260 ac
3283 5218 3437 5260 nocte
3488 5212 3651 5261 conti-

2069 5288 2260 5339 nuata,
2312 5278 2521 5343 equulei
2569 5281 2879 5331 ostensione
2920 5275 3191 5344 suspensi,
3234 5276 3300 5330 ad
3351 5285 3649 5333 extremum

2066 5348 2245 5416 gladio
2267 5348 2562 5400 obtruncati
2590 5358 2733 5400 sunt.
2772 5351 3021 5411 Usiiar.l.,
3063 5349 3201 5412 Ado,
3232 5348 3423 5401 Petrus
3451 5347 3522 5400 de
3548 5348 3649 5401 Na-

2071 5417 2261 5471 talihus
2305 5429 2358 5470 et.
2401 5418 2486 5469 alii
2537 5432 2658 5471 enin
2701 5430 2982 5486 sequentes
3036 5416 3326 5471 Valentiam
3378 5418 3651 5474 civitatem

2071 5488 2335 5553 ΙΙΙεμωιίιΒ
2361 5489 2645 5552 scripsere,
2671 5490 2765 5542 sed
2795 5490 2946 5552 t‘also,
2975 5505 3094 5541 nam
3122 5490 3189 5541 ab
3217 5490 3421 5542 Irenaeo
3455 5502 3561 5543 non
3594 5508 3648 5545 in

2071 5559 2374 5623 llispziuiain
2419 5559 2564 5613 missi
2595 5571 2715 5611 sunt
2746 5558 2798 5611 lii
2835 5561 3081 5625 epostoli,
3114 5559 3207 5613 sed
3243 5560 3305 5611 ad
3341 5558 3646 5615 Valenciain

2070 5629 2273 5682 Galliae.
2308 5630 2592 5683 Bollandus
2622 5631 2763 5684 visus
2794 5640 2875 5683 est
2905 5630 3130 5698 probare
3162 5633 3257 5684 ltus
3289 5646 3473 5697 passos
3502 5633 3645 5687 circa

2068 5716 2263 5753 annum
2303 5698 2428 5752 212.

2074 5840 2121 5895 Μ
2148 5769 2162 5807 ί
2188 5770 2400 5894 tReguli.
2439 5770 2512 5827 De
2543 5770 2643 5826 hoc
2669 5771 3069 5829 Silvauectcnse
3099 5770 3350 5841 episc0po
3385 5772 3503 5827 vide
3536 5787 3649 5831 xxx

2128 5857 2181 5895 ar
2212 5857 2266 5895 ΙΙ.

2128 5842 2266 5896 artii.
