4240 6458
596 348 703 404 837

1311 342 1509 399 BEDA‘Z
1556 340 2011 398 VENERABILIS
2049 342 2200 395 Ol’l’.
2244 339 2422 395 PARS
2462 339 2553 394 IV.
2592 367 2661 379 --
2703 337 3082 395 HISTORICA.

3765 330 3876 383 888

1850 456 2075 511 EDITIO
2114 454 2583 510 COLONIENSIS.

600 556 690 624 qui
731 570 761 607 a
794 554 949 608 beato
979 551 1181 605 [remeo
1211 548 1549 615 Lugdunensi
1576 548 1827 617 episcopo
1855 557 1910 603 et
1946 562 2180 618 martyre

2290 572 2526 624 Petrum.
2553 569 2704 636 Apud
2738 568 3112 623 Alexandriam
3139 568 3313 621 natale
3334 566 3504 622 sancti
3533 566 3688 621 Marci
3709 582 3877 621 evan-

602 651 667 698 ad
702 640 1097 712 praedicandum
1126 640 1346 694 verbum
1380 641 1471 695 Dei
1516 641 1689 706 missi,
1737 657 1855 695 cum
1896 640 2181 695 maximam

610 746 810 801 partem
839 731 1159 800 supradictae
1202 732 1346 785 urbis
1394 734 1459 785 ad
1505 732 1664 786 fidem
1714 734 2122 796 convertissem,
2156 747 2183 784 a

605 828 738 878 duce
768 823 1013 877 Cornelio
1044 822 1095 875 in
1126 836 1396 876 carcerem
1432 824 1585 886 trusi,
1614 824 1735 876 dein
1762 824 2041 877 durissima
2067 839 2187 877 ner-

606 932 789 969 vorum
818 914 1175 985 ﬂagellatione
1206 912 1509 967 diutissime
1538 914 1841 981 verberati,
1882 924 1996 982 post
2025 915 2185 968 etiam

606 1009 794 1063 \‘inctis
826 1018 940 1073 post
972 1015 1178 1075 tergunt
1204 1006 1476 1068 manibus,
1499 1008 1854 1069 cruribusque
1880 1009 2185 1073 confractis,

603 1104 744 1155 circa
774 1111 1009 1154 rotarum
1044 1098 1364 1167 vertiginem
1418 1098 1657 1162 astricti,
1709 1098 1944 1166 fuliginis
1982 1115 2191 1169 qquue

604 1191 961 1247 amaritudine
989 1192 1279 1259 SUPpOSll’l,
1308 1192 1399 1244 die
1422 1205 1485 1243 ac
1508 1200 1667 1244 nocte
1693 1194 1995 1246 continuata
2024 1209 2193 1262 equu-

608 1285 673 1339 lei
698 1283 1015 1337 extensione
1038 1282 1307 1348 suspensi,
1332 1280 1398 1334 ad
1422 1292 1719 1335 extremum
1744 1283 1920 1351 gladio
1942 1299 2193 1338 consum-

608 1375 733 1429 mati
756 1383 900 1429 sunt.
921 1373 975 1427 ln
998 1372 1305 1426 Fonteuclia
1332 1372 1662 1426 monasterio
1684 1373 1854 1427 sancti
1882 1373 2192 1427 Vulfranuni

609 1468 867 1537 episcopi,
898 1467 1140 1537 praeclari
1170 1466 1220 1519 in
1254 1464 1524 1520 miraculis
1555 1464 1695 1529 viri;
1740 1478 1791 1520 et
1831 1467 1999 1521 sancti
2028 1469 2193 1522 Adel-

612 1558 747 1614 herti
777 1559 1015 1627 episcopi
1043 1567 1098 1613 et
1120 1558 1391 1627 martyris.

681 1649 741 1703 Β.
777 1647 888 1703 Vlll
916 1647 1155 1701 KALEND.
1206 1647 1351 1701 Mm.
1396 1675 1465 1685 —
1504 1646 1747 1714 Lugduni
1792 1648 1975 1701 Calliae
2024 1650 2197 1704 natale

611 1745 783 1798 sancti
813 1743 1127 1805 Alexandri,
1156 1744 1245 1811 qui
1279 1744 1435 1797 tertio
1476 1754 1593 1812 post
1622 1744 1836 1797 beatum
1881 1744 2194 1812 Epipodium

611 1836 698 1890 die
726 1836 1012 1903 productus
1042 1850 1072 1888 e
1101 1848 1320 1890 carcere
1342 1874 1357 1897 ,
1390 1834 1563 1902 primo
1591 1835 1661 1888 ita
1708 1835 1932 1889 laniatus
1963 1845 2042 1887 est
2072 1849 2196 1886 cru-

2285 662 2509 731 gelistae.
2559 661 2653 713 Hic
2702 659 2995 726 discipulus
3041 667 3096 712 et
3145 659 3406 726 interpres
3448 657 3677 725 apostoli
3725 656 3874 711 Petri

2292 754 2475 807 llomze
2505 763 2717 823 rogatus
2744 767 2771 803 a
2805 752 3055 803 fratribus
3084 750 3296 819 scripsit
3322 750 3686 818 Evangelium.
3714 748 3872 814 Quod

2287 860 2407 899 cum
2441 843 2631 898 Petrus
2660 843 2916 906 audisset,
2943 842 3204 909 probavit,
3238 851 3292 895 et
3320 840 3567 896 Ecclesiis
3590 841 3873 909 legendum

2290 953 2383 991 sua
2417 936 2735 990 auctoritate
2782 934 2965 988 edidit.
3007 934 3124 1001 Quo
3171 946 3446 997 assumpto
3495 934 3631 987 idem
3666 935 3875 987 Marcus

2290 1028 2521 1097 perrexit
2546 1028 2594 1080 in
2616 1027 2928 1097 Egyptum,
2948 1036 2998 1081 et
3018 1028 3217 1093 primus
3242 1026 3578 1079 Alexandriae
3600 1026 3872 1078 Christum

2290 1118 2609 1171 annuntians
2630 1159 2643 1180 ,
2676 1118 2953 1171 constituit
2986 1117 3299 1171 Ecclesiam.
3330 1120 3393 1170 At
3424 1126 3700 1186 postquam
3740 1134 3872 1171 con-

2291 1211 2491 1264 stitutis
2519 1218 2573 1263 et
2596 1210 2924 1264 confirmatis
2960 1209 3210 1263 Ecclesiis
3236 1226 3328 1278 per
3366 1211 3606 1281 Libyam,
3644 1211 3874 1265 Marma-

2293 1302 2479 1366 ricam,
2512 1302 2900 1360 Ammonicam.
2943 1300 3297 1369 Pentapolim,
3346 1302 3743 1363 Alexandriam,
3792 1311 3875 1355 at-

2292 1405 2396 1460 que
2422 1389 2708 1461 Egyptum
2739 1391 3067 1456 universam,
3089 1390 3152 1443 ad
3186 1390 3427 1444 ultlmum
3453 1399 3627 1443 tentus
3657 1404 3686 1442 a
3717 1404 3878 1459 paga-

2296 1483 2401 1547 nis,
2434 1488 2522 1548 qui
2556 1489 2926 1534 remanserant
2956 1481 3321 1544 Alexandriaa,
3364 1482 3452 1550 qui
3486 1482 3721 1535 videntes
3749 1497 3875 1535 eum

2294 1570 2380 1624 die
2407 1579 2593 1624 sancto
2622 1571 2837 1624 Paschre
2862 1572 3053 1624 missas
3079 1570 3387 1636 facientem,
3412 1573 3668 1627 miserunt
3696 1575 3873 1628 funem

2298 1662 2348 1715 in
2376 1662 2514 1715 collo
2545 1662 2686 1731 ejus,
2718 1673 2771 1717 et
2814 1663 3096 1719 trahebant
3134 1681 3255 1720 eum
3284 1666 3350 1718 ad
3375 1669 3485 1720 loca
3518 1668 3720 1732 Buculi,
3751 1684 3873 1736 quae

2296 1760 2450 1804 erant
2473 1753 2622 1820 juxta
2655 1767 2836 1815 mare;
2867 1754 2967 1805 sub
2994 1754 3212 1820 rupibus
3242 1766 3352 1807 erat
3373 1756 3598 1810 ecclesia
3628 1768 3873 1811 constru-

2299 1854 2406 1908 cta,
2438 1856 2491 1898 et
2517 1844 2823 1898 deﬂuebant
2852 1861 3043 1900 carnes
3070 1848 3186 1913 ejus
3230 1847 3279 1900 in
3322 1858 3537 1915 terram,
3566 1859 3619 1903 et
3642 1865 3762 1902 saxa
3795 1852 3875 1903 in-

613 1925 830 1980 delitate
858 1923 1274 1989 verberantium,
1319 1934 1376 1977 ut
1404 1934 1551 1978 crate
1579 1925 1753 1978 soluta
1784 1935 2072 1987 costarum,
2107 1940 2194 1993 pa-

2303 1936 2613 1990 ficiehantur
2644 1940 2919 2005 sanguine.
2953 1937 3189 2008 Vespere
3228 1951 3401 1993 autem
3444 1940 3579 1995 facto
3620 1942 3878 1996 miserunt

614 2014 818 2070 tefactis
848 2014 1138 2069 visceribus
1182 2024 1389 2070 secreta
1431 2015 1624 2067 anime
1671 2015 2069 2086 pauderentur,
2102 2016 2196 2070 de-

611 2110 735 2168 inde
756 2112 932 2164 crucis
974 2111 1165 2163 affixus
1197 2112 1435 2179 patibulo
1463 2111 1677 2165 beatum
1718 2113 1963 2179 spiritum
2007 2108 2198 2163 exani-

612 2208 784 2255 matus
810 2202 1009 2257 etuisit.
1042 2202 1187 2255 Passi
1216 2209 1343 2255 sunt
1370 2216 1490 2255 cum
1530 2217 1595 2255 eo
1636 2210 1689 2254 et
1717 2199 1804 2253 alii
1841 2213 2061 2253 numero
2105 2197 2198 2251 tri-

610 2293 754 2363 ginta
784 2303 1031 2359 quatuor.
1062 2292 1260 2346 Eodem
1286 2293 1371 2345 die
1401 2291 1562 2345 Mileti
1593 2291 1827 2360 cpisc0pi
1859 2291 2120 2358 depositio
2142 2289 2193 2341 in

616 2384 912 2448 Britannia,
960 2382 1049 2452 qui
1084 2383 1273 2437 tertius
1322 2391 1442 2449 post
1475 2381 1829 2450 Augustinum
1864 2382 2191 2449 episc0pnm,

620 2476 1073 2529 Durovernensem
1098 2475 1390 2529 Ecclesiam
1414 2476 1669 2543 suscepit.
1691 2490 1847 2543 quam
1874 2472 2007 2528 rexit
2030 2488 2199 2527 annos

617 2570 871 2639 quinque,
900 2571 1139 2640 sepultus
1186 2570 1238 2622 in
1286 2569 1510 2623 ecclesia
1562 2569 1700 2621 beati
1747 2566 1908 2621 Petri.
1958 2568 2066 2621 llac
2112 2567 2199 2620 die

614 2660 868 2725 Auanias,
898 2662 1138 2723 Azarias,
1169 2658 1411 2721 Misahel,
1440 2658 1648 2713 liberati
1679 2668 1803 2711 sunt
1829 2658 1898 2712 de
1929 2658 2160 2712 c:nnino.

687 2752 748 2804 (Σ.
785 2753 809 2801 \
830 2751 891 2804 Il.
922 2752 1053 2805 ιίιιι.
1079 2752 1222 2805 Matt.
1267 2752 1446 2804 Romae
1474 2750 1651 2803 litania
1678 2736 1847 2817 major
1869 2750 1932 2803 ad
1958 2760 2199 2801 sanctum

2301 2043 2422 2082 eum
2458 2028 2843 2093 incarcerem,
2874 2030 2959 2083 ubi
3006 2032 3144 2083 circa
3191 2032 3416 2085 mediani
3465 2042 3667 2087 noctem
3706 2035 3879 2101 primo

2301 2121 2539 2187 angelica
2572 2120 2880 2175 visitatione
2909 2122 3240 2178 confortatus
3269 2134 3367 2190 est,
3399 2126 3591 2180 deinde
3618 2125 3731 2195 ipso
3770 2127 3877 2181 Do-

2301 2214 2446 2267 mino
2473 2213 2573 2268 sibi
2604 2226 2919 2282 apparente.
2951 2216 3015 2269 ad
3063 2218 3303 2272 cwlestia
3336 2232 3493 2285 regna
3527 2231 3741 2273 vocatus
3770 2229 3875 2274 est.

2302 2304 2369 2357 At
2418 2320 2571 2358 mane
2618 2305 2745 2358 dum
2800 2308 3105 2361 traheretur
3150 2310 3214 2360 ad
3265 2310 3376 2363 loca
3428 2310 3649 2376 Buculi,
3683 2312 3879 2379 gratias

2302 2411 2467 2463 agens
2493 2406 2545 2450 et
2575 2396 2755 2451 dicens
2781 2413 2795 2449 :
2830 2395 3087 2459 Domine,
3126 2399 3175 2451 in
3210 2415 3395 2453 manus
3423 2410 3538 2454 tuas
3566 2400 3881 2455 Commendo

2303 2487 2544 2555 spiritum
2576 2504 2781 2541 meum:
2834 2488 3113 2542 defunctus
3158 2499 3275 2553 est,
3307 2502 3361 2543 et
3403 2506 3432 2543 a
3464 2490 3589 2544 viris
3622 2490 3882 2559 religiosis

2285 2571 2543 2645 'sepultus
2577 2578 2629 2632 in
2660 2578 2778 2632 loco
2809 2577 3000 2645 lapidis
3029 2580 3194 2633 excisi
3234 2594 3352 2632 cum
3384 2581 3569 2648 gloria.
3600 2581 3884 2637 Ordiuave-

2307 2679 2384 2721 rat
2412 2682 2587 2723 autem
2621 2684 2718 2739 pro
2749 2683 2809 2723 se
2838 2667 3177 2723 Alexandriae
3204 2670 3508 2739 episc0pum
3537 2672 3826 2726 Anianutn.

1869 2841 2096 2895 EDlTll)
2140 2839 2639 2895 BOLLANDIANA.

687 2932 780 2985 24.
822 2959 893 2969 -
926 2930 1189 2988 ὶἸΙΙΚΑι.
1239 2932 1505 3002 Depositio
1550 2934 1573 2961 "
1627 2932 1805 2987 Melhti
1855 2934 2092 3000 t'piSCtipi
2141 2933 2191 2985 in

618 3023 911 3081 Britannia.

684 3138 875 3193 Florus
906 3138 957 3191 in
986 3135 1232 3201 A.T.L.,
1263 3134 1436 3189 Gallia
1466 3135 1721 3204 Lugdune
1751 3135 1983 3200 civitate,
2019 3136 2194 3205 paSsio

612 3228 1068 3285 SSJ’Alexandri
1119 3240 1171 3282 et
1205 3227 1426 3295 Ypipodi
1473 3242 1594 3282 cum
1643 3227 1762 3280 aliis
1813 3228 2023 3295 triginta
2064 3242 2191 3295 qua-

610 3336 732 3379 tuor
764 3342 775 3378 :
806 3340 1030 3393 quorum
1076 3322 1378 3377 Alexander
1425 3324 1474 3375 in
1525 3335 1739 3376 crucem
1792 3331 2063 3385 extensus,
2115 3321 2185 3374 ita

613 3418 838 3471 laniatus
880 3416 1191 3471 crudelitate
1220 3416 1621 3469 verberantium
1668 3414 1902 3476 exstitit,
1955 3423 2011 3466 ut
2054 3423 2199 3467 crate

611 3512 779 3563 soluta
810 3518 1099 3574 costarum,
1135 3508 1408 3573 patefactis
1439 3506 1733 3559 visceribus
1764 3514 1971 3558 secreta
2002 3506 2196 3557 animre

572 3602 575 3605 '
616 3603 988 3667 pan-.lerentur,
1032 3608 1188 3665 atque
1228 3598 1303 3651 sic
1331 3596 1575 3664 spiritum
1614 3595 1953 3651 exanimatus
1992 3595 2194 3648 emisit.

616 3689 884 3759 Ypipodus
912 3703 1039 3743 vero
1073 3698 1184 3740 toto
1210 3701 1303 3740 ore
1331 3686 1615 3755 plumbatis
1639 3686 1937 3749 confracta,
1967 3686 2197 3753 equuleo

615 3790 692 3830 t-st
732 3791 1023 3843 suspensus
1051 3784 1104 3828 et
1136 3775 1470 3843 postmodum
1501 3774 1675 3844 gladio
1706 3783 1789 3827 est
1821 3789 2123 3842 percussus.

689 3908 779 3974 V.,
824 3909 889 3962 Et
940 3909 988 3962 iu
1036 3908 1136 3960 hoc.
1184 3908 1271 3962 die
1298 3907 1541 3972 Sidrach,
1587 3906 1748 3962 Misac
1800 3917 1852 3960 et
1882 3908 2193 3978 Abdenago,

613 3980 703 4045 qui
753 3990 804 4032 et
833 3979 1084 4043 Ananias,
1124 3978 1354 4039 Asarias,
1392 3980 1568 4031 lllisael
1615 3994 1629 4030 :
1673 3980 1759 4045 qni
1813 3978 1862 4031 in
1913 3979 2195 4049 Babylonia

616 4050 829 4103 «ivitate
856 4066 1042 4114 magna
1071 4055 1135 4102 de
1159 4050 1371 4102 camino
1396 4050 1529 4117 ignis
1556 4049 1790 4101 ardentis
1818 4049 2021 4101 liberati
2048 4060 2189 4104 sunt.

620 4126 677 4168 in
705 4121 922 4174 civitate
954 4120 1209 4189 Lugdunu
1242 4121 1426 4173 Gallia:
1458 4119 1633 4186 passio
1662 4121 1716 4172 S.
1749 4119 2033 4173 Alexandri
2073 4134 2195 4173 cum

615 4192 731 4245 aliis
783 4205 1006 4243 numero
1056 4193 1261 4257 triginta
1308 4199 1555 4255 quatuor,
1593 4198 1653 4261 et.
1686 4189 1949 4261 dedicatio
1994 4200 2197 4261 crypta:

620 4261 707 4313 ubi
736 4274 957 4327 corpora
991 4274 1171 4312 eorum
1206 4262 1563 4326 requiescunt.
1619 4259 1684 4313 Et
1713 4259 1833 4310 alibi
1865 4259 2193 4313 commémo-

618 4330 752 4381 ratio
784 4328 840 4381 S.
868 4328 1100 4397 Georgii.
1137 4329 1217 4391 ll.,
1244 4329 1296 4381 In
1332 4327 1643 4381 Alexandria
1678 4338 1784 4379 nat.
1823 4329 1951 4382 SS.c
1973 4330 2196 4383 Corona:

615 4399 856 4466 \trgtttis,
890 4398 1136 4459 Victoris,
1166 4398 1352 4451 Zotici.
1379 4397 1430 4450 Ιιι
1466 4401 1637 4466 Africa
1675 4410 1781 4450 nat.
1811 4399 1902 4452 SS.
1938 4399 2193 4463 Faustini,

625 4469 897 4533 Victorini,
933 4469 1148 4522 Valerii.
1204 4470 1265 4520 lit
1295 4478 1403 4535 nat.
1440 4470 1533 4521 SS.
1565 4465 1591 4503 (³
1625 4467 1934 4521 lleclieraCIi
1966 4479 2017 4521 ct
2051 4473 2075 4500 θ
2108 4469 2195 4525 Ul-

618 4540 774 4593 l'redi.
811 4539 951 4593 Idem
979 4539 1281 4593 Alexander
1309 4553 1428 4591 cum
1459 4538 1616 4591 sociis
1649 4538 1951 4591 nominatur
1980 4540 2030 4592 in
2065 4540 2123 4595 Β.
2150 4594 2153 4597 ,

2297 2947 2391 2999 per
2421 2930 2663 3000 Libyam,
2716 2929 3105 2995 Marmaricam,
3139 2929 3560 3001 Ammoniacam,
3612 2934 3884 3001 Pentapo-

2302 3024 2416 3089 lim,
2472 3024 2847 3078 Alexandriam
2891 3037 3051 3095 atque
3075 3025 3362 3095 Aigyptum
3408 3030 3753 3091 universam;
3811 3029 3881 3081 ad

2294 3116 2533 3171 ultimum
2562 3124 2736 3169 tentus
2750 3125 2831 3169 est
2851 3131 2878 3167 a
2909 3117 3147 3184 paganis,
3165 3117 3253 3184 qui
3272 3120 3879 3174 remanserautAlexan-

2293 3206 2441 3261 drice.
2477 3204 2765 3277 (Hactenus
2798 3208 2889 3275 A.)
2943 3206 3045 3272 Qui
3103 3207 3339 3261 videntes
3392 3223 3510 3261 eum
3568 3209 3652 3262 die
3692 3221 3879 3264 sancto

2217 3324 2262 3386 ρ
2296 3294 2512 3350 Pascha:
2563 3297 2752 3350 missas
2799 3294 3103 3359 facientem,
3137 3298 3397 3379 miserunt
3441 3296 3620 3352 funem
3652 3300 3701 3353 in
3738 3301 3880 3356 collo

2302 3391 2438 3456 ejus.
2478 3396 2532 3443 ct
2575 3388 2857 3441 trahebant
2893 3404 3016 3443 eum
3055 3389 3118 3442 ad
3163 3376 3293 3443 loca.
3319 3390 3523 3453 Buculi,
3565 3407 3680 3461 qua:
3724 3404 3881 3446 erant

2296 3476 2446 3547 juxta
2478 3492 2628 3532 mare
2667 3478 2769 3531 sub
2792 3478 3030 3547 rupibus,
3060 3479 3147 3532 ubi
3178 3488 3296 3533 erat
3321 3483 3541 3535 ecclesia
3571 3490 3840 3535 exstructa
3865 3525 3877 3535 .

2298 3580 2353 3624 et
2390 3570 2696 3625 defluebant
2741 3586 2931 3625 carnes
2957 3572 3073 3640 ejus
3106 3574 3156 3625 in
3189 3582 3408 3637 terram,
3436 3587 3499 3627 ac
3525 3588 3649 3626 saxa
3681 3574 3882 3627 inlicite.

2298 3662 2489 3715 bantur
2533 3662 2812 3731 sanguine.
2886 3661 3116 3730 Vespere
3162 3672 3336 3716 autem
3388 3662 3562 3724 facto,
3617 3665 3876 3716 miserunt

2298 3769 2419 3808 eum
2471 3753 2522 3805 in
2551 3768 2821 3807 carcerem
2858 3771 2871 3806 :
2902 3756 2990 3808 ubi
3026 3756 3163 3807 circa
3196 3754 3422 3807 mediani
3473 3764 3677 3808 noctem
3708 3755 3881 3823 primo

2298 3846 2543 3915 Angelica
2574 3844 2876 3901 visitatione
2906 3852 3234 3902 confortatus
3273 3860 3378 3914 est,
3411 3848 3601 3903 deinde
3633 3850 3743 3915 ipso
3771 3848 3880 3902 Do-

2298 3939 2442 3993 mino
2476 3938 2574 3993 sibi
2618 3950 2908 4010 apparente
2950 3941 3015 3995 ad
3063 3942 3299 3997 caelestia
3350 3956 3510 4010 regna
3543 3950 3777 3995 vocatus.
3808 3940 3877 3994 Et

2297 4047 2453 4086 mane
2483 4034 2606 4087 dum
2649 4034 2951 4087 traheretur
2996 4032 3060 4085 ad
3104 4034 3216 4085 loca
3256 4031 3458 4098 Buculi,
3490 4032 3684 4100 gratias
3711 4047 3873 4099 agens

2297 4133 2351 4176 ct
2373 4124 2557 4179 dicens
2582 4140 2596 4177 :
2631 4125 2877 4189 Domine,
2929 4125 2981 4177 in
3010 4138 3195 4177 manus
3224 4134 3340 4177 tuas
3365 4125 3677 4177 commendo
3706 4124 3865 4192 spiri-

2305 4229 2418 4272 tum
2448 4234 2647 4287 meum,
2678 4232 2865 4274 oetavo
2892 4218 3116 4272 Neronis
3141 4233 3281 4270 anno
3310 4217 3592 4271 defunctus
3622 4227 3721 4279 est,
3767 4224 3819 4269 et
3848 4231 3877 4267 a

2297 4312 2424 4365 viris
2468 4312 2728 4381 religiosis
2760 4311 3091 4366 Alexandria:
3138 4312 3406 4379 sepultus,
3440 4310 3491 4363 in
3544 4312 3657 4362 loco
3690 4308 3879 4376 lapidis

2298 4404 2460 4457 excisi
2490 4418 2609 4457 Clllll
2641 4404 2828 4472 gloria.
2860 4402 3211 4456 Urdinaverat
3233 4412 3406 4455 autem
3439 4415 3531 4468 pro
3559 4415 3617 4455 se
3647 4401 3878 4454 Alexan-

2298 4495 2430 4549 dria:
2460 4496 2768 4563 episcopum
2799 4496 3097 4549 Annianum
3132 4511 3143 4546 :
3175 4495 3292 4547 aliis
3335 4509 3543 4562 quoque
3569 4494 3722 4562 longe
3750 4494 3879 4546 late-

2298 4600 2405 4653 que
2460 4585 2733 4650 Ecclesiis,
2789 4586 3088 4653 episcopus,
3141 4586 3477 4652 presbyteros
3529 4592 3583 4635 et
3628 4582 3876 4635 diaconos

683 4647 774 4703 ‘25.
801 4676 873 4691 -—
904 4647 988 4701 Vll
1040 4647 1173 4701 hac.
1223 4646 1406 4701 Natale
1453 4646 1511 4701 S.
1538 4646 1698 4701 Marci
1747 4649 2091 4716 evangelista:
2141 4652 2190 4704 in
2223 4685 2272 4745 υ
2299 4646 2538 4731 δαίεται,

616 4741 930 4795 Alexandria
966 4758 976 4792 :
1012 4742 1100 4808 qui
1150 4740 1451 4793 constitutis
1496 4749 1547 4792 et
1586 4740 1911 4793 eunlirntatis
1941 4741 2193 4795 I‘Jcc'esiis

2381 4767 2445 4821 V.
2480 4768 2567 4830 L.,
2600 4766 2799 4822 Eodem
2829 4766 2917 4821 die
2943 4765 3163 4821 Letania
3194 4766 3381 4834 major.
3414 4766 3499 4831 B._.
3533 4765 3587 4819 lu
3614 4764 3873 4835 Syracusa

2032 4854 2239 4908 SIlllTll
2281 4856 2509 4911 NOTAE.

692 4964 715 4988 ε·
752 4950 954 5006 Μειιιιξ.
989 4948 1062 5001 De
1096 4948 1216 5009 hoc,
1246 4945 1511 5012 quomodo
1540 4947 1733 4997 missus
1762 4954 1844 4999 est
1871 4945 2196 5000 Britanniam

620 5041 649 5077 a
683 5025 741 5078 ὃ.
766 5020 1046 5089 Gregorio,
1097 5028 1153 5070 ut
1195 5015 1572 5089 S.‘Attgustit_i_u
1621 5014 1671 5066 iit
1725 5016 2061 5089 |l_r113([9illld0
2112 5019 2199 5071 Dei

618 5094 782 5148 verbo
811 5084 1165 5153 sit'subsidio,
1192 5086 1311 5141 vide
1333 5088 1475 5140 Eccl.
1509 5084 1640 5137 Ilist.
1679 5100 1713 5147 ι,
1742 5086 1830 5147 ‘23),
1856 5084 1954 5148 50;
1988 5097 2039 5139 et
2069 5104 2202 5155 quo-

623 5164 782 5218 modo
828 5169 1012 5227 postea
1054 5160 1222 5212 factus
1262 5167 1343 5209 est
1384 5157 1686 5221 episcopos.
1726 5156 1945 5227 ejusque
1983 5168 2097 5209 acta
2146 5159 2198 5212 in

619 5226 925 5303 episcopatu
957 5244 1123 5299 usque
1161 5229 1225 5281 ad
1256 5227 1370 5296 ejus
1402 5227 1602 5280 obitum
1631 5227 1753 5280 vlde
1796 5226 1929 5277 llist.
1965 5227 2108 5283 Eccl.
2136 5244 2195 5294 ll,

617 5307 670 5365 ξ),
703 5303 754 5365 4,
777 5305 831 5365 5,
854 5304 909 5365 6,
934 5303 985 5353 7.

656 5343 1041 5427 'b'h‘l’éx‘a’nil'ri.
1076 5372 1229 5423 Auno
1276 5370 1500 5424 septimo
1540 5367 1746 5419 ἀι-εἱιιιο
1792 5365 1994 5432 imperii
2026 5371 2197 5418 Anto-

617 5444 729 5498 nini
762 5444 904 5505 Veri,
934 5457 1073 5494 anno
1118 5440 1249 5493 (1hr.
1277 5440 1397 5491 177.
1434 5437 1693 5489 Ικιιςριιίιιδ
1722 5436 1907 5488 scribit
1939 5436 1988 5488 in
2020 5453 2197 5503 prom-

623 5518 729 5568 utio
767 5515 831 5567 ad
861 5515 1104 5582 quintum
1138 5511 1329 5582 librum
1361 5510 1495 5561 llist.
1523 5510 1661 5582 Eccl.
1710 5506 1938 5582 Violenta
1961 5518 2094 5559 mota
2124 5519 2198 5562 est

617 5578 927 5649 persecutio;
970 5585 1019 5634 in
1059 5584 1155 5634 hac
1191 5581 1365 5632 eadem
1406 5580 1765 5649 persecutione,
1809 5578 1917 5649 sed,
1944 5594 2081 5649 nunc
2123 5594 2198 5631 se.

614 5647 815 5722 ouante,
841 5647 1105 5723 passisunt
1131 5651 1363 5717 Lugduni
1382 5648 1487 5723 SS.
1512 5647 1795 5716 Epipodius
1819 5648 2195 5723 itAlexarrder,

618 5716 758 5791 jm'or
800 5716 904 5777 tim
947 5723 1137 5791 Aprilis
1164 5762 1178 5782 .
1213 5716 1355 5772 alter
1401 5721 1573 5772 hodie.
1633 5718 1934 5791 Alexander
1979 5716 2195 5791 natione

620 5787 835 5850 timens
887 5787 1002 5853 fuit,
1046 5792 1334 5859 tipipodius
1376 5806 1503 5844 vero
1550 5789 1915 5857 Lugdunensis
1967 5787 2195 5846 civitatis

2310 4953 2577 5017 indigena.
2612 4953 2743 5004 Acta
2773 4950 2908 5014 apud
2941 4950 3267 5003 Bullandum.

2378 5032 2401 5060 ε
2433 5022 2665 5076 Coronaz.
2706 5022 2778 5074 De
2810 5021 2904 5075 SS.
2935 5023 3141 5075 Corona
3173 5033 3227 5074 et
3256 5021 3472 5075 Victore
3505 5022 3624 5076 vide
3656 5022 3836 5087 pridie.

2380 5090 2404 5128 ἀ
2441 5092 2764 5145 ΙΙεεΙιρναειί.
2807 5093 2903 5155 Qui
2948 5104 2998 5145 et
3040 5092 3394 5144 llecbcrartus
3438 5100 3492 5144 et
3531 5093 3873 5147 llerlieractus

2304 5162 2515 5215 dicitur.
2550 5164 2671 5214 llaec
2704 5165 2995 5215 incorrecta
3029 5164 3300 5214 nominum
3330 5163 3585 5228 scriptura
3617 5180 3722 5215 rem
3756 5163 3875 5215 red-

2302 5233 2379 5285 dit
2416 5233 2685 5285 ditficilezu
2732 5234 2967 5295 inventu,
2995 5233 3111 5299 quis
3151 5248 3330 5285 revera
3365 5233 3447 5284 hic
3491 5236 3576 5285 sit.
3614 5234 3685 5285 Ex
3716 5233 3874 5298 pluri-

2305 5306 2402 5355 tuis
2445 5304 2832 5371 Martyrologiis
2884 5314 3059 5355 tamen
3109 5312 3315 5355 constat
3366 5304 3503 5368 quod
3553 5305 3619 5356 sit
3665 5314 3874 5355 sanctus

2304 5373 2555 5439 Anglicus
2591 5392 2598 5422 :
2634 5375 2723 5425 sed
2756 5389 2819 5421 an
2853 5373 2922 5423 sit
2955 5374 3303 5425 llcrcberctus
3345 5373 3585 5434 eretnita,
3620 5390 3683 5424 an
3717 5373 3873 5425 lluet—

2304 5444 2516 5496 lierctus
2542 5444 2706 5494 abbas
2738 5440 3097 5506 Wirensis,an
3126 5444 3443 5509 Ecgberctus
3475 5443 3697 5495 lliicnsis
3728 5456 3876 5509 pres-
3942 5444 3947 5445 ⁷

2304 5514 2477 5581 byter,
2527 5529 2592 5563 an
2646 5513 2969 5579 Ecgberctus
3024 5514 3375 5567 Eboracensis
3423 5513 3721 5582 episcopus,
3769 5526 3875 5565 non
3920 5572 3926 5577 ,

2302 5597 2453 5635 :euue
2477 5592 2701 5634 constat.

2369 5599 2925 5725 ’έιῖίιῖνῖῗιιεῗιίνιιιιηιιιι
2976 5669 3053 5710 sc.
3108 5654 3341 5725 episcopi
3390 5651 3762 5719 Eboracensis,
3810 5651 3879 5705 de
3920 5636 3927 5669 δ

2301 5738 2406 5793 quo
2444 5724 2578 5781 Hist.
2610 5722 2751 5779 Eccl.
2786 5738 2837 5791 ν,
2866 5722 2949 5777 19.
3143 5722 3156 5725 ’
3293 5722 3305 5724 ’
3886 5776 3891 5785 ,
3931 5756 3938 5762 -
