4240 6458
360 363 464 422 839

1463 357 1659 416 SECT.
1702 357 1764 412 ll.
1806 384 1876 396 —
1913 355 2487 412 MARTYROLOGIA.

3525 367 3626 422 890

1625 469 1850 524 EDI'I‘IO
1889 468 2348 522 COLONIENSIS.

431 569 493 621 D.
533 567 613 622 Vl.
643 562 775 620 KAL.
833 565 976 620 Man.
1031 561 1214 616 Romae
1262 559 1438 615 natale
1485 561 1654 614 sancti
1703 561 1939 614 Anacleti
1973 573 2017 621 Α
2048 559 2261 613 clesiam
2297 573 2485 611 novem
2513 573 2698 624 anuis,
2731 568 2784 614 et
2818 559 3091 614 mensibus
3119 569 3346 629 quatuor
3383 559 3630 625 rexisset,

362 677 528 731 papa‘,
559 660 648 730 qui
679 673 811 726 quar
837 670 896 710 us
928 667 1049 725 post
1079 657 1288 709 beatum
1318 652 1529 708 Petinuu
1559 669 1682 706 eum
1715 655 1944 708 rexisset

365 754 655 808 Ecclesium
685 754 840 805 annis
865 766 1073 815 novem,
1102 747 1468 816 persecutione
1498 746 1780 801 Domitiani
1806 762 1942 800 mar-

361 850 497 921 tyrio
526 855 810 902 coronatus
839 857 939 897 εει.
975 843 1066 896 llic
1109 841 1426 896 memoriam
1473 841 1610 894 beati
1645 839 1784 894 Petri
1815 854 1939 892 con-

359 939 548 994 struxit
579 948 632 990 et
659 936 959 1001 composuit
989 934 1138 996 loca,
1182 931 1273 985 ubi
1304 931 1542 998 episcoiii
1575 929 1938 982 reconderet:-

363 1044 467 1087 tur.
502 1031 595 1084 llic
629 1031 905 1098 presbyter
928 1041 956 1078 a
989 1027 1143 1080 beato
1193 1025 1348 1076 Petro
1378 1033 1458 1077 est
1503 1025 1779 1075 ordinatus
1801 1063 1816 1084 ,
1853 1021 1940 1073 hic

364 1124 428 1175 ad
478 1119 883 1176 sacriﬁcandum
915 1118 1104 1171 ductus
1145 1114 1498 1177 sacriﬁcavit,
1546 1114 1738 1166 deinde
1769 1111 1941 1180 pinni-

361 1219 520 1269 tentia
555 1213 764 1276 ductus,
796 1226 890 1282 pro
918 1209 1254 1264 confessione
1281 1223 1422 1262 vera:
1453 1207 1574 1260 titlei
1605 1205 1776 1275 capite
1801 1215 1941 1258 trun-

362 1319 533 1359 catur.
593 1305 686 1358 llic
734 1303 1030 1363 consuluit,
1081 1310 1135 1352 ut
1184 1299 1608 1366 quotiescunque
1657 1297 1941 1363 Evangelia

359 1409 541 1452 sancta
573 1398 882 1458 recitantur,
917 1393 1223 1447 sacerdotes
1255 1407 1362 1445 non
1396 1390 1635 1450 sedeant,
1671 1387 1764 1442 sed
1795 1385 1941 1440 curvi

360 1503 522 1546 sicut.
553 1489 615 1542 Et
647 1489 820 1543 natale
849 1486 1016 1541 sancti
1049 1484 1340 1540 Marcellini
1373 1498 1540 1552 papm,
1571 1481 1656 1550 qui
1687 1496 1808 1533 cum
1847 1482 1944 1532 Ee-

2049 649 2375 717 temporibns
2407 648 2716 702 Diocletiani
2747 661 2800 702 et
2829 647 3152 709 Maximiani,
3187 649 3254 701 ab
3280 647 3469 702 eodem
3504 646 3600 700 Dio

2046 743 2278 795 cletiauo
2309 758 2404 809 pro
2436 742 2538 794 title
2581 740 2794 806 Christi,
2840 756 2959 793 cum
3007 739 3230 792 ClaudTo
3273 747 3326 792 et
3371 738 3554 792 Cirino
3579 746 3634 792 et

2047 835 2311 889 Antonino
2341 836 2514 902 capite
2547 843 2820 886 truncatus
2864 843 2965 895 εει,
3012 843 3216 901 etpost
3257 831 3368 885 dies
3411 831 3621 895 triginta

2044 930 2278 999 quinque
2309 929 2550 996 sepultus
2580 930 2661 980 via
2691 927 2915 988 Salaria,
2948 927 2998 979 in
3043 925 3289 977 cubiculo
3311 941 3337 976 a
3376 922 3622 977 Marcello

2047 1019 2379 1088 presbytero,
2413 1026 2468 1071 et
2495 1017 2804 1071 diaconibus
2824 1033 2943 1070 cum
2979 1016 3210 1084 hymnis.
3242 1014 3356 1083 Quo
3389 1022 3629 1083 tempore

2041 1111 2139 1164 fuit
2181 1126 2366 1178 magna
2401 1109 2735 1176 persecutio,
2784 1118 2840 1161 ut
2891 1108 3027 1162 intra
3060 1121 3223 1159 unum
3273 1119 3514 1158 mensem
3561 1101 3628 1157 l8

2044 1202 2206 1255 millia
2241 1203 2515 1254 hominum
2552 1200 2838 1267 promiscui
2869 1213 3053 1264 sexus,
3101 1213 3195 1267 per
3225 1197 3468 1250 diversas
3507 1209 3632 1262 pro—

2046 1293 2250 1347 vincias
2282 1296 2540 1362 martyrio
2583 1289 2989 1346 cumularentur.
3046 1290 3264 1344 Vienna:
3307 1287 3478 1342 sancti
3509 1285 3634 1340 Cla-

2041 1387 2196 1441 rentii
2226 1388 2461 1455 episcopi
2497 1395 2551 1438 et
2581 1386 2926 1439 confessoris.

2117 1479 2178 1532 Ε.
2215 1478 2258 1533 V
2287 1478 2420 1532 Κλι..
2448 1477 2885 1532 Mam—Roma:
2932 1473 3099 1530 sancti
3143 1471 3412 1528 Anastasii
3458 1482 3630 1538 papae,

1613 1574 1841 1627 EDITIO
1881 1570 2382 1626 BOLIANDIANA.

361 1676 575 1726 civitate
625 1673 823 1724 Sicilia!
871 1671 1048 1724 natale
1095 1670 1194 1724 88.
1261 1678 1286 1704 α
1337 1667 1530 1730 Evadi,
1596 1666 1952 1734 Ertnegcnis,

368 1744 604 1798 Calista'.
639 1745 919 1810 Lugduno,
949 1745 1005 1794 8.
1045 1742 1241 1793 Rustici
1274 1739 1535 1808 episcopi.

2057 1663 2388 1728 temporibus
2421 1661 2738 1715 Diocletiani
2769 1669 2821 1714 et
2851 1657 3173 1716 Maximiani,
3202 1657 3270 1709 ab
3295 1653 3482 1708 eodem
3513 1654 3636 1706 Dio-

2056 1751 2287 1804 cletiano
2318 1754 2494 1818 capite
2543 1759 2814 1803 truncatus
2845 1758 2961 1811 est,
2999 1755 3051 1799 et
3102 1752 3224 1814 post
3268 1743 3381 1798 dies
3423 1744 3634 1812 triginta

430 1844 518 1896 9.6.
548 1873 620 1884 —
643 1843 705 1896 Vl
741 1842 880 1896 KAL.
934 1841 1120 1896 Natale
1163 1840 1222 1896 8.
1273 1839 1300 1877 ι)
1323 1839 1456 1894 Cleti
1507 1855 1656 1907 papae
1701 1850 1755 1894 et
1799 1856 1945 1893 mar-
1984 1863 2025 1921 Β
2061 1851 2292 1909 quatuor
2325 1843 2567 1908 sepultos
2596 1845 2678 1893 via
2707 1839 2911 1894 Salaria
2944 1839 2994 1890 in
3025 1835 3290 1897 cubiculo,
3323 1847 3352 1886 a
3383 1833 3635 1888 Marcello

362 1950 510 2009 tyrts.

436 2031 628 2084 Florus
658 2029 803 2082 addit
834 2029 885 2081 in
921 2027 984 2081 A.
1017 2026 1080 2081 T.
1114 2027 1198 2092 L.,
1229 2026 1327 2092 Qui
1362 2026 1550 2078 tertius
1583 2033 1700 2089 post
1729 2025 1942 2078 Petrum

359 2121 513 2174 annis
569 2120 853 2174 duodecim
918 2117 1170 2172 Ecclesim
1219 2117 1466 2183 prtciuit,
1526 2116 1944 2186 martyriumque

367 2227 556 2282 passus
586 2222 668 2264 cst
701 2221 941 2275 tempore
974 2206 1283 2273 \‘eSpasiani
1311 2215 1365 2258 et
1389 2204 1514 2258 Titi.

441 2306 559 2373 Ipso
599 2303 687 2358 dic
733 2301 994 2370 depositio
1037 2302 1096 2356 8.
1129 2301 1151 2328 °
1178 2298 1412 2353 Marcelli
1463 2313 1650 2366 papre:
1685 2300 1773 2366 qui
1817 2314 1937 2352 cum

364 2396 659 2452 Ecclesium
711 2408 902 2449 novem
935 2391 1108 2458 annis,
1143 2405 1356 2446 menses
1387 2401 1634 2460 quatuor,
1683 2393 1931 2459 rexisset,

2056 1937 2370 2005 presbytero
2401 1944 2454 1987 et
2483 1935 2800 1988 diaconibus
2831 1947 2950 1986 curn
2994 1929 3228 2000 hymnis.

2127 2027 2281 2080 Addit
2315 2027 2374 2079 V.
2410 2027 2471 2080 Vl
2505 2027 2766 2080 Kalendas
2794 2025 2980 2078 Maias.

2127 2103 2192 2150 A.
2222 2098 2520 2159 T.,.codem
2553 2097 2638 2150 die
2668 2096 2931 2162 depositio
2957 2094 3017 2148 S.
3042 2093 3069 2128 ά
3090 2089 3330 2162 Richarii
3360 2087 3634 2162 confesso-

2057 2167 2150 2220 ris.
2184 2168 2269 2224 T..
2300 2167 2602 2220 Sacerdotis
2629 2160 2844 2221 Christi.
2875 2166 2960 2232 Β.⁹
2994 2163 3050 2217 In
3082 2160 3259 2217 Africa
3282 2201 3297 2227 ,
3333 2161 3587 2214 Honorati
3613 2199 3629 2224 ,

2055 2237 2228 2300 Pauli,
2259 2238 2498 2303 Maximi,
2531 2237 2822 2306 AptIIIOItii.

2118 2331 2208 2384 27.
2233 2363 2302 2374 —-
2325 2331 2367 2386 ιτ
2396 2331 2530 2386 ΚΑΙ..
2563 2331 2722 2385 Vacat
2757 2329 2932 2384 Bmda.

2123 2424 2208 2484 D..
2240 2425 2296 2478 8.
2324 2434 2347 2461 θ
2373 2424 2635 2479 Anastasii
2685 2438 2855 2492 papaz.
2900 2418 3206 2476 Nicomedia
3249 2416 3308 2473 S.
3337 2415 3357 2457 ί
3387 2413 3621 2470 Anthitni

1781 2505 1984 2562 S.\llTll
2028 2512 2256 2569 NOT/E.

433 2608 456 2634 ο
487 2597 667 2651 Erntli.
699 2597 1002 2651 Secundum
1033 2595 1342 2648 Graecorum
1373 2607 1575 2646 mentea
1608 2603 1763 2648 erant
1795 2595 1843 2646 hi
1876 2599 1940 2651 S.

364 2673 559 2724 lratrcs
592 2669 842 2722 Germani
867 2709 883 2732 ,
915 2667 1004 2734 qui
1050 2667 1113 2717 ad
1161 2665 1395 2730 gladium
1445 2663 1679 2716 damnati
1709 2706 1722 2726 ,
1757 2667 1946 2720 recisis

365 2739 666 2793 cervicibus
710 2753 925 2790 cursum
968 2736 1329 2788 absolverunt.
1368 2733 1440 2786 De
1473 2744 1713 2800 tempore
1755 2750 1861 2801 quo
1893 2737 1948 2799 Ιιί,

365 2808 673 2878 martyrium
723 2809 986 2878 subierint
1045 2805 1172 2858 nihil
1230 2805 1643 2878 certiuconftat.
1704 2803 1946 2861 Ilocchns

367 2874 567 2935 l’irrus.
603 2891 732 2931 tom.
780 2879 817 2932 ll
867 2877 1058 2933 Sicilim
1091 2891 1254 2928 sacrae
1285 2878 1334 2927 in
1367 2874 1559 2927 Notitia
1592 2874 1944 2942 Syracusana:

367 2950 623 3007 Ecclesia
667 2951 823 3000 tradit
859 2963 998 3000 anno
1027 2945 1136 3000 509
1167 2959 1260 3000 eos
1303 2960 1520 3012 passos;
1579 2955 1631 2995 ct
1669 2945 1946 3001 Ferrarius

365 3021 553 3076 scribit
579 3062 593 3084 ,
627 3020 676 3072 in
723 3019 938 3072 imtuani
975 3017 1283 3072 Diocletiani
1322 3015 1715 3080 persecutione.
1749 3017 1942 3082 Quidni

365 3092 524 3147 citius
556 3091 694 3157 passi
729 3091 867 3149 sint.
898 3102 1032 3154 quos
1060 3089 1230 3149 primo
1261 3088 1377 3138 loco
1407 3097 1650 3138 recenset
1678 3097 1943 3155 martyru-

2052 2606 2228 2657 miano
2259 2621 2350 2660 \‘lll
2382 2623 2545 2662 εςιςς..
2581 2607 2694 2658 sive
2738 2617 2877 2656 anno
2906 2601 3009 2654 '50!-
3032 2645 3044 2664 ,
3079 2615 3182 2664 quo
3212 2600 3337 2654 dicti
3382 2598 3617 2658 impera-

2055 2685 2196 2729 tores
2215 2691 2498 2741 purpuram
2519 2676 2896 2738 depoStierunt.
2916 2671 3064 2724 Alius
3083 2672 3331 2741 antiquus
3346 2671 3620 2741 catalogus

2054 2739 2367 2810 pontilicuin
2393 2747 2608 2808 indicat,
2638 2746 2774 2809 quod
2809 2744 2895 2796 ille
2921 2741 2984 2792 ad
3011 2740 3327 2793 sacriﬁcium
3357 2739 3618 2793 deductus

2053 2825 2138 2869 est
2167 2827 2221 2866 ut.
2251 2817 2598 2876 thurilicarct,
2630 2815 2768 2882 quod
2796 2824 2847 2865 et
2879 2813 2998 2864 fecit
3022 2830 3032 2862 :
3056 2822 3106 2862 ct
3137 2823 3252 2877 pOSl
3289 2825 3484 2877 paucos
3505 2810 3620 2862 dies

2057 2887 2368 2944 ιξαξηίιρηιιτι
2420 2889 2648 2948 ductus,
2678 2887 2744 2936 ab
2789 2885 2976 2935 eodem
3029 2882 3358 2933 Diocletiano
3406 2890 3622 2945 propter

2057 2957 2213 3010 ﬁdem
2245 2955 2438 3010 Christi
2461 2999 2474 3019 ,
2509 2973 2626 3008 cum
2657 2955 2874 3007 Claudio
2901 2961 2953 3005 et
2982 2952 3209 3016 Quirino
3237 2964 3284 3005 et
3319 2951 3621 3011 Antonino,

2054 3030 2226 3092 capite
2257 3038 2529 3079 truncatus
2560 3038 2637 3079 est
2669 3044 2680 3077 :
2711 3037 2764 3078 et
2791 3027 3075 3090 iaetterunt
3105 3035 3330 3083 eorpora
3359 3031 3540 3074 sancta
3569 3020 3619 3073 in

2058 3097 2226 3165 platea
2257 3098 2373 3150 dies
2403 3099 2583 3166 viginti
2615 3097 2848 3166 quinque
2869 3093 3033 3166 .vel,
3067 3101 3125 3146 ut
3163 3093 3317 3166 aliter
3347 3092 3625 3154 scribitur,

369 3165 562 3232 Iogium
590 3163 670 3236 _S.
707 3159 1060 3236 llitertitiyiiii?
1091 3157 1297 3236 habuit.
1318 3169 1494 3208 autem
1528 3158 1673 3236 _urhs
1717 3157 1949 3226 Syracu-
1980 3160 2021 3220 Π

1945 3189 1949 3197 ’
1980 3160 2021 3220 C
2058 3157 2268 3236 irigiuta
2301 3157 2532 3233 quinq‘ue
2556 3157 2645 3219 aut
2676 3157 2788 3236 scx'.
2815 3165 2946 3230 Quia
2975 3175 3148 3214 autem
3174 3163 3369 3236 horum
3397 3168 3619 3236 corpora

366 3225 494 3290 saita
524 3232 782 3300 primitias
813 3225 1101 3299 martyrum
1134 3227 1488 3300 suhﬁcrone.
1527 3225 1792 3300 Bonnam.

441 3303 468 3342 δ
491 3295 634 3356 Clcti.
684 3300 757 3353 De
785 3295 966 3352 eodeni
1003 3301 1098 3352 hac
1125 3300 1205 3349 die
1235 3295 1527 3353 Usuardus.
1561 3297 1670 3347 Atio
1711 3306 1757 3347 et
1807 3296 1939 3363 alii;

366 3374 528 3428 Breda
559 3382 726 3425 autem
754 3372 1105 3440 supposititius
1137 3371 1200 3420 tle
1227 3367 1487 3440 Anticlrto,
1521 3367 1583 3418 de
1603 3365 1744 3440 βίοιο
1770 3377 1939 3420 autem

368 3448 437 3498 ad
474 3442 561 3496 ΙΙΙ
599 3441 777 3494 Nonas
811 3436 957 3494 Maii.
994 3440 1068 3491 0b
1095 3438 1313 3490 nominis
1342 3436 1726 3508 similitudinem
1756 3453 1942 3508 magna

369 3529 475 3567 lttm
505 3515 642 3582 apud
671 3511 879 3564 Latinos
902 3550 916 3571 ,
949 3520 1052 3562 tum
1083 3511 1236 3582 etiam
1283 3508 1424 3582 apud
1453 3506 1656 3582 lirtecos
1701 3506 1938 3582 [acta—est

370 3588 432 3638 de
459 3577 599 3638 (λέιο
623 3592 666 3633 ct
700 3583 945 3634 .-lnncleto
974 3580 1208 3648 confusio
1231 3594 1249 3629 :
1283 3587 1336 3628 ut
1365 3578 1462 3628 nisi
1487 3577 1664 3629 vitiant
1685 3579 1749 3630 ait
1778 3579 1829 3630 in
1857 3595 1943 3630 co-

371 3657 516 3712 rtice.
557 3653 888 3706 librariorum
930 3651 1199 3703 oscitantia
1241 3664 1340 3700 non
1389 3648 1517 3700 let-ee
1557 3649 1756 3712 quidem
1785 3688 1799 3706 .
1841 3651 1944 3702 imo

370 3727 662 3793 gravissimi
693 3726 964 3793 scriptores
995 3723 1048 3773 in
1077 3719 1464 3793 hisnominibua
1499 3733 1696 3793 errasse
1723 3735 1943 3793 noscan-

375 3788 478 3848 iur.
508 3793 573 3848 Id
598 3788 805 3847 sanctus
825 3790 1051 3844 lrcnauts
1079 3791 1256 3857 fecisse
1277 3790 1472 3840 videtur
1491 3789 1734 3840 adversus
1757 3788 1940 3842 Ita’res.

369 3867 461 3919 lib.
490 3864 606 3924 ΙΙΙ,
629 3883 673 3918 r.
703 3862 736 3914 5
759 3881 772 3925 ;
798 3862 984 3914 Eustb.
1017 3864 1167 3912 etiam
1191 3861 1240 3911 in
1265 3858 1455 3911 Cltron.
1476 3869 1520 3911 et
1547 3857 1685 3910 Hist.
1710 3859 1798 3912 lib.
1823 3858 1941 3921 Ill,

371 3954 416 3988 ι’.
454 3939 554 4001 12;
586 3934 802 4002 Nic-cpit.
848 3935 962 3984 item
1011 3932 1147 3983 llast.
1195 3928 1436 4002 libelli,
1463 3947 1510 3982 c.
1537 3927 1592 3982 2.
1636 3929 1714 3982 Ea:
1741 3928 1945 4002 iLatinis

369 3998 549 4061 itidem
594 3998 812 4072 Uptutus
867 4003 1192 4056 Milevitana:
1378 3998 1474 4063 ll,
1522 4009 1697 4050 contra
1730 4001 1945 4072 Parme-

373 4081 585 4130 nianum
605 4121 620 4139 ,
645 4070 694 4128 rt
723 4077 1050 4143 Augustinus,
1083 4089 1164 4136 cp.
1200 4070 1322 4143 165,
1356 4079 1609 4139 putantes,
1636 4071 1807 4129 credo,
1833 4072 1944 4143 (ile;

368 4158 476 4200 tum
525 4147 756 4200 eumdem
798 4141 913 4196 cum
960 4143 1236 4206 Anticleto,
1288 4142 1432 4192 illum
1483 4144 1851 4206 prntcrierunt.
1901 4141 1946 4194 Ε

373 4231 553 4270 contra
584 4225 753 4268 autem
795 4216 1051 4285 plerique.
1083 4215 1171 4282 qui
1199 4223 1438 4265 norerunt
1469 4211 1662 4285 Clctunt
1682 4250 1697 4275 ,
1727 4214 1946 4285 nescive-

374 4299 492 4341 runt
525 4280 846 4347 Anoclctum,
883 4280 947 4337 ut
966 4280 1101 4337 inter
1119 4289 1248 4334 alios
1277 4292 1479 4334 sanctus
1511 4280 1827 4350 Epiphanius
1855 4285 1945 4351 qui

373 4362 427 4410 in
473 4357 667 4411 Pannr.
719 4359 897 4408 Inrres.
949 4353 1040 4414 ΞΣ,
1084 4369 1275 4422 ponens
1323 4352 1559 4422 l._letunt,
1609 4355 1945 4419 praetermittit

375 4431 698 4481 Anacletum.
734 4428 838 4480 Sed
880 4438 991 4487 post
1034 4420 1217 4477 librum
1255 4424 1319 4474 de
1348 4420 1588 4474 Romanis
1620 4423 1946 4488 pontificibus

2058 3230 2594 3290 hietlicuntur'ante
2642 3235 2968 3300 sepulturam
3003 3243 3107 3284 tam
3155 3230 3244 3283 diu
3292 3231 3522 3292 iacuisse
3569 3231 3620 3283 in

2051 3310 2218 3370 platea
2247 3353 2259 3371 ,
2327 3308 2520 3360 merito
2567 3308 2795 3359 dubitari
2844 3310 3018 3365 potest
3063 3318 3127 3353 an
3175 3302 3230 3354 8.
3282 3300 3618 3354 Marcellinus

2045 3377 2206 3431 fuerit
2253 3380 2423 3430 solum
2474 3379 2572 3428 hoc
2601 3377 2668 3428 26
2709 3376 2904 3442 Aprilis
2950 3378 3228 3440 sepultus;
3261 3380 3414 3423 antea
3443 3385 3570 3442 vero
3601 3409 3619 3432 ,

2045 3451 2144 3500 suh
2201 3449 2405 3501 initium
2461 3446 2616 3515 hujus
2667 3440 2902 3506 mensis,
2937 3443 3256 3515 ειμι-ωιιὶιιξ
3298 3440 3616 3515 praecedenti

2044 3519 2276 3580 Martio,
2309 3509 2562 3587 martyrio
2612 3529 2916 3587 coronatus.
3045 3512 3325 3587 Marcellus
3377 3509 3619 3578 pontifex

2046 3590 2243 3642 colitur
2274 3588 2336 3642 16
2370 3583 2628 3644 Januarii,
2662 3586 2750 3654 qui
2783 3583 3076 3637 secundum
3110 3584 3407 3654 catalogum
3441 3583 3616 3654 ponti:

2048 3660 2203 3712 ticum
2248 3676 2386 3713 anno
2434 3673 2539 3710 uno
2563 3699 2577 3719 ,
2614 3650 2886 3708 ménsibus
2935 3663 3138 3711 sentem
3163 3690 3179 3714 ,
3213 3652 3400 3704 diebus
3434 3650 3616 3717 viginti

2047 3731 2339 3783 llomanam
2413 3730 2546 3783 texit
2615 3728 2923 3780 Ecclesium.
2983 3723 3102 3777 Fuit
3153 3737 3231 3776 sc.
3291 3723 3619 3787 temporibus

2048 3800 2334 3863 Maxentii,
2387 3815 2417 3853 a
2468 3800 2749 3851 consulatu
2797 3795 2977 3849 decies
3027 3803 3081 3846 et
3132 3793 3450 3863 Maximiano
3501 3807 3611 3853 vn,

2047 3887 2212 3939 usque
2243 3861 2358 3935 post
2387 3874 2715 3922 consulatum
2751 3876 2996 3939 x_et_vtt._
3022 3861 3158 3939 Anni
3187 3872 3365 3939 autent
3391 3863 3479 3939 _ltic
3517 3863 3619 3923 sia-

2047 3931 2372 3993 nantur'308
2397 3982 2410 4001 ,
2439 3954 2544 4007 quo
2574 3953 2756 3990 mense
2789 3937 2924 3989 Maio
2974 3934 3088 3986 fere
3130 3932 3278 3984 linito
3318 3931 3614 4007 videturg.

2049 4011 2328 4064 Marcellus
2369 4000 2580 4062 creatus
2627 4007 2995 4077 p'intilex_,_et
3023 4016 3462 4077 annitssequeus
3487 4000 3614 4072 509,

2047 4081 2181 4133 ultra
2213 4097 2368 4147 quem
2401 4073 2645 4146 pumiles-
2666 4078 2796 4130 vixit
2823 4075 2886 4126 ad
2925 4073 2984 4147 lli
3013 4073 3269 4147 linnarii.

2117 4149 2141 4187 ἀ
2173 4139 2418 4203 ηξὶΙιατϋ.
2473 4149 2568 4202 llic
2617 4158 2770 4199 natus
2819 4153 2896 4198 est
2945 4146 2995 4196 in
3039 4142 3303 4202 Centula,
3337 4139 3459 4195 villa
3494 4156 3616 4206 pro-

2047 4221 2234 4273 vinciae
2267 4223 2533 4279 I‘outiva';
2565 4221 2797 4270 monitus
2826 4224 3000 4266 autem
3030 4228 3056 4262 a
3087 4211 3458 4265 sacerdotibus
3486 4213 3616 4266 duo-

2049 4293 2144 4344 bus
2193 4291 2440 4344 Hibernis
2469 4288 2704 4342 Caitloco
2749 4298 2802 4340 et
2855 4283 3158 4345 P‘richorio,
3203 4298 3337 4347 quos
3386 4282 3617 4349 hospitio

2047 4374 2331 4428 exceperat
2355 4405 2368 4423 ,
2401 4361 2467 4414 de
2498 4360 2696 4412 rustico
2729 4358 2896 4410 factus
2940 4366 3020 4428 est
3042 4353 3301 4428 sacerdos
3329 4362 3379 4404 et
3405 4356 3620 4428 concio-

2049 4422 2204 4484 natnr
2236 4447 2250 4486 :
2280 4448 2376 4484 nec
2405 4433 2572 4482 solum
2615 4430 2665 4482 in
2701 4428 2813 4481 suis
2852 4425 3155 4492 regionibus
3183 4422 3355 4476 clarus
3385 4423 3617 4486 effulsit.

482 4499 824 4566 Hieronymus
861 4499 929 4570 tle
977 4494 1170 4570 εει-ηρ.
1206 4494 1348 4570 (εδει.
1373 4495 1448 4570 ,ἑτι
1497 4491 1755 4544 Clemente
1780 4537 1792 4554 ,
1823 4507 1944 4570 post
1979 4516 2022 4570 υ
2052 4522 2057 4554 ε

1979 4516 2022 4570 υ
2052 4503 2144 4556 sed
2176 4514 2231 4556 et
2265 4505 2504 4554 Britones
2546 4491 2935 4570 transmarinos
2976 4495 3101 4570 adiit
3131 4508 3183 4545 et
3215 4493 3464 4570 excoluit.
3497 4493 3619 4550 Fuit

381 4569 563 4622 Linum
602 4561 822 4620 recenset
848 4566 1065 4619 Cletum.
1102 4565 1335 4617 Positum
1365 4561 1571 4615 habetur
1602 4578 1784 4614 nomen
1813 4561 1940 4617 (ζιειὶ

373 4643 428 4691 in
459 4641 662 4694 Conone
686 4637 858 4690 Missa:
886 4637 1163 4700 antiquitus
1186 4636 1396 4700 scripto.
1427 4631 1500 4684 De
1531 4633 1705 4684 eodem
1732 4643 1941 4700 praetcr-

374 4727 434 4764 eu
465 4711 652 4762 indices
687 4708 941 4760 Vatia-oni.
977 4708 1243 4760 Bittio-alus
1275 4709 1324 4756 iu
1353 4704 1498 4756 Notis
1526 4703 1591 4754 ad
1622 4703 1892 4770 Martyrol.

452 4795 470 4817 ε
500 4779 755 4833 Marcelli.
793 4777 971 4831 Potius
1003 4777 1332 4838 Marcellini;
1367 4775 1414 4826 hi
1463 4783 1674 4839 propter
1714 4776 1942 4829 nominis

375 4850 780 4904 similitudinem
810 4866 837 4900 a
872 4851 1068 4902 tlrtecis
1102 4863 1203 4898 non
1234 4845 1650 4912 distinguuntur.
1684 4843 1943 4899 Eusebius

378 4923 432 4974 in
466 4922 731 4974 Chronico
751 4961 766 4983 ,
799 4921 1042 4972 iudicatis
1072 4933 1212 4969 coss.
1247 4916 1576 4968 Diocletiano
1610 4928 1656 4966 vt
1679 4952 1691 4976 ,
1719 4924 1768 4966 rt
1798 4914 1940 4966 Coit-

373 4997 574 5045 stantio
603 4995 813 5043 Caesare
842 5003 908 5052 II,
937 5003 1077 5041 anno
1107 5003 1184 5040 sc.
1216 4987 1411 5039 Chrisu
1440 4984 1545 5036 296
1566 5026 1578 5044 ,
1608 4984 1676 5037 ita
1710 4986 1893 5038 scribit
1925 5003 1937 5039 :

387 5082 406 5109 ι
443 5061 694 5114 Ruinanae
724 5061 974 5114 Ecclesia:
1010 5060 1384 5125 Episcopatnm
1417 5059 1647 5122 suscepit
1676 5055 1936 5107 Marcelli-

377 5148 480 5185 nus
521 5131 672 5184 annis
723 5147 935 5184 novem.
983 5129 1114 5182 Tum
1143 5169 1156 5187 ,
1204 5127 1405 5180 omisso
1443 5127 1500 5181 S.
1558 5127 1841 5186 Marcello,
1874 5127 1938 5178 ad

374 5202 714 5257 consulatum
742 5201 1039 5253 Constantii
1073 5199 1292 5266 Augusti
1317 5214 1386 5258 vi,
1415 5208 1468 5250 et
1501 5194 1804 5247 Maximiani
1828 5197 1942 5249 Ca:-

370 5275 516 5327 saris
545 5289 622 5340 νι,
655 5272 850 5326 Christi
899 5286 1097 5322 annum
1139 5272 1243 5322 396
1270 5267 1940 5340 ,Marcelliuoconstituit

376 5335 664 5397 Eusebium
693 5356 1077 5394 successorem.
1104 5359 1121 5390 ι
1153 5340 1253 5392 Alii
1276 5339 1444 5392 Cra-ci
1463 5335 1745 5389 Eusebium
1771 5342 1937 5391 secuti

383 5413 687 5466 Marcellum
718 5414 964 5464 similiter
993 5411 1282 5464 omiserunt
1308 5425 1323 5472 ;
1353 5423 1454 5460 una
1491 5409 1650 5462 etiam
1681 5421 1800 5459 cum
1848 5408 1940 5462 illo

376 5485 767 5553 Eutychiauum
803 5483 1058 5549 prseteriit
1094 5480 1353 5548 GcOrgius
1384 5479 1683 5553 Syneellus.
1712 5477 1936 5553 Mareel-

378 5549 523 5606 ltniis
557 5569 659 5606 nou
693 5569 882 5606 novem
915 5553 1066 5604 anuis
1103 5563 1330 5619 quatuor
1361 5549 1658 5609 tnettsibus,
1692 5550 1782 5600 sed
1816 5559 1935 5602 tan-

374 5634 488 5677 tum
523 5635 645 5677 octo
667 5625 820 5677 anuis
857 5631 1085 5691 quatuor
1115 5623 1383 5673 mensibus
1424 5621 1782 5684 pontiticatum
1813 5633 1937 5687 ges-

375 5696 488 5759 sit;
523 5710 640 5746 nam
672 5694 963 5748 secundum
994 5693 1266 5758 antiquum
1295 5691 1590 5758 catalogum
1625 5692 1934 5756 pontilicum

379 5779 526 5817 atina
552 5764 677 5831 ‘296,
713 5766 768 5818 S.
804 5765 934 5817 Caio
960 5767 1278 5829 subrogatus
1302 5769 1387 5831 est
1416 5760 1646 5827 pontifex
1679 5759 1938 5814 Marcelli-

376 5850 478 5889 nus
510 5877 518 5886 .
545 5836 635 5904 qui
670 5829 884 5905 martyr
930 5834 1158 5890 decessit
1205 5829 1528 5888 Diocletiano
1575 5845 1631 5885 nt
1675 5841 1729 5886 et
1769 5831 1932 5888 Maxi-

2051 4582 2106 4626 et
2153 4574 2428 4626 tatniliaris
2454 4573 2510 4624 8.
2549 4571 2782 4624 ltictrudi
2806 4612 2818 4630 ,
2851 4567 2966 4632 ejus
2997 4566 3158 4617 lilium
3193 4565 3250 4616 8.
3286 4563 3617 4617 Mauronlutn

2053 4642 2371 4711 baptizavit,
2404 4657 2556 4704 quem
2590 4645 2749 4693 ctiam
2779 4655 2806 4691 a
2844 4636 3259 4711 praesentissimo
3302 4634 3487 4685 mortis
3523 4651 3616 4699 pe-

2050 4705 2218 4766 ric'ulo
2256 4705 2502 4768 servavit.
2540 4712 2736 4763 Deinde
2789 4705 3135 4759 innuasticam
3168 4705 3326 4754 vitam
3377 4712 3562 4767 petens
3587 4746 3604 4771 ,

2050 4781 2302 4836 Ecclesiae
2355 4781 2632 4850 regimen,
2685 4795 2868 4850 quam
2893 4780 2944 4828 in
2973 4774 3568 4850 Atleutulanuntiaverat
3593 4817 3609 4841 ,

2045 4855 2197 4906 alteri
2231 4841 2450 4906 tradidii
2476 4894 2488 4908 .
2523 4859 2576 4902 et
2605 4841 2825 4902 secessit
2859 4848 2910 4898 in
2942 4845 3127 4897 silvam
3156 4841 3572 4895 Crisciaccnsem
3597 4885 3610 4904 ,

2048 4939 2205 4988 quam
2237 4922 2566 4976 Gisleniarus
2596 4931 2643 4973 et
2679 4921 2982 4988 illauroutus
3014 4914 3062 4968 ei
3106 4913 3455 4988 donaverunt.
3491 4912 3616 4988 ifost

2047 4982 2252 5046 obitum
2300 5003 2477 5045 autent
2525 4989 2695 5060 spatio
2725 4987 2756 5040 5
2791 4988 3051 5040 mensium
3081 4995 3138 5060 _cI
3173 4983 3238 5036 1‘2.
3269 4982 3474 5035 dierum
3509 4983 3616 5036 fra-

2055 5073 2162 5116 tres
2193 5055 2566 5116 Ccntulenses'
2593 5061 2746 5126 hujus
2794 5071 2987 5124 corpus
3030 5055 3093 5107 ad
3142 5068 3296 5126 suum
3346 5062 3636 5110 monaste—

2047 5135 2182 5186 rium
2219 5135 2468 5186 tnlerum.
2507 5132 2619 5182 Vita
2649 5123 2764 5199 ejus
2793 5133 2856 5180 ah
2893 5127 3114 5199 Alcuiuo
3145 5123 3362 5199 scripta.

2119 5213 2143 5240 ο
2169 5205 2445 5256 Anastasii.
2491 5191 2695 5256 Siricio'
2737 5201 2985 5266 pouttlice
3033 5196 3279 5266 [tulliano
3321 5191 3612 5259 defuncto,

2045 5273 2364 5326 suh~titutns
2413 5284 2491 5325 est
2521 5274 2578 5326 8.
2629 5263 2939 5324 Anastasius
2988 5267 3202 5318 natione
3250 5263 3518 5316 Romanus
3547 5278 3615 5318 ex

2049 5355 2194 5408 i-atre
2224 5345 2472 5397 Maximo.
2506 5345 2687 5396 Aunus
2730 5355 2852 5393 ltlllc
2893 5347 3010 5391 erat
3036 5334 3160 5397 598,
3195 5334 3404 5408 quando
3437 5331 3614 5387 iudic-

2047 5403 2188 5467 tione
2239 5429 2277 5467 tt
2301 5455 2314 5475 ,
2350 5414 2582 5466 Honorio
2631 5427 2679 5466 tv
2712 5422 2766 5465 et
2793 5409 3132 5478 Eutychiano
3170 5403 3480 5478 consulibus
3508 5441 3525 5467 ,
3555 5415 3617 5458 ut

2046 5485 2210 5538 habet
2249 5473 2583 5536 Marcellinus
2632 5497 2812 5535 comes
2859 5473 2913 5532 iti
2939 5476 3225 5530 Chronico.
3258 5473 3312 5528 S.
3353 5473 3616 5542 Hierony-

2044 5569 2198 5620 tnus,
2233 5555 2285 5608 in
2319 5556 2544 5622 cpistola
2578 5558 2640 5606 ad
2673 5549 3076 5605 Patumacluum
3108 5556 3162 5600 et
3191 5544 3616 5669 lllarcellati‘irin-l-

3509 5629 3586 5668 tta

3509 5629 3586 5668 ILa

2123 5758 2142 5798 ί
2175 5758 2423 5817 Anthinu'.
2457 5759 2532 5815 De
2560 5770 2660 5814 hoc
2685 5769 2746 5815 et.
2781 5757 3056 5814 innumera
3099 5748 3438 5874 multitudini:
3478 5761 3618 5802 mar-

3443 5832 3614 5874 ντιιιη.

3440 5832 3614 5890 yrutu,
