4240 6510
697 396 793 455 891

1418 394 1622 451 ΒΕῡιιΕ
1664 394 2118 452 VENERABILlS
2156 398 2307 454 OPP.
2353 397 2529 453 PARS
2568 396 2656 452 IV.
2690 427 2759 438 -—
2800 394 3179 454 HISTORICA.

3864 403 3972 459 89?.

1982 509 2209 565 EDITIO
2246 510 2712 566 COLONIENSIS.

698 602 788 673 qui
814 612 930 672 post
960 602 1171 656 beatum
1204 599 1415 654 Petrum
1446 601 1886 669 quadragesimus
1911 603 2111 669 primus
2142 602 2280 657 sedit
2308 606 2359 663 Α
2460 601 2519 655 F.
2546 600 2614 654 1V
2645 600 2778 655 ΚΑι..
2826 601 3225 668 Man—Apud
3260 601 3564 657 Ravennam
3598 605 3771 659 natale
3801 613 3975 665 salicti

704 713 875 751 annos
902 706 1032 760 tres,
1063 696 1179 750 dies
1211 695 1419 749 decem.
1454 695 1553 749 llic
1593 694 1918 748 Manichzcos
1945 694 1994 746 in
2024 694 2152 748 urbe
2180 695 2285 747 Ro-

706 803 860 841 mana
914 787 1193 841 inveniens
1247 786 1541 849 damnavit,
1584 793 1637 839 et
1676 786 2019 839 constitutum
2053 783 2197 847 fecit,
2228 794 2284 838 ut

701 882 876 936 nullus
905 882 1319 935 Transmarinus
1344 882 1397 935 in
1440 882 1749 936 clericatum
1774 883 2154 949 susciperetur,
2178 880 2279 935 nisi

699 972 931 1043 quinque
979 975 1354 1041 episc0p0rum
1411 972 1714 1041 designaret
1748 972 2183 1041 chirographum.
2225 972 2279 1027 In

697 1064 1005 1119 Nicomedia
1051 1065 1225 1117 natale
1271 1064 1439 1117 sancti
1492 1062 1726 1115 Anthimi
1768 1062 2000 1131 episcopi
2040 1072 2095 1116 et
2132 1078 2279 1116 mar-

698 1156 844 1226 tyris,
874 1157 961 1224 qui
987 1155 1359 1223 persecutione
1410 1153 1751 1220 Diocletiani,
1782 1153 1851 1207 ob
1880 1153 2277 1208 confessionem

692 1244 884 1299 Christi
915 1245 1153 1316 martyrii
1197 1245 1420 1314 gloriam
1470 1244 1657 1312 capitis
1712 1244 2119 1299 obtruncatione
2149 1260 2277 1314 pro-

695 1339 922 1393 meruit:
974 1355 1131 1408 quem
1185 1349 1433 1408 tanqttam
1478 1338 1673 1391 bonum
1713 1347 1977 1403 pastorem
2015 1337 2281 1395 universa

694 1446 828 1497 pene
866 1434 1046 1499 gregis
1098 1432 1178 1484 sui
1237 1430 1603 1484 multitudines
1642 1441 1837 1484 secutze
1866 1442 2018 1495 sunt,
2051 1447 2275 1501 quorum

690 1524 826 1579 alios
881 1527 1133 1594 praefatus
1188 1535 1442 1597 tyrannus
1490 1525 1665 1594 gladio
1719 1526 2023 1579 obtruncari
2056 1568 2071 1591 ,
2143 1526 2279 1581 alios

695 1617 903 1686 ignibus
952 1617 1301 1687 conflagrari,
1361 1616 1494 1671 alios
1542 1617 1800 1670 naviculis
1850 1616 2129 1684 impositos
2182 1620 2281 1669 im-

690 1706 858 1775 tnergi
904 1706 1088 1776 pelago
1116 1706 1263 1761 fecit.
1295 1707 1563 1778 Scriptum
1603 1717 1686 1761 est
1729 1708 1781 1760 in
1824 1706 2046 1760 llistoria
2094 1707 2278 1762 eccle-

693 1799 927 1852 siastica.

2392 692 2581 748 Vitalis
2612 695 2885 764 martyris,
2918 695 3004 763 qui
3038 694 3133 748 fuit
3162 704 3315 763 pater
3334 706 3639 751 sanctorum
3662 698 3902 755 Gervasii
3929 713 3985 757 et

2392 784 2672 840 Prmhasii.
2710 785 2804 838 llic
2831 800 2958 853 ergo
2987 784 3080 839 fuit
3107 785 3340 841 militans
3366 800 3419 842 et
3441 790 3757 853 consularis,
3781 802 3835 845 et
3851 806 3971 845 eum

2392 879 2614 934 Paulino
2638 878 2821 946 judice
2850 894 2949 933 suo
2991 879 3294 934 Ravennam
3329 882 3596 950 ingressus
3624 891 3739 949 est;
3768 893 3821 938 et
3848 901 3969 937 cum

2332 996 2335 999 λ
2387 972 2592 1027 videret
2622 972 2675 1026 in
2703 984 2992 1042 conspectu
3020 974 3213 1040 judicis
3258 976 3339 1030 sui
3370 976 3730 1031 Christianum
3757 980 3970 1032 nomine

2389 1063 2720 1127 Ursicinum,
2774 1075 2887 1119 arte
2928 1065 3229 1132 medicum,
3284 1069 3493 1126 natione
3524 1070 3804 1137 Ligurum,
3849 1081 3968 1139 post

2391 1154 2557 1209 nimia
2590 1164 2852 1209 tormenta
2881 1157 3161 1224 capitalem
3193 1159 3467 1228 accepisse
3526 1162 3865 1225 sententiam,
3911 1171 3969 1216 et

2382 1262 2505 1301 cum
2558 1247 2667 1316 jam
2700 1248 2912 1302 videret
2937 1264 3057 1303 eum
3085 1252 3294 1305 venisse
3332 1252 3397 1305 ad
3454 1254 3679 1320 palmam
3706 1264 3760 1308 et
3800 1270 3964 1323 expao

2384 1340 2543 1396 visse.
2560 1338 2871 1393 exclamavit
2893 1358 2905 1393 :
2930 1339 3184 1405 Noli,nisi
3208 1338 3445 1413 [F.noli]
3473 1342 3712 1397 Ursicine
3738 1344 3960 1411 medice,

2382 1430 2469 1499 qui
2490 1430 2624 1484 alios
2649 1445 2841 1485 curare
2862 1432 3154 1495 consuesti,
3175 1433 3402 1500 teipsum
3435 1444 3646 1488 :eternte
3668 1437 3855 1489 mortis
3879 1438 3963 1505 ja-

2381 1523 2503 1575 colo
2532 1520 2846 1576 vulnerare:
2872 1531 2925 1575 et
2953 1523 3039 1591 qui
3064 1538 3159 1592 per
3182 1526 3454 1591 passiones
3476 1527 3666 1580 nimias
3684 1527 3869 1581 venisti
3895 1528 3959 1581 ad

2384 1612 2635 1679 palmam,
2692 1624 2947 1665 coronam
2991 1627 3018 1664 a
3055 1613 3276 1667 Domino
3307 1615 3402 1667 tibi
3456 1627 3805 1683 przeparatam
3835 1633 3961 1686 per-

2381 1704 2531 1758 dere.
2578 1704 2811 1757 Audiens
2839 1705 2951 1759 ha-c
2982 1705 3259 1760 Ursicinus
3288 1723 3425 1776 genu
3457 1711 3652 1774 posuit,
3694 1719 3749 1764 et
3774 1710 3964 1778 epicu-

2383 1794 2603 1847 latoretn
2654 1805 2707 1847 ut
2760 1794 2963 1860 feriret,
2998 1797 3339 1851 hortabatur:
3386 1813 3549 1868 agens
3601 1801 3959 1868 prettitentiam

1974 1907 2196 1961 l'IlllTlO
2240 1905 2739 1962 llOLLANDIANA.

676 2020 923 2089 episcopi
964 2035 1083 2073 eum
1132 2021 1406 2074 innumera
1452 2021 1789 2073 multitudine.
1820 2030 2139 2089 martyrum.
2182 2020 2238 2074 V.

2376 1996 2641 2064 pitationis
2672 2013 2887 2064 pavere,
2932 2000 3252 2055 exclamavit
3278 2001 3461 2055 dicens
3488 2021 3499 2055 ε
3527 2002 3664 2067 Noli,
3697 2006 3823 2070 noli,
3855 2005 3960 2060 Ur-

692 2095 746 2146 ln
790 2092 1003 2146 civitate
1033 2092 1238 2144 Tharso
1265 2089 1462 2144 Cilicize.
1507 2093 1683 2143 natale
1711 2092 1765 2143 S.
1798 2090 2044 2143 tiastnrii.
2079 2093 2131 2144 lu
2175 2091 2269 2144 Ni-

686 2163 923 2215 comedia
954 2161 1153 2215 Antitni
1186 2161 1441 2228 episcopi.
1481 2160 1543 2212 Et
1567 2169 1590 2195 ⁸
1618 2160 1872 2222 Stephani
1905 2162 2165 2226 episcopi.
2200 2164 2264 2217 Α.

691 2230 757 2286 Τ.
791 2232 852 2285 L.
887 2232 969 2294 R.,
1020 2230 1073 2283 In
1122 2231 1424 2285 Nicomedia
1480 2229 1536 2283 S.
1596 2231 1828 2284 Anthimi
1880 2232 2137 2296 episcopi.
2184 2231 2268 2295 R.,

694 2302 952 2368 Stephani
978 2302 1235 2367 episcopi.
1270 2300 1519 2353 Antonini
1547 2301 1861 2367 presbyteri.
1898 2305 1963 2355 A.
1990 2301 2053 2354 Τ.
2087 2301 2150 2355 L.
2184 2302 2267 2365 ll.,

689 2383 743 2440 et
773 2373 822 2425 iu
858 2372 1089 2440 Aigypto
1117 2372 1380 2437 depositio
1412 2370 1637 2423 Victoris
1658 2414 1672 2434 ,
1709 2372 1919 2426 Maximi
1941 2411 1956 2435 ,
1992 2372 2266 2434 Martiani,

692 2438 718 2478 δ
749 2438 977 2505 Paulini,
1000 2441 1247 2495 Germani
1274 2441 1347 2511 [et
1379 2440 1670 2511 Germani].
1691 2441 1774 2506 L.,
1801 2442 2036 2494 Castoris
2065 2452 2118 2493 et
2145 2443 2266 2495 Ste-

693 2513 850 2577 phani
897 2512 1156 2579 episcopi.
1188 2515 1274 2573 A.,
1309 2512 1507 2565 Eodem
1550 2512 1636 2563 die
1687 2512 1943 2564 Noviomo
1977 2513 2262 2579 translatio

689 2578 964 2635 beatorum
996 2588 1015 2612 τ
1044 2583 1315 2635 Mnmulini
1360 2591 1410 2633 et
1447 2582 1683 2633 llttnoois
1703 2623 1718 2645 ,
1744 2592 1902 2643 atque
1938 2581 1999 2635 S.
2030 2578 2055 2618 ἀ
2085 2581 2265 2634 Code-

688 2652 853 2705 bertae
884 2653 1119 2720 virginis.
1147 2653 1235 2713 Τ..
1269 2652 1457 2704 eodem
1491 2651 1577 2703 die.
1608 2651 1659 2704 in
1692 2652 1910 2705 civitate
1938 2652 2145 2703 Tharso
2169 2652 2269 2705 Ci-

692 2722 828 2776 licia:
859 2722 1034 2777 natale
1055 2724 1115 2777 S.
1140 2722 1397 2774 Castoris.
1421 2722 1487 2775 Τ.
1515 2721 1599 2786 L.,
1625 2731 1678 2775 et
1707 2723 1758 2775 in
1788 2721 2009 2775 civitate
2034 2722 2265 2775 Militana

688 2791 915 2845 militum
968 2793 1233 2846 llertuetis
1271 2803 1318 2843 et
1372 2792 1557 2854 Eppei.
1589 2792 1676 2856 T.,
1716 2791 2049 2861 Presbyteri.
2094 2793 2176 2856 IL,
2210 2792 2261 2845 itt

689 2862 837 2917 Litlia
869 2862 1086 2926 Geue-i,
1118 2861 1379 2925 Sodoclis,
1413 2861 1620 2914 Marini.

755 3014 845 3067 ‘28.
874 3043 946 3057 -υ
975 3013 1036 3065 IV
1065 3014 1197 3067 ΚΑι..
1234 3023 1257 3050 ο
1281 3013 1464 3068 Passio
1492 3013 1549 3070 S.
1590 3012 1607 3050 ι
1639 3015 1817 3067 Vitalis
1850 3014 2116 3084 martyris.

759 3104 949 3159 Florus
995 3105 1141 3159 addit
1185 3107 1234 3158 in
1286 3108 1349 3160 Α.
1383 3106 1447 3159 Τ.
1482 3106 1565 3173 L.,
1595 3107 1693 3173 Qui
1738 3106 1863 3159 dum
1912 3106 2099 3161 fuisset
2141 3121 2262 3160 cum

690 3196 911 3250 Paulino
950 3197 1133 3266 judice
1174 3213 1272 3253 suo
1302 3199 1611 3253 Ravennam
1646 3201 1915 3269 ingressus
1935 3240 1952 3265 ,
1982 3208 2035 3255 et
2058 3199 2264 3253 videret

686 3290 737 3343 in
762 3300 1049 3359 conspectu
1074 3307 1171 3345 suo
1199 3292 1482 3361 quemdam
1505 3293 1888 3359 Christianum,
1919 3294 2133 3349 nomine
2157 3292 2259 3347 Ur-

2380 2086 2549 2140 sicine
2578 2088 2804 2153 medice,
2837 2105 2884 2159 q-
2912 2090 2927 2143 i
2957 2090 3093 2143 alios
3124 2106 3310 2145 curare
3351 2094 3695 2159 consuevisti,
3729 2096 3952 2161 teipsmn

2375 2186 2579 2229 :eterno
2627 2178 2818 2230 mortis
2857 2179 3036 2245 jacqu
3078 2181 3358 2234 vulnerare
3407 2181 3694 2251 (Hactenus
3745 2184 3871 2255 A.);
3905 2197 3959 2239 et

2374 2267 2462 2334 qui
2512 2284 2605 2335 per
2657 2271 2935 2339 passiones
2986 2272 3175 2327 nimias
3224 2273 3417 2327 venisti
3465 2274 3529 2327 ad
3583 2276 3848 2343 palmam,
3891 2293 3957 2331 ne

2374 2361 2565 2429 perdas
2616 2377 2870 2416 coronam
2918 2379 2946 2416 a
2998 2363 3225 2419 Domino
3277 2365 3365 2419 tibi
3420 2378 3786 2435 praeparatam.
3830 2368 3953 2423 Haec

2372 2452 2596 2507 audiens
2632 2452 2904 2508 Ursicinus
2950 2471 3088 2524 genu
3135 2458 3341 2523 posuit,
3381 2467 3435 2511 et
3474 2459 3848 2526 spiculatorem
3894 2468 3952 2513 nt

2378 2546 2584 2599 veniret
2628 2546 2891 2610 hortatur,
2924 2562 3086 2615 agens
3117 2550 3485 2616 pmnitentiatn
3517 2549 3655 2619 quod
3698 2550 3949 2615 expavis-

2369 2644 2451 2689 set
2482 2636 2533 2690 in
2563 2635 2761 2690 Christi
2793 2638 3067 2708 martyrio.
3121 2638 3368 2708 Fecitque
3396 2641 3577 2693 statim
3606 2641 3718 2709 ipse
3764 2638 3949 2696 Vitatis

2369 2746 2566 2797 corpus
2609 2733 2860 2803 martyris
2892 2732 3045 2799 rapi,
3086 2732 3313 2786 et'intra
3345 2732 3728 2785 Ravettnatiutn
3761 2734 3947 2786 urbem

2377 2822 2595 2891 sepeliri
2628 2839 2751 2877 cum
2784 2823 2989 2878 honore
3016 2823 3250 2878 maximo
3276 2841 3288 2877 :
3313 2824 3383 2879 ob
3411 2840 3568 2893 quam
3600 2839 3811 2878 causam
3834 2824 3953 2890 ipse

2378 2912 2633 2965 Paulinus
2663 2928 2786 2967 cum
2814 2913 2981 2968 teneri
3015 2914 3289 2967 mandavit
3321 2933 3337 2967 :
3362 2922 3416 2967 et
3444 2913 3567 2983 quia
3598 2914 3751 2968 idalis
3781 2916 3951 2967 sacri-

2373 3004 2534 3058 ficare
2565 3004 2911 3073 contempsit,
2946 3006 2996 3059 in
3032 3004 3240 3060 foveam
3268 3021 3437 3074 usque
3468 3006 3532 3060 ad
3571 3021 3762 3075 aquam
3796 3005 3946 3075 supi-

2372 3111 2499 3150 num
2534 3094 2660 3149 fecit
2690 3095 2950 3166 demergi,
2981 3108 3037 3151 et
3064 3106 3202 3151 terra
3231 3112 3293 3151 ac
3321 3098 3583 3165 lapidibus
3617 3099 3790 3153 obrui.

2445 3198 2643 3253 Eodem
2675 3198 2764 3254 die
2795 3199 2986 3254 natalis
3008 3200 3067 3255 S.
3099 3210 3123 3247 κ
3146 3200 3515 3271 Christophori
3548 3211 3702 3257 mari.

2444 3290 2632 3343 Florus
2678 3289 2729 3344 itt
2762 3292 2827 3343 Λ.
2858 3300 2913 3345 et
2944 3291 3031 3356 L.,
3065 3291 3262 3345 Eodem
3305 3290 3391 3345 die
3434 3290 3691 3345 Bituricas
3728 3291 3944 3347 civitate

685 3383 910 3437 sicinum
930 3426 945 3451 ,
982 3394 1098 3452 post
1140 3386 1299 3440 nimia
1336 3396 1596 3443 tormenta
1640 3387 1709 3441 ob
1750 3388 2070 3443 sententiam
2102 3386 2259 3440 deca-
2288 3371 2334 3432 C
2367 3382 2628 3451 depositio
2660 3382 2716 3437 S.
2750 3381 2772 3416 ιι
2801 3380 2996 3437 Ensicii
3028 3381 3262 3452 episcopi
3293 3391 3347 3437 et
3376 3381 3699 3438 confessoris
3731 3381 3944 3452 (Hacte-

2090 3495 2297 3553 SMITH
2335 3493 2562 3550 ΝΟΤΛΕ.

576 3649 587 3660 .
679 3610 821 3664 dicat
865 3612 923 3665 S.
973 3611 1314 3665 Anastasittm
1360 3614 1774 3681 Origen’starnm
1826 3614 2051 3667 ltmresin
2120 3627 2249 3665 con-

686 3683 989 3734 tlemnasse.
1020 3682 1343 3734 Adhortatus
1370 3693 1451 3737 est
1481 3686 1637 3736 Afros
1666 3684 1827 3736 etiam
1852 3722 1866 3743 .
1897 3694 1948 3736 ut
1978 3683 2046 3736 de
2075 3684 2251 3735 hmrc-

686 3754 910 3802 ticorum
941 3760 994 3803 et
1022 3752 1483 3805 sebismaticornm
1518 3754 1917 3807 Donatistarum
1965 3754 2168 3806 insidiis
2198 3763 2251 3803 et

686 3820 1118 3890 improbitatibus
1149 3822 1295 3873 nullo
1325 3823 1484 3875 modo
1511 3825 1874 3877 dissimulent.
1908 3823 2000 3877 Via
2042 3836 2253 3890 quoque

687 3888 1001 3962 Mamurtina
1031 3892 1080 3942 itt
1112 3892 1240 3946 urbe
1278 3892 1443 3945 Roma
1478 3893 1601 3947 fecit
1630 3894 1903 3947 basilicam
1926 3934 1941 3957 ,
1973 3888 2090 3962 qua:
2120 3888 2254 3945 dit-i-

690 3970 774 4011 tnr
823 3960 1195 4015 Crescentiana
1255 3962 1306 4014 in
1363 3964 1581 4029 regione
1635 3968 1907 4023 secunda.
1960 3960 2013 4017 nt
2070 3964 2255 4017 scribit

689 4031 1000 4083 Anastasius
1032 4032 1464 4086 hibliothecarius
1493 4034 1562 4087 de
1598 4034 1727 4087 Vitis
1760 4036 2088 4098 pontilicutu.
2117 4034 2256 4087 Mor-

692 4110 813 4171 tuus
842 4110 923 4155 est
952 4116 1091 4155 anno
1119 4101 1225 4156 402
1246 4145 1261 4168 ,
1291 4114 1344 4158 et
1375 4105 1614 4171 sepultus
1644 4107 1694 4159 itt
1723 4107 2038 4161 coatneterio
2066 4120 2163 4159 suo
2190 4102 2256 4158 ad

635 4217 640 4223 .
686 4169 879 4225 Ursum
912 4172 1190 4226 Pilcatum.

682 4317 899 4379 tyrum,
948 4310 1036 4375 qui
1086 4323 1151 4361 eo
1219 4320 1458 4373 tempore
1513 4314 1883 4379 persecutione
1934 4313 2247 4368 Diocletiani

687 4378 826 4449 passi
860 4387 1002 4449 s_uat,
1043 4380 1300 4449 Eusebius
1331 4382 1381 4432 in
1418 4378 1559 4435 Eccl.
1595 4383 1755 4449 Hist.,
1784 4398 1897 4447 vui,
1932 4383 1987 4445 6,
2020 4384 2097 4437 sic
2118 4386 2250 4437 scri-

688 4446 761 4498 hit
785 4461 798 4498 :
833 4467 848 4496 ι
872 4447 1020 4500 Tunc
1049 4448 1208 4501 etiam
1237 4450 1522 4504 Anthimus
1554 4446 1806 4505 Et-clesim
1834 4453 2255 4508 Nicomediensis

2425 3607 2451 3646 ἀ
2481 3608 2795 3664 ϐοιίρὸριοιω.
2828 3609 2904 3662 De
2938 3608 3037 3663 hoc
3063 3608 3183 3664 vide
3215 3610 3235 3663 1
3270 3609 3485 3675 Aprilis.

2430 3690 2453 3717 ⁸
2488 3679 2768 3746 Perperam
2801 3680 2851 3732 itt
2888 3679 2949 3734 D.
2976 3691 3029 3733 et
3059 3680 3146 3745 V.,
3187 3681 3364 3733 Passio
3393 3679 3592 3732 Romae.

2436 3748 2455 3787 ι
2493 3748 2692 3803 Vitalis.
2730 3769 2746 3800 ι
2777 3749 3038 3804 Incertum
3088 3762 3295 3818 tempus
3345 3748 3609 3818 passionis
3654 3760 3752 3805 est.
3798 3753 3927 3808 Bre-

2364 3820 2585 3874 viarium
2615 3819 2949 3873 Warmiense
2987 3836 3237 3875 excusum
3279 3834 3421 3873 anno
3452 3817 3588 3874 1516
3617 3819 3674 3873 S.
3710 3820 3929 3878 Vitalem

2361 3899 2602 3959 tempore
2646 3890 2871 3945 Neronis
2920 3905 3133 3956 passum
3196 3892 3363 3945 fuisse
3413 3900 3674 3943 memorat
3715 3904 3810 3947 :et
3864 3897 3930 3949 ad

2363 3961 2504 4014 idem
2536 3969 2745 4027 tempus
2777 3976 2878 4015 ms.
2915 3960 3220 4015 Bodecense
3252 3960 3563 4031 martyrium
3595 3960 3653 4015 S.
3696 3960 3924 4018 Ursicini

2369 4032 2553 4084 refert.
2580 4031 2767 4084 Omnia
2797 4046 2926 4084 mss.
2954 4033 3053 4084 sub
3077 4031 3300 4086 Paulino
3329 4031 3593 4085 consulari
3622 4045 3927 4089 coronatum

2370 4100 2551 4165 aiunt;
2584 4100 2669 4155 hic
2717 4116 2841 4154 vero
2889 4102 2932 4153 si
2964 4102 3024 4155 C.
3070 4102 3357 4156 Suetonius
3390 4101 3637 4155 Paulinus
3686 4102 3823 4165 fuit,
3871 4114 3931 4157 ut

2370 4171 2553 4225 Rnlieo
2594 4172 2804 4239 placet,
2835 4170 2923 4241 qui
2969 4186 3112 4225 anno
3143 4171 3211 4225 66
3256 4182 3311 4226 et
3359 4171 3582 4225 Neronis
3630 4170 3695 4225 12
3738 4177 3925 4230 consul

2368 4242 2500 4303 fuit;
2549 4253 2706 4307 atque
2730 4283 2746 4307 ,
2781 4252 2838 4294 ut
2886 4258 2951 4294 ex
2980 4242 3164 4296 Tacito
3211 4250 3460 4304 constat,
3497 4243 3551 4294 in
3582 4242 3717 4295 bello
3743 4247 3882 4311 quod
3906 4286 3923 4309 ,

2365 4312 2619 4366 defuncto
2648 4312 2857 4367 Nerone
2886 4327 2947 4365 ac
2968 4312 3153 4383 Galba,
3186 4312 3325 4368 Otho
3353 4328 3473 4383 cum
3505 4312 3716 4366 Vitellio
3740 4314 3921 4383 gessit,

2366 4384 2647 4435 multarum
2697 4384 2969 4453 copiarum
3020 4382 3225 4446 ductor,
3273 4384 3330 4440 S.
3384 4382 3568 4436 Vitatis
3616 4382 3920 4453 martyrium

2366 4468 2468 4505 non
2495 4453 2718 4506 multum
2751 4455 2817 4505 ah
2848 4452 3072 4519 imperio
3098 4454 3321 4507 Neronis
3348 4463 3488 4506 esset
3516 4452 3915 4509 removendum.

686 4516 973 4592 episcopus
1017 4518 1085 4570 ob
1129 4518 1522 4592 confessionem
1556 4522 1752 4575 ChriSIi
1802 4524 1850 4575 in
1891 4524 2076 4575 eadem
2121 4525 2251 4578 urbe
2283 4527 2330 4585 ο
2360 4523 2413 4576 Si
2447 4538 2573 4576 vero
2603 4524 2822 4591 epistola
2857 4516 2941 4575 illa
2971 4561 2988 4586 ,
3021 4540 3139 4591 qua:
3168 4527 3334 4592 prima
3388 4524 3505 4577 libri
3544 4524 3753 4590 septimi
3785 4530 3921 4579 inter

684 4588 857 4649 capite
890 4596 1164 4660 truncatus
1190 4601 1294 4660 est.
1332 4591 1461 4643 llnic
1493 4593 1740 4655 adjuncta
1773 4605 1851 4644 est
1885 4593 2072 4660 ingens
2104 4609 2243 4647 mar-

685 4667 858 4731 tyrum
887 4658 1185 4731 multitudo.
1213 4659 1420 4729 Quippe.
1468 4662 1654 4714 iisdem
1699 4662 1888 4715 diebus
1930 4658 2111 4717 nescio
2146 4679 2251 4731 quo

682 4741 809 4780 casu
845 4730 893 4781 in
927 4730 1121 4796 palatio
1150 4732 1438 4784 excitatum
1470 4742 1550 4785 est
1582 4732 1906 4786 incendium.
1941 4733 2106 4799 (anus
2126 4730 2246 4787 cum

680 4805 895 4851 nostros
923 4810 1166 4854 auctores
1211 4800 1374 4855 fuisse
1401 4802 1643 4868 publicos
1675 4819 1856 4856 l‘lhtOl'
1903 4802 2034 4855 falsa
2074 4804 2250 4869 suspi-

678 4872 832 4950 cio-ne
856 4881 1125 4950 jactasset,
1157 4874 1413 4950 imperiali
1458 4877 1607 4945 jussu
1638 4891 1893 4950 quotquot
1939 4883 2046 4934 illic
2092 4892 2251 4937 erant

681 4937 772 5021 Dei
805 4942 1068 5021 caltores,
1108 4937 1389 5021 acervatim
1421 4937 1545 5021 cum
1582 4937 1691 5003 suis
1730 4937 1940 5003 fainiliis
1963 4990 1977 5013 ,
2010 4952 2099 5004 alii
2134 4954 2252 5021 gla-

676 5008 1061 5086 dio,_llann_nis
1096 5013 1197 5086 alii
1251 5019 1546 5086 censntnpti
1599 5022 1819 5085 petiere.
1871 5008 2019 5075 'I‘unc
2070 5008 2250 5077 divina

675 5078 901 5145 quadam
945 5082 1218 5137 alacritate
1258 5086 1450 5139 conciti
1477 5078 1613 5140 'viri'
1642 5091 1795 5141 simul
1848 5100 1904 5144 et
1955 5090 2161 5144 femina:
2198 5093 2250 5145 itt

676 5150 1178 5230 ardentem-rogum
1228 5155 1473 5209 insiliisse
1525 5158 1793 5211 dicuntur.
1850 5160 1993 5212 Alios
2040 5176 2253 5230 quoque

677 5220 1093 5296 ittnutnerabiles
1126 5224 1335 5296 vinctos
1381 5235 1434 5277 et
1477 5230 1687 5293 scaphis
1719 5230 1991 5296 impositos
2012 5267 2029 5293 ,
2059 5220 2252 5286 car-ui-

674 5288 882 5364 licesnin
916 5291 1228 5364 profundum
1262 5311 1406 5348 mare
1437 5288 1729 5364 projecere.
1764 5320 1783 5351 ι

743 5366 767 5391 ⁸
801 5359 1069 5429 S:epltam'.
1103 5363 1363 5417 Incertum
1397 5378 1472 5417 ρει
1504 5359 1607 5433 quo
1640 5368 1753 5421 loco
1797 5369 1879 5419 hic
1927 5379 1979 5422 et
2029 5369 2243 5423 Antoni-

676 5441 774 5506 nus
804 5433 941 5506 passi
975 5441 1264 5506 sunt,_nam
1296 5436 1343 5486 itt
1374 5435 1761 5506 Martyrologiis
1790 5454 1927 5491 nunc
1976 5455 2094 5491 cttm
2141 5445 2249 5494 Att--

674 5495 840 5575 thimo
884 5499 1268 5575 Nicontediensi
1294 5543 1310 5568 ,
1342 5495 1526 5575 nunc'
1552 5495 1688 5559 ειιιιῖ
1718 5511 1941 5562 Castore
1996 5509 2247 5563 Tarsensi

669 5572 978 5645 junguntur.
1002 5572 1304 5627 Secundum
1338 5574 1638 5629 Ferrariutn
1684 5580 1733 5631 in
1762 5582 2002 5645 catalogo
2029 5595 2246 5633 sancto-

671 5638 867 5711 t‘uut
906 5641 1200 5711 Antoninus
1233 5659 1415 5711 passus
1446 5658 1523 5700 est
1556 5647 1710 5701 Luca:
1741 5652 1791 5703 in
1821 5638 2078 5703 'l'ltttscia.

741 5702 767 5739 1’
799 5709 880 5780 βε,
920 5710 1148 5774 Paulini,
1177 5702 1438 5780 Germani,
1470 5733 1585 5768 cum
1612 5702 1867 5773 aliisscx.

667 5843 709 5899 Ο
744 5784 765 5899 ἶ
798 5776 1149 5901 gamma/eui.
1195 5784 1359 5852 llnjus
1398 5776 1656 5855 depositio
1693 5793 1994 5845 celebratur
2033 5789 2118 5845 die
2162 5807 2246 5844 λιιι

712 5860 739 5900 c
766 5862 796 5899 0
841 5865 934 5901 rts.

712 5860 934 5901 ClODl‘IS.

2353 4596 2604 4659 epistolas
2652 4593 2712 4648 S.
2759 4593 3020 4646 Ambrosii
3074 4595 3323 4657 refertur,
3372 4610 3494 4647 vere
3546 4594 3603 4648 S.
3648 4595 3915 4650 Ambrosii

2353 4674 2435 4717 est
2461 4705 2475 4726 ,
2506 4680 2609 4731 qua
2658 4664 2875 4734 scilicet
2910 4663 3070 4717 Italia:
3112 4665 3375 4734 episcopis
3406 4672 3463 4734 et
3488 4664 3799 4718 Christianis
3837 4666 3918 4719 di-

2353 4734 2475 4785 vino
2508 4736 2711 4787 ntonitu
2758 4749 2815 4785 se
2867 4732 3398 4803 invenisse‘corpora
3448 4733 3547 4789 SS.
3580 4734 3815 4789 Gervasii
3857 4747 3913 4791 et

2354 4804 2573 4858 Protasii
2608 4806 2869 4873 significat
2895 4806 3251 4875 ,tnartvrittm
3285 4806 3399 4875 ejus
3441 4810 3505 4857 ad
3558 4818 3752 4858 annum
3792 4807 3912 4872 161,

2350 4875 2686 4929 referendum
2718 4876 2837 4928 erit.
2887 4874 3017 4927 Nam
3048 4877 3097 4929 in
3133 4874 3404 4930 lihelload
3436 4884 3592 4941 caput
3618 4890 3803 4931 eorum
3830 4877 3911 4930 itt-

2352 4955 2540 5009 veoto,
2575 4945 2884 5011 parentibus
2931 4946 3192 4999 decennio
3241 4946 3555 5013 superstites
3613 4944 3813 5009 fuisse,
3857 4960 3912 5001 et

2350 5014 2490 5067 bello
2522 5015 2946 5068 Marcomannieo
2978 5032 3071 5081 pro
3101 5016 3312 5070 Christo
3339 5019 3460 5069 caesi
3495 5016 3761 5069 dicuntur.
3805 5017 3913 5072 Hoc

2351 5100 2477 5137 vero
2508 5085 2702 5139 bellum
2732 5100 2871 5138 anno
2909 5087 3024 5148 I't'l,
3058 5088 3158 5140 sub
3182 5087 3399 5141 Aurelio
3425 5103 3487 5141 ac
3520 5085 3656 5139 Vero
3687 5090 3913 5155 impera-

2350 5156 2550 5208 toribus
2577 5201 2592 5218 ,
2622 5168 2827 5220 gestum
2881 5157 2977 5209 fuit
3006 5173 3019 5219 ;
3069 5159 3264 5211 nullius
3296 5159 3397 5212 hoc
3446 5156 3658 5211 nomine
3687 5157 3910 5212 alterius

2348 5224 2469 5297 belli
2517 5237 2641 5279 ante
2690 5225 2803 5279 haec
2849 5238 3088 5291 tempora
3122 5230 3324 5297 uspiam
3374 5227 3506 5282 facta
3560 5227 3847 5283 mentione.
3887 5246 3908 5279 ι

2349 5294 2617 5349 Βοιιλκυ.

2417 5375 2442 5411 κ
2469 5366 2840 5432 (ἐΙινὶειορΙιονὶ.
2873 5366 2973 5428 Qui
3005 5376 3328 5422 memorator
3353 5378 3405 5423 et
3431 5383 3459 5422 a
3491 5366 3707 5421 Rabano
3729 5408 3745 5431 ,
3777 5377 3830 5421 et
3854 5366 3910 5423 in

2344 5434 2677 5507 quihusdam,
2710 5451 2841 5489 mss.
2890 5438 3294 5507 Martyrologiis.
3340 5441 3392 5492 In
3436 5438 3662 5504 quodatn
3714 5441 3914 5506 scripto

2343 5505 2629 5559 t-at'thttsiae
2663 5505 3247 5562 Bruxellensis‘dicitur
3276 5508 3548 5563 translatio
3576 5509 3635 5562 S.
3667 5505 3909 5561 Christo-

2344 5576 2519 5641 phori.
2546 5575 2689 5646 Dies
2731 5587 2904 5631 autem
2936 5580 3050 5645 ejus
3099 5579 3289 5635 natalis
3333 5591 3581 5634 censetur
3611 5595 3710 5632 xxv
3739 5580 3907 5646 Julii,

2341 5659 2495 5713 quem
2525 5645 2663 5697 them
2699 5646 2819 5701 vide
2857 5649 3008 5702 infra.

2414 5712 2437 5749 ιι
2469 5713 2681 5769 Ensict‘i.
2740 5718 2834 5771 llic
2886 5734 2987 5773 non
3038 5719 3507 5789 fuit‘episcopus,
3556 5720 3647 5774 sed
3700 5728 3906 5775 tantum

2343 5789 2616 5854 presbyter
2648 5797 2701 5839 et
2754 5791 3048 5853 confessor,
3079 5802 3130 5843 et
3160 5792 3354 5845 dicitur
3386 5794 3434 5843 in
3471 5792 3690 5844 Domino
3718 5790 3908 5845 deces-

2342 5872 2477 5911 SlS:e
2510 5858 2593 5912 die
2623 5872 2765 5912 χλιιι
2790 5860 3046 5916 Novemb.
3080 5860 3353 5918 Ferrarius
3380 5863 3429 5919 in
3459 5862 3716 5930 catalogo.
