4240 6456
348 424 456 483 893

1477 422 1671 479 SECT.
1716 422 1778 478 ll.
1816 452 1888 466 -—
1927 420 2489 479 MARTYBOLOCIA.

3519 431 3623 489 εοι

1602 534 1830 590 EDITIO
1868 533 2334 593 COLONIENSIS.

345 632 487 704 quod
544 630 864 700 expavisset.

348 728 486 782 idem
538 724 850 787 Ursicinus,
892 719 1078 775 Vitalis
1128 722 1264 775 intra
1320 720 1705 775 Ravennatium
1747 722 1930 775 urbem

345 833 469 873 eum
496 813 761 883 sepelivit,
793 812 857 865 ad
882 811 1116 880 judicem
1152 810 1287 865 ultra
1322 813 1504 865 venire
1535 812 1647 879 ipse
1690 822 1933 865 conteru-

348 923 503 963 nens.
533 905 735 959 Teutas
764 911 848 959 est
880 904 1058 971 itaque
1101 918 1129 956 a
1184 903 1406 958 Paulino
1450 905 1741 970 consulari,
1783 906 1851 959 ob
1883 906 1930 958 id

349 1000 578 1055 maxime
608 996 825 1060 factum,
856 995 995 1065 quod
1031 996 1330 1051 Ursicinum
1389 998 1503 1051 suis
1545 999 1932 1055 exltortatiotti-

351 1096 449 1147 bus
482 1090 815 1153 roborasset,
841 1098 890 1142 et
934 1098 1055 1156 post
1104 1088 1311 1155 cqttttlei
1344 1098 1603 1142 tormenta
1633 1091 1810 1156 jussus
1851 1099 1934 1144 est

350 1182 564 1252 perduci
613 1181 676 1235 ad
723 1181 957 1234 Palmam
993 1179 1170 1250 (locus
1197 1193 1373 1233 autem
1406 1180 1495 1234 ubi
1533 1180 1933 1235 decollabantnr

349 1273 660 1338 Christiani,
686 1274 785 1325 boc
816 1270 1046 1325 habebat
1070 1271 1407 1337 vocabulum,
1433 1286 1499 1325 eo
1540 1272 1680 1341 quod
1712 1273 1935 1328 arbores

348 1365 538 1435 palma:
565 1364 671 1418 illic
701 1365 929 1433 essent),
954 1374 1005 1419 et
1033 1362 1168 1417 facta
1200 1363 1375 1429 fovea,
1406 1378 1682 1431 quousque
1726 1364 1932 1417 inveni-

350 1467 495 1512 retur
514 1472 673 1527 aqua,
705 1456 778 1511 ibi
810 1457 1031 1525 supinus
1059 1456 1356 1525 depositus,
1390 1466 1441 1509 et
1475 1466 1616 1509 terra
1646 1471 1710 1509 ac
1742 1454 1931 1522 lapidi-

350 1547 451 1603 bus
499 1558 581 1602 est
628 1563 937 1616 oppressus.
990 1546 1330 1601 Alexandriae
1380 1555 1579 1600 sanctze
1639 1544 1934 1599 Tlteodorac

352 1638 592 1708 virginis,
622 1638 688 1692 de
709 1654 809 1708 qua
841 1638 1026 1693 beatus
1052 1638 1366 1692 Ambrosius
1389 1637 1598 1691 scribit:
1629 1652 1745 1706 quze
1765 1638 1933 1690 sacri-

354 1729 514 1784 ficare
557 1737 943 1791 cootemnens,
1000 1729 1051 1783 in
1112 1729 1330 1798 lupanar
1372 1728 1588 1793 tradita,
1650 1729 1783 1782 miro
1840 1727 1931 1782 Dci

350 1821 533 1876 lavere
588 1832 667 1874 est
702 1836 905 1889 erepta.
962 1826 1183 1876 Astante
1221 1823 1416 1890 quippe
1464 1821 1576 1891 jam
1627 1823 1691 1875 ad
1739 1822 1931 1875 ostium

350 1913 500 1967 cella
547 1913 884 1969 multitudine
938 1914 1190 1980 juvenum
1241 1914 1656 1981 impudicorum,
1713 1923 1931 1980 repente

945 628 1120 697 thue
1166 627 1480 699 martyrium
1532 630 1930 683 consummavit
1956 634 2001 687 A
2033 639 2084 681 et
2120 639 2423 683 sanctorum
2454 629 3088 701 Apltrodisii,Caralippi,
3111 635 3294 704 Agapii
3321 646 3370 691 et
3401 638 3611 693 Eusebii

2038 732 2352 788 ltlttt'lyt'tttn.

2105 814 2170 867 G.
2204 815 2266 869 Ill
2296 812 2430 869 Kac.
2466 816 2863 884 Marc—Apud
2893 818 3159 872 civitatem
3191 818 3486 875 Sanctonas
3529 838 3624 874 tta-

2037 905 2142 957 tale
2193 908 2359 959 sancti
2420 907 2668 974 Eutropis
2723 908 3000 978 martyris,
3031 909 3118 977 qui
3163 927 3191 963 a
3234 911 3290 964 Β.
3343 912 3616 965 Clemente

2035 999 2287 1067 episc0po
2315 999 2549 1052 directus
2580 998 2631 1053 in
2663 998 2884 1063 Callias,
2918 1001 2985 1053 ab
3024 1000 3211 1053 eodem
3258 1005 3417 1056 etiam
3441 1008 3617 1071 ponti-

2036 1088 2203 1142 ficalis
2232 1088 2436 1143 ordinis
2462 1092 2627 1158 gratia
2655 1100 3026 1157 consecratus,
3059 1092 3275 1158 impleto
3309 1092 3463 1160 hujus
3495 1094 3618 1146 offi-

2035 1180 2101 1233 cii
2126 1180 2336 1244 ordine,
2369 1193 2581 1250 peracta
2615 1182 2665 1235 in
2694 1181 2990 1237 incredulis
3022 1186 3416 1251 prmdicatione,
3450 1186 3622 1239 insur-

2034 1271 2275 1337 gentibus
2300 1272 2535 1339 paganis,
2563 1272 2702 1325 illiso
2724 1273 2895 1340 capite
2913 1275 3081 1327 victor
3099 1274 3363 1330 occubuit.
3386 1276 3620 1346 Denique

2038 1368 2158 1428 post
2200 1361 2361 1413 tnnlta
2406 1377 2665 1415 annorum
2697 1364 2898 1431 spatia,
2933 1380 3051 1417 cum
3086 1364 3353 1419 Palladius
3380 1366 3619 1436 ejusdem

2036 1448 2184 1503 urbis
2216 1452 2518 1518 episcopus,
2551 1461 2605 1505 et
2647 1467 2765 1505 cum
2799 1468 2863 1507 eo
2893 1454 2982 1507 alii
3016 1455 3109 1509 viri
3160 1456 3251 1508 Dei
3281 1472 3476 1525 corpus
3505 1457 3622 1527 ejus

2038 1543 2254 1595 honoris
2276 1543 2437 1597 debiti
2466 1543 2633 1611 gratia
2654 1546 2703 1598 in
2723 1546 2992 1600 basilicam
3017 1563 3206 1601 novam
3235 1550 3608 1615 transferrent,

2037 1642 2276 1685 reserato
2306 1634 2635 1704 sarcophago
2666 1637 3008 1705 contemplati
3040 1648 3165 1692 sunt
3188 1640 3489 1696 cicatricem
3520 1658 3622 1695 ca-

2036 1723 2181 1788 pitis,
2230 1737 2332 1791 qua
2384 1725 2433 1776 in
2482 1734 2631 1792 parte
2661 1724 2893 1779 defixum
2942 1727 3109 1781 fuerat
3138 1730 3340 1783 securis
3369 1745 3620 1786 acumen.

2033 1815 2273 1881 Cumque
2297 1816 2536 1883 sequenti
2571 1826 2724 1869 nocte
2755 1820 3067 1871 stravissent
3114 1821 3420 1874 sacerdotes
3454 1839 3622 1877 mem-

2036 1904 2128 1957 bra
2161 1906 2350 1973 quieti,
2376 1907 2620 1973 apparuit
2647 1908 2722 1961 eis
2748 1924 2839 1975 per
2864 1910 3031 1963 visum
3063 1912 3279 1966 dicens:
3305 1914 3617 1969 Cicatricem

349 2004 562 2070 quidam
610 2020 674 2058 ex
708 2004 978 2068 fratribus,
1014 2006 1269 2076 Didymus
1313 2006 1549 2070 nomine,
1580 2004 1767 2072 plenus
1799 2004 1922 2071 ﬁde,
1961 1988 2004 2047 Β
2034 2008 2190 2062 quam
2224 1997 2567 2064 εοηινῐηριυῑῖ
2593 1998 2723 2051 esus
2756 2000 2807 2051 ῖη
2831 2004 3025 2068 οθρίιθ.
3056 2002 3246 2056 εοῖῐοῑθ
3267 2018 3461 2071 meper
3490 2021 3608 2060 eam

349 2095 611 2150 divinitus
656 2096 967 2165 inspiratus,
993 2107 1207 2165 sumpto
1237 2096 1448 2150 militari
1498 2096 1697 2159 habitu,
1729 2096 1930 2163 primus

353 2188 574 2257 lupanar
616 2189 848 2256 irrupit,
919 2200 971 2242 et
1024 2200 1222 2243 sanctae
1274 2188 1463 2256 virgini
1513 2204 1609 2243 cur
1659 2188 1929 2251 venisset,

349 2295 644 2346 exponens,
693 2278 766 2333 illi
814 2280 1069 2333 militares
1096 2279 1314 2346 imponit
1339 2280 1575 2345 exuvias,
1622 2278 1736 2348 ipse
1770 2275 1929 2344 virgi-

351 2372 457 2426 nali
510 2379 660 2426 veste
705 2370 962 2425 induitur.
1023 2371 1112 2424 Sic
1143 2371 1290 2438 virgo
1336 2383 1569 2437 egressa,
1615 2378 1669 2423 et
1702 2383 1730 2419 a
1787 2366 1931 2421 nullo

352 2462 554 2526 agnita,
586 2460 650 2513 ad
681 2460 949 2513 civitatem
984 2458 1191 2525 fugiens
1212 2462 1400 2512 evasit.
1435 2458 1690 2526 Didymus
1720 2457 1928 2527 praesidi

351 2551 662 2616 exhibitas,
713 2560 766 2605 et
821 2565 980 2605 omne
1038 2552 1230 2604 factum
1273 2560 1580 2605 constanter
1626 2565 1930 2620 exponens,

351 2646 707 2699 (IliriStiantnn
761 2659 820 2699 se
870 2659 991 2699 esse
1036 2641 1338 2707 confessus,
1387 2644 1596 2698 absciso
1624 2644 1797 2713 capite
1824 2644 1930 2712 igni

354 2738 581 2790 traditus
606 2746 705 2792 est.
734 2737 888 2791 Deata
912 2752 1120 2805 quoque
1149 2735 1316 2803 virgo,
1346 2750 1462 2804 qua!
1494 2751 1590 2804 pro
1620 2735 1810 2789 tuenda
1845 2735 1931 2788 iti-

356 2827 601 2895 tegritate
650 2842 716 2883 ex
770 2830 1006 2894 lupanari
1050 2828 1374 2897 profugerat,
1406 2841 1586 2882 amore
1610 2841 1823 2881 Corona!
1866 2825 1933 2879 ad

355 2919 586 2973 stadium
615 2933 878 2987 regressa,
906 2917 1062 2971 simul
1086 2933 1207 2971 cum
1240 2917 1464 2986 Didymo
1489 2931 1759 2983 percussa,
1778 2915 1935 2970 simul

356 3017 612 3062 coronata
643 3018 744 3063 est.
780 3008 834 3062 In
869 3007 1150 3062 Pannoniis
1177 3006 1344 3061 saneti
1379 3005 1633 3060 Pollionis
1665 3004 1933 3074 martyris,

2036 2088 2351 2155 martyrium
2381 2102 2797 2143 consummasse.
2834 2090 2961 2144 Item
2991 2104 3291 2145 sanctorum
3324 2094 3538 2149 Mariani
3558 2107 3612 2149 et

2033 2173 2238 2240 Jacobi,
2270 2191 2493 2245 quorum
2526 2178 2669 2245 prior
2701 2182 2886 2245 lector,
2937 2196 3165 2249 sequens
3211 2184 3467 2238 diaconus
3488 2184 3606 2239 fuit.

2038 2265 2219 2319 Retine
2248 2269 2415 2320 sancti
2439 2267 2574 2322 Cleti
2603 2283 2772 2338 papae,
2807 2271 2894 2338 qni
2922 2273 3108 2324 tertius
3135 2282 3249 2340 post
3277 2274 3487 2327 Petrum
3514 2278 3619 2328 lto-

2038 2373 2211 2412 manaa
2241 2359 2384 2412 urbis
2415 2360 2774 2429 episcOpatum
2803 2364 2956 2415 annis
2988 2363 3053 2416 12
3082 2364 3286 2429 habuit,
3326 2374 3379 2418 et
3419 2365 3613 2419 ibidem

2041 2450 2298 2520 martyrio
2321 2462 2605 2506 coronatus
2628 2464 2730 2517 est,
2761 2454 2861 2508 sub
2889 2454 3187 2510 Domitiano
3211 2456 3548 2526 imperatore,
3565 2468 3620 2512 et

2038 2547 2205 2598 sancti
2239 2544 2450 2597 Maximi
2482 2546 2750 2615 martyris.

2109 2637 2171 2688 A.
2198 2632 2351 2687 Peto.
2383 2633 2512 2689 Kac.
2548 2634 2692 2690 Matt.
2712 2665 2782 2675 —
2802 2635 2984 2691 Romae
3012 2640 3177 2691 sancti
3198 2640 3397 2705 Quirini
3418 2640 3616 2696 tribuni

2039 2726 2384 2796 etmartyris,
2420 2728 2518 2779 sub
2565 2726 2793 2791 Traiano
2848 2729 3197 2796 imperatore;
3235 2732 3320 2799 qui
3372 2746 3494 2786 eum
3549 2749 3616 2787 ex

2044 2827 2311 2884 praecepto
2357 2819 2473 2884 ejus
2496 2816 2715 2886 beatum
2744 2819 3104 2874 Alexandrum
3155 2837 3364 2891 papam,
3396 2835 3451 2878 et
3482 2824 3619 2879 Her--

2044 2922 2165 2961 men
2197 2906 2509 2975 prchcctum
2569 2908 2621 2962 in
2678 2910 2885 2964 vincula
2914 2912 3254 2981 conjecisset,
3291 2915 3621 2986 haberetque

2044 3002 2204 3056 filiam
2249 3002 2401 3069 cujus
2440 3004 2633 3058 collum
2675 3013 2875 3059 struma
2920 3007 3379 3075 circumdederat,
3423 3012 3621 3065 auditis

702 3174 705 3175 ,
1596 3114 1822 3170 EDITIO
1861 3113 2363 3171 BOLLANDIANA.

359 3230 460 3268 nua
489 3209 604 3281 L.),
630 3212 717 3281 qui
760 3220 925 3266 totum
974 3224 1161 3265 aurum
1192 3218 1243 3264 et
1288 3209 1499 3264 divitias
1542 3207 1700 3278 hujus
1744 3208 1927 3264 mundi
1956 3210 2000 3272 C
2037 3206 2511 3285 __D;,_Paphtim
2563 3208 2588 3247 ιι
2639 3210 2853 3285 Tychici
2921 3214 3280 3281 apostolorum
3351 3216 3622 3285 discipuli-

360 3315 613 3373 tanquam
642 3315 877 3357 stercora
910 3302 1203 3355 exhorruit.

432 3397 521 3459 A.,
558 3394 755 3448 Eodem
786 3394 873 3447 die
914 3393 1177 3460 depositio
1209 3392 1265 3448 S.
1297 3399 1321 3426 ³³
1348 3391 1667 3445 Winwaloei
1708 3392 1925 3447 confes—

360 3465 520 3519 soris.
548 3464 630 3529 L.,
657 3464 1175 3518 Etcommemoratio
1199 3462 1560 3515 translationis
1588 3462 1928 3526 reliquiarum

358 3535 420 3590 S.
450 3533 479 3574 δ
504 3534 768 3589 Lamberti
800 3535 1032 3601 episcopi
1077 3543 1131 3586 et
1156 3533 1447 3603 martyris.
1474 3533 1570 3603 illi”
1601 3531 1652 3584 in
1691 3532 1926 3603 Alexan-

361 3607 475 3659 dria
525 3606 699 3658 natale
745 3604 804 3659 S.
836 3604 1114 3657 Vit-turiui.
1150 3602 1202 3656 ln
1248 3601 1415 3655 'l'arso
1460 3601 1655 3655 Cilicia:
1710 3601 1929 3656 Marinte

363 3691 487 3729 cum
536 3676 654 3729 aliis
682 3689 841 3729 ccxx.
877 3673 931 3728 In
964 3673 1138 3727 Africa
1184 3672 1357 3726 natale
1394 3672 1492 3727 SS.
1520 3673 1749 3736 Malinii,
1783 3671 1931 3725 Mau-

364 3744 490 3809 rilli,
519 3744 742 3811 Lucani,
767 3760 885 3799 cum
917 3744 1039 3798 aliis
1067 3759 1261 3798 cccxx.
1297 3745 1350 3795 In
1376 3742 1646 3796 Pannonia
1676 3746 1697 3773 ο
1724 3742 1936 3797 Eusebii

359 3817 618 3884 episcopi.
652 3815 935 3869 Cornubiaa
977 3825 1088 3867 nat.
1118 3817 1177 3868 S.
1207 3813 1558 3884 Guingualoei
1589 3812 1937 3868 confessoris.

430 3907 685 3963 εει-ιιι
715 3906 848 3963 Kac.
888 3907 1046 3961 Vacat
1077 3907 1250 3961 Baeda.

2037 3277 2323 3361 V3118”
2350 3279 2417 3361 In“
2437 3277 2762 3361 slent-diis
2808 3277 3079 3361 natale-8.
3106 3277 3621 3361 Geftnaubpresby.

2037 3347 2158 3404 teri.
2192 3347 2275 3411 Β..
2308 3361 2362 3403 et
2394 3355 2417 3380 "
2448 3351 2683 3404 Prostoci
2711 3351 2941 3405 diaconi.
2968 3353 3026 3407 V.
3064 3354 3123 3409 L.
3175 3355 3255 3416 Β..
3290 3357 3341 3409 in
3368 3347 3619 3413 Nicome-

2037 3419 2121 3494 dia
2159 3420 2448 3494 Prudentii,
2482 3421 2733 3494 Martialis
2914 3422 3199 3494 Martiani].
3239 3425 3322 3487 Β..
3352 3423 3419 3480 Ει
3443 3428 3619 3482 Theo-

2036 3488 2180 3559 dore:
2248 3490 2486 3559 virginis.
2542 3495 2606 3545 Α.
2666 3488 2902 3557 Τ.ἰι.,
2964 3493 3016 3547 ln
3073 3488 3375 3549 Nicomedia
3446 3501 3619 3554 natale

2036 3558 2095 3636 S_.
2114 3558 2322 3636 _l.lrba_ni
2342 3558 2400 3636 et
2432 3560 2689 3636 Valentini
2719 3560 2828 3636 [L._,
2856 3562 3255 3636 Valentiniani].
3277 3567 3374 3636 N'l'.,
3398 3567 3457 3619 Et
3476 3568 3613 3621 Mar-

2038 3628 2199 3706 tialis.
2256 3632 2318 3683 Et
2367 3631 2643 3706 depositio»
2675 3628 2739 3686 δῖ
2793 3633 3085 3706 Pr_ttdeutii.
3135 3628 3235 3701 A.,'
3266 3635 3332 3690 Et
3356 3638 3618 3706 depositio

2041 3697 2101 3754 S.
2135 3697 2381 3755 Germani
2415 3697 2645 3770 episcOpi
2668 3712 2721 3756 et
2743 3704 3084 3758 confessoris.

2117 3797 2289 3854 30.—
2307 3798 2347 3852 ll
2371 3799 2509 3855 Kac.
2536 3799 2699 3854 Vacat
2727 3803 2897 3857 lla-da.

2123 3889 2309 3947 Florus
2366 3893 2417 3946 in
2469 3895 2534 3948 A.
2565 3892 2629 3947 Τ.
2657 3892 2740 3959 L.,
2772 3894 2951 3949 Romae
2975 3894 3238 3965 depositio
3267 3896 3325 3954 S.
3364 3895 3383 3935 ί
3416 3897 3620 3966 Quirini

1766 4001 1971 4057 SMlTll
2009 4001 2235 4062 NOTAE.

438 4100 462 4128 ι
491 4092 807 4146 Winwulori.
850 4092 1000 4146 Circa
1046 4108 1239 4146 annum
1270 4093 1394 4149 455.
1430 4093 1527 4147 Hic
1571 4105 1724 4148 natus
1765 4104 1847 4149 est
1876 4097 1926 4149 in

365 4164 634 4218 Britannia
664 4163 954 4225 Al‘lllDl‘it'a,
980 4164 1116 4231 regia
1142 4164 1306 4233 stirpe
1330 4164 1660 4218 nobilitatem
1686 4168 1926 4219 trahens.

364 4234 615 4288 Traditur
650 4233 952 4287 edocendus
998 4233 1210 4286 Budoco
1257 4234 1487 4287 cnidatn.
1515 4236 1556 4291 Α
1593 4236 1649 4288 S.
1702 4235 1931 4290 Patricio

364 4315 523 4359 noctu
556 4313 844 4370 apparente
890 4303 1173 4356 instrttetns
1215 4304 1279 4355 ad
1323 4304 1549 4359 insulam
1586 4305 1928 4371 TOpepigiam

364 4389 473 4428 una
520 4388 639 4426 cum
673 4374 915 4426 undecim
964 4373 1123 4426 sociis
1172 4375 1430 4437 secessit,
1479 4374 1654 4436 ibique
1703 4376 1932 4430 triennio

370 4446 675 4512 permansit.
700 4445 814 4508 Quo
835 4442 1070 4508 expleto,
1095 4444 1356 4497 transiens
1386 4460 1528 4498 mare
1558 4442 1926 4500 Landeveneci

2104 4094 2133 4135 ἀ
2158 4097 2385 4171 Τῃτίιίεἱ.
2412 4097 2540 4166 Ejus
2558 4098 2820 4171 frequens
2861 4102 2917 4155 llt
2945 4102 3146 4157 mentio
3174 4102 3223 4155 in
3254 4103 3355 4157 SS.
3375 4103 3621 4171 Scriptu-

2035 4169 2131 4223 ris.
2166 4168 2218 4251 iu
2245 4168 2501 4251 Catalogo
2532 4169 2804 4251 Hippolyti
2836 4174 3094 4251 martyris.
3109 4174 3362 4251 statuitur
3405 4168 3612 4251 episco-

2036 4253 2134 4307 pus
2164 4238 2509 4304 Colopltouis.
2534 4238 2705 4294 Graeci
2733 4238 2804 4293 Vin
2840 4238 3130 4306 Menologio
3158 4238 3489 4308 imperatoris
3514 4246 3617 4301 Ba-

2034 4309 2136 4362 silii
2165 4308 2603 4378 Porpltyrogeniti
2632 4312 2873 4365 scribunt
2896 4328 2929 4365 ll
2967 4314 3272 4367 Decembris
3290 4315 3610 4371 Sostlienem

2036 4380 2264 4445 primum
2290 4380 2452 4452 fuisse
2475 4381 2779 4448 episcopum
2804 4380 3155 4450 Colophonis,
3174 4394 3228 4438 et
3250 4384 3541 4452 Tychicum
3564 4389 3612 4441 ei

2034 4452 2385 4505 successisse.
2440 4451 2493 4504 ln
2545 4452 2759 4519 synopsi
2793 4452 3107 4518 praferente
3140 4451 3331 4507 nomen
3365 4455 3614 4512 Dorotliei

373 4514 751 4600 monasterium
782 4514 1041 4600 exsirttxit
1064 4514 1448 4600 Lz'nhi'excepit
1480 4514 1834 4600 Cradlouumm
1847 4531 1932 4569 re-
1961 4538 2013 4600 υ
2037 4520 2518 4600 ςρίερο·ρί,“ς1ἰρίίυ.ι·
2547 4514 2811 4600 Ἱξγεῑῐίευέ
2843 4524 3041 4587 primus
3066 4524 3349 4600 episcopus
3390 4525 3617 4579 Chalce-

366 4599 487 4653 gem
514 4584 849 4637 occiduornrn
879 4583 1321 4636 Cornnbiensitnu
1352 4625 1367 4647 ,
1397 4593 1449 4636 et
1480 4584 1743 4653 instruxit.
1791 4584 1930 4637 'l‘an-

367 4652 490 4707 dem
539 4663 656 4719 post
708 4654 865 4706 vitam
915 4654 1185 4705 miraculis
1236 4655 1444 4721 plenam
1492 4652 1619 4707 obiit
1673 4670 1699 4703 v
1753 4654 1931 4708 Nonas

367 4721 584 4779 Martias
612 4764 626 4785 ,
655 4725 995 4791 sepultusque
1037 4732 1119 4775 est
1166 4723 1217 4776 in
1264 4725 1486 4777 ecclesia
1534 4724 1700 4787 lignea
1728 4764 1743 4788 ,
1774 4740 1927 4789 quam

371 4796 488 4860 ipse
524 4794 755 4860 iusserat
791 4794 1062 4853 construi;
1090 4794 1179 4846 sed
1228 4804 1407 4853 postea
1438 4795 1721 4847 translatus
1754 4804 1834 4847 est
1864 4796 1929 4847 ad

372 4864 627 4930 majorem
658 4863 933 4916 ecclesiam
966 4876 1014 4914 tv
1042 4863 1156 4917 Kal.
1184 4861 1299 4916 Maii
1327 4904 1341 4924 ,
1375 4880 1478 4932 quo
1506 4864 1592 4917 die
1637 4864 1933 4917 celebratur

372 4934 489 5000 ejus
516 4934 804 5004 solenuitas
827 4973 841 4993 ,
876 4949 940 5004 ne
969 4933 1393 5000 Quadragesima:
1438 4942 1646 5003 tempus
1677 4933 1931 5004 impedia-

372 5011 479 5057 tur.
509 5005 635 5056 Aera
663 5003 799 5067 apud
831 5002 1066 5057 llolland.

443 5071 472 5111 δ
497 5072 767 5126 Lambertr'.
812 5073 1052 5142 Episcopi
1084 5073 1437 5139 Trajectensis
1457 5114 1472 5138 ,
1503 5073 1593 5140 qui
1636 5074 1802 5139 primo
1850 5088 1934 5127 se-

372 5144 548 5212 pultus
576 5153 657 5196 est
686 5143 822 5209 apud
843 5142 1164 5209 Trajectum,
1196 5146 1247 5198 in
1277 5144 1495 5197 ecclesia
1524 5145 1578 5199 S.
1606 5143 1769 5205 Petri,
1797 5145 1936 5197 unde

377 5222 497 5282 post
521 5212 797 5266 duodecim
823 5228 990 5267 annos
1017 5216 1301 5267 translatus
1323 5223 1426 5279 est,
1453 5229 1572 5268 cum
1600 5216 1728 5267 sede
1753 5214 1937 5266 cathe-

373 5282 526 5341 drali,
558 5298 585 5335 a
620 5283 680 5337 Β.
707 5282 962 5347 llnberto,
997 5285 1061 5336 ad
1094 5284 1269 5337 villam
1304 5282 1543 5351 Legiam,
1576 5293 1700 5337 tunc
1722 5284 1935 5351 quidem

379 5352 1047 5423 ignobilemLotltaringim
1075 5354 1272 5415 vicum,
1304 5355 1395 5406 sed
1420 5354 1673 5423 martyrio
1697 5363 1749 5405 et
1778 5355 1937 5405 mira-

374 5423 512 5476 culis
544 5422 807 5477 Latnbcrti
854 5424 1206 5478 nobilitatum.
1237 5423 1362 5490 Ejus
1412 5422 1569 5477 etiam
1602 5425 1938 5490 patrocinan-

375 5493 516 5546 tibus
560 5493 762 5547 meritis
810 5494 1140 5558 postmodum
1178 5503 1535 5547 commutatur
1566 5496 1617 5546 in
1648 5492 1938 5547 celeberri-

376 5576 516 5615 mam
559 5563 825 5616 civitatem
854 5577 973 5630 qua:
996 5564 1153 5615 modo
1180 5562 1432 5615 Leoditun
1460 5564 1672 5625 dicitur,
1700 5572 1754 5616 et
1782 5569 1941 5629 caput

374 5642 459 5687 est
501 5632 660 5685 totius
688 5633 901 5685 ditionis
930 5632 1254 5686 Leodiensis.
1287 5633 1407 5684 Dies
1455 5635 1642 5686 natalis
1681 5633 1738 5687 S.
1787 5633 1939 5685 Lam-

376 5703 511 5756 berti
534 5712 617 5755 est
636 5716 738 5755 xvn
758 5703 927 5770 Sept.,
951 5718 1104 5771 quem
1129 5702 1265 5755 vide.
1293 5702 1528 5755 Molanus
1543 5704 1608 5755 de
1626 5703 1722 5756 SS.
1752 5702 1935 5769 llelgii.

451 5772 727 5896 ἷὶιίιηεὸζὶ.
755 5772 902 5827 l’assi
931 5774 1027 5826 sub
1060 5772 1382 5828 Diocletiano
1408 5772 1459 5825 in
1487 5772 1618 5828 urbe
1642 5772 1939 5828 Cibalitana

499 5856 746 5896 annonis.

372 5841 428 5894 in
459 5842 746 5898 l’anttonia.

2038 4592 2260 4661 donisin
2288 4591 2552 4661 Bithynia.
2579 4592 2631 4644 In
2656 4607 2754 4645 ms.
2774 4606 2947 4658 trra-co
2970 4595 3107 4660 regis
3130 4594 3315 4647 Galliae
3361 4606 3611 4648 narratur

2036 4659 2300 4730 Tycliicus
2327 4659 2624 4729 Neapoleos
2654 4662 2704 4714 in
2746 4664 2919 4730 Cypro
2958 4665 3240 4729 episcopus
3267 4663 3614 4716 constitutus.

2040 4728 2309 4784 Usuardns
2338 4728 2536 4801 tamen,
2570 4728 2833 4801 Bellinns,
2858 4731 3184 4801 Maurolycus
3232 4740 3286 4784 et
3336 4732 3452 4796 alii,
3484 4748 3605 4786 eum

2035 4801 2303 4869 appellant
2330 4799 2608 4854 diaconum
2636 4799 2772 4867 apud
2803 4799 3071 4867 Paphum;
3092 4800 3358 4854 Boccaun.

2111 4894 2134 4922 ⁸
2166 4887 2419 4941 Prostoci.
2469 4888 2523 4942 In
2572 4889 2833 4958 aliquibus
2865 4888 3254 4961 Martyrologiis
3296 4888 3487 4943 dicitur
3520 4890 3605 4946 ltic

2036 4957 2357 5013 Nicomedia:
2385 4973 2593 5029 passus.

2112 5066 2132 5106 ί
2178 5068 2402 5135 Quirini.
2448 5068 2622 5126 Locus
2646 5070 2993 5140 depositionis
3032 5072 3099 5125 ita
3130 5072 3390 5128 indicatur
3424 5074 3475 5125 in
3505 5084 3606 5125 ms.

2036 5138 2276 5194 Romano
2303 5142 2451 5194 ducis
2479 5138 2783 5210 Altempsii:
2827 5142 3006 5195 Romae
3034 5142 3088 5197 in
3117 5143 3425 5197 cmmeterio
3457 5142 3600 5195 Prze—
3640 5146 3651 5171 θ

2038 5213 2220 5282 textati
2251 5211 2513 5282 depositio
2542 5213 2743 5277 Quirini
2774 5213 3034 5281 episcopi:
3058 5214 3251 5282 quibus
3280 5212 3491 5265 additur
3519 5210 3609 5282 Via

2038 5280 2224 5352 Appia,
2256 5281 2305 5333 in
2329 5296 2429 5335 ms.
2456 5282 2641 5352 codice
2662 5280 2873 5352 Reginae
2893 5280 3116 5337 Sueciaé.
3138 5284 3296 5351 Cujus
3327 5282 3424 5335 loci
3449 5281 3607 5335 fuerit

2038 5350 2318 5417 episc0pus
2364 5351 2634 5416 Quirinus,
2668 5350 2771 5404 non
2805 5353 3099 5406 indicatur:
3151 5350 3221 5405 et
3255 5353 3427 5405 nullus
3474 5353 3612 5405 inter

2040 5420 2306 5473 llomanos
2336 5420 2614 5490 episc0pos
2646 5424 2732 5475 tali
2764 5425 2979 5476 nomine
3024 5423 3260 5490 signatus
3313 5434 3608 5490 comparet.

2043 5491 2150 5542 lmo
2178 5492 2349 5543 forsan
2382 5492 2502 5543 alibi
2553 5503 2810 5560 many-no
2854 5502 3138 5547 coronatus
3183 5500 3286 5553 est,
3319 5504 3369 5544 et
3415 5506 3608 5557 corpus

2043 5560 2260 5613 Romam
2285 5560 2539 5626 delatum,
2571 5562 2622 5614 in
2650 5565 2956 5617 cterneterio
2983 5563 3283 5617 Praztextati
3330 5561 3411 5614 via
3435 5562 3601 5627 Appia

2041 5630 2334 5698 depositum
2386 5631 2500 5683 fuit.
2558 5632 2691 5685 lnfra
2721 5634 2970 5685 scribitur
3005 5651 3017 5684 :
3054 5632 3234 5684 Roma:
3282 5631 3602 5696 Pnetextati,

2041 5702 2265 5765 Quirini.
2298 5700 2447 5771 Quod
2482 5703 2581 5755 hoc
2611 5703 2767 5755 modo
2794 5702 2981 5771 corrigi
3030 5703 3271 5758 videtur:
3327 5704 3509 5757 llomte
3551 5703 3604 5757 'tn

2042 5772 2349 5827 cmmeterio
2380 5770 2711 5839 Prmtextati,
2742 5770 2965 5840 Quirini.
