  <div class='ocr_page' id='page_1' title='image "/cluster/home/n/w/nwhite01/storage/ocr_20150623/94/umn.31951002477387e/453.png"; bbox 0 0 4240 6512; ppageno 0'>
   <div class='ocr_carea' id='block_1_1' title="bbox 590 389 737 460">
    <p class='ocr_par' dir='ltr' id='par_1_1' title="bbox 590 389 737 460">
     <span class='ocr_line' id='line_1_1' title="bbox 590 389 737 460; baseline -0.014 0"><span class='ocrx_word' id='word_1_1' title='bbox 590 389 599 400; x_wconf 88' lang='grc'><strong><em>“</em></strong></span> <span class='ocrx_word' id='word_1_2' title='bbox 631 405 737 460; x_wconf 71' lang='lat'><strong>835</strong></span> 
     </span>
    </p>
   </div>
   <div class='ocr_carea' id='block_1_2' title="bbox 1379 390 3147 453">
    <p class='ocr_par' dir='ltr' id='par_1_2' title="bbox 1379 390 3147 453">
     <span class='ocr_line' id='line_1_2' title="bbox 1379 390 3147 453; baseline -0.004 0"><span class='ocrx_word' id='word_1_3' title='bbox 1379 398 1580 453; x_wconf 69' lang='lat' dir='ltr'><strong>BEDA‘J</strong></span> <span class='ocrx_word' id='word_1_4' title='bbox 1623 394 2073 452; x_wconf 78' lang='lat' dir='ltr'><strong>VENERABILIS</strong></span> <span class='ocrx_word' id='word_1_5' title='bbox 2110 393 2261 449; x_wconf 88' lang='lat' dir='ltr'><strong>OPP.</strong></span> <span class='ocrx_word' id='word_1_6' title='bbox 2305 392 2481 449; x_wconf 74' lang='lat' dir='ltr'><strong>PARS</strong></span> <span class='ocrx_word' id='word_1_7' title='bbox 2522 392 2612 447; x_wconf 85' lang='lat' dir='ltr'><strong>IV.</strong></span> <span class='ocrx_word' id='word_1_8' title='bbox 2653 422 2721 432; x_wconf 89' lang='lat'>—</span> <span class='ocrx_word' id='word_1_9' title='bbox 2761 390 3147 449; x_wconf 74' lang='lat' dir='ltr'><strong>HISTORICA.</strong></span> 
     </span>
    </p>
   </div>
   <div class='ocr_carea' id='block_1_3' title="bbox 3806 392 3916 448">
    <p class='ocr_par' dir='ltr' id='par_1_3' title="bbox 3806 392 3916 448">
     <span class='ocr_line' id='line_1_3' title="bbox 3806 392 3916 448; baseline -0.036 1"><span class='ocrx_word' id='word_1_10' title='bbox 3806 392 3916 448; x_wconf 75' lang='lat'><strong>596</strong></span> 
     </span>
    </p>
   </div>
   <div class='ocr_carea' id='block_1_4' title="bbox 1879 504 2612 562">
    <p class='ocr_par' dir='ltr' id='par_1_4' title="bbox 1879 504 2612 562">
     <span class='ocr_line' id='line_1_4' title="bbox 1879 504 2612 562; baseline -0.004 -1"><span class='ocrx_word' id='word_1_11' title='bbox 1879 508 1985 562; x_wconf 82' lang='lat' dir='ltr'><strong>EDI</strong></span> <span class='ocrx_word' id='word_1_12' title='bbox 2005 507 2105 561; x_wconf 82' lang='grc' dir='ltr'><strong>ΠΟ</strong></span> <span class='ocrx_word' id='word_1_13' title='bbox 2142 504 2612 561; x_wconf 74' lang='lat' dir='ltr'><strong>COLONIEN‘SIS.</strong></span> 
     </span>
    </p>
   </div>
   <div class='ocr_carea' id='block_1_5' title="bbox 638 591 3924 665">
    <p class='ocr_par' dir='ltr' id='par_1_5' title="bbox 638 591 3924 665">
     <span class='ocr_line' id='line_1_5' title="bbox 638 591 3924 665; baseline -0.003 -7"><span class='ocrx_word' id='word_1_14' title='bbox 638 604 1092 661; x_wconf 68' lang='lat' dir='ltr'><strong>rxlmrtationibus</strong></span> <span class='ocrx_word' id='word_1_15' title='bbox 1120 601 1257 656; x_wconf 88' lang='lat' dir='ltr'><strong>beati</strong></span> <span class='ocrx_word' id='word_1_16' title='bbox 1291 599 1501 656; x_wconf 68' lang='lat' dir='ltr'><strong>Hermae</strong></span> <span class='ocrx_word' id='word_1_17' title='bbox 1529 600 1596 654; x_wconf 89' lang='lat' dir='ltr'><strong>de</strong></span> <span class='ocrx_word' id='word_1_18' title='bbox 1627 600 1729 654; x_wconf 89' lang='lat' dir='ltr'><strong>lide</strong></span> <span class='ocrx_word' id='word_1_19' title='bbox 1753 599 1974 665; x_wconf 90' lang='lat' dir='ltr'><strong>Christi,</strong></span> <span class='ocrx_word' id='word_1_20' title='bbox 2017 608 2069 651; x_wconf 92' lang='lat' dir='ltr'><strong>ct</strong></span> <span class='ocrx_word' id='word_1_21' title='bbox 2095 597 2223 650; x_wconf 80' lang='lat' dir='ltr'><strong>visis</strong></span> <span class='ocrx_word' id='word_1_22' title='bbox 2254 603 2298 654; x_wconf 88' lang='lat' dir='ltr'><strong>A</strong></span> <span class='ocrx_word' id='word_1_23' title='bbox 2333 594 2536 650; x_wconf 78' lang='lat' dir='ltr'><strong>Dixitci</strong></span> <span class='ocrx_word' id='word_1_24' title='bbox 2564 596 2846 663; x_wconf 88' lang='lat' dir='ltr'><strong>Quirinus:</strong></span> <span class='ocrx_word' id='word_1_25' title='bbox 2877 593 2988 662; x_wconf 76' lang='lat' dir='ltr'><strong>Ego</strong></span> <span class='ocrx_word' id='word_1_26' title='bbox 3018 591 3337 648; x_wconf 69' lang='lat' dir='ltr'><strong>christianos</strong></span> <span class='ocrx_word' id='word_1_27' title='bbox 3357 607 3476 647; x_wconf 86' lang='lat' dir='ltr'><strong>sum</strong></span> <span class='ocrx_word' id='word_1_28' title='bbox 3508 593 3704 659; x_wconf 81' lang='lat' dir='ltr'><strong>factus,</strong></span> <span class='ocrx_word' id='word_1_29' title='bbox 3726 595 3808 649; x_wconf 84' lang='lat' dir='ltr'><strong>vis</strong></span> <span class='ocrx_word' id='word_1_30' title='bbox 3829 610 3924 652; x_wconf 81' lang='lat' dir='ltr'><strong>oc-</strong></span> 
     </span>
    </p>
   </div>
   <div class='ocr_carea' id='block_1_6' title="bbox 639 691 2224 764">
    <p class='ocr_par' dir='ltr' id='par_1_6' title="bbox 639 691 2224 764">
     <span class='ocr_line' id='line_1_6' title="bbox 639 691 2224 764; baseline -0.005 -13"><span class='ocrx_word' id='word_1_31' title='bbox 639 698 829 761; x_wconf 71' lang='lat' dir='ltr'><strong>signis,</strong></span> <span class='ocrx_word' id='word_1_32' title='bbox 864 711 979 764; x_wconf 71' lang='lat' dir='ltr'><strong>qum</strong></span> <span class='ocrx_word' id='word_1_33' title='bbox 1007 693 1258 747; x_wconf 81' lang='lat' dir='ltr'><strong>Dominus</strong></span> <span class='ocrx_word' id='word_1_34' title='bbox 1287 693 1338 747; x_wconf 91' lang='lat' dir='ltr'><strong>in</strong></span> <span class='ocrx_word' id='word_1_35' title='bbox 1368 694 1688 762; x_wconf 82' lang='lat' dir='ltr'><strong>martyribus</strong></span> <span class='ocrx_word' id='word_1_36' title='bbox 1710 693 1819 745; x_wconf 85' lang='lat' dir='ltr'><strong>suis</strong></span> <span class='ocrx_word' id='word_1_37' title='bbox 1851 691 2154 745; x_wconf 80' lang='lat' dir='ltr'><strong>Alexandro</strong></span> <span class='ocrx_word' id='word_1_38' title='bbox 2171 700 2224 744; x_wconf 90' lang='lat' dir='ltr'><strong>et</strong></span> 
     </span>
    </p>
   </div>
   <div class='ocr_carea' id='block_1_7' title="bbox 645 783 2224 854">
    <p class='ocr_par' dir='ltr' id='par_1_7' title="bbox 645 783 2224 854">
     <span class='ocr_line' id='line_1_7' title="bbox 645 783 2224 854; baseline -0.004 -13"><span class='ocrx_word' id='word_1_39' title='bbox 645 790 855 841; x_wconf 65' lang='lat' dir='ltr'><strong>Hermae</strong></span> <span class='ocrx_word' id='word_1_40' title='bbox 902 790 1274 854; x_wconf 86' lang='lat' dir='ltr'><strong>nperabatur,</strong></span> <span class='ocrx_word' id='word_1_41' title='bbox 1342 786 1510 850; x_wconf 82' lang='lat' dir='ltr'><strong>ipsam</strong></span> <span class='ocrx_word' id='word_1_42' title='bbox 1563 783 1804 836; x_wconf 83' lang='lat' dir='ltr'><strong>eamdem</strong></span> <span class='ocrx_word' id='word_1_43' title='bbox 1857 783 2012 834; x_wconf 80' lang='lat' dir='ltr'><strong>filiam</strong></span> <span class='ocrx_word' id='word_1_44' title='bbox 2074 797 2224 835; x_wconf 79' lang='lat' dir='ltr'><strong>suam</strong></span> 
     </span>
    </p>
   </div>
   <div class='ocr_carea' id='block_1_8' title="bbox 645 874 2223 931">
    <p class='ocr_par' dir='ltr' id='par_1_8' title="bbox 645 874 2223 931">
     <span class='ocr_line' id='line_1_8' title="bbox 645 874 2223 931; baseline -0.001 -3"><span class='ocrx_word' id='word_1_45' title='bbox 645 881 833 931; x_wconf 78' lang='lat' dir='ltr'><strong>obtulit</strong></span> <span class='ocrx_word' id='word_1_46' title='bbox 864 877 938 929; x_wconf 83' lang='lat' dir='ltr'><strong>eis</strong></span> <span class='ocrx_word' id='word_1_47' title='bbox 963 877 1027 929; x_wconf 92' lang='lat' dir='ltr'><strong>ad</strong></span> <span class='ocrx_word' id='word_1_48' title='bbox 1056 877 1372 928; x_wconf 84' lang='lat' dir='ltr'><strong>sanandum.</strong></span> <span class='ocrx_word' id='word_1_49' title='bbox 1403 877 1498 929; x_wconf 89' lang='lat' dir='ltr'><strong>Cui</strong></span> <span class='ocrx_word' id='word_1_50' title='bbox 1523 874 1653 928; x_wconf 78' lang='lat' dir='ltr'><strong>dixit</strong></span> <span class='ocrx_word' id='word_1_51' title='bbox 1675 875 1860 928; x_wconf 89' lang='lat' dir='ltr'><strong>beatus</strong></span> <span class='ocrx_word' id='word_1_52' title='bbox 1889 874 2223 927; x_wconf 75' lang='lat' dir='ltr'><strong>Alexander:</strong></span> 
     </span>
    </p>
   </div>
   <div class='ocr_carea' id='block_1_9' title="bbox 645 963 2224 1031">
    <p class='ocr_par' dir='ltr' id='par_1_9' title="bbox 645 963 2224 1031">
     <span class='ocr_line' id='line_1_9' title="bbox 645 963 2224 1031; baseline -0.003 -10"><span class='ocrx_word' id='word_1_53' title='bbox 645 969 797 1021; x_wconf 78' lang='lat' dir='ltr'><strong>Tolle</strong></span> <span class='ocrx_word' id='word_1_54' title='bbox 834 967 1008 1020; x_wconf 84' lang='lat' dir='ltr'><strong>boiam</strong></span> <span class='ocrx_word' id='word_1_55' title='bbox 1038 965 1105 1019; x_wconf 91' lang='lat' dir='ltr'><strong>de</strong></span> <span class='ocrx_word' id='word_1_56' title='bbox 1137 965 1275 1020; x_wconf 89' lang='lat' dir='ltr'><strong>collo</strong></span> <span class='ocrx_word' id='word_1_57' title='bbox 1308 981 1450 1030; x_wconf 92' lang='lat' dir='ltr'><strong>meo,</strong></span> <span class='ocrx_word' id='word_1_58' title='bbox 1483 973 1538 1019; x_wconf 91' lang='lat' dir='ltr'><strong>et</strong></span> <span class='ocrx_word' id='word_1_59' title='bbox 1567 964 1780 1029; x_wconf 90' lang='lat' dir='ltr'><strong>impone</strong></span> <span class='ocrx_word' id='word_1_60' title='bbox 1807 964 1877 1018; x_wconf 90' lang='lat' dir='ltr'><strong>ei.</strong></span> <span class='ocrx_word' id='word_1_61' title='bbox 1921 963 2075 1031; x_wconf 91' lang='lat' dir='ltr'><strong>Quod</strong></span> <span class='ocrx_word' id='word_1_62' title='bbox 2105 980 2224 1018; x_wconf 92' lang='lat' dir='ltr'><strong>cum</strong></span> 
     </span>
    </p>
   </div>
   <div class='ocr_carea' id='block_1_10' title="bbox 645 1055 2230 1127">
    <p class='ocr_par' dir='ltr' id='par_1_10' title="bbox 645 1055 2230 1127">
     <span class='ocr_line' id='line_1_10' title="bbox 645 1055 2230 1127; baseline -0.001 -17"><span class='ocrx_word' id='word_1_63' title='bbox 645 1067 796 1127; x_wconf 83' lang='lat' dir='ltr'><strong>pater</strong></span> <span class='ocrx_word' id='word_1_64' title='bbox 835 1057 1092 1111; x_wconf 85' lang='lat' dir='ltr'><strong>obediens</strong></span> <span class='ocrx_word' id='word_1_65' title='bbox 1120 1066 1494 1125; x_wconf 78' lang='lat' dir='ltr'><strong>exequeretur,</strong></span> <span class='ocrx_word' id='word_1_66' title='bbox 1528 1055 1706 1108; x_wconf 84' lang='lat' dir='ltr'><strong>divino</strong></span> <span class='ocrx_word' id='word_1_67' title='bbox 1762 1068 1890 1109; x_wconf 88' lang='lat' dir='ltr'><strong>nutu</strong></span> <span class='ocrx_word' id='word_1_68' title='bbox 1938 1067 2119 1109; x_wconf 76' lang='lat' dir='ltr'><strong>Sanata</strong></span> <span class='ocrx_word' id='word_1_69' title='bbox 2148 1064 2230 1108; x_wconf 81' lang='lat' dir='ltr'><strong>est</strong></span> 
     </span>
    </p>
   </div>
   <div class='ocr_carea' id='block_1_11' title="bbox 645 1148 2230 1216">
    <p class='ocr_par' dir='ltr' id='par_1_11' title="bbox 645 1148 2230 1216">
     <span class='ocr_line' id='line_1_11' title="bbox 645 1148 2230 1216; baseline -0.001 -14"><span class='ocrx_word' id='word_1_70' title='bbox 645 1150 848 1202; x_wconf 86' lang='lat' dir='ltr'><strong>subito.</strong></span> <span class='ocrx_word' id='word_1_71' title='bbox 867 1149 1171 1202; x_wconf 84' lang='lat' dir='ltr'><strong>Vocabatur</strong></span> <span class='ocrx_word' id='word_1_72' title='bbox 1201 1159 1377 1201; x_wconf 77' lang='lat' dir='ltr'><strong>autem</strong></span> <span class='ocrx_word' id='word_1_73' title='bbox 1408 1149 1518 1216; x_wconf 89' lang='lat' dir='ltr'><strong>ipsa</strong></span> <span class='ocrx_word' id='word_1_74' title='bbox 1547 1148 1961 1216; x_wconf 82' lang='lat' dir='ltr'><strong>Balbina,atque</strong></span> <span class='ocrx_word' id='word_1_75' title='bbox 1985 1148 2053 1200; x_wconf 80' lang='lat' dir='ltr'><strong>i:a</strong></span> <span class='ocrx_word' id='word_1_76' title='bbox 2085 1158 2230 1216; x_wconf 87' lang='lat' dir='ltr'><strong>pater</strong></span> 
     </span>
    </p>
   </div>
   <div class='ocr_carea' id='block_1_12' title="bbox 647 1237 2231 1309">
    <p class='ocr_par' dir='ltr' id='par_1_12' title="bbox 647 1237 2231 1309">
     <span class='ocr_line' id='line_1_12' title="bbox 647 1237 2231 1309; baseline 0.001 -19"><span class='ocrx_word' id='word_1_77' title='bbox 647 1239 768 1309; x_wconf 80' lang='lat' dir='ltr'><strong>ejus</strong></span> <span class='ocrx_word' id='word_1_78' title='bbox 798 1255 916 1292; x_wconf 90' lang='lat' dir='ltr'><strong>cum</strong></span> <span class='ocrx_word' id='word_1_79' title='bbox 947 1239 1232 1302; x_wconf 86' lang='lat' dir='ltr'><strong>universis,</strong></span> <span class='ocrx_word' id='word_1_80' title='bbox 1265 1239 1355 1307; x_wconf 91' lang='lat' dir='ltr'><strong>qui</strong></span> <span class='ocrx_word' id='word_1_81' title='bbox 1402 1237 1455 1291; x_wconf 89' lang='lat' dir='ltr'><strong>in</strong></span> <span class='ocrx_word' id='word_1_82' title='bbox 1483 1238 1722 1292; x_wconf 89' lang='lat' dir='ltr'><strong>custodia</strong></span> <span class='ocrx_word' id='word_1_83' title='bbox 1750 1239 2081 1301; x_wconf 87' lang='lat' dir='ltr'><strong>tenebantur,</strong></span> <span class='ocrx_word' id='word_1_84' title='bbox 2114 1252 2231 1291; x_wconf 83' lang='lat' dir='ltr'><strong>om-</strong></span> 
     </span>
    </p>
   </div>
   <div class='ocr_carea' id='block_1_13' title="bbox 654 1328 2238 1398">
    <p class='ocr_par' dir='ltr' id='par_1_13' title="bbox 654 1328 2238 1398">
     <span class='ocr_line' id='line_1_13' title="bbox 654 1328 2238 1398; baseline 0.001 -16"><span class='ocrx_word' id='word_1_85' title='bbox 654 1333 813 1398; x_wconf 85' lang='lat' dir='ltr'><strong>nique</strong></span> <span class='ocrx_word' id='word_1_86' title='bbox 843 1330 1004 1382; x_wconf 90' lang='lat' dir='ltr'><strong>domo</strong></span> <span class='ocrx_word' id='word_1_87' title='bbox 1052 1345 1143 1381; x_wconf 90' lang='lat' dir='ltr'><strong>sua</strong></span> <span class='ocrx_word' id='word_1_88' title='bbox 1180 1329 1478 1395; x_wconf 83' lang='lat' dir='ltr'><strong>baptizatus</strong></span> <span class='ocrx_word' id='word_1_89' title='bbox 1527 1339 1627 1382; x_wconf 87' lang='lat' dir='ltr'><strong>est.</strong></span> <span class='ocrx_word' id='word_1_90' title='bbox 1681 1329 1830 1394; x_wconf 89' lang='lat' dir='ltr'><strong>Quod</strong></span> <span class='ocrx_word' id='word_1_91' title='bbox 1863 1337 1919 1380; x_wconf 89' lang='lat' dir='ltr'><strong>ut</strong></span> <span class='ocrx_word' id='word_1_92' title='bbox 1972 1328 2238 1383; x_wconf 89' lang='lat' dir='ltr'><strong>nuntiavit</strong></span> 
     </span>
    </p>
   </div>
   <div class='ocr_carea' id='block_1_14' title="bbox 651 1419 2238 1490">
    <p class='ocr_par' dir='ltr' id='par_1_14' title="bbox 651 1419 2238 1490">
     <span class='ocr_line' id='line_1_14' title="bbox 651 1419 2238 1490; baseline 0.001 -17"><span class='ocrx_word' id='word_1_93' title='bbox 651 1419 1153 1474; x_wconf 84' lang='lat' dir='ltr'><strong>commentariensis</strong></span> <span class='ocrx_word' id='word_1_94' title='bbox 1183 1419 1670 1490; x_wconf 80' lang='lat' dir='ltr'><strong>Aureliauojudici,</strong></span> <span class='ocrx_word' id='word_1_95' title='bbox 1695 1422 1882 1486; x_wconf 87' lang='lat' dir='ltr'><strong>iratus,</strong></span> <span class='ocrx_word' id='word_1_96' title='bbox 1902 1422 2065 1487; x_wconf 75' lang='lat' dir='ltr'><strong>jussit</strong></span> <span class='ocrx_word' id='word_1_97' title='bbox 2092 1422 2154 1474; x_wconf 91' lang='lat' dir='ltr'><strong>ad</strong></span> <span class='ocrx_word' id='word_1_98' title='bbox 2179 1437 2238 1476; x_wconf 87' lang='lat' dir='ltr'><strong>se</strong></span> 
     </span>
    </p>
   </div>
   <div class='ocr_carea' id='block_1_15' title="bbox 651 1512 2236 1582">
    <p class='ocr_par' dir='ltr' id='par_1_15' title="bbox 651 1512 2236 1582">
     <span class='ocr_line' id='line_1_15' title="bbox 651 1512 2236 1582; baseline 0.003 -18"><span class='ocrx_word' id='word_1_99' title='bbox 651 1513 843 1566; x_wconf 86' lang='lat' dir='ltr'><strong>adduci</strong></span> <span class='ocrx_word' id='word_1_100' title='bbox 877 1513 1177 1579; x_wconf 84' lang='lat' dir='ltr'><strong>Quirinum,</strong></span> <span class='ocrx_word' id='word_1_101' title='bbox 1205 1521 1258 1566; x_wconf 91' lang='lat' dir='ltr'><strong>et</strong></span> <span class='ocrx_word' id='word_1_102' title='bbox 1287 1512 1416 1566; x_wconf 82' lang='lat' dir='ltr'><strong>dixit</strong></span> <span class='ocrx_word' id='word_1_103' title='bbox 1438 1513 1518 1567; x_wconf 89' lang='lat' dir='ltr'><strong>ei:</strong></span> <span class='ocrx_word' id='word_1_104' title='bbox 1555 1513 1664 1581; x_wconf 80' lang='lat' dir='ltr'><strong>Ego</strong></span> <span class='ocrx_word' id='word_1_105' title='bbox 1697 1523 1746 1565; x_wconf 86' lang='lat' dir='ltr'><strong>te</strong></span> <span class='ocrx_word' id='word_1_106' title='bbox 1773 1515 1924 1582; x_wconf 88' lang='lat' dir='ltr'><strong>quasi</strong></span> <span class='ocrx_word' id='word_1_107' title='bbox 1967 1515 2130 1567; x_wconf 81' lang='lat' dir='ltr'><strong>[ilium</strong></span> <span class='ocrx_word' id='word_1_108' title='bbox 2155 1514 2236 1568; x_wconf 86' lang='lat' dir='ltr'><strong>di-</strong></span> 
     </span>
    </p>
   </div>
   <div class='ocr_carea' id='block_1_16' title="bbox 653 1603 2234 1672">
    <p class='ocr_par' dir='ltr' id='par_1_16' title="bbox 653 1603 2234 1672">
     <span class='ocr_line' id='line_1_16' title="bbox 653 1603 2234 1672; baseline 0.001 -14"><span class='ocrx_word' id='word_1_109' title='bbox 653 1605 788 1668; x_wconf 75' lang='lat' dir='ltr'><strong>lexi;</strong></span> <span class='ocrx_word' id='word_1_110' title='bbox 822 1615 874 1657; x_wconf 96' lang='lat' dir='ltr'><strong>tu</strong></span> <span class='ocrx_word' id='word_1_111' title='bbox 903 1613 1077 1657; x_wconf 88' lang='lat' dir='ltr'><strong>autem</strong></span> <span class='ocrx_word' id='word_1_112' title='bbox 1107 1603 1321 1657; x_wconf 89' lang='lat' dir='ltr'><strong>irrisisti</strong></span> <span class='ocrx_word' id='word_1_113' title='bbox 1357 1619 1465 1671; x_wconf 89' lang='lat' dir='ltr'><strong>me,</strong></span> <span class='ocrx_word' id='word_1_114' title='bbox 1497 1603 1752 1672; x_wconf 89' lang='lat' dir='ltr'><strong>deceptus</strong></span> <span class='ocrx_word' id='word_1_115' title='bbox 1795 1605 1863 1657; x_wconf 88' lang='lat' dir='ltr'><strong>ab</strong></span> <span class='ocrx_word' id='word_1_116' title='bbox 1910 1605 2234 1660; x_wconf 80' lang='lat' dir='ltr'><strong>Alexandro.</strong></span> 
     </span>
    </p>
   </div>
   <div class='ocr_carea' id='block_1_17' title="bbox 2336 685 3924 756">
    <p class='ocr_par' dir='ltr' id='par_1_17' title="bbox 2336 685 3924 756">
     <span class='ocr_line' id='line_1_17' title="bbox 2336 685 3924 756; baseline 0 -18"><span class='ocrx_word' id='word_1_117' title='bbox 2336 688 2536 749; x_wconf 85' lang='lat' dir='ltr'><strong>cidere,</strong></span> <span class='ocrx_word' id='word_1_118' title='bbox 2589 690 2668 740; x_wconf 85' lang='lat' dir='ltr'><strong>vis</strong></span> <span class='ocrx_word' id='word_1_119' title='bbox 2713 687 2986 756; x_wconf 74' lang='lat' dir='ltr'><strong>instigare.</strong></span> <span class='ocrx_word' id='word_1_120' title='bbox 3033 687 3113 738; x_wconf 87' lang='lat' dir='ltr'><strong>vis</strong></span> <span class='ocrx_word' id='word_1_121' title='bbox 3142 685 3448 748; x_wconf 81' lang='lat' dir='ltr'><strong>incendere,</strong></span> <span class='ocrx_word' id='word_1_122' title='bbox 3479 686 3618 739; x_wconf 84' lang='lat' dir='ltr'><strong>aliud</strong></span> <span class='ocrx_word' id='word_1_123' title='bbox 3667 701 3770 740; x_wconf 83' lang='lat' dir='ltr'><strong>non</strong></span> <span class='ocrx_word' id='word_1_124' title='bbox 3801 703 3924 742; x_wconf 87' lang='lat' dir='ltr'><strong>ero.</strong></span> 
     </span>
    </p>
   </div>
   <div class='ocr_carea' id='block_1_18' title="bbox 2335 775 3922 846">
    <p class='ocr_par' dir='ltr' id='par_1_18' title="bbox 2335 775 3922 846">
     <span class='ocr_line' id='line_1_18' title="bbox 2335 775 3922 846; baseline 0 -15"><span class='ocrx_word' id='word_1_125' title='bbox 2335 779 2463 831; x_wconf 83' lang='lat' dir='ltr'><strong>Nam</strong></span> <span class='ocrx_word' id='word_1_126' title='bbox 2491 793 2676 830; x_wconf 89' lang='lat' dir='ltr'><strong>omnes</strong></span> <span class='ocrx_word' id='word_1_127' title='bbox 2703 778 2792 846; x_wconf 88' lang='lat' dir='ltr'><strong>qui</strong></span> <span class='ocrx_word' id='word_1_128' title='bbox 2822 787 2970 829; x_wconf 88' lang='lat' dir='ltr'><strong>erant</strong></span> <span class='ocrx_word' id='word_1_129' title='bbox 2997 776 3048 828; x_wconf 91' lang='lat' dir='ltr'><strong>in</strong></span> <span class='ocrx_word' id='word_1_130' title='bbox 3066 790 3303 842; x_wconf 81' lang='lat' dir='ltr'><strong>carcere,</strong></span> <span class='ocrx_word' id='word_1_131' title='bbox 3322 776 3418 830; x_wconf 81' lang='lat' dir='ltr'><strong>feci</strong></span> <span class='ocrx_word' id='word_1_132' title='bbox 3439 775 3552 830; x_wconf 76' lang='lat' dir='ltr'><strong>fieri</strong></span> <span class='ocrx_word' id='word_1_133' title='bbox 3577 776 3922 840; x_wconf 82' lang='lat' dir='ltr'><strong>christianos,</strong></span> 
     </span>
    </p>
   </div>
   <div class='ocr_carea' id='block_1_19' title="bbox 2335 869 3923 935">
    <p class='ocr_par' dir='ltr' id='par_1_19' title="bbox 2335 869 3923 935">
     <span class='ocr_line' id='line_1_19' title="bbox 2335 869 3923 935; baseline 0.001 -13"><span class='ocrx_word' id='word_1_134' title='bbox 2335 884 2384 923; x_wconf 89' lang='lat' dir='ltr'><strong>ct</strong></span> <span class='ocrx_word' id='word_1_135' title='bbox 2412 871 2588 924; x_wconf 82' lang='lat' dir='ltr'><strong>dimisi</strong></span> <span class='ocrx_word' id='word_1_136' title='bbox 2620 887 2734 935; x_wconf 84' lang='lat' dir='ltr'><strong>eos,</strong></span> <span class='ocrx_word' id='word_1_137' title='bbox 2775 881 2828 924; x_wconf 91' lang='lat' dir='ltr'><strong>et</strong></span> <span class='ocrx_word' id='word_1_138' title='bbox 2857 871 3137 922; x_wconf 92' lang='lat' dir='ltr'><strong>uoluerunt</strong></span> <span class='ocrx_word' id='word_1_139' title='bbox 3169 884 3388 934; x_wconf 87' lang='lat' dir='ltr'><strong>nsquam</strong></span> <span class='ocrx_word' id='word_1_140' title='bbox 3423 869 3520 922; x_wconf 83' lang='lat' dir='ltr'><strong>ire.</strong></span> <span class='ocrx_word' id='word_1_141' title='bbox 3557 869 3722 922; x_wconf 87' lang='lat' dir='ltr'><strong>Iratus</strong></span> <span class='ocrx_word' id='word_1_142' title='bbox 3749 872 3923 923; x_wconf 84' lang='lat' dir='ltr'><strong>Aure-</strong></span> 
     </span>
    </p>
   </div>
   <div class='ocr_carea' id='block_1_20' title="bbox 2338 958 3927 1027">
    <p class='ocr_par' dir='ltr' id='par_1_20' title="bbox 2338 958 3927 1027">
     <span class='ocr_line' id='line_1_20' title="bbox 2338 958 3927 1027; baseline -0.001 -13"><span class='ocrx_word' id='word_1_143' title='bbox 2338 963 2510 1014; x_wconf 90' lang='lat' dir='ltr'><strong>lianus</strong></span> <span class='ocrx_word' id='word_1_144' title='bbox 2562 961 2682 1013; x_wconf 73' lang='lat' dir='ltr'><strong>fecit</strong></span> <span class='ocrx_word' id='word_1_145' title='bbox 2739 961 2786 1013; x_wconf 88' lang='lat' dir='ltr'><strong>ei</strong></span> <span class='ocrx_word' id='word_1_146' title='bbox 2837 960 3065 1027; x_wconf 78' lang='lat' dir='ltr'><strong>linguam</strong></span> <span class='ocrx_word' id='word_1_147' title='bbox 3114 959 3341 1024; x_wconf 76' lang='lat' dir='ltr'><strong>abscidi,</strong></span> <span class='ocrx_word' id='word_1_148' title='bbox 3373 959 3565 1012; x_wconf 83' lang='lat' dir='ltr'><strong>deinde</strong></span> <span class='ocrx_word' id='word_1_149' title='bbox 3596 958 3648 1012; x_wconf 91' lang='lat' dir='ltr'><strong>in</strong></span> <span class='ocrx_word' id='word_1_150' title='bbox 3693 960 3927 1027; x_wconf 88' lang='lat' dir='ltr'><strong>equuleo</strong></span> 
     </span>
    </p>
   </div>
   <div class='ocr_carea' id='block_1_21' title="bbox 2336 1051 3924 1122">
    <p class='ocr_par' dir='ltr' id='par_1_21' title="bbox 2336 1051 3924 1122">
     <span class='ocr_line' id='line_1_21' title="bbox 2336 1051 3924 1122; baseline -0.001 -14"><span class='ocrx_word' id='word_1_151' title='bbox 2336 1054 2605 1121; x_wconf 78' lang='lat' dir='ltr'><strong>suSpcndi.</strong></span> <span class='ocrx_word' id='word_1_152' title='bbox 2661 1053 2762 1120; x_wconf 82' lang='lat' dir='ltr'><strong>Qui</strong></span> <span class='ocrx_word' id='word_1_153' title='bbox 2806 1055 2932 1107; x_wconf 91' lang='lat' dir='ltr'><strong>dum</strong></span> <span class='ocrx_word' id='word_1_154' title='bbox 2964 1053 3235 1106; x_wconf 74' lang='lat' dir='ltr'><strong>Aureliani</strong></span> <span class='ocrx_word' id='word_1_155' title='bbox 3289 1067 3394 1106; x_wconf 89' lang='lat' dir='ltr'><strong>non</strong></span> <span class='ocrx_word' id='word_1_156' title='bbox 3447 1053 3660 1106; x_wconf 89' lang='lat' dir='ltr'><strong>cederet</strong></span> <span class='ocrx_word' id='word_1_157' title='bbox 3689 1051 3924 1122; x_wconf 79' lang='lat' dir='ltr'><strong>injuriis,</strong></span> 
     </span>
    </p>
   </div>
   <div class='ocr_carea' id='block_1_22' title="bbox 2341 1143 3931 1214">
    <p class='ocr_par' dir='ltr' id='par_1_22' title="bbox 2341 1143 3931 1214">
     <span class='ocr_line' id='line_1_22' title="bbox 2341 1143 3931 1214; baseline 0.001 -19"><span class='ocrx_word' id='word_1_158' title='bbox 2341 1147 2498 1214; x_wconf 84' lang='lat' dir='ltr'><strong>jussit</strong></span> <span class='ocrx_word' id='word_1_159' title='bbox 2527 1147 2574 1199; x_wconf 90' lang='lat' dir='ltr'><strong>ei</strong></span> <span class='ocrx_word' id='word_1_160' title='bbox 2600 1161 2787 1200; x_wconf 86' lang='lat' dir='ltr'><strong>manus</strong></span> <span class='ocrx_word' id='word_1_161' title='bbox 2811 1161 2871 1197; x_wconf 80' lang='lat' dir='ltr'><strong>ac</strong></span> <span class='ocrx_word' id='word_1_162' title='bbox 2903 1145 3066 1211; x_wconf 91' lang='lat' dir='ltr'><strong>pedes</strong></span> <span class='ocrx_word' id='word_1_163' title='bbox 3095 1145 3356 1208; x_wconf 83' lang='lat' dir='ltr'><strong>absrindi,</strong></span> <span class='ocrx_word' id='word_1_164' title='bbox 3398 1153 3449 1197; x_wconf 92' lang='lat' dir='ltr'><strong>et</strong></span> <span class='ocrx_word' id='word_1_165' title='bbox 3491 1146 3569 1197; x_wconf 89' lang='lat' dir='ltr'><strong>sic</strong></span> <span class='ocrx_word' id='word_1_166' title='bbox 3596 1159 3718 1197; x_wconf 91' lang='lat' dir='ltr'><strong>eum</strong></span> <span class='ocrx_word' id='word_1_167' title='bbox 3748 1143 3931 1198; x_wconf 84' lang='lat' dir='ltr'><strong>decol-</strong></span> 
     </span>
    </p>
   </div>
   <div class='ocr_carea' id='block_1_23' title="bbox 2341 1238 3926 1308">
    <p class='ocr_par' dir='ltr' id='par_1_23' title="bbox 2341 1238 3926 1308">
     <span class='ocr_line' id='line_1_23' title="bbox 2341 1238 3926 1308; baseline -0.002 -13"><span class='ocrx_word' id='word_1_168' title='bbox 2341 1242 2466 1306; x_wconf 85' lang='lat' dir='ltr'><strong>lari,</strong></span> <span class='ocrx_word' id='word_1_169' title='bbox 2510 1251 2562 1294; x_wconf 90' lang='lat' dir='ltr'><strong>ct</strong></span> <span class='ocrx_word' id='word_1_170' title='bbox 2609 1241 2828 1294; x_wconf 88' lang='lat' dir='ltr'><strong>canibus</strong></span> <span class='ocrx_word' id='word_1_171' title='bbox 2884 1239 3089 1308; x_wconf 83' lang='lat' dir='ltr'><strong>projici.</strong></span> <span class='ocrx_word' id='word_1_172' title='bbox 3145 1239 3248 1293; x_wconf 86' lang='lat' dir='ltr'><strong>Sed</strong></span> <span class='ocrx_word' id='word_1_173' title='bbox 3278 1238 3552 1292; x_wconf 83' lang='lat' dir='ltr'><strong>christiani</strong></span> <span class='ocrx_word' id='word_1_174' title='bbox 3585 1252 3776 1304; x_wconf 88' lang='lat' dir='ltr'><strong>corpus</strong></span> <span class='ocrx_word' id='word_1_175' title='bbox 3805 1239 3926 1305; x_wconf 85' lang='lat' dir='ltr'><strong>ejus</strong></span> 
     </span>
    </p>
   </div>
   <div class='ocr_carea' id='block_1_24' title="bbox 2342 1327 3931 1402">
    <p class='ocr_par' dir='ltr' id='par_1_24' title="bbox 2342 1327 3931 1402">
     <span class='ocr_line' id='line_1_24' title="bbox 2342 1327 3931 1402; baseline -0.003 -14"><span class='ocrx_word' id='word_1_176' title='bbox 2342 1345 2548 1402; x_wconf 83' lang='lat' dir='ltr'><strong>raptqu</strong></span> <span class='ocrx_word' id='word_1_177' title='bbox 2584 1335 2634 1387; x_wconf 91' lang='lat' dir='ltr'><strong>iu</strong></span> <span class='ocrx_word' id='word_1_178' title='bbox 2669 1335 2750 1386; x_wconf 87' lang='lat' dir='ltr'><strong>via</strong></span> <span class='ocrx_word' id='word_1_179' title='bbox 2798 1334 2983 1399; x_wconf 85' lang='lat' dir='ltr'><strong>Appia,</strong></span> <span class='ocrx_word' id='word_1_180' title='bbox 3013 1330 3335 1398; x_wconf 72' lang='lat' dir='ltr'><strong>sepelierunt</strong></span> <span class='ocrx_word' id='word_1_181' title='bbox 3372 1333 3422 1383; x_wconf 92' lang='lat' dir='ltr'><strong>in</strong></span> <span class='ocrx_word' id='word_1_182' title='bbox 3453 1330 3763 1384; x_wconf 71' lang='lat' dir='ltr'><strong>cmmeterio</strong></span> <span class='ocrx_word' id='word_1_183' title='bbox 3787 1327 3931 1384; x_wconf 65' lang='lat' dir='ltr'><strong>Pra-</strong></span> 
     </span>
    </p>
   </div>
   <div class='ocr_carea' id='block_1_25' title="bbox 2348 1420 3929 1491">
    <p class='ocr_par' dir='ltr' id='par_1_25' title="bbox 2348 1420 3929 1491">
     <span class='ocr_line' id='line_1_25' title="bbox 2348 1420 3929 1491; baseline -0.003 -14"><span class='ocrx_word' id='word_1_184' title='bbox 2348 1425 2556 1479; x_wconf 75' lang='lat' dir='ltr'><strong>textati.</strong></span> <span class='ocrx_word' id='word_1_185' title='bbox 2591 1425 2643 1479; x_wconf 95' lang='lat' dir='ltr'><strong>ln</strong></span> <span class='ocrx_word' id='word_1_186' title='bbox 2674 1425 2995 1478; x_wconf 77' lang='lat' dir='ltr'><strong>Alexandria</strong></span> <span class='ocrx_word' id='word_1_187' title='bbox 3029 1425 3201 1476; x_wconf 84' lang='lat' dir='ltr'><strong>natale</strong></span> <span class='ocrx_word' id='word_1_188' title='bbox 3258 1421 3558 1491; x_wconf 77' lang='lat' dir='ltr'><strong>Ephrodisii</strong></span> <span class='ocrx_word' id='word_1_189' title='bbox 3605 1420 3929 1489; x_wconf 83' lang='lat' dir='ltr'><strong>presbyteri,</strong></span> 
     </span>
    </p>
   </div>
   <div class='ocr_carea' id='block_1_26' title="bbox 2345 1508 3934 1584">
    <p class='ocr_par' dir='ltr' id='par_1_26' title="bbox 2345 1508 3934 1584">
     <span class='ocr_line' id='line_1_26' title="bbox 2345 1508 3934 1584; baseline -0.004 -16"><span class='ocrx_word' id='word_1_190' title='bbox 2345 1528 2397 1569; x_wconf 87' lang='lat' dir='ltr'><strong>ct</strong></span> <span class='ocrx_word' id='word_1_191' title='bbox 2428 1517 2652 1570; x_wconf 90' lang='lat' dir='ltr'><strong>aliorum</strong></span> <span class='ocrx_word' id='word_1_192' title='bbox 2698 1514 2949 1584; x_wconf 69' lang='lat' dir='ltr'><strong>triginta:</strong></span> <span class='ocrx_word' id='word_1_193' title='bbox 2985 1521 3039 1568; x_wconf 90' lang='lat' dir='ltr'><strong>et</strong></span> <span class='ocrx_word' id='word_1_194' title='bbox 3090 1513 3263 1582; x_wconf 78' lang='lat' dir='ltr'><strong>vigilia</strong></span> <span class='ocrx_word' id='word_1_195' title='bbox 3295 1513 3656 1582; x_wconf 84' lang='lat' dir='ltr'><strong>apostolorum</strong></span> <span class='ocrx_word' id='word_1_196' title='bbox 3707 1508 3934 1578; x_wconf 82' lang='lat' dir='ltr'><strong>Philippi</strong></span> 
     </span>
    </p>
   </div>
   <div class='ocr_carea' id='block_1_27' title="bbox 2345 1607 2627 1662">
    <p class='ocr_par' dir='ltr' id='par_1_27' title="bbox 2345 1607 2627 1662">
     <span class='ocr_line' id='line_1_27' title="bbox 2345 1607 2627 1662; baseline 0.004 -3"><span class='ocrx_word' id='word_1_197' title='bbox 2345 1624 2395 1660; x_wconf 89' lang='lat' dir='ltr'><strong>et</strong></span> <span class='ocrx_word' id='word_1_198' title='bbox 2423 1607 2627 1662; x_wconf 79' lang='lat' dir='ltr'><strong>Jacobi.</strong></span> 
     </span>
    </p>
   </div>
   <div class='ocr_carea' id='block_1_28' title="bbox 1887 1696 2657 1756">
    <p class='ocr_par' dir='ltr' id='par_1_28' title="bbox 1887 1696 2657 1756">
     <span class='ocr_line' id='line_1_28' title="bbox 1887 1696 2657 1756; baseline 0.008 -7"><span class='ocrx_word' id='word_1_199' title='bbox 1887 1696 1997 1751; x_wconf 81' lang='lat' dir='ltr'><strong>EDl</strong></span> <span class='ocrx_word' id='word_1_200' title='bbox 2016 1696 2114 1750; x_wconf 87' lang='grc' dir='ltr'><strong>ΙἸΟ</strong></span> <span class='ocrx_word' id='word_1_201' title='bbox 2156 1698 2657 1756; x_wconf 67' lang='lat' dir='ltr'><strong>BOLLANDIANA.</strong></span> 
     </span>
    </p>
   </div>
   <div class='ocr_carea' id='block_1_29' title="bbox 658 1783 3932 1858">
    <p class='ocr_par' dir='ltr' id='par_1_29' title="bbox 658 1783 3932 1858">
     <span class='ocr_line' id='line_1_29' title="bbox 658 1783 3932 1858; baseline -0 -20"><span class='ocrx_word' id='word_1_202' title='bbox 658 1785 768 1858; x_wconf 85' lang='lat' dir='ltr'><strong>[B.,</strong></span> <span class='ocrx_word' id='word_1_203' title='bbox 810 1783 1031 1855; x_wconf 73' lang='lat' dir='ltr'><strong>Quirici]</strong></span> <span class='ocrx_word' id='word_1_204' title='bbox 1078 1785 1310 1853; x_wconf 73' lang='lat' dir='ltr'><strong>episcopi</strong></span> <span class='ocrx_word' id='word_1_205' title='bbox 1341 1793 1395 1838; x_wconf 87' lang='lat' dir='ltr'><strong>et</strong></span> <span class='ocrx_word' id='word_1_206' title='bbox 1442 1790 1711 1854; x_wconf 84' lang='lat' dir='ltr'><strong>martyris.</strong></span> <span class='ocrx_word' id='word_1_207' title='bbox 1745 1786 1943 1841; x_wconf 90' lang='lat' dir='ltr'><strong>Eodem</strong></span> <span class='ocrx_word' id='word_1_208' title='bbox 1979 1788 2065 1842; x_wconf 89' lang='lat' dir='ltr'><strong>die</strong></span> <span class='ocrx_word' id='word_1_209' title='bbox 2098 1789 2233 1856; x_wconf 90' lang='lat' dir='ltr'><strong>apud</strong></span> <span class='ocrx_word' id='word_1_210' title='bbox 2271 1795 2316 1851; x_wconf 78' lang='grc' dir='ltr'><strong>Β</strong></span> <span class='ocrx_word' id='word_1_211' title='bbox 2424 1791 2521 1854; x_wconf 91' lang='lat' dir='ltr'><strong>D.,</strong></span> <span class='ocrx_word' id='word_1_212' title='bbox 2583 1792 2897 1843; x_wconf 81' lang='lat' dir='ltr'><strong>Sanctorum</strong></span> <span class='ocrx_word' id='word_1_213' title='bbox 2953 1799 3242 1858; x_wconf 80' lang='lat' dir='ltr'><strong>martyrum</strong></span> <span class='ocrx_word' id='word_1_214' title='bbox 3299 1797 3329 1858; x_wconf 73' lang='lat'><strong>-_</strong></span> <span class='ocrx_word' id='word_1_215' title='bbox 3373 1786 3588 1858; x_wconf 82' lang='lat' dir='ltr'><strong>Mariani</strong></span> <span class='ocrx_word' id='word_1_216' title='bbox 3628 1795 3679 1840; x_wconf 84' lang='lat' dir='ltr'><strong>ct</strong></span> <span class='ocrx_word' id='word_1_217' title='bbox 3729 1785 3932 1858; x_wconf 68' lang='lat' dir='ltr'><strong>Jacobi.</strong></span> 
     </span>
    </p>
   </div>
   <div class='ocr_carea' id='block_1_30' title="bbox 663 1877 2238 1947">
    <p class='ocr_par' dir='ltr' id='par_1_30' title="bbox 663 1877 2238 1947">
     <span class='ocr_line' id='line_1_30' title="bbox 663 1877 2238 1947; baseline 0.003 -16"><span class='ocrx_word' id='word_1_218' title='bbox 663 1880 842 1932; x_wconf 83' lang='lat' dir='ltr'><strong>Asiam</strong></span> <span class='ocrx_word' id='word_1_219' title='bbox 888 1878 1064 1945; x_wconf 82' lang='lat' dir='ltr'><strong>passio</strong></span> <span class='ocrx_word' id='word_1_220' title='bbox 1114 1877 1324 1931; x_wconf 74' lang='lat' dir='ltr'><strong>Maximi</strong></span> <span class='ocrx_word' id='word_1_221' title='bbox 1378 1877 1649 1946; x_wconf 81' lang='lat' dir='ltr'><strong>martyris,</strong></span> <span class='ocrx_word' id='word_1_222' title='bbox 1696 1878 1785 1946; x_wconf 90' lang='lat' dir='ltr'><strong>qui</strong></span> <span class='ocrx_word' id='word_1_223' title='bbox 1819 1888 2058 1947; x_wconf 91' lang='lat' dir='ltr'><strong>tempore</strong></span> <span class='ocrx_word' id='word_1_224' title='bbox 2096 1882 2238 1936; x_wconf 89' lang='lat' dir='ltr'><strong>Decii</strong></span> 
     </span>
    </p>
   </div>
   <div class='ocr_carea' id='block_1_31' title="bbox 666 1967 2248 2038">
    <p class='ocr_par' dir='ltr' id='par_1_31' title="bbox 666 1967 2248 2038">
     <span class='ocr_line' id='line_1_31' title="bbox 666 1967 2248 2038; baseline 0.004 -18"><span class='ocrx_word' id='word_1_225' title='bbox 666 1968 1091 2034; x_wconf 47' lang='lat' dir='ltr'><strong>imperatoriget</strong></span> <span class='ocrx_word' id='word_1_226' title='bbox 1115 1967 1309 2035; x_wconf 82' lang='lat' dir='ltr'><strong>Optimi</strong></span> <span class='ocrx_word' id='word_1_227' title='bbox 1345 1970 1695 2036; x_wconf 83' lang='lat' dir='ltr'><strong>proconsulis,</strong></span> <span class='ocrx_word' id='word_1_228' title='bbox 1714 1980 1986 2038; x_wconf 84' lang='lat' dir='ltr'><strong>postquam</strong></span> <span class='ocrx_word' id='word_1_229' title='bbox 2019 1972 2248 2027; x_wconf 75' lang='lat' dir='ltr'><strong>fustibus</strong></span> 
     </span>
    </p>
   </div>
   <div class='ocr_carea' id='block_1_32' title="bbox 665 2061 2252 2132">
    <p class='ocr_par' dir='ltr' id='par_1_32' title="bbox 665 2061 2252 2132">
     <span class='ocr_line' id='line_1_32' title="bbox 665 2061 2252 2132; baseline 0.004 -20"><span class='ocrx_word' id='word_1_230' title='bbox 665 2075 835 2112; x_wconf 63' lang='lat' dir='ltr'><strong>cassus</strong></span> <span class='ocrx_word' id='word_1_231' title='bbox 862 2069 944 2112; x_wconf 73' lang='lat' dir='ltr'><strong>cst</strong></span> <span class='ocrx_word' id='word_1_232' title='bbox 967 2071 1016 2111; x_wconf 89' lang='lat' dir='ltr'><strong>et</strong></span> <span class='ocrx_word' id='word_1_233' title='bbox 1053 2062 1100 2112; x_wconf 88' lang='lat' dir='ltr'><strong>in</strong></span> <span class='ocrx_word' id='word_1_234' title='bbox 1133 2061 1416 2128; x_wconf 76' lang='lat' dir='ltr'><strong>equulemn</strong></span> <span class='ocrx_word' id='word_1_235' title='bbox 1439 2075 1747 2128; x_wconf 87' lang='lat' dir='ltr'><strong>suspensus,</strong></span> <span class='ocrx_word' id='word_1_236' title='bbox 1770 2061 2175 2132; x_wconf 88' lang='lat' dir='ltr'><strong>indedepositus</strong></span> <span class='ocrx_word' id='word_1_237' title='bbox 2195 2075 2252 2119; x_wconf 90' lang='lat' dir='ltr'><strong>et</strong></span> 
     </span>
    </p>
   </div>
   <div class='ocr_carea' id='block_1_33' title="bbox 668 2148 1308 2218">
    <p class='ocr_par' dir='ltr' id='par_1_33' title="bbox 668 2148 1308 2218">
     <span class='ocr_line' id='line_1_33' title="bbox 668 2148 1308 2218; baseline -0.003 -15"><span class='ocrx_word' id='word_1_238' title='bbox 668 2148 929 2218; x_wconf 75' lang='lat' dir='ltr'><strong>lapidibus</strong></span> <span class='ocrx_word' id='word_1_239' title='bbox 959 2148 1179 2204; x_wconf 89' lang='lat' dir='ltr'><strong>obrutus</strong></span> <span class='ocrx_word' id='word_1_240' title='bbox 1208 2160 1308 2203; x_wconf 83' lang='lat' dir='ltr'><strong>est.</strong></span> 
     </span>
    </p>
   </div>
   <div class='ocr_carea' id='block_1_34' title="bbox 2358 1849 3931 1926">
    <p class='ocr_par' dir='ltr' id='par_1_34' title="bbox 2358 1849 3931 1926">
     <span class='ocr_line' id='line_1_34' title="bbox 2358 1849 3931 1926; baseline -0.003 -14"><span class='ocrx_word' id='word_1_241' title='bbox 2358 1862 2417 1914; x_wconf 69' lang='grc' dir='ltr'><strong>ν.</strong></span> <span class='ocrx_word' id='word_1_242' title='bbox 2455 1849 2539 1920; x_wconf 62' lang='grc' dir='ltr'><strong>[ι’.</strong></span> <span class='ocrx_word' id='word_1_243' title='bbox 2585 1862 2636 1914; x_wconf 92' lang='lat' dir='ltr'><strong>In</strong></span> <span class='ocrx_word' id='word_1_244' title='bbox 2672 1860 2993 1914; x_wconf 75' lang='lat' dir='ltr'><strong>Alexandria</strong></span> <span class='ocrx_word' id='word_1_245' title='bbox 3023 1849 3197 1912; x_wconf 73' lang='lat' dir='ltr'><strong>naiale</strong></span> <span class='ocrx_word' id='word_1_246' title='bbox 3225 1857 3279 1915; x_wconf 87' lang='lat' dir='ltr'><strong>S.</strong></span> <span class='ocrx_word' id='word_1_247' title='bbox 3315 1856 3567 1909; x_wconf 90' lang='lat' dir='ltr'><strong>Dorothei</strong></span> <span class='ocrx_word' id='word_1_248' title='bbox 3601 1857 3931 1926; x_wconf 74' lang='lat' dir='ltr'><strong>presbyteri.</strong></span> 
     </span>
    </p>
   </div>
   <div class='ocr_carea' id='block_1_35' title="bbox 2357 1925 3935 1994">
    <p class='ocr_par' dir='ltr' id='par_1_35' title="bbox 2357 1925 3935 1994">
     <span class='ocr_line' id='line_1_35' title="bbox 2357 1925 3935 1994; baseline -0.003 -12"><span class='ocrx_word' id='word_1_249' title='bbox 2357 1931 2442 1994; x_wconf 85' lang='lat' dir='ltr'><strong>V.,</strong></span> <span class='ocrx_word' id='word_1_250' title='bbox 2502 1932 2568 1984; x_wconf 77' lang='lat' dir='ltr'><strong>Et</strong></span> <span class='ocrx_word' id='word_1_251' title='bbox 2623 1932 2742 1982; x_wconf 85' lang='lat' dir='ltr'><strong>alibi</strong></span> <span class='ocrx_word' id='word_1_252' title='bbox 2803 1930 3087 1984; x_wconf 78' lang='lat' dir='ltr'><strong>l’odoniaui</strong></span> <span class='ocrx_word' id='word_1_253' title='bbox 3119 1928 3346 1980; x_wconf 88' lang='lat' dir='ltr'><strong>diaconi.</strong></span> <span class='ocrx_word' id='word_1_254' title='bbox 3382 1927 3562 1980; x_wconf 80' lang='lat' dir='ltr'><strong>Roma:</strong></span> <span class='ocrx_word' id='word_1_255' title='bbox 3598 1925 3935 1990; x_wconf 61' lang='lat' dir='ltr'><strong>Prmteitaii;</strong></span> 
     </span>
    </p>
   </div>
   <div class='ocr_carea' id='block_1_36' title="bbox 2357 1996 3936 2066">
    <p class='ocr_par' dir='ltr' id='par_1_36' title="bbox 2357 1996 3936 2066">
     <span class='ocr_line' id='line_1_36' title="bbox 2357 1996 3936 2066; baseline -0.002 -16"><span class='ocrx_word' id='word_1_256' title='bbox 2357 2002 2586 2065; x_wconf 81' lang='lat' dir='ltr'><strong>Quirini.</strong></span> <span class='ocrx_word' id='word_1_257' title='bbox 2621 2001 2705 2063; x_wconf 72' lang='lat'><strong>8.,</strong></span> <span class='ocrx_word' id='word_1_258' title='bbox 2742 2001 3029 2052; x_wconf 73' lang='lat' dir='ltr'><strong>Iindocialli</strong></span> <span class='ocrx_word' id='word_1_259' title='bbox 3083 1999 3317 2066; x_wconf 84' lang='lat' dir='ltr'><strong>diaconi,</strong></span> <span class='ocrx_word' id='word_1_260' title='bbox 3348 1996 3628 2062; x_wconf 86' lang='lat' dir='ltr'><strong>Clementi,</strong></span> <span class='ocrx_word' id='word_1_261' title='bbox 3662 1997 3936 2056; x_wconf 80' lang='lat' dir='ltr'><strong>Honorati,</strong></span> 
     </span>
    </p>
   </div>
   <div class='ocr_carea' id='block_1_37' title="bbox 2367 2071 3208 2139">
    <p class='ocr_par' dir='ltr' id='par_1_37' title="bbox 2367 2071 3208 2139">
     <span class='ocr_line' id='line_1_37' title="bbox 2367 2071 3208 2139; baseline -0.002 -15"><span class='ocrx_word' id='word_1_262' title='bbox 2367 2072 2608 2135; x_wconf 69' lang='lat' dir='ltr'><strong>lieducti,</strong></span> <span class='ocrx_word' id='word_1_263' title='bbox 2633 2072 2918 2126; x_wconf 83' lang='lat' dir='ltr'><strong>Secundini</strong></span> <span class='ocrx_word' id='word_1_264' title='bbox 2949 2071 3208 2139; x_wconf 89' lang='lat' dir='ltr'><strong>episconi.</strong></span> 
     </span>
    </p>
   </div>
   <div class='ocr_carea' id='block_1_38' title="bbox 2051 2243 2534 2300">
    <p class='ocr_par' dir='ltr' id='par_1_38' title="bbox 2051 2243 2534 2300">
     <span class='ocr_line' id='line_1_38' title="bbox 2051 2243 2534 2300; baseline -0.002 -2"><span class='ocrx_word' id='word_1_265' title='bbox 2051 2245 2260 2300; x_wconf 75' lang='lat' dir='ltr'><strong>SMITH</strong></span> <span class='ocrx_word' id='word_1_266' title='bbox 2303 2243 2534 2300; x_wconf 69' lang='lat' dir='ltr'><strong>NOTAE.</strong></span> 
     </span>
    </p>
   </div>
   <div class='ocr_carea' id='block_1_39' title="bbox 799 2332 2257 2405">
    <p class='ocr_par' dir='ltr' id='par_1_39' title="bbox 799 2332 2257 2405">
     <span class='ocr_line' id='line_1_39' title="bbox 799 2332 2257 2405; baseline 0.005 -19"><span class='ocrx_word' id='word_1_267' title='bbox 799 2332 1026 2386; x_wconf 74' lang='grc' dir='ltr'><em>Μαγὶαηὶ</em></span> <span class='ocrx_word' id='word_1_268' title='bbox 1051 2347 1097 2387; x_wconf 82' lang='lat' dir='ltr'><strong>et</strong></span> <span class='ocrx_word' id='word_1_269' title='bbox 1129 2335 1582 2401; x_wconf 77' lang='lat' dir='ltr'><strong>Jacobi.Quorum</strong></span> <span class='ocrx_word' id='word_1_270' title='bbox 1617 2337 1762 2403; x_wconf 89' lang='lat' dir='ltr'><strong>prior</strong></span> <span class='ocrx_word' id='word_1_271' title='bbox 1787 2337 1972 2401; x_wconf 92' lang='lat' dir='ltr'><strong>lector,</strong></span> <span class='ocrx_word' id='word_1_272' title='bbox 1991 2338 2257 2405; x_wconf 86' lang='lat' dir='ltr'><strong>posterior</strong></span> 
     </span>
    </p>
   </div>
   <div class='ocr_carea' id='block_1_40' title="bbox 673 2405 2252 2474">
    <p class='ocr_par' dir='ltr' id='par_1_40' title="bbox 673 2405 2252 2474">
     <span class='ocr_line' id='line_1_40' title="bbox 673 2405 2252 2474; baseline 0.004 -18"><span class='ocrx_word' id='word_1_273' title='bbox 673 2405 928 2456; x_wconf 76' lang='lat' dir='ltr'><strong>diacpnus</strong></span> <span class='ocrx_word' id='word_1_274' title='bbox 971 2417 1113 2458; x_wconf 88' lang='lat' dir='ltr'><strong>erat:</strong></span> <span class='ocrx_word' id='word_1_275' title='bbox 1147 2422 1264 2458; x_wconf 89' lang='lat' dir='ltr'><strong>cum</strong></span> <span class='ocrx_word' id='word_1_276' title='bbox 1299 2419 1473 2459; x_wconf 86' lang='lat' dir='ltr'><strong>autem</strong></span> <span class='ocrx_word' id='word_1_277' title='bbox 1502 2407 1611 2474; x_wconf 86' lang='lat' dir='ltr'><strong>jam</strong></span> <span class='ocrx_word' id='word_1_278' title='bbox 1649 2408 1850 2474; x_wconf 83' lang='lat' dir='ltr'><strong>pridem</strong></span> <span class='ocrx_word' id='word_1_279' title='bbox 1887 2410 2252 2463; x_wconf 79' lang='lat' dir='ltr'><strong>iuiestationes</strong></span> 
     </span>
    </p>
   </div>
   <div class='ocr_carea' id='block_1_41' title="bbox 669 2475 2258 2542">
    <p class='ocr_par' dir='ltr' id='par_1_41' title="bbox 669 2475 2258 2542">
     <span class='ocr_line' id='line_1_41' title="bbox 669 2475 2258 2542; baseline 0.005 -18"><span class='ocrx_word' id='word_1_280' title='bbox 669 2475 912 2529; x_wconf 68' lang='lat' dir='ltr'><strong>Deciana:</strong></span> <span class='ocrx_word' id='word_1_281' title='bbox 966 2479 1350 2536; x_wconf 70' lang='lat' dir='ltr'><strong>persecutionis</strong></span> <span class='ocrx_word' id='word_1_282' title='bbox 1402 2479 1650 2530; x_wconf 58' lang='lat' dir='ltr'><strong>evicnset</strong></span> <span class='ocrx_word' id='word_1_283' title='bbox 1720 2479 2016 2542; x_wconf 75' lang='lat' dir='ltr'><strong>Marianus;</strong></span> <span class='ocrx_word' id='word_1_284' title='bbox 2065 2482 2258 2533; x_wconf 89' lang='lat' dir='ltr'><strong>iterum</strong></span> 
     </span>
    </p>
   </div>
   <div class='ocr_carea' id='block_1_42' title="bbox 670 2547 2257 2616">
    <p class='ocr_par' dir='ltr' id='par_1_42' title="bbox 670 2547 2257 2616">
     <span class='ocr_line' id='line_1_42' title="bbox 670 2547 2257 2616; baseline 0.004 -20"><span class='ocrx_word' id='word_1_285' title='bbox 670 2560 790 2616; x_wconf 84' lang='lat' dir='ltr'><strong>cum</strong></span> <span class='ocrx_word' id='word_1_286' title='bbox 819 2547 1130 2616; x_wconf 84' lang='lat' dir='ltr'><strong>charissimo</strong></span> <span class='ocrx_word' id='word_1_287' title='bbox 1161 2549 1360 2613; x_wconf 71' lang='lat' dir='ltr'><strong>collega</strong></span> <span class='ocrx_word' id='word_1_288' title='bbox 1396 2557 1568 2599; x_wconf 87' lang='lat' dir='ltr'><strong>tcutus</strong></span> <span class='ocrx_word' id='word_1_289' title='bbox 1597 2559 1678 2600; x_wconf 85' lang='lat' dir='ltr'><strong>est</strong></span> <span class='ocrx_word' id='word_1_290' title='bbox 1727 2550 1864 2616; x_wconf 90' lang='lat' dir='ltr'><strong>apud</strong></span> <span class='ocrx_word' id='word_1_291' title='bbox 1921 2550 2257 2603; x_wconf 86' lang='lat' dir='ltr'><strong>Cirthcnsem</strong></span> 
     </span>
    </p>
   </div>
   <div class='ocr_carea' id='block_1_43' title="bbox 674 2615 2258 2686">
    <p class='ocr_par' dir='ltr' id='par_1_43' title="bbox 674 2615 2258 2686">
     <span class='ocr_line' id='line_1_43' title="bbox 674 2615 2258 2686; baseline 0.006 -23"><span class='ocrx_word' id='word_1_292' title='bbox 674 2615 946 2665; x_wconf 84' lang='lat' dir='ltr'><strong>Coloniam</strong></span> <span class='ocrx_word' id='word_1_293' title='bbox 978 2615 1028 2667; x_wconf 92' lang='lat' dir='ltr'><strong>in</strong></span> <span class='ocrx_word' id='word_1_294' title='bbox 1061 2616 1300 2669; x_wconf 79' lang='lat' dir='ltr'><strong>Numidia</strong></span> <span class='ocrx_word' id='word_1_295' title='bbox 1329 2635 1342 2670; x_wconf 85' lang='lat'><strong>:</strong></span> <span class='ocrx_word' id='word_1_296' title='bbox 1390 2618 1476 2670; x_wconf 92' lang='lat' dir='ltr'><strong>ubi</strong></span> <span class='ocrx_word' id='word_1_297' title='bbox 1509 2630 1622 2686; x_wconf 87' lang='lat' dir='ltr'><strong>post</strong></span> <span class='ocrx_word' id='word_1_298' title='bbox 1655 2615 1772 2671; x_wconf 79' lang='lat' dir='ltr'><strong>dira</strong></span> <span class='ocrx_word' id='word_1_299' title='bbox 1795 2622 2078 2686; x_wconf 88' lang='lat' dir='ltr'><strong>supplicia,</strong></span> <span class='ocrx_word' id='word_1_300' title='bbox 2108 2620 2177 2672; x_wconf 88' lang='lat' dir='ltr'><strong>ita</strong></span> <span class='ocrx_word' id='word_1_301' title='bbox 2203 2629 2258 2672; x_wconf 94' lang='lat' dir='ltr'><strong>ut</strong></span> 
     </span>
    </p>
   </div>
   <div class='ocr_carea' id='block_1_44' title="bbox 676 2686 2257 2755">
    <p class='ocr_par' dir='ltr' id='par_1_44' title="bbox 676 2686 2257 2755">
     <span class='ocr_line' id='line_1_44' title="bbox 676 2686 2257 2755; baseline 0.004 -18"><span class='ocrx_word' id='word_1_302' title='bbox 676 2686 945 2737; x_wconf 82' lang='lat' dir='ltr'><strong>Mariauus</strong></span> <span class='ocrx_word' id='word_1_303' title='bbox 975 2700 1068 2751; x_wconf 87' lang='lat' dir='ltr'><strong>per</strong></span> <span class='ocrx_word' id='word_1_304' title='bbox 1098 2702 1335 2738; x_wconf 75' lang='lat' dir='ltr'><strong>summos</strong></span> <span class='ocrx_word' id='word_1_305' title='bbox 1368 2690 1544 2753; x_wconf 82' lang='lat' dir='ltr'><strong>apices</strong></span> <span class='ocrx_word' id='word_1_306' title='bbox 1577 2691 1826 2755; x_wconf 89' lang='lat' dir='ltr'><strong>pollicum</strong></span> <span class='ocrx_word' id='word_1_307' title='bbox 1856 2705 2168 2753; x_wconf 70' lang='lat' dir='ltr'><strong>sustiensus,</strong></span> <span class='ocrx_word' id='word_1_308' title='bbox 2201 2699 2257 2744; x_wconf 89' lang='lat' dir='ltr'><strong>et</strong></span> 
     </span>
    </p>
   </div>
   <div class='ocr_carea' id='block_1_45' title="bbox 673 2755 2250 2826">
    <p class='ocr_par' dir='ltr' id='par_1_45' title="bbox 673 2755 2250 2826">
     <span class='ocr_line' id='line_1_45' title="bbox 673 2755 2250 2826; baseline 0.006 -23"><span class='ocrx_word' id='word_1_309' title='bbox 673 2755 819 2820; x_wconf 63' lang='grc' dir='ltr'><strong>μῖξιιὶ</strong></span> <span class='ocrx_word' id='word_1_310' title='bbox 854 2756 1087 2826; x_wconf 79' lang='lat' dir='ltr'><strong>pondere</strong></span> <span class='ocrx_word' id='word_1_311' title='bbox 1127 2759 1349 2821; x_wconf 84' lang='lat' dir='ltr'><strong>pedibus</strong></span> <span class='ocrx_word' id='word_1_312' title='bbox 1376 2759 1599 2811; x_wconf 65' lang='lat' dir='ltr'><strong>inneius</strong></span> <span class='ocrx_word' id='word_1_313' title='bbox 1645 2760 2012 2812; x_wconf 74' lang='lat' dir='ltr'><strong>cruchiSsime</strong></span> <span class='ocrx_word' id='word_1_314' title='bbox 2039 2769 2250 2826; x_wconf 85' lang='lat' dir='ltr'><strong>torque-</strong></span> 
     </span>
    </p>
   </div>
   <div class='ocr_carea' id='block_1_46' title="bbox 680 2824 2262 2889">
    <p class='ocr_par' dir='ltr' id='par_1_46' title="bbox 680 2824 2262 2889">
     <span class='ocr_line' id='line_1_46' title="bbox 680 2824 2262 2889; baseline 0.006 -15"><span class='ocrx_word' id='word_1_315' title='bbox 680 2824 960 2889; x_wconf 57' lang='lat' dir='ltr'><strong>retur,&#39;diu</strong></span> <span class='ocrx_word' id='word_1_316' title='bbox 984 2826 1033 2877; x_wconf 93' lang='lat' dir='ltr'><strong>in</strong></span> <span class='ocrx_word' id='word_1_317' title='bbox 1058 2841 1274 2880; x_wconf 80' lang='lat' dir='ltr'><strong>carcere</strong></span> <span class='ocrx_word' id='word_1_318' title='bbox 1296 2833 1547 2880; x_wconf 80' lang='lat' dir='ltr'><strong>macerati</strong></span> <span class='ocrx_word' id='word_1_319' title='bbox 1581 2839 1722 2880; x_wconf 80' lang='lat' dir='ltr'><strong>sunt.</strong></span> <span class='ocrx_word' id='word_1_320' title='bbox 1758 2828 1956 2881; x_wconf 77' lang='lat' dir='ltr'><strong>Deinde</strong></span> <span class='ocrx_word' id='word_1_321' title='bbox 1987 2824 2262 2883; x_wconf 80' lang='lat' dir='ltr'><strong>Lambesi-</strong></span> 
     </span>
    </p>
   </div>
   <div class='ocr_carea' id='block_1_47' title="bbox 2365 2336 3948 2403">
    <p class='ocr_par' dir='ltr' id='par_1_47' title="bbox 2365 2336 3948 2403">
     <span class='ocr_line' id='line_1_47' title="bbox 2365 2336 3948 2403; baseline -0.001 -13"><span class='ocrx_word' id='word_1_322' title='bbox 2365 2348 2539 2392; x_wconf 67' lang='lat' dir='ltr'><strong>tanam</strong></span> <span class='ocrx_word' id='word_1_323' title='bbox 2573 2336 2757 2390; x_wconf 89' lang='lat' dir='ltr'><strong>urbem</strong></span> <span class='ocrx_word' id='word_1_324' title='bbox 2786 2337 2973 2390; x_wconf 87' lang='lat' dir='ltr'><strong>directi</strong></span> <span class='ocrx_word' id='word_1_325' title='bbox 3007 2337 3070 2389; x_wconf 87' lang='lat' dir='ltr'><strong>ad</strong></span> <span class='ocrx_word' id='word_1_326' title='bbox 3106 2337 3407 2402; x_wconf 74' lang='lat' dir='ltr'><strong>przesidem,</strong></span> <span class='ocrx_word' id='word_1_327' title='bbox 3439 2337 3509 2392; x_wconf 93' lang='lat' dir='ltr'><strong>ibi</strong></span> <span class='ocrx_word' id='word_1_328' title='bbox 3555 2352 3760 2392; x_wconf 89' lang='lat' dir='ltr'><strong>rursum</strong></span> <span class='ocrx_word' id='word_1_329' title='bbox 3786 2337 3948 2403; x_wconf 72' lang='lat' dir='ltr'><strong>longo</strong></span> 
     </span>
    </p>
   </div>
   <div class='ocr_carea' id='block_1_48' title="bbox 2368 2407 3948 2476">
    <p class='ocr_par' dir='ltr' id='par_1_48' title="bbox 2368 2407 3948 2476">
     <span class='ocr_line' id='line_1_48' title="bbox 2368 2407 3948 2476; baseline -0.003 -14"><span class='ocrx_word' id='word_1_330' title='bbox 2368 2419 2608 2476; x_wconf 83' lang='lat' dir='ltr'><strong>tempore</strong></span> <span class='ocrx_word' id='word_1_331' title='bbox 2637 2408 2888 2460; x_wconf 79' lang='lat' dir='ltr'><strong>carcerali</strong></span> <span class='ocrx_word' id='word_1_332' title='bbox 2919 2411 3186 2474; x_wconf 78' lang='lat' dir='ltr'><strong>ergastulo</strong></span> <span class='ocrx_word' id='word_1_333' title='bbox 3218 2407 3524 2471; x_wconf 82' lang='lat' dir='ltr'><strong>mancipati,</strong></span> <span class='ocrx_word' id='word_1_334' title='bbox 3568 2419 3618 2461; x_wconf 92' lang='lat' dir='ltr'><strong>et</strong></span> <span class='ocrx_word' id='word_1_335' title='bbox 3659 2407 3948 2461; x_wconf 82' lang='lat' dir='ltr'><strong>novissime</strong></span> 
     </span>
    </p>
   </div>
   <div class='ocr_carea' id='block_1_49' title="bbox 2364 2478 3947 2546">
    <p class='ocr_par' dir='ltr' id='par_1_49' title="bbox 2364 2478 3947 2546">
     <span class='ocr_line' id='line_1_49' title="bbox 2364 2478 3947 2546; baseline 0 -16"><span class='ocrx_word' id='word_1_336' title='bbox 2364 2495 2483 2531; x_wconf 90' lang='lat' dir='ltr'><strong>cum</strong></span> <span class='ocrx_word' id='word_1_337' title='bbox 2542 2480 2720 2530; x_wconf 89' lang='lat' dir='ltr'><strong>multis</strong></span> <span class='ocrx_word' id='word_1_338' title='bbox 2770 2478 2883 2530; x_wconf 75' lang='lat' dir='ltr'><strong>aliis</strong></span> <span class='ocrx_word' id='word_1_339' title='bbox 2948 2478 3122 2546; x_wconf 76' lang='lat' dir='ltr'><strong>gladio</strong></span> <span class='ocrx_word' id='word_1_340' title='bbox 3172 2479 3524 2530; x_wconf 83' lang='lat' dir='ltr'><strong>consummati</strong></span> <span class='ocrx_word' id='word_1_341' title='bbox 3591 2486 3731 2532; x_wconf 89' lang='lat' dir='ltr'><strong>sunt.</strong></span> <span class='ocrx_word' id='word_1_342' title='bbox 3787 2479 3947 2543; x_wconf 89' lang='lat' dir='ltr'><strong>Ado,</strong></span> 
     </span>
    </p>
   </div>
   <div class='ocr_carea' id='block_1_50' title="bbox 2368 2547 3943 2616">
    <p class='ocr_par' dir='ltr' id='par_1_50' title="bbox 2368 2547 3943 2616">
     <span class='ocr_line' id='line_1_50' title="bbox 2368 2547 3943 2616; baseline -0.001 -15"><span class='ocrx_word' id='word_1_343' title='bbox 2368 2549 2600 2603; x_wconf 80' lang='lat' dir='ltr'><strong>llsuard.</strong></span> <span class='ocrx_word' id='word_1_344' title='bbox 2654 2549 2799 2601; x_wconf 81' lang='lat' dir='ltr'><strong>l&#39;assi</strong></span> <span class='ocrx_word' id='word_1_345' title='bbox 2827 2557 2952 2600; x_wconf 90' lang='lat' dir='ltr'><strong>sunt</strong></span> <span class='ocrx_word' id='word_1_346' title='bbox 2997 2550 3046 2600; x_wconf 93' lang='lat' dir='ltr'><strong>hi</strong></span> <span class='ocrx_word' id='word_1_347' title='bbox 3078 2559 3339 2614; x_wconf 86' lang='lat' dir='ltr'><strong>martyres</strong></span> <span class='ocrx_word' id='word_1_348' title='bbox 3370 2559 3486 2615; x_wconf 87' lang='lat' dir='ltr'><strong>post</strong></span> <span class='ocrx_word' id='word_1_349' title='bbox 3509 2548 3563 2604; x_wconf 92' lang='lat' dir='ltr'><strong>S.</strong></span> <span class='ocrx_word' id='word_1_350' title='bbox 3597 2547 3943 2616; x_wconf 84' lang='lat' dir='ltr'><strong>Cyprianum,</strong></span> 
     </span>
    </p>
   </div>
   <div class='ocr_carea' id='block_1_51' title="bbox 2366 2618 3946 2688">
    <p class='ocr_par' dir='ltr' id='par_1_51' title="bbox 2366 2618 3946 2688">
     <span class='ocr_line' id='line_1_51' title="bbox 2366 2618 3946 2688; baseline -0.001 -17"><span class='ocrx_word' id='word_1_351' title='bbox 2366 2619 2456 2688; x_wconf 92' lang='lat' dir='ltr'><strong>qui</strong></span> <span class='ocrx_word' id='word_1_352' title='bbox 2481 2619 2537 2671; x_wconf 85' lang='lat' dir='ltr'><strong>S.</strong></span> <span class='ocrx_word' id='word_1_353' title='bbox 2566 2618 2825 2681; x_wconf 76' lang='lat' dir='ltr'><strong>Mariano,</strong></span> <span class='ocrx_word' id='word_1_354' title='bbox 2853 2629 2908 2670; x_wconf 91' lang='lat' dir='ltr'><strong>ut</strong></span> <span class='ocrx_word' id='word_1_355' title='bbox 2935 2619 3050 2686; x_wconf 74' lang='lat' dir='ltr'><strong>ejus</strong></span> <span class='ocrx_word' id='word_1_356' title='bbox 3076 2627 3190 2671; x_wconf 84' lang='lat' dir='ltr'><strong>acta</strong></span> <span class='ocrx_word' id='word_1_357' title='bbox 3221 2618 3519 2688; x_wconf 81' lang='lat' dir='ltr'><strong>declarant,</strong></span> <span class='ocrx_word' id='word_1_358' title='bbox 3549 2619 3600 2670; x_wconf 89' lang='lat' dir='ltr'><strong>in</strong></span> <span class='ocrx_word' id='word_1_359' title='bbox 3624 2620 3822 2672; x_wconf 89' lang='lat' dir='ltr'><strong>visione</strong></span> <span class='ocrx_word' id='word_1_360' title='bbox 3851 2632 3946 2684; x_wconf 83' lang='lat' dir='ltr'><strong>ap-</strong></span> 
     </span>
    </p>
   </div>
   <div class='ocr_carea' id='block_1_52' title="bbox 2367 2687 3950 2758">
    <p class='ocr_par' dir='ltr' id='par_1_52' title="bbox 2367 2687 3950 2758">
     <span class='ocr_line' id='line_1_52' title="bbox 2367 2687 3950 2758; baseline -0.001 -18"><span class='ocrx_word' id='word_1_361' title='bbox 2367 2687 2541 2758; x_wconf 86' lang='lat' dir='ltr'><strong>paruit</strong></span> <span class='ocrx_word' id='word_1_362' title='bbox 2577 2730 2588 2749; x_wconf 87' lang='lat'><strong>,</strong></span> <span class='ocrx_word' id='word_1_363' title='bbox 2635 2690 2767 2758; x_wconf 84' lang='lat' dir='ltr'><strong>jam</strong></span> <span class='ocrx_word' id='word_1_364' title='bbox 2801 2697 2923 2742; x_wconf 89' lang='lat' dir='ltr'><strong>ante</strong></span> <span class='ocrx_word' id='word_1_365' title='bbox 2975 2698 3175 2757; x_wconf 84' lang='lat' dir='ltr'><strong>martyr</strong></span> <span class='ocrx_word' id='word_1_366' title='bbox 3219 2687 3436 2742; x_wconf 75' lang='lat' dir='ltr'><strong>eil&#39;ectus</strong></span> <span class='ocrx_word' id='word_1_367' title='bbox 3483 2705 3623 2741; x_wconf 88' lang='lat' dir='ltr'><strong>anno</strong></span> <span class='ocrx_word' id='word_1_368' title='bbox 3661 2688 3798 2752; x_wconf 66' lang='lat'><strong>258,</strong></span> <span class='ocrx_word' id='word_1_369' title='bbox 3860 2689 3950 2740; x_wconf 84' lang='lat' dir='ltr'><strong>die</strong></span> 
     </span>
    </p>
   </div>
   <div class='ocr_carea' id='block_1_53' title="bbox 2371 2757 3952 2830">
    <p class='ocr_par' dir='ltr' id='par_1_53' title="bbox 2371 2757 3952 2830">
     <span class='ocr_line' id='line_1_53' title="bbox 2371 2757 3952 2830; baseline 0.001 -19"><span class='ocrx_word' id='word_1_370' title='bbox 2371 2757 2434 2811; x_wconf 71' lang='grc' dir='ltr'>Η</span> <span class='ocrx_word' id='word_1_371' title='bbox 2475 2757 2802 2824; x_wconf 71' lang='lat' dir='ltr'><strong>Septembris</strong></span> <span class='ocrx_word' id='word_1_372' title='bbox 2830 2775 2843 2821; x_wconf 92' lang='lat'>;</span> <span class='ocrx_word' id='word_1_373' title='bbox 2873 2768 2928 2811; x_wconf 92' lang='lat' dir='ltr'><strong>ut</strong></span> <span class='ocrx_word' id='word_1_374' title='bbox 2956 2759 3195 2811; x_wconf 88' lang='lat' dir='ltr'><strong>videatur</strong></span> <span class='ocrx_word' id='word_1_375' title='bbox 3227 2759 3413 2830; x_wconf 76' lang='lat' dir='ltr'><strong>horum</strong></span> <span class='ocrx_word' id='word_1_376' title='bbox 3460 2759 3766 2830; x_wconf 87' lang='lat' dir='ltr'><strong>martyrium</strong></span> <span class='ocrx_word' id='word_1_377' title='bbox 3793 2771 3952 2825; x_wconf 79' lang='lat' dir='ltr'><strong>posse</strong></span> 
     </span>
    </p>
   </div>
   <div class='ocr_carea' id='block_1_54' title="bbox 2375 2827 3354 2898">
    <p class='ocr_par' dir='ltr' id='par_1_54' title="bbox 2375 2827 3354 2898">
     <span class='ocr_line' id='line_1_54' title="bbox 2375 2827 3354 2898; baseline 0.001 -15"><span class='ocrx_word' id='word_1_378' title='bbox 2375 2831 2564 2884; x_wconf 76' lang='lat' dir='ltr'><strong>referri</strong></span> <span class='ocrx_word' id='word_1_379' title='bbox 2597 2836 2647 2881; x_wconf 90' lang='lat' dir='ltr'><strong>in</strong></span> <span class='ocrx_word' id='word_1_380' title='bbox 2674 2844 2870 2882; x_wconf 82' lang='lat' dir='ltr'><strong>annum</strong></span> <span class='ocrx_word' id='word_1_381' title='bbox 2895 2839 3204 2898; x_wconf 82' lang='lat' dir='ltr'><strong>sequentem</strong></span> <span class='ocrx_word' id='word_1_382' title='bbox 3226 2827 3354 2884; x_wconf 70' lang='lat'><strong>259.</strong></span> 
     </span>
    </p>
   </div>
   <div class='ocr_carea' id='block_1_55' title="bbox 2117 3117 2516 3200">
    <p class='ocr_par' dir='ltr' id='par_1_55' title="bbox 2117 3117 2516 3200">
     <span class='ocr_line' id='line_1_55' title="bbox 2117 3117 2516 3200; baseline -0.003 -2"><span class='ocrx_word' id='word_1_383' title='bbox 2117 3117 2516 3200; x_wconf 88' lang='lat' dir='ltr'><strong>MAIUS.</strong></span> 
     </span>
    </p>
   </div>
   <div class='ocr_carea' id='block_1_56' title="bbox 1939 3273 2668 3330">
    <p class='ocr_par' dir='ltr' id='par_1_56' title="bbox 1939 3273 2668 3330">
     <span class='ocr_line' id='line_1_56' title="bbox 1939 3273 2668 3330; baseline -0.004 0"><span class='ocrx_word' id='word_1_384' title='bbox 1939 3275 2167 3330; x_wconf 75' lang='lat' dir='ltr'><strong>EDITlO</strong></span> <span class='ocrx_word' id='word_1_385' title='bbox 2204 3273 2668 3330; x_wconf 66' lang='lat' dir='ltr'><strong>COLONIENSIS.</strong></span> 
     </span>
    </p>
   </div>
   <div class='ocr_carea' id='block_1_57' title="bbox 2311 3384 3953 3459">
    <p class='ocr_par' dir='ltr' id='par_1_57' title="bbox 2311 3384 3953 3459">
     <span class='ocr_line' id='line_1_57' title="bbox 2311 3384 3953 3459; baseline 0.005 -21"><span class='ocrx_word' id='word_1_386' title='bbox 2311 3389 2356 3450; x_wconf 71' lang='grc' dir='ltr'>Ο</span> <span class='ocrx_word' id='word_1_387' title='bbox 2387 3385 2722 3453; x_wconf 85' lang='lat' dir='ltr'><strong>diaconibus,</strong></span> <span class='ocrx_word' id='word_1_388' title='bbox 2782 3384 3108 3456; x_wconf 82' lang='lat' dir='ltr'><strong>presbyteris</strong></span> <span class='ocrx_word' id='word_1_389' title='bbox 3134 3394 3190 3440; x_wconf 88' lang='lat' dir='ltr'><strong>et</strong></span> <span class='ocrx_word' id='word_1_390' title='bbox 3222 3386 3483 3456; x_wconf 86' lang='lat' dir='ltr'><strong>episcopis</strong></span> <span class='ocrx_word' id='word_1_391' title='bbox 3527 3388 3600 3442; x_wconf 89' lang='lat' dir='ltr'><strong>ibi</strong></span> <span class='ocrx_word' id='word_1_392' title='bbox 3627 3389 3953 3459; x_wconf 85' lang='lat' dir='ltr'><strong>constitutis,</strong></span> 
     </span>
    </p>
   </div>
   <div class='ocr_carea' id='block_1_58' title="bbox 2375 3475 3956 3549">
    <p class='ocr_par' dir='ltr' id='par_1_58' title="bbox 2375 3475 3956 3549">
     <span class='ocr_line' id='line_1_58' title="bbox 2375 3475 3956 3549; baseline 0.004 -19"><span class='ocrx_word' id='word_1_393' title='bbox 2375 3491 2621 3531; x_wconf 82' lang='lat' dir='ltr'><strong>reversus</strong></span> <span class='ocrx_word' id='word_1_394' title='bbox 2645 3484 2728 3531; x_wconf 87' lang='lat' dir='ltr'><strong>est</strong></span> <span class='ocrx_word' id='word_1_395' title='bbox 2754 3475 2821 3530; x_wconf 87' lang='lat' dir='ltr'><strong>ad</strong></span> <span class='ocrx_word' id='word_1_396' title='bbox 2875 3477 3080 3541; x_wconf 83' lang='lat' dir='ltr'><strong>Asiam,</strong></span> <span class='ocrx_word' id='word_1_397' title='bbox 3111 3488 3162 3531; x_wconf 90' lang='lat' dir='ltr'><strong>et</strong></span> <span class='ocrx_word' id='word_1_398' title='bbox 3185 3477 3321 3547; x_wconf 91' lang='lat' dir='ltr'><strong>apud</strong></span> <span class='ocrx_word' id='word_1_399' title='bbox 3353 3477 3673 3549; x_wconf 90' lang='lat' dir='ltr'><strong>Hierapolim</strong></span> <span class='ocrx_word' id='word_1_400' title='bbox 3705 3481 3956 3536; x_wconf 74' lang='lat' dir='ltr'><strong>dormivit</strong></span> 
     </span>
    </p>
   </div>
   <div class='ocr_carea' id='block_1_59' title="bbox 2379 3567 3956 3645">
    <p class='ocr_par' dir='ltr' id='par_1_59' title="bbox 2379 3567 3956 3645">
     <span class='ocr_line' id='line_1_59' title="bbox 2379 3567 3956 3645; baseline 0.005 -23"><span class='ocrx_word' id='word_1_401' title='bbox 2379 3570 2429 3622; x_wconf 95' lang='lat' dir='ltr'><strong>in</strong></span> <span class='ocrx_word' id='word_1_402' title='bbox 2457 3584 2608 3636; x_wconf 84' lang='lat' dir='ltr'><strong>pace.</strong></span> <span class='ocrx_word' id='word_1_403' title='bbox 2639 3567 2871 3623; x_wconf 81' lang='lat' dir='ltr'><strong>Jacobus</strong></span> <span class='ocrx_word' id='word_1_404' title='bbox 2901 3584 3049 3636; x_wconf 87' lang='lat' dir='ltr'><strong>vero,</strong></span> <span class='ocrx_word' id='word_1_405' title='bbox 3085 3573 3174 3640; x_wconf 93' lang='lat' dir='ltr'><strong>qui</strong></span> <span class='ocrx_word' id='word_1_406' title='bbox 3206 3582 3261 3625; x_wconf 92' lang='lat' dir='ltr'><strong>et</strong></span> <span class='ocrx_word' id='word_1_407' title='bbox 3308 3571 3470 3626; x_wconf 85' lang='lat' dir='ltr'><strong>lrater</strong></span> <span class='ocrx_word' id='word_1_408' title='bbox 3502 3572 3713 3628; x_wconf 88' lang='lat' dir='ltr'><strong>Domini</strong></span> <span class='ocrx_word' id='word_1_409' title='bbox 3743 3575 3956 3645; x_wconf 73' lang='lat' dir='ltr'><strong>legitur,</strong></span> 
     </span>
    </p>
   </div>
   <div class='ocr_carea' id='block_1_60' title="bbox 2380 3660 3959 3731">
    <p class='ocr_par' dir='ltr' id='par_1_60' title="bbox 2380 3660 3959 3731">
     <span class='ocr_line' id='line_1_60' title="bbox 2380 3660 3959 3731; baseline 0.004 -19"><span class='ocrx_word' id='word_1_410' title='bbox 2380 3671 2497 3729; x_wconf 90' lang='lat' dir='ltr'><strong>post</strong></span> <span class='ocrx_word' id='word_1_411' title='bbox 2529 3662 2831 3728; x_wconf 86' lang='lat' dir='ltr'><strong>passionem</strong></span> <span class='ocrx_word' id='word_1_412' title='bbox 2865 3660 3072 3715; x_wconf 90' lang='lat' dir='ltr'><strong>Domini</strong></span> <span class='ocrx_word' id='word_1_413' title='bbox 3124 3664 3301 3716; x_wconf 85' lang='lat' dir='ltr'><strong>statim</strong></span> <span class='ocrx_word' id='word_1_414' title='bbox 3333 3663 3401 3716; x_wconf 87' lang='lat' dir='ltr'><strong>ab</strong></span> <span class='ocrx_word' id='word_1_415' title='bbox 3426 3665 3683 3731; x_wconf 83' lang='lat' dir='ltr'><strong>apostolis</strong></span> <span class='ocrx_word' id='word_1_416' title='bbox 3711 3666 3959 3720; x_wconf 70' lang='lat' dir='ltr'><strong>Hierom-</strong></span> 
     </span>
    </p>
   </div>
   <div class='ocr_carea' id='block_1_61' title="bbox 1366 3388 1593 3444">
    <p class='ocr_par' dir='ltr' id='par_1_61' title="bbox 1366 3388 1593 3444">
     <span class='ocr_line' id='line_1_61' title="bbox 1366 3388 1593 3444; baseline -0.022 0"><span class='ocrx_word' id='word_1_417' title='bbox 1366 3388 1593 3444; x_wconf 78' lang='lat' dir='ltr'><strong>MAIUS.</strong></span> 
     </span>
    </p>
   </div>
   <div class='ocr_carea' id='block_1_62' title="bbox 1045 3479 1904 3541">
    <p class='ocr_par' dir='ltr' id='par_1_62' title="bbox 1045 3479 1904 3541">
     <span class='ocr_line' id='line_1_62' title="bbox 1045 3479 1904 3541; baseline -0.006 -5"><span class='ocrx_word' id='word_1_418' title='bbox 1045 3481 1208 3536; x_wconf 82' lang='lat' dir='ltr'><strong>Habet</strong></span> <span class='ocrx_word' id='word_1_419' title='bbox 1234 3482 1339 3534; x_wconf 72' lang='lat' dir='ltr'><strong>dies</strong></span> <span class='ocrx_word' id='word_1_420' title='bbox 1371 3495 1514 3541; x_wconf 76' lang='lat' dir='ltr'><strong>xxxi,</strong></span> <span class='ocrx_word' id='word_1_421' title='bbox 1551 3479 1745 3531; x_wconf 83' lang='lat' dir='ltr'><strong>Lunam</strong></span> <span class='ocrx_word' id='word_1_422' title='bbox 1777 3494 1904 3531; x_wconf 75' lang='lat' dir='ltr'><strong>xxx.</strong></span> 
     </span>
    </p>
   </div>
   <div class='ocr_carea' id='block_1_63' title="bbox 759 3570 2271 3638">
    <p class='ocr_par' dir='ltr' id='par_1_63' title="bbox 759 3570 2271 3638">
     <span class='ocr_line' id='line_1_63' title="bbox 759 3570 2271 3638; baseline -0.003 -9"><span class='ocrx_word' id='word_1_423' title='bbox 759 3576 818 3629; x_wconf 82' lang='grc' dir='ltr'><strong>Β.</strong></span> <span class='ocrx_word' id='word_1_424' title='bbox 843 3574 1079 3628; x_wconf 66' lang='grc' dir='ltr'><strong>ΚΑιεαι).</strong></span> <span class='ocrx_word' id='word_1_425' title='bbox 1115 3574 1259 3626; x_wconf 63' lang='lat' dir='ltr'><strong>Man.</strong></span> <span class='ocrx_word' id='word_1_426' title='bbox 1281 3571 1604 3624; x_wconf 74' lang='lat' dir='ltr'><strong>—.Ieremia:</strong></span> <span class='ocrx_word' id='word_1_427' title='bbox 1635 3570 1925 3638; x_wconf 72' lang='lat' dir='ltr'><strong>prnpltelm.</strong></span> <span class='ocrx_word' id='word_1_428' title='bbox 1986 3571 2050 3623; x_wconf 78' lang='lat' dir='ltr'><strong>Et</strong></span> <span class='ocrx_word' id='word_1_429' title='bbox 2095 3571 2271 3625; x_wconf 85' lang='lat' dir='ltr'><strong>natale</strong></span> 
     </span>
    </p>
   </div>
   <div class='ocr_carea' id='block_1_64' title="bbox 693 3660 2270 3731">
    <p class='ocr_par' dir='ltr' id='par_1_64' title="bbox 693 3660 2270 3731">
     <span class='ocr_line' id='line_1_64' title="bbox 693 3660 2270 3731; baseline -0.004 -11"><span class='ocrx_word' id='word_1_430' title='bbox 693 3677 997 3720; x_wconf 87' lang='lat' dir='ltr'><strong>sanctorum</strong></span> <span class='ocrx_word' id='word_1_431' title='bbox 1025 3663 1386 3731; x_wconf 83' lang='lat' dir='ltr'><strong>apostolorum</strong></span> <span class='ocrx_word' id='word_1_432' title='bbox 1407 3662 1631 3727; x_wconf 84' lang='lat' dir='ltr'><strong>Philippi</strong></span> <span class='ocrx_word' id='word_1_433' title='bbox 1657 3660 1928 3723; x_wconf 80' lang='lat' dir='ltr'><strong>etlacobi,</strong></span> <span class='ocrx_word' id='word_1_434' title='bbox 1947 3661 2036 3712; x_wconf 85' lang='lat' dir='ltr'><strong>lilii</strong></span> <span class='ocrx_word' id='word_1_435' title='bbox 2067 3661 2270 3726; x_wconf 58' lang='lat' dir='ltr'><strong>Mariae,</strong></span> 
     </span>
    </p>
   </div>
   <div class='ocr_carea' id='block_1_65' title="bbox 695 3751 3955 3828">
    <p class='ocr_par' dir='ltr' id='par_1_65' title="bbox 695 3751 3955 3828">
     <span class='ocr_line' id='line_1_65' title="bbox 695 3751 3955 3828; baseline 0 -19"><span class='ocrx_word' id='word_1_436' title='bbox 695 3774 813 3828; x_wconf 76' lang='lat' dir='ltr'><strong>quae</strong></span> <span class='ocrx_word' id='word_1_437' title='bbox 844 3758 937 3809; x_wconf 79' lang='lat' dir='ltr'><strong>fuit</strong></span> <span class='ocrx_word' id='word_1_438' title='bbox 965 3771 1117 3809; x_wconf 90' lang='lat' dir='ltr'><strong>soror</strong></span> <span class='ocrx_word' id='word_1_439' title='bbox 1147 3754 1327 3808; x_wconf 86' lang='lat' dir='ltr'><strong>Matris</strong></span> <span class='ocrx_word' id='word_1_440' title='bbox 1358 3751 1585 3808; x_wconf 89' lang='lat' dir='ltr'><strong>Domini.</strong></span> <span class='ocrx_word' id='word_1_441' title='bbox 1637 3753 1714 3804; x_wconf 75' lang='lat' dir='ltr'><strong>Ex</strong></span> <span class='ocrx_word' id='word_1_442' title='bbox 1757 3753 1946 3821; x_wconf 91' lang='lat' dir='ltr'><strong>quibus</strong></span> <span class='ocrx_word' id='word_1_443' title='bbox 1980 3751 2274 3820; x_wconf 86' lang='lat' dir='ltr'><strong>Philippus,</strong></span> <span class='ocrx_word' id='word_1_444' title='bbox 2384 3753 2644 3820; x_wconf 86' lang='lat' dir='ltr'><strong>lyinorum</strong></span> <span class='ocrx_word' id='word_1_445' title='bbox 2672 3752 2953 3820; x_wconf 81' lang='lat' dir='ltr'><strong>episcopus</strong></span> <span class='ocrx_word' id='word_1_446' title='bbox 2982 3753 3257 3806; x_wconf 87' lang='lat' dir='ltr'><strong>ordinatus</strong></span> <span class='ocrx_word' id='word_1_447' title='bbox 3289 3762 3392 3807; x_wconf 88' lang='lat' dir='ltr'><strong>est.</strong></span> <span class='ocrx_word' id='word_1_448' title='bbox 3419 3754 3512 3807; x_wconf 86' lang='lat' dir='ltr'><strong>llic</strong></span> <span class='ocrx_word' id='word_1_449' title='bbox 3539 3755 3604 3810; x_wconf 91' lang='lat' dir='ltr'><strong>de</strong></span> <span class='ocrx_word' id='word_1_450' title='bbox 3647 3765 3796 3809; x_wconf 90' lang='lat' dir='ltr'><strong>utero</strong></span> <span class='ocrx_word' id='word_1_451' title='bbox 3841 3771 3955 3809; x_wconf 86' lang='lat' dir='ltr'><strong>ma-</strong></span> 
     </span>
    </p>
   </div>
   <div class='ocr_carea' id='block_1_66' title="bbox 695 3843 3960 3917">
    <p class='ocr_par' dir='ltr' id='par_1_66' title="bbox 695 3843 3960 3917">
     <span class='ocr_line' id='line_1_66' title="bbox 695 3843 3960 3917; baseline -0.001 -14"><span class='ocrx_word' id='word_1_452' title='bbox 695 3867 814 3904; x_wconf 78' lang='lat' dir='ltr'><strong>rum</strong></span> <span class='ocrx_word' id='word_1_453' title='bbox 848 3864 982 3917; x_wconf 64' lang='lat' dir='ltr'><strong>pene</strong></span> <span class='ocrx_word' id='word_1_454' title='bbox 1012 3847 1282 3917; x_wconf 87' lang='lat' dir='ltr'><strong>Scythiam</strong></span> <span class='ocrx_word' id='word_1_455' title='bbox 1325 3847 1390 3898; x_wconf 88' lang='lat' dir='ltr'><strong>ad</strong></span> <span class='ocrx_word' id='word_1_456' title='bbox 1447 3845 1604 3900; x_wconf 76' lang='lat' dir='ltr'><strong>[idem</strong></span> <span class='ocrx_word' id='word_1_457' title='bbox 1665 3843 1858 3898; x_wconf 88' lang='lat' dir='ltr'><strong>Christi</strong></span> <span class='ocrx_word' id='word_1_458' title='bbox 1902 3847 2276 3910; x_wconf 80' lang='lat' dir='ltr'><strong>convertisset,</strong></span> <span class='ocrx_word' id='word_1_459' title='bbox 2384 3846 2480 3898; x_wconf 86' lang='lat' dir='ltr'><strong>tris</strong></span> <span class='ocrx_word' id='word_1_460' title='bbox 2503 3854 2718 3898; x_wconf 88' lang='lat' dir='ltr'><strong>sanctus</strong></span> <span class='ocrx_word' id='word_1_461' title='bbox 2743 3844 2858 3910; x_wconf 78' lang='lat' dir='ltr'><strong>fuit,</strong></span> <span class='ocrx_word' id='word_1_462' title='bbox 2889 3846 3066 3898; x_wconf 89' lang='lat' dir='ltr'><strong>vinum</strong></span> <span class='ocrx_word' id='word_1_463' title='bbox 3110 3853 3165 3900; x_wconf 90' lang='lat' dir='ltr'><strong>et</strong></span> <span class='ocrx_word' id='word_1_464' title='bbox 3189 3845 3412 3899; x_wconf 86' lang='lat' dir='ltr'><strong>siceram</strong></span> <span class='ocrx_word' id='word_1_465' title='bbox 3445 3861 3549 3899; x_wconf 93' lang='lat' dir='ltr'><strong>non</strong></span> <span class='ocrx_word' id='word_1_466' title='bbox 3577 3845 3722 3910; x_wconf 86' lang='lat' dir='ltr'><strong>bibit,</strong></span> <span class='ocrx_word' id='word_1_467' title='bbox 3749 3861 3960 3901; x_wconf 89' lang='lat' dir='ltr'><strong>carnem</strong></span> 
     </span>
    </p>
   </div>
   <div class='ocr_carea' id='block_1_67' title="bbox 1916 3934 2686 3990">
    <p class='ocr_par' dir='ltr' id='par_1_67' title="bbox 1916 3934 2686 3990">
     <span class='ocr_line' id='line_1_67' title="bbox 1916 3934 2686 3990; baseline -0.003 0"><span class='ocrx_word' id='word_1_468' title='bbox 1916 3936 2141 3990; x_wconf 84' lang='lat' dir='ltr'><strong>EDITIO</strong></span> <span class='ocrx_word' id='word_1_469' title='bbox 2185 3934 2686 3990; x_wconf 79' lang='lat' dir='ltr'><strong>BOLLANDIANA.</strong></span> 
     </span>
    </p>
   </div>
   <div class='ocr_carea' id='block_1_68' title="bbox 770 4024 3964 4095">
    <p class='ocr_par' dir='ltr' id='par_1_68' title="bbox 770 4024 3964 4095">
     <span class='ocr_line' id='line_1_68' title="bbox 770 4024 3964 4095; baseline -0.001 -11"><span class='ocrx_word' id='word_1_470' title='bbox 770 4030 1214 4085; x_wconf 71' lang='lat' dir='ltr'><strong>‘I.—-KALENDIS.</strong></span> <span class='ocrx_word' id='word_1_471' title='bbox 1271 4029 1520 4084; x_wconf 74' lang='lat' dir='ltr'><strong>Jeremia:</strong></span> <span class='ocrx_word' id='word_1_472' title='bbox 1577 4028 1870 4095; x_wconf 64' lang='lat' dir='ltr'><strong>prophetia.</strong></span> <span class='ocrx_word' id='word_1_473' title='bbox 1907 4027 1974 4081; x_wconf 88' lang='lat' dir='ltr'><strong>Et</strong></span> <span class='ocrx_word' id='word_1_474' title='bbox 2013 4027 2063 4081; x_wconf 92' lang='lat' dir='ltr'><strong>in</strong></span> <span class='ocrx_word' id='word_1_475' title='bbox 2095 4028 2280 4081; x_wconf 87' lang='lat' dir='ltr'><strong>lliero-</strong></span> <span class='ocrx_word' id='word_1_476' title='bbox 2382 4026 2622 4092; x_wconf 83' lang='lat' dir='ltr'><strong>Cumque</strong></span> <span class='ocrx_word' id='word_1_477' title='bbox 2651 4024 2912 4093; x_wconf 86' lang='lat' dir='ltr'><strong>lapidibus</strong></span> <span class='ocrx_word' id='word_1_478' title='bbox 2938 4035 3235 4093; x_wconf 83' lang='lat' dir='ltr'><strong>urgeretur,</strong></span> <span class='ocrx_word' id='word_1_479' title='bbox 3278 4040 3372 4092; x_wconf 91' lang='lat' dir='ltr'><strong>pro</strong></span> <span class='ocrx_word' id='word_1_480' title='bbox 3393 4025 3591 4080; x_wconf 87' lang='lat' dir='ltr'><strong>eisdem</strong></span> <span class='ocrx_word' id='word_1_481' title='bbox 3617 4030 3964 4094; x_wconf 64' lang='lat' dir='ltr'><strong>persecutori.</strong></span> 
     </span>
    </p>
   </div>
   <div class='ocr_carea' id='block_1_69' title="bbox 699 4114 3966 4193">
    <p class='ocr_par' dir='ltr' id='par_1_69' title="bbox 699 4114 3966 4193">
     <span class='ocr_line' id='line_1_69' title="bbox 699 4114 3966 4193; baseline -0.001 -17"><span class='ocrx_word' id='word_1_482' title='bbox 699 4125 802 4193; x_wconf 90' lang='lat' dir='ltr'><strong>poli</strong></span> <span class='ocrx_word' id='word_1_483' title='bbox 853 4123 1074 4190; x_wconf 84' lang='lat' dir='ltr'><strong>Philippi</strong></span> <span class='ocrx_word' id='word_1_484' title='bbox 1114 4122 1340 4191; x_wconf 62' lang='lat' dir='ltr'><strong>apostoli</strong></span> <span class='ocrx_word' id='word_1_485' title='bbox 1370 4132 1424 4176; x_wconf 89' lang='lat' dir='ltr'><strong>et</strong></span> <span class='ocrx_word' id='word_1_486' title='bbox 1450 4121 1632 4175; x_wconf 81' lang='lat' dir='ltr'><strong>Jacobi</strong></span> <span class='ocrx_word' id='word_1_487' title='bbox 1663 4121 1890 4190; x_wconf 87' lang='lat' dir='ltr'><strong>apostoli</strong></span> <span class='ocrx_word' id='word_1_488' title='bbox 1947 4119 2125 4173; x_wconf 80' lang='lat' dir='ltr'><strong>fratris</strong></span> <span class='ocrx_word' id='word_1_489' title='bbox 2178 4119 2282 4172; x_wconf 90' lang='lat' dir='ltr'><strong>Do-</strong></span> <span class='ocrx_word' id='word_1_490' title='bbox 2386 4117 2484 4170; x_wconf 88' lang='lat' dir='ltr'><strong>bus</strong></span> <span class='ocrx_word' id='word_1_491' title='bbox 2508 4114 2761 4171; x_wconf 74' lang='lat' dir='ltr'><strong>exorabat</strong></span> <span class='ocrx_word' id='word_1_492' title='bbox 2811 4115 3026 4169; x_wconf 91' lang='lat' dir='ltr'><strong>dicens:</strong></span> <span class='ocrx_word' id='word_1_493' title='bbox 3063 4115 3231 4184; x_wconf 75' lang='lat' dir='ltr'><strong>Rogo,</strong></span> <span class='ocrx_word' id='word_1_494' title='bbox 3265 4115 3488 4170; x_wconf 87' lang='lat' dir='ltr'><strong>Domine</strong></span> <span class='ocrx_word' id='word_1_495' title='bbox 3518 4115 3655 4171; x_wconf 89' lang='lat' dir='ltr'><strong>Deus</strong></span> <span class='ocrx_word' id='word_1_496' title='bbox 3688 4118 3860 4186; x_wconf 80' lang='lat' dir='ltr'><strong>Pater,</strong></span> <span class='ocrx_word' id='word_1_497' title='bbox 3884 4120 3966 4173; x_wconf 83' lang='lat' dir='ltr'><strong>di-</strong></span> 
     </span>
    </p>
   </div>
   <div class='ocr_carea' id='block_1_70' title="bbox 700 4210 3963 4279">
    <p class='ocr_par' dir='ltr' id='par_1_70' title="bbox 700 4210 3963 4279">
     <span class='ocr_line' id='line_1_70' title="bbox 700 4210 3963 4279; baseline 0 -11"><span class='ocrx_word' id='word_1_498' title='bbox 700 4215 848 4268; x_wconf 88' lang='lat' dir='ltr'><strong>mini.</strong></span> <span class='ocrx_word' id='word_1_499' title='bbox 2392 4210 2540 4264; x_wconf 90' lang='lat' dir='ltr'><strong>mitte</strong></span> <span class='ocrx_word' id='word_1_500' title='bbox 2565 4211 2643 4264; x_wconf 90' lang='lat' dir='ltr'><strong>eis</strong></span> <span class='ocrx_word' id='word_1_501' title='bbox 2669 4211 2766 4264; x_wconf 88' lang='lat' dir='ltr'><strong>hoc</strong></span> <span class='ocrx_word' id='word_1_502' title='bbox 2795 4218 3066 4278; x_wconf 85' lang='lat' dir='ltr'><strong>peccatqu</strong></span> <span class='ocrx_word' id='word_1_503' title='bbox 3088 4227 3102 4273; x_wconf 85' lang='lat'><strong>;</strong></span> <span class='ocrx_word' id='word_1_504' title='bbox 3125 4226 3226 4264; x_wconf 86' lang='lat' dir='ltr'><strong>non</strong></span> <span class='ocrx_word' id='word_1_505' title='bbox 3249 4211 3390 4264; x_wconf 89' lang='lat' dir='ltr'><strong>enim</strong></span> <span class='ocrx_word' id='word_1_506' title='bbox 3415 4213 3588 4266; x_wconf 84' lang='lat' dir='ltr'><strong>sciunt</strong></span> <span class='ocrx_word' id='word_1_507' title='bbox 3608 4213 3729 4279; x_wconf 90' lang='lat' dir='ltr'><strong>quid</strong></span> <span class='ocrx_word' id='word_1_508' title='bbox 3748 4212 3963 4268; x_wconf 77' lang='lat' dir='ltr'><strong>faciunt.</strong></span> 
     </span>
    </p>
   </div>
   <div class='ocr_carea' id='block_1_71' title="bbox 779 4300 3964 4378">
    <p class='ocr_par' dir='ltr' id='par_1_71' title="bbox 779 4300 3964 4378">
     <span class='ocr_line' id='line_1_71' title="bbox 779 4300 3964 4378; baseline 0.003 -22"><span class='ocrx_word' id='word_1_509' title='bbox 779 4306 936 4357; x_wconf 83' lang='lat' dir='ltr'><strong>Addit</strong></span> <span class='ocrx_word' id='word_1_510' title='bbox 984 4303 1170 4356; x_wconf 82' lang='lat' dir='ltr'><strong>Florus</strong></span> <span class='ocrx_word' id='word_1_511' title='bbox 1200 4306 1250 4357; x_wconf 92' lang='lat' dir='ltr'><strong>in</strong></span> <span class='ocrx_word' id='word_1_512' title='bbox 1283 4307 1343 4358; x_wconf 87' lang='lat' dir='ltr'><strong>A.</strong></span> <span class='ocrx_word' id='word_1_513' title='bbox 1391 4304 1454 4356; x_wconf 87' lang='grc' dir='ltr'><strong>Τ.</strong></span> <span class='ocrx_word' id='word_1_514' title='bbox 1491 4303 1574 4363; x_wconf 84' lang='lat' dir='ltr'><strong>L.,</strong></span> <span class='ocrx_word' id='word_1_515' title='bbox 1631 4311 1654 4340; x_wconf 80' lang='grc' dir='ltr'>ι</span> <span class='ocrx_word' id='word_1_516' title='bbox 1688 4304 1921 4367; x_wconf 86' lang='lat' dir='ltr'><strong>Quorum</strong></span> <span class='ocrx_word' id='word_1_517' title='bbox 1973 4301 2170 4369; x_wconf 90' lang='lat' dir='ltr'><strong>primus</strong></span> <span class='ocrx_word' id='word_1_518' title='bbox 2230 4300 2281 4354; x_wconf 91' lang='lat' dir='ltr'><strong>in</strong></span> <span class='ocrx_word' id='word_1_519' title='bbox 2392 4305 2457 4358; x_wconf 85' lang='lat' dir='ltr'><strong>Et</strong></span> <span class='ocrx_word' id='word_1_520' title='bbox 2485 4319 2609 4358; x_wconf 91' lang='lat' dir='ltr'><strong>ecce</strong></span> <span class='ocrx_word' id='word_1_521' title='bbox 2648 4319 2782 4358; x_wconf 90' lang='lat' dir='ltr'><strong>unus</strong></span> <span class='ocrx_word' id='word_1_522' title='bbox 2813 4318 2875 4358; x_wconf 79' lang='lat' dir='ltr'><strong>ex</strong></span> <span class='ocrx_word' id='word_1_523' title='bbox 2905 4305 3035 4372; x_wconf 89' lang='lat' dir='ltr'><strong>ipsis</strong></span> <span class='ocrx_word' id='word_1_524' title='bbox 3081 4304 3233 4370; x_wconf 78' lang='lat' dir='ltr'><strong>fullo,</strong></span> <span class='ocrx_word' id='word_1_525' title='bbox 3277 4317 3491 4374; x_wconf 83' lang='lat' dir='ltr'><strong>arrepto</strong></span> <span class='ocrx_word' id='word_1_526' title='bbox 3521 4307 3676 4373; x_wconf 77' lang='lat' dir='ltr'><strong>fuste,</strong></span> <span class='ocrx_word' id='word_1_527' title='bbox 3732 4324 3834 4378; x_wconf 91' lang='lat' dir='ltr'><strong>quo</strong></span> <span class='ocrx_word' id='word_1_528' title='bbox 3864 4310 3964 4364; x_wconf 88' lang='lat' dir='ltr'><strong>uda</strong></span> 
     </span>
    </p>
   </div>
   <div class='ocr_carea' id='block_1_72' title="bbox 712 4393 3968 4468">
    <p class='ocr_par' dir='ltr' id='par_1_72' title="bbox 712 4393 3968 4468">
     <span class='ocr_line' id='line_1_72' title="bbox 712 4393 3968 4468; baseline 0.001 -18"><span class='ocrx_word' id='word_1_529' title='bbox 712 4400 833 4450; x_wconf 85' lang='lat' dir='ltr'><strong>Asia</strong></span> <span class='ocrx_word' id='word_1_530' title='bbox 880 4397 931 4447; x_wconf 94' lang='lat' dir='ltr'><strong>in</strong></span> <span class='ocrx_word' id='word_1_531' title='bbox 960 4395 1171 4448; x_wconf 87' lang='lat' dir='ltr'><strong>civitate</strong></span> <span class='ocrx_word' id='word_1_532' title='bbox 1219 4395 1482 4462; x_wconf 89' lang='lat' dir='ltr'><strong>Hierapoli</strong></span> <span class='ocrx_word' id='word_1_533' title='bbox 1514 4393 1796 4458; x_wconf 70' lang='lat' dir='ltr'><strong>provinciae</strong></span> <span class='ocrx_word' id='word_1_534' title='bbox 1826 4394 2065 4462; x_wconf 69' lang='lat' dir='ltr'><strong>Phrygiae</strong></span> <span class='ocrx_word' id='word_1_535' title='bbox 2098 4406 2284 4456; x_wconf 85' lang='lat' dir='ltr'><strong>passus</strong></span> <span class='ocrx_word' id='word_1_536' title='bbox 2395 4396 2706 4447; x_wconf 80' lang='lat' dir='ltr'><strong>vestimenta</strong></span> <span class='ocrx_word' id='word_1_537' title='bbox 2757 4394 3063 4464; x_wconf 68' lang='lat' dir='ltr'><strong>extorqueri</strong></span> <span class='ocrx_word' id='word_1_538' title='bbox 3119 4397 3313 4459; x_wconf 88' lang='lat' dir='ltr'><strong>solent,</strong></span> <span class='ocrx_word' id='word_1_539' title='bbox 3345 4399 3562 4452; x_wconf 86' lang='lat' dir='ltr'><strong>cerebra</strong></span> <span class='ocrx_word' id='word_1_540' title='bbox 3591 4400 3706 4468; x_wconf 90' lang='lat' dir='ltr'><strong>ejus</strong></span> <span class='ocrx_word' id='word_1_541' title='bbox 3746 4400 3893 4455; x_wconf 91' lang='lat' dir='ltr'><strong>illisit</strong></span> <span class='ocrx_word' id='word_1_542' title='bbox 3915 4412 3968 4455; x_wconf 72' lang='lat' dir='ltr'><strong>et</strong></span> 
     </span>
    </p>
   </div>
   <div class='ocr_carea' id='block_1_73' title="bbox 708 4486 3963 4584">
    <p class='ocr_par' dir='ltr' id='par_1_73' title="bbox 708 4486 3963 4584">
     <span class='ocr_line' id='line_1_73' title="bbox 708 4486 3963 4584; baseline 0.001 -43"><span class='ocrx_word' id='word_1_543' title='bbox 708 4497 811 4552; x_wconf 85' lang='lat' dir='ltr'><strong>est,</strong></span> <span class='ocrx_word' id='word_1_544' title='bbox 839 4489 1012 4556; x_wconf 74' lang='lat' dir='ltr'><strong>ibzquc</strong></span> <span class='ocrx_word' id='word_1_545' title='bbox 1033 4501 1152 4539; x_wconf 87' lang='lat' dir='ltr'><strong>cum</strong></span> <span class='ocrx_word' id='word_1_546' title='bbox 1179 4487 1383 4540; x_wconf 90' lang='lat' dir='ltr'><strong>liliabus</strong></span> <span class='ocrx_word' id='word_1_547' title='bbox 1414 4486 1522 4538; x_wconf 86' lang='lat' dir='ltr'><strong>suis</strong></span> <span class='ocrx_word' id='word_1_548' title='bbox 1554 4487 1866 4555; x_wconf 73' lang='lat' dir='ltr'><strong>requiescit:</strong></span> <span class='ocrx_word' id='word_1_549' title='bbox 1902 4486 2162 4538; x_wconf 70' lang='lat' dir='ltr'><strong>secundas</strong></span> <span class='ocrx_word' id='word_1_550' title='bbox 2194 4501 2288 4537; x_wconf 86' lang='lat' dir='ltr'><strong>au-</strong></span> <span class='ocrx_word' id='word_1_551' title='bbox 2325 4526 2366 4584; x_wconf 62' lang='grc' dir='ltr'>θ</span> <span class='ocrx_word' id='word_1_552' title='bbox 2397 4486 2485 4540; x_wconf 82' lang='lat' dir='ltr'><strong>tali</strong></span> <span class='ocrx_word' id='word_1_553' title='bbox 2515 4488 2768 4554; x_wconf 79' lang='lat' dir='ltr'><strong>martyrio</strong></span> <span class='ocrx_word' id='word_1_554' title='bbox 2799 4495 3202 4540; x_wconf 84' lang='lat' dir='ltr'><strong>consunuuatus</strong></span> <span class='ocrx_word' id='word_1_555' title='bbox 3230 4497 3329 4552; x_wconf 89' lang='lat' dir='ltr'><strong>est,</strong></span> <span class='ocrx_word' id='word_1_556' title='bbox 3350 4504 3411 4543; x_wconf 89' lang='lat' dir='ltr'><strong>ac</strong></span> <span class='ocrx_word' id='word_1_557' title='bbox 3433 4492 3670 4558; x_wconf 86' lang='lat' dir='ltr'><strong>sepultus</strong></span> <span class='ocrx_word' id='word_1_558' title='bbox 3700 4492 3750 4544; x_wconf 90' lang='lat' dir='ltr'><strong>in</strong></span> <span class='ocrx_word' id='word_1_559' title='bbox 3778 4491 3963 4548; x_wconf 86' lang='lat' dir='ltr'><strong>eodem</strong></span> 
     </span>
    </p>
   </div>
   <div class='ocr_carea' id='block_1_74' title="bbox 714 4577 3968 4648">
    <p class='ocr_par' dir='ltr' id='par_1_74' title="bbox 714 4577 3968 4648">
     <span class='ocr_line' id='line_1_74' title="bbox 714 4577 3968 4648; baseline 0 -11"><span class='ocrx_word' id='word_1_560' title='bbox 714 4597 819 4637; x_wconf 90' lang='lat' dir='ltr'><strong>tem</strong></span> <span class='ocrx_word' id='word_1_561' title='bbox 870 4599 931 4636; x_wconf 78' lang='lat' dir='ltr'><strong>ex</strong></span> <span class='ocrx_word' id='word_1_562' title='bbox 985 4593 1134 4636; x_wconf 88' lang='lat' dir='ltr'><strong>utero</strong></span> <span class='ocrx_word' id='word_1_563' title='bbox 1187 4583 1369 4634; x_wconf 80' lang='lat' dir='ltr'><strong>niairis</strong></span> <span class='ocrx_word' id='word_1_564' title='bbox 1417 4596 1525 4636; x_wconf 73' lang='lat' dir='ltr'><strong>sua:</strong></span> <span class='ocrx_word' id='word_1_565' title='bbox 1582 4589 1797 4633; x_wconf 86' lang='lat' dir='ltr'><strong>sanctus</strong></span> <span class='ocrx_word' id='word_1_566' title='bbox 1832 4579 1946 4631; x_wconf 80' lang='lat' dir='ltr'><strong>fuit.</strong></span> <span class='ocrx_word' id='word_1_567' title='bbox 1989 4578 2120 4632; x_wconf 91' lang='lat' dir='ltr'><strong>Huic</strong></span> <span class='ocrx_word' id='word_1_568' title='bbox 2174 4587 2294 4646; x_wconf 89' lang='lat' dir='ltr'><strong>post</strong></span> <span class='ocrx_word' id='word_1_569' title='bbox 2326 4577 2342 4584; x_wconf 80' lang='grc'><strong><em>“</em></strong></span> <span class='ocrx_word' id='word_1_570' title='bbox 2398 4579 2512 4631; x_wconf 90' lang='lat' dir='ltr'><strong>loco</strong></span> <span class='ocrx_word' id='word_1_571' title='bbox 2572 4594 2732 4646; x_wconf 86' lang='lat' dir='ltr'><strong>prope</strong></span> <span class='ocrx_word' id='word_1_572' title='bbox 2781 4577 3055 4644; x_wconf 89' lang='lat' dir='ltr'><strong>templum.</strong></span> <span class='ocrx_word' id='word_1_573' title='bbox 3115 4578 3382 4648; x_wconf 87' lang='lat' dir='ltr'><strong>Scriptum</strong></span> <span class='ocrx_word' id='word_1_574' title='bbox 3437 4582 3488 4634; x_wconf 92' lang='lat' dir='ltr'><strong>iu</strong></span> <span class='ocrx_word' id='word_1_575' title='bbox 3539 4581 3764 4636; x_wconf 86' lang='lat' dir='ltr'><strong>Historia</strong></span> <span class='ocrx_word' id='word_1_576' title='bbox 3801 4585 3968 4637; x_wconf 84' lang='lat' dir='ltr'><strong>eccle-</strong></span> 
     </span>
    </p>
   </div>
   <div class='ocr_carea' id='block_1_75' title="bbox 712 4669 3969 4740">
    <p class='ocr_par' dir='ltr' id='par_1_75' title="bbox 712 4669 3969 4740">
     <span class='ocr_line' id='line_1_75' title="bbox 712 4669 3969 4740; baseline 0.001 -13"><span class='ocrx_word' id='word_1_577' title='bbox 712 4675 1089 4728; x_wconf 79' lang='lat' dir='ltr'><strong>Ascensionem</strong></span> <span class='ocrx_word' id='word_1_578' title='bbox 1116 4672 1310 4726; x_wconf 86' lang='lat' dir='ltr'><strong>Christi</strong></span> <span class='ocrx_word' id='word_1_579' title='bbox 1343 4673 1659 4740; x_wconf 63' lang='lat' dir='ltr'><strong>episcopalis</strong></span> <span class='ocrx_word' id='word_1_580' title='bbox 1693 4672 1742 4723; x_wconf 89' lang='lat' dir='ltr'><strong>in</strong></span> <span class='ocrx_word' id='word_1_581' title='bbox 1788 4669 2166 4739; x_wconf 78' lang='lat' dir='ltr'><strong>Hierosolymis</strong></span> <span class='ocrx_word' id='word_1_582' title='bbox 2195 4670 2290 4723; x_wconf 84' lang='lat' dir='ltr'><strong>de-</strong></span> <span class='ocrx_word' id='word_1_583' title='bbox 2395 4672 2628 4733; x_wconf 75' lang='lat' dir='ltr'><strong>siastica,</strong></span> <span class='ocrx_word' id='word_1_584' title='bbox 2657 4670 2791 4722; x_wconf 85' lang='lat' dir='ltr'><strong>libro</strong></span> <span class='ocrx_word' id='word_1_585' title='bbox 2820 4685 2874 4723; x_wconf 90' lang='lat' dir='ltr'><strong>ll.</strong></span> <span class='ocrx_word' id='word_1_586' title='bbox 2903 4669 3043 4722; x_wconf 57' lang='lat' dir='ltr'><strong>Idem</strong></span> <span class='ocrx_word' id='word_1_587' title='bbox 3071 4671 3257 4725; x_wconf 76' lang='lat' dir='ltr'><strong>Florus</strong></span> <span class='ocrx_word' id='word_1_588' title='bbox 3287 4673 3336 4724; x_wconf 91' lang='lat' dir='ltr'><strong>in</strong></span> <span class='ocrx_word' id='word_1_589' title='bbox 3371 4673 3431 4725; x_wconf 90' lang='lat' dir='ltr'><strong>A.</strong></span> <span class='ocrx_word' id='word_1_590' title='bbox 3463 4673 3526 4727; x_wconf 89' lang='lat' dir='ltr'><strong>T.</strong></span> <span class='ocrx_word' id='word_1_591' title='bbox 3555 4673 3639 4739; x_wconf 88' lang='lat' dir='ltr'><strong>L.,</strong></span> <span class='ocrx_word' id='word_1_592' title='bbox 3667 4675 3858 4728; x_wconf 77' lang='lat' dir='ltr'><strong>Eodem</strong></span> <span class='ocrx_word' id='word_1_593' title='bbox 3881 4675 3969 4729; x_wconf 86' lang='lat' dir='ltr'><strong>die</strong></span> 
     </span>
    </p>
   </div>
   <div class='ocr_carea' id='block_1_76' title="bbox 715 4759 3969 4833">
    <p class='ocr_par' dir='ltr' id='par_1_76' title="bbox 715 4759 3969 4833">
     <span class='ocr_line' id='line_1_76' title="bbox 715 4759 3969 4833; baseline 0.001 -17"><span class='ocrx_word' id='word_1_594' title='bbox 715 4766 816 4817; x_wconf 67' lang='lat' dir='ltr'><strong>lati</strong></span> <span class='ocrx_word' id='word_1_595' title='bbox 844 4773 927 4816; x_wconf 87' lang='lat' dir='ltr'><strong>est</strong></span> <span class='ocrx_word' id='word_1_596' title='bbox 954 4764 1021 4816; x_wconf 89' lang='lat' dir='ltr'><strong>ab</strong></span> <span class='ocrx_word' id='word_1_597' title='bbox 1040 4766 1294 4828; x_wconf 67' lang='lat' dir='ltr'><strong>:tphsmlls</strong></span> <span class='ocrx_word' id='word_1_598' title='bbox 1317 4763 1502 4817; x_wconf 81' lang='lat' dir='ltr'><strong>sedcs:</strong></span> <span class='ocrx_word' id='word_1_599' title='bbox 1534 4763 1624 4816; x_wconf 86' lang='lat' dir='ltr'><strong>sed</strong></span> <span class='ocrx_word' id='word_1_600' title='bbox 1653 4779 1771 4815; x_wconf 89' lang='lat' dir='ltr'><strong>cum</strong></span> <span class='ocrx_word' id='word_1_601' title='bbox 1797 4762 1991 4815; x_wconf 71' lang='lat' dir='ltr'><strong>.lndtcis</strong></span> <span class='ocrx_word' id='word_1_602' title='bbox 2021 4761 2288 4813; x_wconf 86' lang='lat' dir='ltr'><strong>Christum</strong></span> <span class='ocrx_word' id='word_1_603' title='bbox 2399 4761 2573 4827; x_wconf 78' lang='lat' dir='ltr'><strong>passio</strong></span> <span class='ocrx_word' id='word_1_604' title='bbox 2595 4761 2652 4814; x_wconf 83' lang='lat' dir='ltr'><strong>S.</strong></span> <span class='ocrx_word' id='word_1_605' title='bbox 2681 4759 2833 4814; x_wconf 79' lang='lat' dir='ltr'><strong>Juda:</strong></span> <span class='ocrx_word' id='word_1_606' title='bbox 2865 4759 3332 4832; x_wconf 76' lang='lat' dir='ltr'><strong>llierosolyiuitani</strong></span> <span class='ocrx_word' id='word_1_607' title='bbox 3363 4763 3598 4832; x_wconf 88' lang='lat' dir='ltr'><strong>episcopi</strong></span> <span class='ocrx_word' id='word_1_608' title='bbox 3615 4777 3969 4833; x_wconf 78' lang='lat' dir='ltr'><strong>cognomento</strong></span> 
     </span>
    </p>
   </div>
   <div class='ocr_carea' id='block_1_77' title="bbox 721 4850 3970 4926">
    <p class='ocr_par' dir='ltr' id='par_1_77' title="bbox 721 4850 3970 4926">
     <span class='ocr_line' id='line_1_77' title="bbox 721 4850 3970 4926; baseline 0 -17"><span class='ocrx_word' id='word_1_609' title='bbox 721 4857 810 4909; x_wconf 91' lang='lat' dir='ltr'><strong>Dei</strong></span> <span class='ocrx_word' id='word_1_610' title='bbox 841 4856 1028 4909; x_wconf 81' lang='lat' dir='ltr'><strong>Filium</strong></span> <span class='ocrx_word' id='word_1_611' title='bbox 1079 4857 1409 4920; x_wconf 57' lang='lat' dir='ltr'><strong>prtedicaret,</strong></span> <span class='ocrx_word' id='word_1_612' title='bbox 1444 4857 1509 4908; x_wconf 90' lang='lat' dir='ltr'><strong>de</strong></span> <span class='ocrx_word' id='word_1_613' title='bbox 1541 4854 1696 4923; x_wconf 88' lang='lat' dir='ltr'><strong>pinna</strong></span> <span class='ocrx_word' id='word_1_614' title='bbox 1744 4856 1922 4922; x_wconf 89' lang='lat' dir='ltr'><strong>templi</strong></span> <span class='ocrx_word' id='word_1_615' title='bbox 1955 4856 2022 4904; x_wconf 90' lang='lat' dir='ltr'><strong>ab</strong></span> <span class='ocrx_word' id='word_1_616' title='bbox 2053 4855 2181 4920; x_wconf 90' lang='lat' dir='ltr'><strong>ipsis</strong></span> <span class='ocrx_word' id='word_1_617' title='bbox 2209 4860 2292 4905; x_wconf 90' lang='lat' dir='ltr'><strong>est</strong></span> <span class='ocrx_word' id='word_1_618' title='bbox 2394 4850 2419 4888; x_wconf 67' lang='grc' dir='ltr'><strong>ι)</strong></span> <span class='ocrx_word' id='word_1_619' title='bbox 2455 4850 2706 4916; x_wconf 89' lang='lat' dir='ltr'><strong>Quiriaci,</strong></span> <span class='ocrx_word' id='word_1_620' title='bbox 2727 4851 2815 4921; x_wconf 92' lang='lat' dir='ltr'><strong>qui</strong></span> <span class='ocrx_word' id='word_1_621' title='bbox 2846 4869 3029 4919; x_wconf 88' lang='lat' dir='ltr'><strong>passus</strong></span> <span class='ocrx_word' id='word_1_622' title='bbox 3051 4865 3134 4908; x_wconf 89' lang='lat' dir='ltr'><strong>est</strong></span> <span class='ocrx_word' id='word_1_623' title='bbox 3164 4854 3216 4907; x_wconf 92' lang='lat' dir='ltr'><strong>in</strong></span> <span class='ocrx_word' id='word_1_624' title='bbox 3243 4854 3611 4926; x_wconf 86' lang='lat' dir='ltr'><strong>Hierosolyma</strong></span> <span class='ocrx_word' id='word_1_625' title='bbox 3637 4857 3736 4910; x_wconf 85' lang='lat' dir='ltr'><strong>sub</strong></span> <span class='ocrx_word' id='word_1_626' title='bbox 3762 4856 3970 4910; x_wconf 83' lang='lat' dir='ltr'><strong>.luliano</strong></span> 
     </span>
    </p>
   </div>
   <div class='ocr_carea' id='block_1_78' title="bbox 724 4943 3969 5017">
    <p class='ocr_par' dir='ltr' id='par_1_78' title="bbox 724 4943 3969 5017">
     <span class='ocr_line' id='line_1_78' title="bbox 724 4943 3969 5017; baseline 0.001 -17"><span class='ocrx_word' id='word_1_627' title='bbox 724 4949 1082 5017; x_wconf 64' lang='lat' dir='ltr'><strong>praecipitatus</strong></span> <span class='ocrx_word' id='word_1_628' title='bbox 1135 4959 1188 5000; x_wconf 91' lang='lat' dir='ltr'><strong>et</strong></span> <span class='ocrx_word' id='word_1_629' title='bbox 1242 4948 1502 5016; x_wconf 85' lang='lat' dir='ltr'><strong>lapidibus</strong></span> <span class='ocrx_word' id='word_1_630' title='bbox 1557 4948 1796 5001; x_wconf 89' lang='lat' dir='ltr'><strong>obrutus.</strong></span> <span class='ocrx_word' id='word_1_631' title='bbox 1859 4946 2147 5017; x_wconf 74' lang='lat' dir='ltr'><strong>(Hactenus</strong></span> <span class='ocrx_word' id='word_1_632' title='bbox 2201 4944 2286 5010; x_wconf 89' lang='lat' dir='ltr'><strong>A.)</strong></span> <span class='ocrx_word' id='word_1_633' title='bbox 2399 4943 2740 5005; x_wconf 82' lang='lat' dir='ltr'><strong>imperatore,</strong></span> <span class='ocrx_word' id='word_1_634' title='bbox 2786 4953 2839 4994; x_wconf 90' lang='lat' dir='ltr'><strong>ct</strong></span> <span class='ocrx_word' id='word_1_635' title='bbox 2863 4958 2925 5009; x_wconf 87' lang='lat' dir='ltr'><strong>pa</strong></span> <span class='ocrx_word' id='word_1_636' title='bbox 2957 4943 3036 4995; x_wconf 83' lang='lat' dir='ltr'><strong>sio</strong></span> <span class='ocrx_word' id='word_1_637' title='bbox 3069 4949 3232 4998; x_wconf 72' lang='lat' dir='ltr'><strong>Anna:</strong></span> <span class='ocrx_word' id='word_1_638' title='bbox 3264 4946 3446 5000; x_wconf 86' lang='lat' dir='ltr'><strong>matris</strong></span> <span class='ocrx_word' id='word_1_639' title='bbox 3471 4945 3729 5016; x_wconf 76' lang='lat' dir='ltr'><strong>ejuszsed</strong></span> <span class='ocrx_word' id='word_1_640' title='bbox 3759 4955 3813 5002; x_wconf 84' lang='lat' dir='ltr'><strong>et</strong></span> <span class='ocrx_word' id='word_1_641' title='bbox 3838 4946 3969 5000; x_wconf 86' lang='lat' dir='ltr'><strong>Am-</strong></span> 
     </span>
    </p>
   </div>
   <div class='ocr_carea' id='block_1_79' title="bbox 2077 5035 2548 5092">
    <p class='ocr_par' dir='ltr' id='par_1_79' title="bbox 2077 5035 2548 5092">
     <span class='ocr_line' id='line_1_79' title="bbox 2077 5035 2548 5092; baseline -0.006 -1"><span class='ocrx_word' id='word_1_642' title='bbox 2077 5037 2224 5092; x_wconf 88' lang='lat' dir='ltr'><strong>S.\l|&#39;l</strong></span> <span class='ocrx_word' id='word_1_643' title='bbox 2243 5036 2282 5090; x_wconf 93' lang='lat' dir='ltr'><strong>ll</strong></span> <span class='ocrx_word' id='word_1_644' title='bbox 2325 5035 2548 5090; x_wconf 62' lang='grc' dir='ltr'><strong>ΝΟΤΛῦ.</strong></span> 
     </span>
    </p>
   </div>
   <div class='ocr_carea' id='block_1_80' title="bbox 790 5126 3968 5203">
    <p class='ocr_par' dir='ltr' id='par_1_80' title="bbox 790 5126 3968 5203">
     <span class='ocr_line' id='line_1_80' title="bbox 790 5126 3968 5203; baseline -0.001 -15"><span class='ocrx_word' id='word_1_645' title='bbox 790 5146 813 5172; x_wconf 68' lang='grc' dir='ltr'><strong><em>λ</em></strong></span> <span class='ocrx_word' id='word_1_646' title='bbox 845 5136 888 5189; x_wconf 88' lang='lat' dir='ltr'><strong>A</strong></span> <span class='ocrx_word' id='word_1_647' title='bbox 910 5152 1122 5203; x_wconf 84' lang='lat' dir='ltr'><strong>quorum</strong></span> <span class='ocrx_word' id='word_1_648' title='bbox 1149 5134 1212 5186; x_wconf 84' lang='lat' dir='ltr'><strong>ad</strong></span> <span class='ocrx_word' id='word_1_649' title='bbox 1241 5135 1505 5198; x_wconf 74' lang='lat' dir='ltr'><strong>requiesrit</strong></span> <span class='ocrx_word' id='word_1_650' title='bbox 1526 5133 1698 5184; x_wconf 88' lang='lat' dir='ltr'><strong>omnia</strong></span> <span class='ocrx_word' id='word_1_651' title='bbox 1732 5131 1924 5184; x_wconf 85' lang='lat' dir='ltr'><strong>desunt</strong></span> <span class='ocrx_word' id='word_1_652' title='bbox 1946 5131 1996 5183; x_wconf 93' lang='lat' dir='ltr'><strong>in</strong></span> <span class='ocrx_word' id='word_1_653' title='bbox 2028 5133 2090 5184; x_wconf 86' lang='lat' dir='ltr'><strong>A.</strong></span> <span class='ocrx_word' id='word_1_654' title='bbox 2403 5127 2793 5203; x_wconf 63' lang='lat' dir='ltr'><strong>episcopalibus</strong></span> <span class='ocrx_word' id='word_1_655' title='bbox 2813 5126 3068 5203; x_wconf 65' lang='lat' dir='ltr'><strong>catalogis</strong></span> <span class='ocrx_word' id='word_1_656' title='bbox 3095 5129 3231 5194; x_wconf 90' lang='lat' dir='ltr'><strong>apud</strong></span> <span class='ocrx_word' id='word_1_657' title='bbox 3259 5129 3565 5196; x_wconf 78' lang='lat' dir='ltr'><strong>Eusebium,</strong></span> <span class='ocrx_word' id='word_1_658' title='bbox 3596 5132 3968 5198; x_wconf 77' lang='lat' dir='ltr'><strong>Epiplianium,</strong></span> 
     </span>
    </p>
   </div>
   <div class='ocr_carea' id='block_1_81' title="bbox 792 5198 3969 5270">
    <p class='ocr_par' dir='ltr' id='par_1_81' title="bbox 792 5198 3969 5270">
     <span class='ocr_line' id='line_1_81' title="bbox 792 5198 3969 5270; baseline -0.001 -11"><span class='ocrx_word' id='word_1_659' title='bbox 792 5207 818 5244; x_wconf 72' lang='grc' dir='ltr'><strong>ι)</strong></span> <span class='ocrx_word' id='word_1_660' title='bbox 860 5198 1106 5268; x_wconf 73' lang='grc' dir='ltr'><strong>Οιὶίνὲηεὶ.</strong></span> <span class='ocrx_word' id='word_1_661' title='bbox 1171 5205 1318 5257; x_wconf 90' lang='lat' dir='ltr'><strong>Hunc</strong></span> <span class='ocrx_word' id='word_1_662' title='bbox 1392 5203 1919 5269; x_wconf 66' lang='lat' dir='ltr'><strong>llicrowlymitanum</strong></span> <span class='ocrx_word' id='word_1_663' title='bbox 1993 5203 2296 5270; x_wconf 55' lang='lat' dir='ltr'><strong>cpiscopqu</strong></span> <span class='ocrx_word' id='word_1_664' title='bbox 2405 5198 3307 5264; x_wconf 74' lang='lat' dir='ltr'><strong>Neepliorum,Theophanemque</strong></span> <span class='ocrx_word' id='word_1_665' title='bbox 3360 5203 3969 5270; x_wconf 70' lang='lat' dir='ltr'><strong>habemusnominatos,</strong></span> 
     </span>
    </p>
   </div>
   <div class='ocr_carea' id='block_1_82' title="bbox 722 5259 3972 5343">
    <p class='ocr_par' dir='ltr' id='par_1_82' title="bbox 722 5259 3972 5343">
     <span class='ocr_line' id='line_1_82' title="bbox 722 5259 3972 5343; baseline -0.002 -11"><span class='ocrx_word' id='word_1_666' title='bbox 722 5259 910 5339; x_wconf 70' lang='lat' dir='ltr'><strong>fuisse.</strong></span> <span class='ocrx_word' id='word_1_667' title='bbox 966 5292 1131 5343; x_wconf 89' lang='lat' dir='ltr'><strong>usque</strong></span> <span class='ocrx_word' id='word_1_668' title='bbox 1182 5276 1246 5326; x_wconf 89' lang='lat' dir='ltr'><strong>ad</strong></span> <span class='ocrx_word' id='word_1_669' title='bbox 1301 5277 1410 5328; x_wconf 73' lang='lat' dir='ltr'><strong>ha&#39;c</strong></span> <span class='ocrx_word' id='word_1_670' title='bbox 1457 5259 1736 5325; x_wconf 78' lang='lat' dir='ltr'><strong>novissima</strong></span> <span class='ocrx_word' id='word_1_671' title='bbox 1793 5270 1982 5324; x_wconf 60' lang='lat' dir='ltr'><strong>sweula</strong></span> <span class='ocrx_word' id='word_1_672' title='bbox 2031 5259 2300 5324; x_wconf 70' lang='lat' dir='ltr'><strong>dubitavit</strong></span> <span class='ocrx_word' id='word_1_673' title='bbox 2402 5279 2455 5322; x_wconf 85' lang='lat' dir='ltr'><strong>et</strong></span> <span class='ocrx_word' id='word_1_674' title='bbox 2482 5259 2642 5322; x_wconf 81' lang='lat' dir='ltr'><strong>certis</strong></span> <span class='ocrx_word' id='word_1_675' title='bbox 2673 5259 2983 5343; x_wconf 65' lang='lat' dir='ltr'><strong>coaevorum</strong></span> <span class='ocrx_word' id='word_1_676' title='bbox 3007 5259 3324 5343; x_wconf 56' lang='lat' dir='ltr'><strong>scriptorum</strong></span> <span class='ocrx_word' id='word_1_677' title='bbox 3351 5288 3410 5322; x_wconf 86' lang='lat' dir='ltr'><strong>nc</strong></span> <span class='ocrx_word' id='word_1_678' title='bbox 3444 5273 3771 5339; x_wconf 86' lang='lat' dir='ltr'><strong>publicorum</strong></span> <span class='ocrx_word' id='word_1_679' title='bbox 3827 5259 3972 5327; x_wconf 56' lang='lat' dir='ltr'><strong>acto:</strong></span> 
     </span>
    </p>
   </div>
   <div class='ocr_carea' id='block_1_83' title="bbox 727 5340 3974 5411">
    <p class='ocr_par' dir='ltr' id='par_1_83' title="bbox 727 5340 3974 5411">
     <span class='ocr_line' id='line_1_83' title="bbox 727 5340 3974 5411; baseline -0 -15"><span class='ocrx_word' id='word_1_680' title='bbox 727 5366 920 5411; x_wconf 70' lang='lat' dir='ltr'><strong>“cum;</strong></span> <span class='ocrx_word' id='word_1_681' title='bbox 972 5340 1067 5399; x_wconf 82' lang='lat' dir='ltr'><strong>nec</strong></span> <span class='ocrx_word' id='word_1_682' title='bbox 1119 5345 1292 5398; x_wconf 89' lang='lat' dir='ltr'><strong>adlmc</strong></span> <span class='ocrx_word' id='word_1_683' title='bbox 1319 5353 1459 5397; x_wconf 60' lang='lat' dir='ltr'><strong>esset</strong></span> <span class='ocrx_word' id='word_1_684' title='bbox 1488 5343 1758 5396; x_wconf 64' lang='lat' dir='ltr'><strong>dubitandi</strong></span> <span class='ocrx_word' id='word_1_685' title='bbox 1809 5357 1990 5404; x_wconf 79' lang='lat' dir='ltr'><strong>causa,</strong></span> <span class='ocrx_word' id='word_1_686' title='bbox 2037 5343 2135 5394; x_wconf 90' lang='lat' dir='ltr'><strong>nisi</strong></span> <span class='ocrx_word' id='word_1_687' title='bbox 2195 5357 2297 5394; x_wconf 78' lang='lat' dir='ltr'><strong>tam</strong></span> <span class='ocrx_word' id='word_1_688' title='bbox 2405 5355 2521 5393; x_wconf 87' lang='lat' dir='ltr'><strong>rum</strong></span> <span class='ocrx_word' id='word_1_689' title='bbox 2551 5340 2909 5392; x_wconf 85' lang='lat' dir='ltr'><strong>monumentis</strong></span> <span class='ocrx_word' id='word_1_690' title='bbox 2935 5347 3108 5391; x_wconf 80' lang='lat' dir='ltr'><strong>notus.</strong></span> <span class='ocrx_word' id='word_1_691' title='bbox 3146 5341 3282 5410; x_wconf 80' lang='lat' dir='ltr'><strong>Ergo</strong></span> <span class='ocrx_word' id='word_1_692' title='bbox 3319 5343 3446 5394; x_wconf 87' lang='lat' dir='ltr'><strong>satis</strong></span> <span class='ocrx_word' id='word_1_693' title='bbox 3493 5343 3723 5396; x_wconf 65' lang='lat' dir='ltr'><strong>habuere</strong></span> <span class='ocrx_word' id='word_1_694' title='bbox 3744 5345 3903 5396; x_wconf 85' lang='lat' dir='ltr'><strong>alium</strong></span> <span class='ocrx_word' id='word_1_695' title='bbox 3925 5345 3974 5398; x_wconf 87' lang='lat' dir='ltr'><strong>ei</strong></span> 
     </span>
    </p>
   </div>
   <div class='ocr_carea' id='block_1_84' title="bbox 733 5411 3978 5482">
    <p class='ocr_par' dir='ltr' id='par_1_84' title="bbox 733 5411 3978 5482">
     <span class='ocr_line' id='line_1_84' title="bbox 733 5411 3978 5482; baseline -0.001 -14"><span class='ocrx_word' id='word_1_696' title='bbox 733 5421 891 5472; x_wconf 84' lang='lat' dir='ltr'><strong>multa</strong></span> <span class='ocrx_word' id='word_1_697' title='bbox 925 5419 1116 5482; x_wconf 87' lang='lat' dir='ltr'><strong>scripta</strong></span> <span class='ocrx_word' id='word_1_698' title='bbox 1151 5417 1449 5481; x_wconf 74' lang='lat' dir='ltr'><strong>legerentur</strong></span> <span class='ocrx_word' id='word_1_699' title='bbox 1479 5413 1543 5466; x_wconf 74' lang='lat' dir='ltr'><strong>de</strong></span> <span class='ocrx_word' id='word_1_700' title='bbox 1575 5428 1732 5466; x_wconf 86' lang='lat' dir='ltr'><strong>cruce</strong></span> <span class='ocrx_word' id='word_1_701' title='bbox 1779 5411 1944 5476; x_wconf 83' lang='lat' dir='ltr'><strong>ipsius</strong></span> <span class='ocrx_word' id='word_1_702' title='bbox 1991 5414 2186 5466; x_wconf 84' lang='lat' dir='ltr'><strong>indicio</strong></span> <span class='ocrx_word' id='word_1_703' title='bbox 2217 5429 2300 5464; x_wconf 84' lang='lat' dir='ltr'><strong>re-</strong></span> <span class='ocrx_word' id='word_1_704' title='bbox 2405 5411 2765 5482; x_wconf 68' lang='lat' dir='ltr'><strong>ei-isc0patum</strong></span> <span class='ocrx_word' id='word_1_705' title='bbox 2797 5424 3079 5474; x_wconf 69' lang='lat' dir='ltr'><strong>quaerere;</strong></span> <span class='ocrx_word' id='word_1_706' title='bbox 3129 5427 3299 5480; x_wconf 85' lang='lat' dir='ltr'><strong>neque</strong></span> <span class='ocrx_word' id='word_1_707' title='bbox 3337 5423 3451 5464; x_wconf 83' lang='lat' dir='ltr'><strong>erat</strong></span> <span class='ocrx_word' id='word_1_708' title='bbox 3479 5415 3528 5463; x_wconf 91' lang='lat' dir='ltr'><strong>in</strong></span> <span class='ocrx_word' id='word_1_709' title='bbox 3559 5429 3713 5480; x_wconf 88' lang='lat' dir='ltr'><strong>quem</strong></span> <span class='ocrx_word' id='word_1_710' title='bbox 3761 5415 3978 5467; x_wconf 80' lang='lat' dir='ltr'><strong>vicinior</strong></span> 
     </span>
    </p>
   </div>
   <div class='ocr_carea' id='block_1_85' title="bbox 733 5480 3975 5556">
    <p class='ocr_par' dir='ltr' id='par_1_85' title="bbox 733 5480 3975 5556">
     <span class='ocr_line' id='line_1_85' title="bbox 733 5480 3975 5556; baseline -0.001 -17"><span class='ocrx_word' id='word_1_711' title='bbox 733 5499 898 5556; x_wconf 83' lang='lat' dir='ltr'><strong>perta,</strong></span> <span class='ocrx_word' id='word_1_712' title='bbox 924 5491 987 5539; x_wconf 74' lang='lat' dir='ltr'><strong>de</strong></span> <span class='ocrx_word' id='word_1_713' title='bbox 1018 5480 1132 5551; x_wconf 81' lang='lat' dir='ltr'><strong>ejus</strong></span> <span class='ocrx_word' id='word_1_714' title='bbox 1159 5480 1493 5538; x_wconf 81' lang='lat' dir='ltr'><strong>ordinatione</strong></span> <span class='ocrx_word' id='word_1_715' title='bbox 1518 5486 1567 5537; x_wconf 88' lang='lat' dir='ltr'><strong>in</strong></span> <span class='ocrx_word' id='word_1_716' title='bbox 1595 5484 1897 5548; x_wconf 62' lang='grc' dir='ltr'><strong>εμίδίεημιηι</strong></span> <span class='ocrx_word' id='word_1_717' title='bbox 1930 5499 2023 5548; x_wconf 87' lang='lat' dir='ltr'><strong>per</strong></span> <span class='ocrx_word' id='word_1_718' title='bbox 2049 5483 2300 5556; x_wconf 38' lang='lat' dir='ltr'><strong>Helenam</strong></span> <span class='ocrx_word' id='word_1_719' title='bbox 2406 5480 2709 5546; x_wconf 87' lang='lat' dir='ltr'><strong>conjectura</strong></span> <span class='ocrx_word' id='word_1_720' title='bbox 2743 5482 3016 5556; x_wconf 82' lang='lat' dir='ltr'><strong>inclinaret</strong></span> <span class='ocrx_word' id='word_1_721' title='bbox 3036 5497 3198 5556; x_wconf 73' lang='lat' dir='ltr'><strong>quam</strong></span> <span class='ocrx_word' id='word_1_722' title='bbox 3230 5485 3610 5556; x_wconf 84' lang='lat' dir='ltr'><strong>Aucomtanus.</strong></span> <span class='ocrx_word' id='word_1_723' title='bbox 3644 5485 3728 5536; x_wconf 75' lang='lat' dir='ltr'><strong>ubi</strong></span> <span class='ocrx_word' id='word_1_724' title='bbox 3774 5484 3975 5550; x_wconf 85' lang='lat' dir='ltr'><strong>pridem</strong></span> 
     </span>
    </p>
   </div>
   <div class='ocr_carea' id='block_1_86' title="bbox 734 5550 3980 5626">
    <p class='ocr_par' dir='ltr' id='par_1_86' title="bbox 734 5550 3980 5626">
     <span class='ocr_line' id='line_1_86' title="bbox 734 5550 3980 5626; baseline -0.001 -18"><span class='ocrx_word' id='word_1_725' title='bbox 734 5550 936 5622; x_wconf 71' lang='lat' dir='ltr'><strong>rorata,</strong></span> <span class='ocrx_word' id='word_1_726' title='bbox 968 5550 1137 5623; x_wconf 86' lang='lat' dir='ltr'><strong>deque</strong></span> <span class='ocrx_word' id='word_1_727' title='bbox 1163 5559 1415 5626; x_wconf 72' lang='lat' dir='ltr'><strong>martyrio</strong></span> <span class='ocrx_word' id='word_1_728' title='bbox 1439 5557 1580 5607; x_wconf 75' lang='lat' dir='ltr'><strong>obito</strong></span> <span class='ocrx_word' id='word_1_729' title='bbox 1603 5570 1780 5608; x_wconf 77' lang='lat' dir='ltr'><strong>emam</strong></span> <span class='ocrx_word' id='word_1_730' title='bbox 1809 5565 2046 5620; x_wconf 85' lang='lat' dir='ltr'><strong>apostata</strong></span> <span class='ocrx_word' id='word_1_731' title='bbox 2070 5553 2302 5606; x_wconf 84' lang='lat' dir='ltr'><strong>.luliano.</strong></span> <span class='ocrx_word' id='word_1_732' title='bbox 2411 5559 2661 5626; x_wconf 78' lang='lat' dir='ltr'><strong>patronus</strong></span> <span class='ocrx_word' id='word_1_733' title='bbox 2704 5550 2996 5626; x_wconf 60' lang='lat' dir='ltr'><strong>colebatur.</strong></span> <span class='ocrx_word' id='word_1_734' title='bbox 3043 5554 3151 5626; x_wconf 72' lang='lat' dir='ltr'><strong>liae</strong></span> <span class='ocrx_word' id='word_1_735' title='bbox 3180 5569 3306 5626; x_wconf 70' lang='lat' dir='ltr'><strong>ergo</strong></span> <span class='ocrx_word' id='word_1_736' title='bbox 3349 5567 3473 5626; x_wconf 71' lang='lat' dir='ltr'><strong>usus</strong></span> <span class='ocrx_word' id='word_1_737' title='bbox 3505 5555 3755 5607; x_wconf 70' lang='lat' dir='ltr'><strong>liaronius</strong></span> <span class='ocrx_word' id='word_1_738' title='bbox 3782 5565 3834 5608; x_wconf 76' lang='lat' dir='ltr'><strong>et</strong></span> <span class='ocrx_word' id='word_1_739' title='bbox 3864 5568 3980 5623; x_wconf 87' lang='lat' dir='ltr'><strong>post</strong></span> 
     </span>
    </p>
   </div>
   <div class='ocr_carea' id='block_1_87' title="bbox 737 5619 3980 5695">
    <p class='ocr_par' dir='ltr' id='par_1_87' title="bbox 737 5619 3980 5695">
     <span class='ocr_line' id='line_1_87' title="bbox 737 5619 3980 5695; baseline -0.001 -16"><span class='ocrx_word' id='word_1_740' title='bbox 737 5619 998 5680; x_wconf 76' lang='lat' dir='ltr'><strong>Videbaut</strong></span> <span class='ocrx_word' id='word_1_741' title='bbox 1027 5619 1215 5681; x_wconf 75' lang='lat' dir='ltr'><strong>eiud.ti</strong></span> <span class='ocrx_word' id='word_1_742' title='bbox 1249 5619 1366 5688; x_wconf 70' lang='lat' dir='ltr'><strong>viri,</strong></span> <span class='ocrx_word' id='word_1_743' title='bbox 1400 5644 1428 5678; x_wconf 88' lang='lat' dir='ltr'><strong>a</strong></span> <span class='ocrx_word' id='word_1_744' title='bbox 1459 5627 1514 5679; x_wconf 85' lang='lat' dir='ltr'><strong>S.</strong></span> <span class='ocrx_word' id='word_1_745' title='bbox 1547 5625 1792 5690; x_wconf 69' lang='lat' dir='ltr'><strong>Macario,</strong></span> <span class='ocrx_word' id='word_1_746' title='bbox 1827 5619 1924 5680; x_wconf 81' lang='lat' dir='ltr'><strong>sub</strong></span> <span class='ocrx_word' id='word_1_747' title='bbox 1945 5641 2050 5693; x_wconf 91' lang='lat' dir='ltr'><strong>quo</strong></span> <span class='ocrx_word' id='word_1_748' title='bbox 2073 5640 2198 5675; x_wconf 77' lang='lat' dir='ltr'><strong>crux</strong></span> <span class='ocrx_word' id='word_1_749' title='bbox 2226 5631 2308 5674; x_wconf 85' lang='lat' dir='ltr'><strong>est</strong></span> <span class='ocrx_word' id='word_1_750' title='bbox 2411 5619 2694 5695; x_wconf 70' lang='lat' dir='ltr'><strong>liaronimu</strong></span> <span class='ocrx_word' id='word_1_751' title='bbox 2731 5619 2982 5695; x_wconf 67' lang='lat' dir='ltr'><strong>Ugbellus</strong></span> <span class='ocrx_word' id='word_1_752' title='bbox 3007 5622 3223 5695; x_wconf 84' lang='lat' dir='ltr'><strong>aliique.</strong></span> <span class='ocrx_word' id='word_1_753' title='bbox 3248 5625 3464 5689; x_wconf 81' lang='lat' dir='ltr'><strong>Quoties</strong></span> <span class='ocrx_word' id='word_1_754' title='bbox 3489 5640 3613 5676; x_wconf 81' lang='lat' dir='ltr'><strong>vero</strong></span> <span class='ocrx_word' id='word_1_755' title='bbox 3639 5628 3689 5677; x_wconf 89' lang='lat' dir='ltr'><strong>in</strong></span> <span class='ocrx_word' id='word_1_756' title='bbox 3719 5619 3980 5695; x_wconf 73' lang='lat' dir='ltr'><strong>Martyro-</strong></span> 
     </span>
    </p>
   </div>
   <div class='ocr_carea' id='block_1_88' title="bbox 735 5691 3980 5766">
    <p class='ocr_par' dir='ltr' id='par_1_88' title="bbox 735 5691 3980 5766">
     <span class='ocr_line' id='line_1_88' title="bbox 735 5691 3980 5766; baseline -0.001 -16"><span class='ocrx_word' id='word_1_757' title='bbox 735 5696 971 5755; x_wconf 70' lang='lat' dir='ltr'><strong>inventa,</strong></span> <span class='ocrx_word' id='word_1_758' title='bbox 1005 5714 1166 5766; x_wconf 83' lang='lat' dir='ltr'><strong>usque</strong></span> <span class='ocrx_word' id='word_1_759' title='bbox 1195 5697 1259 5749; x_wconf 89' lang='lat' dir='ltr'><strong>ad</strong></span> <span class='ocrx_word' id='word_1_760' title='bbox 1281 5697 1544 5751; x_wconf 80' lang='lat' dir='ltr'><strong>Julianum</strong></span> <span class='ocrx_word' id='word_1_761' title='bbox 1579 5698 1674 5748; x_wconf 88' lang='lat' dir='ltr'><strong>sub</strong></span> <span class='ocrx_word' id='word_1_762' title='bbox 1705 5712 1807 5764; x_wconf 82' lang='lat' dir='ltr'><strong>quo</strong></span> <span class='ocrx_word' id='word_1_763' title='bbox 1839 5691 2026 5763; x_wconf 78' lang='lat' dir='ltr'><strong>passus</strong></span> <span class='ocrx_word' id='word_1_764' title='bbox 2057 5695 2308 5766; x_wconf 79' lang='lat' dir='ltr'><strong>Cyriacus</strong></span> <span class='ocrx_word' id='word_1_765' title='bbox 2411 5691 2566 5766; x_wconf 73' lang='lat' dir='ltr'><strong>logiis</strong></span> <span class='ocrx_word' id='word_1_766' title='bbox 2619 5699 2829 5766; x_wconf 76' lang='lat' dir='ltr'><strong>notatur</strong></span> <span class='ocrx_word' id='word_1_767' title='bbox 2871 5691 3066 5766; x_wconf 71' lang='lat' dir='ltr'><strong>aliquis</strong></span> <span class='ocrx_word' id='word_1_768' title='bbox 3115 5698 3396 5766; x_wconf 84' lang='lat' dir='ltr'><strong>episcopus</strong></span> <span class='ocrx_word' id='word_1_769' title='bbox 3447 5705 3666 5766; x_wconf 83' lang='lat' dir='ltr'><strong>martyr,</strong></span> <span class='ocrx_word' id='word_1_770' title='bbox 3718 5691 3900 5766; x_wconf 73' lang='lat' dir='ltr'><strong>passus</strong></span> <span class='ocrx_word' id='word_1_771' title='bbox 3927 5696 3980 5749; x_wconf 88' lang='lat' dir='ltr'><strong>in</strong></span> 
     </span>
    </p>
   </div>
   <div class='ocr_carea' id='block_1_89' title="bbox 738 5761 3979 5838">
    <p class='ocr_par' dir='ltr' id='par_1_89' title="bbox 738 5761 3979 5838">
     <span class='ocr_line' id='line_1_89' title="bbox 738 5761 3979 5838; baseline 0.001 -22"><span class='ocrx_word' id='word_1_772' title='bbox 738 5761 1096 5829; x_wconf 38' lang='lat' dir='ltr'><strong>crctlclialur,‘</strong></span> <span class='ocrx_word' id='word_1_773' title='bbox 1125 5768 1322 5838; x_wconf 84' lang='lat' dir='ltr'><strong>nullum</strong></span> <span class='ocrx_word' id='word_1_774' title='bbox 1349 5783 1469 5821; x_wconf 88' lang='lat' dir='ltr'><strong>esse</strong></span> <span class='ocrx_word' id='word_1_775' title='bbox 1499 5761 1740 5834; x_wconf 86' lang='lat' dir='ltr'><strong>cuiquam</strong></span> <span class='ocrx_word' id='word_1_776' title='bbox 1769 5761 1926 5838; x_wconf 71' lang='lat' dir='ltr'><strong>alteri</strong></span> <span class='ocrx_word' id='word_1_777' title='bbox 1953 5761 2202 5832; x_wconf 86' lang='lat' dir='ltr'><strong>episcopo</strong></span> <span class='ocrx_word' id='word_1_778' title='bbox 2229 5765 2310 5816; x_wconf 83' lang='lat' dir='ltr'><strong>lo-</strong></span> <span class='ocrx_word' id='word_1_779' title='bbox 2419 5761 2590 5838; x_wconf 84' lang='lat' dir='ltr'><strong>aliqua</strong></span> <span class='ocrx_word' id='word_1_780' title='bbox 2608 5761 2902 5838; x_wconf 72' lang='lat' dir='ltr'><strong>episcopali</strong></span> <span class='ocrx_word' id='word_1_781' title='bbox 2923 5761 3332 5838; x_wconf 87' lang='lat' dir='ltr'><strong>civitate,toties</strong></span> <span class='ocrx_word' id='word_1_782' title='bbox 3354 5761 3979 5831; x_wconf 59' lang='lat' dir='ltr'><strong>creditur&#39;ipsc&#39;ejusdem</strong></span> 
     </span>
    </p>
   </div>
   <div class='ocr_carea' id='block_1_90' title="bbox 738 5831 3983 5906">
    <p class='ocr_par' dir='ltr' id='par_1_90' title="bbox 738 5831 3983 5906">
     <span class='ocr_line' id='line_1_90' title="bbox 738 5831 3983 5906; baseline 0 -14"><span class='ocrx_word' id='word_1_783' title='bbox 738 5853 883 5906; x_wconf 89' lang='lat' dir='ltr'><strong>cum,</strong></span> <span class='ocrx_word' id='word_1_784' title='bbox 940 5841 1049 5893; x_wconf 68' lang='lat' dir='ltr'><strong>sive</strong></span> <span class='ocrx_word' id='word_1_785' title='bbox 1100 5835 1380 5902; x_wconf 66' lang='lat' dir='ltr'><strong>cunulico,</strong></span> <span class='ocrx_word' id='word_1_786' title='bbox 1434 5839 1544 5890; x_wconf 76' lang='lat' dir='ltr'><strong>sive</strong></span> <span class='ocrx_word' id='word_1_787' title='bbox 1600 5831 1866 5900; x_wconf 66' lang='lat' dir='ltr'><strong>ll‘d‘tt‘lll&#39;tt,</strong></span> <span class='ocrx_word' id='word_1_788' title='bbox 1901 5852 2057 5903; x_wconf 89' lang='lat' dir='ltr'><strong>quam</strong></span> <span class='ocrx_word' id='word_1_789' title='bbox 2087 5831 2217 5904; x_wconf 84' lang='lat' dir='ltr'><strong>quos</strong></span> <span class='ocrx_word' id='word_1_790' title='bbox 2245 5850 2307 5888; x_wconf 80' lang='lat' dir='ltr'><strong>ex</strong></span> <span class='ocrx_word' id='word_1_791' title='bbox 2418 5831 2649 5887; x_wconf 84' lang='lat' dir='ltr'><strong>civitatis</strong></span> <span class='ocrx_word' id='word_1_792' title='bbox 2681 5831 2841 5886; x_wconf 76' lang='lat' dir='ltr'><strong>fuisse</strong></span> <span class='ocrx_word' id='word_1_793' title='bbox 2863 5836 3162 5902; x_wconf 89' lang='lat' dir='ltr'><strong>episcopus,</strong></span> <span class='ocrx_word' id='word_1_794' title='bbox 3209 5833 3259 5889; x_wconf 92' lang='lat' dir='ltr'><strong>in</strong></span> <span class='ocrx_word' id='word_1_795' title='bbox 3303 5850 3402 5904; x_wconf 87' lang='lat' dir='ltr'><strong>qua</strong></span> <span class='ocrx_word' id='word_1_796' title='bbox 3445 5845 3494 5890; x_wconf 88' lang='lat' dir='ltr'><strong>et</strong></span> <span class='ocrx_word' id='word_1_797' title='bbox 3536 5850 3718 5904; x_wconf 84' lang='lat' dir='ltr'><strong>passus</strong></span> <span class='ocrx_word' id='word_1_798' title='bbox 3749 5846 3846 5901; x_wconf 71' lang='grc' dir='ltr'><strong>εει,</strong></span> <span class='ocrx_word' id='word_1_799' title='bbox 3883 5838 3983 5904; x_wconf 85' lang='lat' dir='ltr'><strong>nisi</strong></span> 
     </span>
    </p>
   </div>
  </div>
