4240 6510
676 324 781 379 839

1427 316 1627 371 BEDzE
1672 314 2125 370 VENERABILIS
2162 313 2313 368 OPP.
2356 310 2533 366 PARS
2574 310 2757 366 lV.—
2797 307 3170 365 llISTORlCA.

3823 299 3923 353 901i

1933 426 2159 479 EDITIO
2198 423 2656 479 COLONIENSIS.

680 524 847 579 Sancti
878 521 1196 591 Sigismiindi
1225 518 1387 588 regis,
1407 516 1494 570 lilii
1518 514 1831 570 Gundebadi
1858 516 1998 582 regis
2026 515 2258 583 Burgun-
2287 526 2337 580 Α
2363 525 2575 565 carcere
2598 513 2927 578 quieverunt.

680 615 919 679 diuitum,
949 614 1178 680 quicum
1206 624 1264 663 se
1295 616 1539 662 cerneret
1564 621 1667 659 non
1700 621 1858 675 posse
1888 606 2106 659 Fiancis
2125 607 2257 660 resi-

681 720 841 768 stere,
871 707 1014 758 solus
1045 706 1270 772 fugiens,
1287 708 1470 753 contra
1502 699 1741 767 deposita
1777 698 2010 750 habitum
2042 698 2256 767 religio-

682 798 763 850 nis
788 796 1040 862 suscepit,
1066 802 1119 847 et
1141 789 1381 860 jejtmiis,
1402 789 1611 857 vigiliis,
1631 788 1716 843 die
1747 798 2005 855 nocteque
2037 803 2253 847 vacans,

681 900 866 955 captus
886 896 968 940 est
988 902 1015 937 a
1037 884 1256 939 Francis
1283 897 1402 935 cum
1424 894 1587 933 uxore
1612 892 1675 932 ac
1708 879 1845 940 liliis,
1865 879 1917 931 in
1937 887 2257 946 piitetinique

680 980 957 1031 demersus
984 974 1265 1029 occubuit:
1293 980 1476 1040 postea
1506 983 1633 1022 vero
1663 968 1868 1021 cuidam
1893 967 2070 1021 abbati
2102 983 2257 1021 reve-

685 1074 824 1125 latus
856 1079 959 1132 est,
994 1076 1047 1121 et
1071 1066 1138 1120 ab
1165 1080 1229 1119 eo
1260 1072 1565 1117 reverenter
1592 1060 1852 1126 sepultus,
1897 1059 2053 1112 etiam
2084 1060 2256 1112 mira-

679 1161 812 1213 culis
854 1157 1062 1211 claruit.
1101 1155 1163 1209 Et
1204 1151 1375 1205 natale
1416 1150 1474 1203 S.
1510 1147 1809 1215 Walpurga:
1842 1146 2079 1213 virginis.
2115 1147 2170 1199 Κι
2205 1146 2256 1199 in

684 1246 1063 1317 Hierosolymis
1136 1243 1314 1312 passio
1381 1249 1582 1291 sancta:
1648 1236 1800 1291 Judte
1848 1238 1960 1290 sive
2023 1235 2255 1301 Quiriaci

680 1341 937 1411 episc0pi,
962 1339 1048 1393 cui
1080 1337 1371 1390 revelatum
1398 1341 1481 1385 est
1505 1332 1701 1400 lignum
1747 1329 2031 1384 Dorninica:
2059 1330 2256 1386 crucis.

753 1434 813 1488 C.
857 1433 924 1487 Vl
975 1431 1107 1485 Non.
1169 1424 1597 1482 Mam—Natale
1651 1422 1819 1476 sancti
1873 1422 2040 1489 patris
2092 1422 2256 1473 nostri

688 1521 986 1586 Athanasii,
1021 1518 1392 1574 Alexandrina:
1416 1514 1563 1569 urbis
1584 1512 1816 1582 episcopi
1838 1521 1890 1565 et
1912 1510 2255 1575 confessoris,

680 1619 769 1685 qui
798 1617 990 1671 multas
1038 1616 1380 1669 Arrianorum
1412 1623 1699 1679 perpessus
1728 1615 1810 1661 est
1839 1606 2076 1669 insidias,
2130 1619 2256 1673 qua-

683 1710 983 1777 dragesimo
1012 1718 1064 1762 et
1089 1714 1240 1760 sexto
1267 1717 1408 1757 anno
1448 1699 1734 1755 sacerdotii
1766 1699 1869 1765 sui,
1912 1707 2031 1767 post
2065 1698 2257 1751 multos

684 1816 899 1865 agones,
932 1797 1229 1863 multasque
1255 1792 1518 1860 patientia:
1547 1805 1772 1844 coronas
1802 1789 1998 1858 quievit
2026 1789 2077 1841 in
2105 1802 2255 1853 pare.

2434 604 2494 656 D.
2534 602 2570 655 V
2605 604 2734 657 Non.
2791 599 3410 671 Mxit.—Ilierosolyinis
3460 595 3693 652 inventio
3730 603 3928 647 sancta

2356 693 2565 756 Crucis,
2600 694 2667 745 ali
2714 694 2906 746 lleli-na
2941 694 3141 761 regina.
3170 692 3267 743 sub
3298 688 3636 744 Constantino
3666 684 3927 754 principe,

2356 784 2508 852 cujus
2536 795 2589 837 et
2620 787 2726 852 ipsa
2779 766 3209 837 exstilil‘malcr.
3247 782 3425 835 Ruina:
3457 778 3534 830 via
3576 776 3924 833 Nomentana,

2358 876 2606 927 milliario
2650 875 2900 941 septimo,
2926 873 3092 927 sancti
3146 871 3429 924 Alexandri
3464 885 3581 921 cum
3617 865 3839 919 Eventio
3877 873 3928 916 et

2358 964 2628 1017 'l‘beodo'o
2656 966 2996 1033 presbyteris.
3028 964 3127 1015 sub
3155 960 3387 1027 Trajano
3439 958 3696 1026 principe,
3752 953 3927 1022 judice

2360 1055 2769 1122 Aureliano,qui
2787 1054 3033 1107 Roman-.1:
3060 1050 3308 1106 Ecclesiae
3326 1052 3688 1117 episcopatum
3711 1045 3926 1113 quintus

2361 1158 2480 1216 post
2514 1149 2723 1201 l’etruui
2748 1161 2916 1200 annos
2947 1145 3115 1199 tenuit
3160 1145 3368 1204 decem,
3398 1155 3608 1195 nienses
3637 1140 3792 1200 duos,
3817 1136 3927 1189 dies

2357 1238 2562 1302 decem,
2583 1238 2861 1291 sanctitate
2881 1234 3330 1304 incomparabilis,
3346 1233 3448 1286 lide
3465 1227 3923 1299 praeclarissimum

2359 1328 2639 1382 maximam
2673 1336 2876 1396 partem
2922 1336 3229 1380 senatorum
3265 1324 3413 1378 urli'is
3440 1321 3707 1377 convertit
3734 1320 3800 1372 ad
3831 1318 3931 1370 Do-

2360 1425 2582 1487 mitium,
2614 1424 2701 1492 qui
2735 1437 2851 1486 ιιοςι
2879 1422 3085 1475 vincula
3113 1420 3347 1474 carceris
3369 1418 3673 1487 equuleitm,
3706 1413 3929 1479 ungulas

2357 1524 2411 1568 et
2457 1515 2624 1581 ignes,
2670 1514 2877 1580 punctis
2904 1512 3240 1565 creberrimis
3274 1525 3364 1578 per
3394 1518 3497 1562 tota
3546 1506 3781 1559 membra
3815 1518 3924 1570 per-

2358 1613 2569 1672 emptus
2614 1613 2716 1659 cst.
2773 1606 3067 1669 Seqtieotes
3102 1616 3229 1656 vero
3287 1608 3404 1667 post
3444 1599 3649 1665 longam
3706 1592 3935 1649 carceris

2357 1696 2731 1747 continentiam
2788 1694 2997 1763 ignibus
3054 1690 3366 1753 examinati,
3417 1690 3482 1742 ad
3536 1689 3779 1741 ultimum
3812 1694 3934 1737 sunt

2359 1786 2625 1838 decollati.
2662 1785 2725 1838 Et
2755 1788 2927 1838 natale
2968 1788 3134 1837 s-inct‘i
3167 1781 3445 1835 .luvenals
3474 1776 3731 1847 episcopi,
3760 1775 3932 1829 etde-

681 1892 747 1947 Et
774 1892 948 1945 natale
1000 1898 1308 1942 sanctorum
1362 1881 1633 1938 Saturnini
1682 1890 1734 1936 et
1782 1880 2051 1949 Ne0polis,
2079 1879 2167 1947 qui
2198 1877 2250 1931 in
2289 1873 2329 1929 Β
2358 1876 2547 1944 positio
2570 1876 2736 1929 sancti
2761 1874 2987 1944 Philippi
3009 1874 3355 1928 confessoris.

1922 1969 2147 2024 EDITIU
2186 1966 2666 2022 ilOLLANDlANA
2682 2006 2694 2019 .

749 2074 803 2126 2.
829 2100 899 2111 --
922 2070 988 2125 VI
1034 2068 1233 2124 Nostis.
1288 2065 1467 2123 Sancti
1505 2064 1669 2135 patris
1704 2062 1870 2117 nostri
1921 2072 1947 2101 ι
1985 2060 2260 2115 Athanasii

685 2164 922 2235 episcOpi
946 2158 1312 2216 Alexandrini.

750 2254 939 2311 Florus
992 2252 1135 2306 addit
1191 2250 1245 2303 in
1294 2251 1358 2303 A.
1414 2248 1478 2301 Τ.
1530 2245 1617 2312 ι...
1664 2242 1978 2309 Ortboduxi,
2026 2244 2114 2313 qui
2168 2257 2262 2311 pro

678 2347 873 2404 Christi
908 2345 1009 2399 lide
1037 2344 1196 2396 multa
1230 2354 1508 2410 perpessus
1531 2348 1632 2392 e-t.

752 2449 850 2502 Ms.
876 2447 937 2502 V.
969 2444 1114 2499 addit
1141 2454 1192 2497 ct
1220 2442 1484 2496 ordinatio
1512 2457 1558 2494 vr
1586 2439 1850 2493 Kalendas
1876 2436 2111 2491 Januarii
2140 2453 2255 2491 cre-

677 2518 843 2573 ditur.
868 2518 952 2575 N.,
978 2513 1318 2568 Alexandria:
1344 2513 1515 2566 natale
1535 2513 1586 2563 S.
1618 2511 1643 2548 ι’
1665 2510 1937 2564 Saturnini
1973 2512 2020 2561 in
2044 2524 2258 2561 carcere

678 2588 1004 2656 quiescentis
1034 2601 1177 2656 cum_
1194 2583 1424 2656 Neapoli
1444 2584 1589 2656 socio
1618 2596 1749 2656 suo._
1773 2580 1856 2656 Ιξ..
1886 2579 2254 2656 _l‘_lt_Sat_urnii_ii

678 2649 799 2711 cum
854 2656 1089 2722 Neapoli.
1141 2652 1205 2707 Et
1254 2664 1363 2706 ttat.
1395 2653 1488 2722 SS.
1534 2650 1834 2722 Cu-lestiui,
1886 2650 2105 2722 Urbani,
2146 2649 2258 2722 Pii:

680 2741 835 2784 vane.
869 2716 1235 2781 Atitissiodoro
1260 2721 1483 2776 nat.SS.
1514 2731 1533 2755 τ
1558 2721 1732 2790 Optati
1757 2719 2010 2788 episcopi,
2043 2716 2260 2773 Mentori

682 2806 737 2852 et
763 2796 1001 2853 Santiani
1032 2794 1484 2864 presbyterorum.

2434 2054 2487 2109 3.
2529 2085 2599 2096 -—
2630 2055 2667 2108 V
2707 2055 2902 2110 Nostis.
2953 2055 3137 2110 Roma:
3168 2054 3267 2111 SS.
3298 2051 3324 2092 ἀ
3358 2050 3642 2109 Alexandri
3676 2065 3841 2119 papae,
3894 2059 3945 2103 et

2369 2146 2569 2201 Eventii
2618 2158 2671 2202 et
2716 2146 2974 2201 Tlieodoli
3018 2147 3468 2215 presbyterorum.
3520 2141 3801 2211 (Hactenus
3842 2138 3933 2208 Α.)

2369 2240 2600 2305 Quorum
2634 2240 2837 2307 primus
2868 2248 2989 2308 post
3017 2239 3226 2291 vincula
3258 2248 3310 2292 et
3339 2251 3602 2299 carceres,
3630 2236 3935 2304 equuleum,

2370 2334 2592 2402 ungulas
2618 2343 2670 2386 et
2701 2332 2868 2401 ignes,
2904 2332 3110 2399 punctis
3134 2328 3473 2385 creberrimis
3506 2344 3595 2397 per
3625 2338 3734 2382 tota
3764 2343 3934 2381 mem-

2370 2425 2460 2478 bra
2511 2435 2818 2493 peremptus
2846 2432 2929 2477 est
2962 2439 2975 2474 :
3007 2431 3313 2490 sequentes,
3340 2430 3393 2473 et
3438 2420 3537 2487 ipsi
3583 2426 3700 2485 post
3728 2418 3936 2485 longam

2359 2515 2591 2570 carceris
2634 2515 3007 2570 sustinentiam
3055 2514 3263 2581 ignibus
3304 2510 3589 2566 examinati
3620 2520 3673 2563 et
3715 2508 3783 2562 ad
3816 2510 3940 2562 ulti-

2363 2622 2507 2660 mum
2556 2605 2803 2661 decollati
2842 2614 2987 2673 sunt,
3032 2605 3132 2658 sub
3180 2603 3467 2657 Aureliano
3493 2600 3669 2671 judice
3698 2609 3938 2668 tempore

2363 2696 2578 2764 Trajani
2612 2694 2889 2765 principis.
2922 2694 3041 2764 ipso
3070 2693 3158 2748 die
3190 2693 3428 2747 inventio
3456 2704 3651 2745 sancta:
3688 2694 3711 2719 θ
3740 2694 3937 2745 crucis.

2439 2789 2630 2844 Florus
2656 2789 2801 2843 addit
2831 2787 2882 2842 iit
2930 2791 2997 2843 At
3031 2786 3092 2841 Τ.
3124 2784 3210 2852 L.,
3241 2788 3321 2841 Ab
3353 2786 3547 2841 llelena
3575 2785 3941 2839 ducentesimo

2064 2899 2271 2956 SMITII
2312 2898 2544 2955 NOTAE.

684 3020 869 3076 mortis
890 3020 947 3072 S.
981 3016 1226 3072 Germani
1251 3015 1482 3084 episcopi
1514 3014 1629 3071 Pari
1664 3016 1844 3080 iensis,
1879 3032 1906 3068 a
1930 3031 2033 3083 quo
2057 3016 2261 3070 littera-

2367 3013 2445 3067 dri
2479 3015 2709 3067 indicant
2749 3014 2890 3083 quod
2934 3015 3118 3069 eodem
3162 3025 3300 3066 anno
3345 3019 3471 3065 nutu
3523 3011 3611 3083 Dei
3656 3011 3938 3069 defunctus

683 3108 799 3145 rum
830 3101 883 3143 et
912 3092 1162 3142 virtutum
1190 3082 1379 3142 studiis
1408 3082 1646 3139 eruditus
1682 3087 1893 3149 dicitur,
1925 3082 2201 3152 eidemque
2230 3102 2257 3138 a
2285 3087 2332 3150 ο
2367 3085 2950 3153 Trajanusitnperator,
2973 3084 3168 3151 elapsis
3190 3084 3357 3136 tribus
3376 3082 3642 3136 mensibus
3664 3097 3711 3136 et
3732 3097 3936 3152 septi-in

686 3160 993 3230 parentibus
1021 3159 1249 3222 oblatus,
1302 3157 1522 3210 necdum
1553 3172 1747 3210 annum
1782 3158 1949 3210 :i-tatis
1993 3157 2258 3210 decimum

683 3235 875 3299 agens:
905 3237 958 3281 ct
989 3239 1163 3299 postea
1182 3230 1247 3279 ab
1265 3230 1451 3281 eodem
1474 3230 1520 3280 iu
1545 3232 1874 3299 s-cei-ilotein
1895 3236 2256 3299 consecratus,

683 3296 788 3356 nim
810 3301 896 3353 diu
927 3310 1049 3353 ante
1078 3298 1191 3366 ejus
1218 3299 1444 3363 ohittttn,
1474 3298 1561 3363 qtti
1593 3298 1811 3364 contigit
1844 3314 1982 3349 anno
2010 3296 2075 3349 57
2106 3302 2135 3349 ’.
2170 3298 2259 3351 llis

681 3369 928 3425 admissis
960 3379 1139 3437 posset
1164 3369 1321 3421 statui
1354 3368 1412 3421 S.
1469 3367 1710 3420 BI‘lOt‘lllll
1751 3368 1889 3420 circa
1931 3384 2126 3420 annum
2158 3371 2261 3422 550

682 3451 773 3495 aut
804 3436 973 3507 paulo
1001 3437 1173 3493 serius
1201 3449 1378 3490 natum
1408 3453 1555 3491 esse:
1589 3449 1639 3490 et
1680 3436 1798 3504 quia
1830 3439 1999 3505 attigit
2030 3453 2261 3507 nonage-

681 3513 873 3565 simum
899 3511 1067 3561 mtatis
1086 3523 1303 3571 annum,
1326 3521 1590 3559 mortuum
1620 3523 1736 3561 esse
1762 3507 1899 3560 circa
1918 3524 2113 3561 annum
2134 3510 2257 3572 Hi),

675 3581 943 3635 autetiam
974 3580 1126 3643 paulo
1152 3580 1341 3630 serius.
1372 3578 1491 3629 Fuit
1518 3592 1578 3631 ex
1604 3590 1757 3640 gente
1785 3578 2029 3632 Coretica
2059 3580 2110 3631 in
2143 3579 2257 3632 Bri-

676 3652 857 3703 tannia
887 3646 1089 3715 majore
1118 3648 1391 3699 oriundus.
1418 3649 1695 3701 Saussaius
1724 3658 1777 3700 et
1807 3648 1891 3699 alii
1924 3664 2016 3715 pro
2045 3649 2100 3702 8.
2126 3648 2253 3703 Ger-

678 3735 839 3772 tnano
868 3718 1153 3770 Parisiensi
1201 3717 1524 3769 substituunt
1554 3717 2092 3771 Atitissiodorensem.
2142 3720 2262 3773 Bol-

684 3791 875 3841 landus
893 3795 1070 3839 autem
1093 3784 1303 3854 conjicit
1326 3802 1446 3837 eum
1464 3786 1640 3839 forsan
1658 3788 2078 3841 ciitninendatutn
2098 3789 2261 3843 luisse

678 3859 833 3911 alicui
856 3857 911 3910 8.
936 3856 1203 3909 Germano
1240 3855 1589 3909 llibcrnicnsi.

755 3935 779 3962 ⁸
812 3926 1098 3981 Athanasii.
1132 3943 1149 3976 t
1189 3926 1285 3991 Qui
1319 3930 1508 3996 inultas
1537 3926 1851 3980 Arianorum
1879 3942 2161 3996 perpessus
2182 3929 2261 3982 in-

678 3997 864 4062 sidias,
882 3996 945 4049 ad
964 3998 1302 4050 Constantem
1331 3993 1621 4048 Galliarum
1645 3993 1933 4065 principem
1956 3993 2261 4065 l'ugit,unde

679 4083 923 4122 reversus
950 4082 1068 4120 cuin
1102 4066 1311 4129 litteris,
1339 4074 1395 4121 et
1424 4080 1605 4119 rursus
1635 4076 1753 4133 post
1780 4078 2004 4121 mortem
2034 4072 2150 4136 ejus
2182 4071 2259 4122 lu-

677 4152 851 4208 gaius,
878 4137 1135 4208 usquead
1171 4136 1434 4208 Joviniani
1461 4137 1754 4208 imperium
1784 4138 1953 4203 latuit,
1982 4154 2010 4190 a
2040 4156 2143 4205 quo
2170 4155 2257 4191 re-

678 4204 828 4276 cepta
882 4204 1149 4276 ecclesia,
1196 4208 1295 4260 sub
1353 4204 1570 4259 Valente
1623 4206 1865 4259 moritur.
1923 4225 1941 4259 ι
1996 4204 2094 4273 Qui
2153 4214 2260 4263 vult

678 4275 1047 4346 S.’At|ianasii
1074 4286 1187 4329 acta
1240 4279 1415 4329 omnia
1466 4278 1801 4346 perscrutari,
1859 4278 1932 4331 illi
1962 4292 2152 4346 praesto
2178 4291 2261 4333 est

687 4347 799 4398 Vita
852 4345 970 4411 ejus
1006 4355 1145 4415 ante
1188 4346 1474 4398 editionem
1508 4344 1858 4401 Parisiensem
1888 4344 2176 4415 descripta,
2206 4362 2259 4402 et

681 4417 803 4489 alia
826 4417 963 4481 apud
985 4414 1368 4489 _B_o|la‘ndianos
1397 4415 1608 4479 fratres,
1640 4426 1691 4469 et
1722 4419 1899 4471 Uratio
1927 4420 1984 4473 S.
2016 4414 2254 4489 Gregorii

680 4484 1000 4539 Nazianzeui
1031 4484 1081 4535 iit
1105 4485 1219 4552 ejus
1250 4486 1479 4538 laudem.

751 4554 777 4593 ι’
820 4553 1113 4608 Saturnini.
1148 4556 1204 4608 In
1231 4554 1618 4621 antiquioribus
1645 4553 2031 4624 Martyrologiis
2066 4558 2252 4614 horum

678 4625 904 4679 duorum
950 4635 1240 4696 martyrum
1294 4628 1533 4693 palaestra
1564 4625 1868 4696 certaminis
1900 4638 1988 4677 aut
2018 4628 2256 4696 assigna-

679 4705 761 4748 tur
791 4695 1127 4761 Alexandria,
1167 4706 1257 4747 aut
1297 4698 1505 4749 siletur.
1551 4694 1849 4749 Galesinius
1880 4709 2054 4750 tamen
2095 4694 2252 4753 aliain

678 4765 784 4819 illis
828 4766 1147 4833 palaestram,
1181 4764 1404 4819 Romam
1440 4779 1540 4831 sc.,
1572 4766 1852 4830 indicavit;
1898 4771 2036 4821 unde
2077 4782 2252 4824 autem

676 4835 895 4889 sciverit
921 4834 1102 4889 Roma:
1145 4851 1349 4903 passos,
1375 4851 1477 4889 non
1506 4836 1750 4903 scripsit;
1788 4837 2043 4890 Baronius
2067 4840 2250 4902 etiam,

676 4906 802 4957 dum
843 4906 1109 4958 Galesinio
1149 4906 1338 4969 credit,
1370 4906 1523 4959 facile
1548 4908 1835 4960 aberravit.
1888 4908 2165 4963 Bucelinus
2199 4912 2250 4964 in

676 4974 922 5048 Sacrario
953 4976 1287 5048 benedictino
1307 4978 1747 5048 asseritlcorpora
1774 4992 1955 5031 eorum
1977 4983 2253 5048 quiescere

677 5045 729 5099 in
760 5046 1083 5099 monasterio
1108 5048 1389 5100 Auteceusi
1419 5046 1468 5098 iti
1496 5046 1735 5099 Bavaria.

750 5121 773 5146 ε
817 5114 1013 5181 Optati.
1035 5116 1335 5170 Translatio
1358 5116 1545 5168 horum
1565 5125 1868 5171 sanctorum
1893 5118 2242 5175 Autissiudori

676 5182 836 5259 hodie
878 5198 1221 5259 memoratur.
1248 5188 1353 5259 “Ex
1405 5185 1485 5237 his
1532 5188 1791 5240 celebrior
1839 5203 1921 5244 est
1964 5190 2251 5259 episcOpus

674 5254 919 5322 Optatos,
942 5255 1094 5324 cujus
1118 5256 1309 5309 natalis
1340 5266 1423 5310 est
1454 5271 1581 5309 xxxi
1613 5259 1854 5326 Augusti.
1887 5254 2250 5315 Dicunturalii

678 5326 933 5379 celebrari
956 5342 1004 5380 Vl
1034 5336 1088 5380 et
1112 5342 1177 5379 \‘ll
1207 5328 1557 5395 Septembris.
2041 5371 2049 5379 .

748 5394 774 5432 ιι
815 5396 1113 5450 Alexandri.
1139 5397 1236 5463 Qui
1264 5394 1313 5449 in
1349 5397 1658 5450 Pontilicatu
1686 5396 1742 5455 8.
1778 5400 2020 5455 Evaristo
2042 5415 2253 5455 succes-

676 5464 765 5517 sit.
802 5467 858 5537 _ln
884 5467 1137 5535 Catalogo
1175 5482 1501 5521 stimutortitit
1532 5470 1837 5537 pontilicuut
1884 5481 2093 5524 constat
2133 5474 2254 5525 Ale-

676 5535 936 5590 xandrum
980 5539 1134 5591 annis
1185 5549 1348 5602 octo,
1402 5535 1674 5591 mensibus
1722 5542 1968 5607 duobus,
2015 5542 2102 5595 die
2150 5558 2255 5595 uno

677 5616 949 5679 regnasse,
997 5618 1051 5661 et
1092 5607 1255 5679 fuisse
1301 5608 1626 5677 temporibus
1658 5610 1871 5679 Trajani
1920 5627 1950 5666 a
1978 5614 2254 5665 consulatu

676 5672 873 5751 Malitia:
917 5672 971 5731 et
1011 5678 1173 5751 Tulli,
1224 5678 1323 5732 hoc
1356 5672 1457 5741 est,
1510 5680 1577 5732 ab
1618 5672 1778 5735 anno-
1816 5684 1932 5746 l09,
1978 5696 2144 5749 usque
2188 5685 2252 5735 ad

677 5741 944 5800 diliauuin
968 5755 1022 5802 et
1053 5741 1317 5815 Veterem,
1340 5764 1534 5803 annum
1570 5751 1698 5820 H7;
1726 5760 1779 5807 et
1802 5741 1999 5808 acta'S.
2024 5741 2252 5809 Alexan-

2281 4462 2333 4521 D

2364 3155 2553 3209 diebus
2578 3167 2697 3222 post
2722 3160 3028 3223 martyrium
3061 3155 3118 3209 8.
3145 3154 3429 3207 Alexandri
3457 3170 3468 3204 :
3495 3168 3663 3219 eaque
3686 3155 3751 3205 de
3781 3171 3937 3209 causa

2366 3226 2479 3278 Ado
2525 3234 2704 3279 monet
2745 3225 3031 3279 Adrianum
3079 3228 3309 3277 nondum
3356 3224 3665 3292 imperasse,
3711 3238 3831 3279 cum
3878 3230 3938 3280 8.

2368 3297 2666 3351 Alexander
2704 3295 2924 3362 ejusipte
2959 3296 3090 3348 socii
3132 3294 3763 3363 uiartyriunt'subierunt.
3800 3296 3941 3365 Ergo

2366 3365 2604 3419 U~uardo
2663 3375 2716 3419 et
2782 3366 3011 3418 Batonio
3076 3366 3671 3433 perperamintrusum
3742 3380 3938 3420 nomen

2365 3437 2582 3490 Adriani
2610 3436 2963 3503 imperatoris.
2999 3432 3093 3488 llic
3124 3432 3407 3500 baptizavit
3432 3435 3708 3499 Quirinum
3732 3439 3820 3503 qui
3846 3451 3928 3489 co-

2363 3507 2486 3559 litur
2531 3522 2632 3559 xxx
2674 3507 2868 3567 Martii,
2912 3516 2965 3559 et
3012 3506 3282 3559 Balbinain
3333 3503 3491 3559 tiliam
3519 3506 3632 3571 ejlts
3661 3522 3780 3571 quae
3814 3522 3940 3561 xxxi

2363 3576 2535 3631 Martii
2565 3578 2886 3630 celebratur.

2435 3645 2695 3717 {Crucim
2729 3646 2927 3717 Helena
2960 3654 3132 3701 mater
3158 3642 3487 3700 Constantini
3518 3643 3938 3717 llierosolyniattt

2363 3716 2535 3783 petiit,
2560 3727 2719 3785 atque
2760 3716 2831 3769 ibi
2876 3720 3049 3771 locum
3096 3718 3275 3784 inquo
3303 3726 3698 3769 sacrosanctum
3738 3716 3938 3785 corpus

2363 3788 2595 3853 patibulo
2634 3784 2862 3839 ’afiixuin
2908 3788 3112 3855 pepend
3153 3797 3253 3850 rat,
3307 3790 3373 3838 ab
3424 3784 3609 3837 incolis
3651 3784 3937 3854 perquirit.

2360 3858 2459 3923 Qui
2507 3857 2705 3911 idcirco
2750 3858 2815 3909 ad
2853 3857 3229 3911 inveniendum
3260 3856 3491 3910 dillicilis
3521 3864 3653 3921 erat,
3699 3859 3839 3924 quod
3868 3860 3942 3910 ab

2359 3926 2592 3995 antiquis
2642 3928 3076 3995 persecutoribus
3102 3927 3443 3981 simulacrum
3498 3926 3549 3979 in
3597 3940 3661 3995 eo
3719 3926 3940 3981 Veneris

2363 3994 2537 4051 fuerat
2572 3994 2822 4060 deﬁxum,
2859 3997 2983 4049 utsi
3012 4000 3129 4065 quis
3158 3998 3578 4051 Christianorum
3614 3994 3665 4047 in
3696 3996 3785 4049 illo
3819 4002 3940 4052 loco

2360 4067 2625 4120 Christum
2649 4068 2873 4119 adorare
2898 4066 3177 4132 voluisset,
3214 4068 3470 4121 Venerem
3500 4067 3770 4121 videretur
3795 4070 3941 4121 ado-

2361 4152 2502 4190 rare.
2557 4138 2620 4189 Et
2651 4138 2721 4189 ob
2752 4136 2851 4191 hoc
2880 4137 3185 4204 infrequens
3233 4146 3286 4190 et
3334 4136 3745 4206 peneoblivioni
3777 4140 3938 4191 datus

2361 4207 2531 4259 fuerat
2560 4208 2727 4259 locus.
2753 4206 2887 4259 Cum
2922 4221 3050 4260 vero
3083 4205 3555 4276 religiosa’l'etnina
3601 4220 3937 4275 properasset

2358 4278 2423 4329 ad
2452 4278 2626 4329 locutu
2657 4277 2865 4331 caelesti
2895 4276 2996 4329 sibi
3032 4275 3225 4331 indicio
3254 4275 3607 4346 designatum,
3651 4289 3836 4331 cuncta
3864 4294 3936 4333 ex

2359 4363 2423 4399 eo
2466 4350 2680 4407 profana
2713 4358 2765 4399 et
2808 4349 2999 4414 polluta
3041 4348 3351 4412 deturbatis,
3397 4350 3447 4399 iit
3488 4349 3649 4399 altum
3702 4352 3939 4417 purgatis

2362 4418 2663 4481 ruderibus,
2692 4428 2800 4471 tres
2838 4421 3058 4470 confuso
3108 4423 3297 4472 ordine
3342 4419 3540 4487 reperit
3566 4430 3770 4471 cruces.
3828 4420 3938 4473 Sed

2360 4489 2677 4559 obturbabat
2716 4490 2910 4555 reperti
2952 4491 3188 4542 muneris
3229 4488 3930 4559 ltetitiatn-uniuscujusque

2358 4558 2530 4611 crucis
2577 4558 2858 4611 indiscreta
2900 4560 3216 4626 proprietas.
3242 4559 3442 4612 Aderat
3466 4560 3679 4623 quidem
3718 4558 3937 4627 separa-

2361 4631 2526 4698 timet
2557 4630 2739 4681 titulus
2769 4628 2876 4691 ille,
2903 4633 2989 4698 qui
3013 4629 3211 4683 Graecis
3233 4640 3285 4682 et
3314 4629 3512 4682 Latinis
3536 4638 3690 4696 atque
3714 4630 3941 4683 Hebrai-

2357 4697 2644 4751 cislitteris
2682 4714 2710 4750 a
2754 4697 2928 4751 l’ilato
2963 4700 3135 4753 fuerat
3164 4701 3534 4767 conscriptus:
3571 4701 3663 4752 sed
3697 4715 3792 4753 nec
3820 4702 3938 4767 ipse

2358 4771 2486 4821 satis
2516 4768 2790 4822 evidenter
2811 4771 3059 4823 dominici
3088 4771 3341 4838 prodebat
3363 4772 3511 4838 signa
3541 4770 3773 4838 patibuli.
3798 4772 3936 4823 Bea-

2360 4848 2442 4890 tus
2471 4850 2648 4891 autem
2682 4839 2960 4905 Macarius,
2992 4842 3179 4906 pt'testtl
3221 4840 3365 4893 urbis
3394 4841 3551 4904 illius,
3602 4840 3688 4893 tali
3728 4841 3939 4894 ratione

2357 4908 2741 4963 dubitationem
2762 4910 2897 4961 hanc
2918 4911 3217 4976 explicavit.
3247 4911 3481 4965 Femina:
3502 4910 3642 4965 enim
3668 4910 3937 4978 primaria:

2358 4994 2474 5045 qua:
2519 4979 2769 5031 diuturno
2811 4982 2996 5033 morbo
3056 4992 3346 5045 teneretur,
3388 4982 3689 5048 singulatim
3742 4996 3935 5051 quam-

2356 5064 2459 5116 que
2520 5065 2734 5103 crucem
2798 5066 2918 5102 cum
2982 5052 3289 5104 ardentibus
3360 5054 3596 5120 precibus
3675 5052 3933 5113 admovit,

2359 5133 2517 5190 atque
2562 5121 2631 5171 ita
2672 5135 2862 5173 arcana
2896 5120 2972 5173 vis
3004 5122 3214 5190 cognita
3245 5131 3345 5174 est.
3379 5122 3506 5175 Cum
3535 5120 3673 5174 enim
3706 5124 3932 5190 primum

2359 5188 2472 5242 haec
2500 5205 2625 5261 crux
2676 5192 2912 5261 mulieris
2951 5188 3144 5257 corpus
3185 5194 3511 5259 contigisset,
3546 5188 3754 5261 gravem
3808 5206 3931 5244 mox

2360 5260 2842 5331 repulittnorbuin,
2872 5270 2925 5313 et
2966 5262 3108 5314 illam
3148 5266 3384 5331 pristime
3426 5260 3634 5315 sannati
3676 5263 3932 5316 restituit.

2358 5328 2552 5382 Bullini
2579 5329 2723 5383 Eccl.
2747 5330 2906 5395 HlSl.,
2934 5345 2972 5395 ι,
2994 5331 3023 5383 7
3048 5348 3062 5396 ;
3089 5328 3392 5385 'l‘licodoriti
3420 5335 3562 5386 Eccl.
3591 5334 3745 5397 tiist.,
3768 5346 3807 5398 l,
3836 5331 3935 5396 t8;

2359 5400 2643 5471 Suzomen.
2678 5415 2736 5468 II,
2768 5402 2818 5455 l.
2851 5403 2922 5455 De
2952 5405 3209 5456 struendo
3245 5406 3442 5469 tetnplo
3474 5406 3847 5471 augustissimo
3878 5406 3936 5456 in

2360 5469 2478 5542 loco
2504 5484 2609 5537 quo
2647 5486 2834 5526 cruces
2866 5471 3094 5526 inVettta:
3125 5482 3268 5537 sunt,
3305 5474 3423 5527 vide
3453 5469 3727 5539 epistolam
3772 5488 3937 5542 quam

2358 5539 2741 5612 Constantinus
2786 5543 3077 5610 imperator
3120 5544 3349 5598 Macario
3389 5545 3638 5612 episeopo
3678 5539 3937 5612 scripsit.

2359 5611 2498 5689 apud
2530 5611 2829 5689 _Eusebiuin
2874 5613 3459 5689 in_\_litaitlausiantini,
3490 5611 3656 5689 tn,5,
3699 5628 3751 5668 et
3791 5611 3940 5689 apud

2360 5680 2742 5807 'l‘tieod5qr6itum
2802 5698 2854 5750 t,
2933 5684 3018 5737 Π.
3085 5688 3207 5740 ιιωε
3238 5687 3470 5741 inventio
3518 5686 3689 5740 crucis
3744 5680 3946 5741 accidit

2360 5767 2499 5806 anno
2558 5766 2588 5804 :.
2634 5792 2648 5807 .

2360 5767 2499 5806 anno
2522 5756 2648 5810 526,
