4240 6454
374 298 467 357 lltll
1472 296 1665 354 SECT.
1712 299 1773 353 ll.
1817 330 1885 341 —-
1923 300 2494 357 MARTYROLOGIA.

3534 307 3637 363 90‘}.

1613 413 1843 468 EDITIO
1882 413 2352 470 COLONIENSIS.

444 502 505 556 Ε.
541 502 605 555 ιν
630 500 759 556 Nos.
796 497 1091 554 ΜΔιι.-1ιι
1127 497 1408 553 Palaestina
1453 502 1669 557 civitate
1696 502 1834 557 Gaza
1864 520 1954 557 na-
1985 511 2035 565 Α
2064 520 2205 558 mum
2257 507 2482 560 llammis
2533 519 2715 562 exusta
2775 518 2880 563 cst.
2950 508 3151 565 Eodem
3205 511 3291 565 die
3347 511 3398 566 in
3447 510 3637 568 Norico

369 593 473 648 tale
500 593 666 646 sancti
696 591 911 661 Sylvani
943 588 1181 657 ejusdem
1213 590 1361 644 urbis
1389 592 1648 658 episcoiii,
1692 596 1778 661 qui
1825 610 1943 663 per-

368 687 642 737 secutione
674 680 983 735 Diocletiani
1037 695 1158 734 cum
1211 681 1450 748 plurimis
1478 682 1791 737 clericorum
1822 699 1947 737 suo-

368 786 485 825 rum
511 771 767 841 martyrio
782 778 1086 823 coronatiis.
1107 769 1325 825 Viennae
1348 773 1513 826 sancti
1534 774 1669 828 Justi
1690 776 1944 843 episcopi.

373 862 425 915 In
454 860 877 914 Metallolanensi
906 872 1213 914 sanctorum
1256 873 1549 932 martyrum
1579 866 1941 933 quadraginta,

368 968 488 1021 quae
518 950 677 1007 simul
695 950 868 1019 capite
895 951 1017 1003 caesi
1039 963 1183 1004 sunt.
1203 951 1521 1006 Nicomedi»
1550 954 1723 1008 natale
1750 964 1949 1008 sancta:

370 1043 637 1108 Antoniae,
661 1056 778 1110 qua:
806 1041 1023 1093 nimium
1055 1051 1210 1107 torta,
1242 1052 1295 1095 et
1326 1043 1485 1097 variis
1516 1044 1709 1099 amicta
1740 1046 1949 1099 crucia-

373 1132 537 1194 tibus,
568 1148 677 1186 uno
708 1132 923 1185 brachio
950 1131 1115 1186 tribus
1145 1133 1332 1187 diebus
1360 1149 1642 1203 suspensa,
1672 1145 1725 1191 et
1753 1136 1803 1190 itt
1835 1152 1952 1190 car-

371 1237 551 1278 ccrem
608 1222 826 1277 biennio
855 1231 1020 1288 trusa,
1050 1238 1079 1277 a
1110 1222 1442 1277 Priscilliaiio
1469 1226 1696 1294 prmside
1726 1228 1789 1279 ad
1823 1228 1944 1281 nlti-

2060 596 2275 663 liipensi
2305 597 2419 651 loco
2442 598 2697 653 Lauriai-o
2720 601 2895 655 natale
2917 606 3084 657 sancti
3106 602 3358 669 Floriani,
3380 604 3467 673 qui
3501 621 3638 672 pra:-

2056 688 2189 740 sidis
2212 688 2444 755 Aquilini
2470 690 2642 757 jussu,
2675 691 2833 759 ligato
2863 691 2931 747 ad
2959 694 3158 748 collum
3190 696 3409 761 saxo,in
3438 694 3636 750 llumen

2060 778 2207 830 Anisi
2250 779 2610 847 prmeipitatus
2637 788 2735 844 est,
2768 788 2822 834 et
2850 796 2969 835 mox
2998 784 3245 837 omnibus
3270 784 3359 854 qui
3404 786 3634 839 circnm-

2056 865 2273 919 stabant
2301 867 2602 921 videntibus
2630 870 2769 923 oculi
2814 872 3214 939 prmcipitatoris
3254 874 3367 942 ejus
3409 890 3633 945 crepue—

2058 955 2333 1023 ritnt.lpso
2356 957 2440 1011 die
2469 958 2606 1012 beati
2637 959 2869 1024 Qiiiriaci
2898 963 3128 1031 episcopi
3158 974 3213 1018 et
3238 965 3485 1033 martyris
3512 966 3629 1036 glo-

2056 1046 2202 1111 riosi,
2235 1048 2338 1102 sub
2363 1047 2574 1103 Juliano
2607 1051 2955 1118 imperatore.
2995 1053 3059 1108 Et
3095 1056 3263 1110 sancti
3310 1056 3630 1110 Botliehardi

2055 1140 2286 1209 episcopi
2319 1151 2370 1195 et
2400 1144 2747 1199 confessoris.

2127 1229 2187 1285 F.
2226 1232 2285 1286 ΙΙΙ
2314 1232 2445 1288 Nos.
2478 1236 2871 1308 Mam—Apud
2903 1238 3275 1294 Alexandriam
3320 1242 3485 1296 sancti
3523 1241 3629 1296 Eu-

1613 1321 1832 1376 EDlTIO
1872 1322 2383 1382 BOLLANDIANA.

369 1407 638 1463 tricesimo
667 1407 823 1461 tertio
869 1422 1009 1461 anno
1038 1417 1158 1478 post
1200 1410 1498 1475 passionem
1532 1410 1769 1479 Domini,
1821 1429 1946 1481 rcg-

370 1508 529 1555 nante
553 1498 900 1553 Constantino
925 1499 1267 1566 imperatore.

440 1591 525 1655 L.,
554 1591 671 1657 Ipso
694 1591 780 1644 die
803 1590 860 1644 S.
890 1596 916 1623 ⁸
942 1590 1209 1645 Juvenalis
1236 1591 1492 1656 episcoiii.
1528 1592 1653 1655 [1,5
1682 1593 1945 1649 Autissio-

372 1662 503 1715 tloro
524 1661 785 1732 depositio
808 1662 864 1716 8.
893 1660 1105 1716 Eusebii
1132 1664 1425 1732 presbyteri
1449 1672 1501 1717 et
1527 1663 1665 1718 Aviti
1694 1664 1941 1721 Diaconi.

372 1732 507 1787 Alibi
536 1731 594 1787 S.
626 1735 647 1762 ο
678 1731 945 1785 .Invenalis
977 1735 1243 1800 martyris.

438 1822 493 1876 4.
522 1851 589 1862 -
618 1822 681 1875 IV
709 1821 903 1876 Nonas.
937 1821 1099 1874 Vacat
1127 1822 1299 1875 Baeda.

439 1911 626 1967 Florus
696 1912 746 1965 in
800 1911 863 1967 A.
912 1911 976 1965 Τ.
1034 1910 1092 1964 Ι...
1123 1952 1139 1976 ,
1210 1927 1273 1965 ex
1339 1913 1524 1968 eodem
1579 1923 1794 1969 auctore
1847 1916 1945 1969 ile-

368 2000 649 2070 scripsisse
692 2001 922 2067 videtur,
972 2001 1112 2055 unde
1154 2000 1213 2055 V.
1264 2004 1488 2071 sumpsit
1530 2005 1850 2073 sequentia:
1889 2006 1941 2058 In

370 2090 672 2145 Nicomedia
716 2091 888 2147 natale
934 2092 991 2146 S.
1021 2091 1046 2129 ἀ
1082 2094 1324 2147 Antoniae
1357 2111 1370 2147 :
1401 2109 1520 2163 quin
1550 2096 1767 2148 nimium
1801 2104 1937 2150 torta

371 2194 426 2237 et
472 2184 632 2238 variis
680 2185 956 2238 tormentis
1003 2184 1217 2248 afﬂicta,
1249 2186 1317 2238 ab
1367 2202 1473 2239 uno
1510 2188 1727 2244 brachio
1772 2190 1943 2244 tribus

368 2274 555 2328 diebus
579 2289 858 2343 suspensa,
885 2282 940 2329 et
966 2275 1015 2328 in
1038 2290 1251 2331 carcere
1276 2276 1488 2330 biennio
1513 2288 1737 2345 retrusa,
1768 2294 1797 2334 a
1828 2280 1947 2336 Pri-

367 2367 608 2421 scilliano
640 2368 863 2438 preside
890 2367 1120 2423 ﬂammis
1145 2380 1330 2424 exusta
1361 2371 1514 2428 obiit.

2131 1417 2212 1477 IL,
2238 1416 2291 1470 In
2320 1416 2493 1471 Africa
2512 1416 2851 1483 SS.Callisti,
2883 1418 3094 1486 Felicis,
3120 1422 3339 1478 Urbani.
3366 1423 3418 1478 lu
3446 1424 3623 1479 Cresa-

2053 1487 2382 1564 rea_nat._S.
2420 1495 2442 1522 °
2477 1487 2700 1564 _Silvani.
2750 1489 2807 1564 in
2847 1491 3166 1564 Alexandria
3212 1510 3277 1548 ιι.
3306 1506 3622 1564 martyrum.

2050 1555 2419 1631 Autissiodpro
2458 1557 2721 1631 depositio
2746 1558 2802 1614 8.
2844 1558 2862 1597 ι
2909 1562 3222 1617 Concordini
3251 1555 3481 1619 diaconi.
3531 1566 3615 1631 0.,

2049 1623 2274 1679 Civitate
2303 1624 2446 1679 Gaza
2484 1629 2677 1700 Silvani
2708 1630 2940 1700 episcopi
2984 1646 3104 1685 cum
3135 1634 3371 1700 pluribus
3398 1623 3623 1688 clerico;

2051 1709 2166 1775 rtim
2190 1710 2410 1775 suorum
2437 1699 2796 1775 coronati:__A._
2823 1698 2912 1762 Τ..
2945 1698 3405 1775 Rassio‘Antonini
3434 1704 3623 1775 Marty-

2050 1766 2143 1818 ris.
2179 1767 2267 1829 A.,
2302 1768 2355 1819 In
2388 1766 2640 1822 suburbio
2674 1768 2990 1823 Virdunensi
3019 1772 3289 1826 translatio
3314 1766 3617 1827 sanctor-uin

1980 1848 2022 1907 Β
2050 1832 2441 1908 confessorum.
2498 1838 2802 1908 pariterque
2851 1842 3159 1908 pontiﬁcum
3192 1851 3217 1889 8
3271 1841 3574 1899 Pulclironii
3604 1886 3619 1908 ,

2052 1904 2381 1959 Bossessiiris
2406 1914 2565 1976 atque
2594 1904 2830 1963 Firmini.

2121 2034 2175 2089 5.
2198 2065 2270 2076 —
2292 2036 2355 2090 lll
2383 2034 2579 2091 Nonas.
2612 2037 2775 2093 Vacat
2806 2039 2983 2096 Baeda.

2125 2168 2186 2223 ιι.
2212 2169 2294 2236 8.,
2320 2172 2631 2228 Alexandria
2660 2170 2686 2207 ⁵
2713 2170 2981 2243 Euthymii
3007 2170 3129 2243 [B.,
3147 2171 3362 2243 Petinii]
3389 2173 3618 2238 diaconi,

2052 2239 2105 2312 in
2132 2254 2349 2296 carcere
2377 2245 2761 2312 quiescentis.__
2779 2239 2989 2312 IL},
3010 2239 3230 2296 Arelate
3278 2239 3537 2312 depositio
3561 2247 3617 2299 8.

2054 2310 2072 2349 ί
2146 2312 2329 2367 llilarii
2396 2310 2662 2384 episcopi.
2725 2310 2785 2366 V.
2844 2311 2910 2367 Τ.
2969 2310 3031 2367 L.
3089 2312 3306 2368 Vienna:
3350 2310 3623 2382 depositio

1728 2464 1938 2522 SMITll
1978 2463 2205 2523 NOTAE.

439 2558 479 2624 ι-
502 2548 783 2624 Ιιιιιειιαιὶε.
816 2550 1023 2606 Narnia:
1046 2552 1277 2620 episcopi
1306 2562 1359 2607 et
1389 2554 1729 2620 confessmis,
1756 2560 1843 2624 qui
1868 2573 1930 2611 es

368 2620 546 2693 Africa
575 2621 794 2693 Romam
827 2624 1064 2693 veniens,
1092 2640 1117 2672 ιι
1146 2637 1355 2677 summo
1382 2628 1629 2693 pontilice
1659 2620 1933 2682 ordinatus

366 2691 668 2757 episcoiins,
696 2691 939 2744 Narniam
964 2692 1027 2743 ad
1055 2691 1441 2760 prredicaiidiiin
1466 2698 1658 2750 missus
1679 2707 1780 2751 est.
1800 2699 1931 2751 Cum

368 2769 543 2833 autem
568 2762 793 2833 quadam
821 2762 936 2816 vice
963 2762 1029 2815 ab
1063 2764 1351 2818 idololatris
1374 2768 1778 2833 compelleretur
1799 2777 1854 2821 ut
1876 2768 1942 2822 de

366 2830 652 2884 immolatis
677 2834 1000 2898 comederet,
1052 2835 1140 2888 ille
1169 2849 1293 2888 vero
1333 2830 1637 2896 resisteret.
1672 2853 1807 2890 unus
1849 2851 1940 2890 eo.

369 2914 485 2971 runt
514 2902 679 2955 voluit
703 2904 877 2971 gladio
917 2915 1154 2956 sanctum
1190 2906 1240 2956 in
1278 2914 1490 2968 pectore
1520 2904 1708 2969 l'erirc;
1737 2908 1828 2961 sed
1859 2907 1938 2959 di-

367 2970 489 3025 vina
523 2970 818 3027 factumest
846 2974 1060 3036 virtute,
1088 2985 1141 3027 ut
1168 2975 1299 3027 ictus
1324 2975 1375 3028 in
1401 2987 1580 3042 guttur
1606 2977 1936 3043 perciissoris

365 3052 782 3111 retiirqueretiir,
811 3052 864 3095 et
896 3053 950 3096 nt
976 3045 1267 3111 exspiraret
1300 3062 1312 3096 :
1347 3061 1450 3109 quo
1477 3047 1588 3098 viso
1617 3048 1789 3114 signo,
1822 3047 1934 3101 fere

365 3124 570 3182 septem
660 3114 823 3166 millia
915 3128 1234 3180 paganorum
1321 3114 1476 3167 ﬁdem
1559 3124 1930 3182 perceperunt.

364 3181 588 3237 CIIINIUS
606 3182 734 3239 Sen.
765 3183 859 3236 llic
893 3198 920 3234 a
944 3184 1199 3249 Gregorio
1240 3183 1424 3251 Magno
1458 3181 1573 3239 Lib.
1603 3201 1672 3250 tv,
1698 3202 1815 3251 cap.
1852 3188 1930 3247 l2.

366 3264 570 3323 martyr
597 3263 949 3319 nuncupatur.
986 3253 1059 3305 Ex
1093 3256 1383 3307 mutatione
1424 3254 1693 3308 titulorum
1726 3256 1936 3308 confes-

366 3323 503 3376 soris
542 3334 594 3376 et
638 3324 883 3391 martyris
914 3332 1031 3376 nata
1086 3332 1169 3377 est
1193 3329 1574 3389 controversia,
1620 3334 1795 3378 utrum
1828 3326 1935 3379 duo

364 3392 473 3444 sint
499 3393 760 3463 statuendi
782 3392 1065 3447 iuvenales
1086 3392 1323 3461 episcoiii
1345 3392 1686 3458 Narnienses,
1709 3410 1934 3463 querum

364 3476 501 3515 unus
527 3462 823 3527 confessor,
854 3464 989 3516 alter
1010 3472 1215 3533 martyr
1238 3463 1415 3533 fuerit.
1445 3464 1593 3529 Quod
1622 3462 1760 3518 inter
1800 3464 1936 3519 alios

367 3535 596 3585 asseruit
630 3533 886 3602 Baronius
913 3533 964 3586 iii
1005 3532 1167 3586 Notis
1190 3532 1254 3585 ad
1286 3548 1341 3587 ιιι
1367 3542 1421 3586 et
1448 3548 1516 3586 vn
1546 3533 1692 3599 Maii;
1721 3550 1824 3602 quo
1851 3535 1937 3590 die

364 3602 524 3672 etiam
554 3602 685 3656 intra
713 3601 986 3657 Iuvenalis
1012 3615 1211 3672 martyr
1237 3603 1451 3657 colitur.

436 3670 461 3707 ι’
474 3674 847 3743 ᾼιιιὶεείοάονο.
873 3672 927 3724 Ιιι
954 3670 1325 3743 Martyrologio
1348 3672 1566 3726 anensi
1588 3681 1639 3726 et
1663 3673 1936 3728 Blumiano

362 3754 443 3795 sic
471 3742 660 3813 legitur
687 3761 739 3796 ει
771 3742 1134 3813 Atitissiodiiro
1163 3744 1420 3811 depositio
1444 3752 1496 3796 et
1523 3743 1796 3798 translatio
1817 3760 1933 3798 cor-

365 3826 883 3885 porumysanctorum
914 3812 1276 3867 confessorum
1310 3814 1519 3868 Eusebii
1552 3816 1847 3885 presbyteri
1880 3824 1935 3869 et

364 3882 503 3934 Aviti
533 3883 761 3939 diaconi.
803 3900 821 3934 ι
857 3885 1121 3938 Βοιιιιω.

440 3960 461 4021 ἐ
501 3950 783 4007 Ιιιινεηαιίς.
812 3953 1011 4007 Forsan
1043 3954 1127 4008 hic
1156 3954 1295 4008 idem
1322 3963 1402 4009 est
1425 3970 1542 4007 cum
1575 3954 1750 4021 priore
1777 3954 1933 4009 Juve-

363 4020 487 4076 nale
516 4024 764 4091 episcopo
787 4024 1082 4078 Narniensi.
1117 4025 1206 4077 E~t
1238 4032 1413 4078 tamen
1436 4034 1486 4079 et
1513 4020 1646 4078 alius
1667 4024 1935 4079 Juvenalis

363 4092 456 4160 qui
490 4091 709 4148 Fossani
737 4094 924 4148 colitur
951 4112 962 4146 :
994 4106 1045 4147 et
1089 4095 1209 4147 hinc
1228 4105 1350 4163 orta
1382 4104 1464 4147 est
1493 4110 1677 4163 magna
1715 4105 1933 4149 contro-

363 4164 541 4217 versia
575 4163 709 4216 intra
757 4164 1074 4217 Narnienses
1110 4174 1161 4217 et
1198 4162 1671 4228 Fossanenses,S.
1707 4164 1935 4220 Juvena-

364 4232 470 4286 lcm
497 4234 593 4286 sibi
622 4236 878 4302 integrum
906 4245 959 4289 et
988 4235 1267 4287 indivisum
1302 4235 1648 4287 vindicantes.

436 4302 460 4338 ⁸³
502 4304 757 4358 Αηιοηὶω.
793 4306 844 4357 In
869 4307 1082 4372 antiquo
1115 4305 1298 4357 todicc
1347 4305 1742 4373 Eptcrnacensi,
1779 4304 1935 4361 hodie

363 4374 423 4427 8.
460 4374 718 4427 Antonina
750 4374 921 4428 Nicaea
948 4374 1156 4428 civitate
1188 4388 1337 4441 passa
1365 4372 1553 4439 legitur
1583 4393 1593 4425 :
1623 4372 1739 4442 quae
1769 4377 1929 4429 etiam

2038 2566 2353 2629 cretumque
2386 2564 2443 2610 ut
2462 2556 2651 2625 pedum
2694 2566 2956 2623 iunctura:
2984 2558 3243 2615 candente
3298 2560 3440 2615 l'erro
3470 2563 3614 2629 prius

2040 2625 2169 2699 ipsis
2198 2624 2651 2699 debilitarentur.»
2688 2629 2878 2682 lterum
2907 2629 3079 2696 capite
3108 2631 3175 2684 15
3195 2632 3292 2684 ista
3318 2624 3564 2699 proponit
3595 2651 3607 2685 :

2045 2714 2063 2747 ι
2111 2695 2377 2764 Septimus
2401 2696 2512 2764 jam
2546 2699 2928 2764 persecutionis
2954 2695 3122 2752 annus
3160 2700 3226 2753 ad
3252 2695 3451 2755 exitum
3497 2718 3609 2756 ver—

2043 2766 2266 2834 gebat...
2298 2780 2418 2818 cum
2460 2767 2509 2818 in
2555 2768 2783 2821 metallis
2824 2769 2963 2831 apud
3009 2769 3342 2824 Palaestinam
3382 2772 3609 2825 maxima

2041 2836 2406 2909 confessorum
2439 2835 2716 2909 multitudo
2747 2839 2797 2891 iii
2821 2854 3002 2909 Aunum
3031 2849 3347 2909 congregata
3382 2842 3613 2896 incredi-

2041 2904 2131 2959 bili
2179 2905 2421 2957 libertate
2460 2906 2741 2971 l'rncretur,
2771 2907 2906 2961 adeo
2945 2917 3001 2962 ut
3042 2904 3295 2964 ecclesias
3324 2910 3482 2965 etiam
3513 2928 3608 2965 ex-

2037 2984 2325 3044 struerent.
2371 2973 2577 3030 Praises
2610 2978 2913 3044 provincia},
2941 2979 3114 3033 audita
3159 2980 3371 3035 illorum
3402 2981 3608 3035 ratione

2039 3043 2271 3103 vivendi.
2304 3060 2415 3098 rem
2457 3047 2635 3098 statim
2673 3047 2737 3100 ad
2781 3049 3149 3113 imperatorem
3181 3053 3377 3105 retulit.
3411 3052 3611 3105 Dehinc

2040 3115 2355 3183 praepositus
2387 3116 2721 3169 metallorum
2752 3119 3085 3173 confessores
3116 3120 3289 3174 Varias
3327 3120 3377 3174 in
3406 3131 3606 3175 turmas

2035 3183 2324 3255 distribuit.
2356 3183 2588 3247 Quorum
2622 3187 2864 3252 princeps
2889 3188 3135 3242 Silvanus
3157 3188 3295 3243 Gaza
3324 3192 3600 3255 Oriundus,

2036 3267 2156 3324 cum
2179 3268 2206 3306 ιι
2238 3253 2407 3320 primo
2439 3255 2819 3321 persecutionis
2845 3257 2931 3310 die
2952 3258 3202 3324 deinceps
3223 3259 3380 3312 variis
3399 3253 3608 3315 euntes~

2036 3323 2201 3374 sionis
2230 3324 2605 3394 certaminibus
2632 3325 2984 3394 inclaruisset,
3011 3327 3078 3379 ad
3110 3323 3159 3380 id
3193 3337 3398 3394 tempus
3427 3343 3611 3383 serva-

2036 3398 2120 3463 tus
2147 3401 2247 3455 est,
2301 3402 2357 3444 nt
2386 3392 2529 3463 illud
2566 3394 2615 3446 in
2665 3393 2944 3448 Palaestina
2986 3406 3256 3449 certamen
3305 3392 3603 3463 postremus

2035 3461 2371 3537 clauderet...
2422 3461 2915 3537 Diidequailraginta
2958 3475 3133 3519 autem
3166 3461 3423 3537 homines,
3451 3468 3604 3537 jussu

2037 3532 2601 3604 si‘eleratiHMaxitnini
2619 3547 2725 3587 uno
2750 3532 3041 3604 eodemque
3070 3537 3156 3588 die
3183 3535 3351 3604 capite
3382 3532 3608 3594 truncati

2035 3613 2179 3653 sunt.
2216 3619 2235 3653 ι
2273 3600 2537 3655 llacteuus
2589 3603 2862 3668 Eusebius,
2892 3619 2920 3656 a
2945 3600 3050 3672 quo
3081 3600 3342 3659 indicatus
3375 3622 3544 3661 annus
3571 3611 3603 3663 7

2036 3673 2417 3740 perSecutiouis
2466 3674 2649 3725 incidit
2703 3674 2753 3725 in
2800 3689 2997 3727 annum
3046 3675 3239 3728 Christi
3289 3676 3413 3731 510.
3465 3680 3606 3733 Inter

2038 3742 2178 3818 hunc
2215 3752 2268 3818 et
2304 3739 2374 3795 40
2404 3742 2660 3818 Martyres
2700 3744 3018 3818 Alexandria
3057 3760 3343 3818 perperam
3372 3746 3605 3818 interpo-

2037 3813 2196 3863 nitur.
2226 3812 2358 3864 Num
2385 3813 2502 3880 quia
2530 3811 2717 3877 partim
2748 3811 2978 3885 (Egyptii
3007 3811 3177 3881 erant,
3205 3826 3259 3870 et
3280 3816 3473 3872 ibidem
3504 3811 3607 3873 ali-

2034 3896 2191 3957 qitem
2222 3886 2419 3935 cultum
2465 3885 2761 3948 habuerint,
2788 3901 2853 3937 an
2884 3885 2986 3937 alia
3015 3887 3081 3940 de
3113 3901 3293 3950 causa,
3327 3891 3606 3957 nonlubet

2035 3953 2353 4018 conjectare.

2115 4028 2130 4065 ῐ
2174 4020 2499 4075 Concordini.
2534 4022 2585 4075 ln
2618 4037 2717 4077 ms.
2750 4023 2934 4079 Adone
2965 4023 3215 4078 Ecclesiae
3251 4023 3592 4091 Morinorum,

2034 4103 2084 4166 et
2142 4091 2420 4166 Leiitliensi
2452 4095 2758 4166 monasterii
2807 4094 2864 4148 8.
2898 4094 3186 4166 Laurentii,
3224 4096 3393 4149 sancti
3443 4100 3598 4166 hujus

2034 4162 2189 4214 datur
2244 4162 2343 4233 hic
2395 4164 2687 4233 enginmhz
2730 4181 2768 4233 _r
2822 4164 3188 4218 Autissiodoro
3233 4162 3598 4233 depositio'et

2036 4232 2314 4303 translatio
2341 4234 2580 4297 corporis
2625 4231 2683 4286 8.
2710 4231 3048 4298 Corcodomi,
3080 4234 3218 4303 quod
3264 4231 3399 4289 idem
3450 4249 3603 4291 sonat

2033 4305 2172 4368 quod
2203 4300 2541 4366 Concordini,
2576 4304 2781 4357 diaconi
2827 4313 2881 4357 et
2925 4300 3288 4358 confessoris:
3332 4306 3428 4371 Qui
3476 4321 3597 4361 cuin

2035 4383 2175 4424 esset
2205 4382 2402 4425 stricta:
2431 4372 2679 4425 Romanae
2722 4375 2966 4428 Ecclesia:
2993 4375 3515 4435 arcliisubdiaconns.
3565 4395 3594 4432 a

360 4426 683 4497 celebratur
708 4426 837 4513 ipsis
850 4426 1346 4505 iKaletidis‘blartii,
1392 4426 1686 4511 dicitnrqiie
1730 4426 1929 4514 marty;
1965 4426 2011 4485 ο
2038 4442 2095 4494 Β.
2127 4442 2276 4495 Sixto
2308 4458 2438 4510 papa
2468 4426 3231 4509 diacouusiordinatusest,et
3252 4426 3598 4501 cultri-vim:

364 4514 501 4565 rium
544 4514 771 4567 subiisse
822 4514 1147 4581 temporibus
1179 4514 1483 4567 Diocletiani
1535 4524 1587 4564 et
1633 4516 1930 4568 Maximiani

362 4584 527 4651 impp.
577 4593 629 4637 et
678 4583 989 4638 Priscilliani
1044 4584 1298 4652 praesidis.
1361 4583 1425 4636 Et
1476 4582 1598 4635 licet
1637 4584 1827 4637 Niczctc
1879 4586 1931 4639 in

366 4653 608 4722 ltithynia
639 4654 845 4708 dii-atur
874 4668 1046 4719 passa,
1076 4655 1251 4707 forsan
1286 4665 1461 4705 tamen
1494 4653 1605 4705 liiec
1636 4656 1819 4706 eadem
1850 4666 1933 4708 est

360 4740 482 4791 quae
527 4723 609 4775 hic
649 4724 966 4778 Nicomedia:
1009 4723 1058 4777 in
1109 4724 1347 4791 Bithynia
1388 4722 1612 4775 traditur
1657 4738 1927 4788 coronata,

361 4795 603 4861 quamvis
635 4794 732 4847 ista
763 4794 1048 4856 Autuuitia,
1082 4794 1195 4848 haec
1226 4793 1453 4846 Antonia
1477 4793 1788 4857 appelletur.

443 4870 466 4897 °
506 4862 723 4916 Silvani.
779 4870 851 4918 De
900 4864 957 4918 S.
1012 4862 1227 4917 Silvano
1274 4864 1351 4916 sic
1396 4864 1578 4916 scribit
1635 4863 1930 4916 Eusebius:

367 4952 388 4984 ι
441 4930 582 5005 inter
636 4943 899 5005 martyres
953 4933 1228 5005 Palestina:
1281 4932 1523 4986 Silvanus
1579 4932 1933 5005 GilliPBUUI'blS

360 5004 665 5071 episcopus,
699 5002 836 5070 apud
874 5002 995 5057 teris
1025 5004 1255 5067 metalla,
1302 5018 1417 5070 qua:
1459 5012 1583 5055 sunt
1626 5003 1675 5055 iii
1711 5003 1927 5066 Phaeno,

359 5088 486 5126 cum
534 5074 648 5127 aliis
700 5073 1401 5143 undequadragintaicapite
1448 5082 1722 5125 truncatus
1760 5083 1862 5126 est.
1908 5091 1927 5124 ι

361 5144 505 5197 llist.
538 5144 704 5206 Eccl.,
751 5141 869 5205 Vill,
896 5141 978 5194 l3.
1013 5141 1069 5196 1ιί
1100 5142 1381 5211 subjuncto
1406 5152 1580 5195 autem
1614 5151 1835 5196 tractatu
1867 5143 1933 5196 de

361 5214 688 5282 martyribus
729 5214 1020 5268 Ρειιεεειὶιιω
1058 5215 1352 5265 accuratius
1397 5214 1598 5280 singula
1629 5228 1745 5280 qnze
1772 5213 1839 5265 ad
1870 5213 1926 5267 S.

360 5284 637 5338 Silvanum
686 5295 926 5351 spectant
953 5284 1221 5346 describit,
1270 5299 1329 5334 ac
1358 5297 1475 5349 cap.
1522 5287 1547 5335 7
1596 5284 1693 5335 ista
1727 5283 1930 5336 habet:

364 5372 387 5405 ι
438 5352 569 5405 Cum
616 5354 829 5423 quintus
870 5355 977 5420 jam
1020 5368 1189 5423 annus
1222 5356 1603 5423 persecutionis
1634 5354 1934 5407 volveretur

358 5424 433 5494 (is
454 5432 535 5477 est
557 5420 725 5494 annus
749 5425 944 5477 Christi
976 5420 1124 5490 308),
1154 5423 1239 5475 die
1261 5422 1450 5494 quinto
1478 5425 1675 5477 mensis
1707 5423 1807 5487 Dii,
1836 5425 1935 5494 hoc

356 5490 449 5549 est
478 5502 532 5546 ut
556 5490 779 5547 Romani
808 5495 1013 5559 dicunt,
1038 5494 1199 5546 Neiiis
1229 5493 1557 5556 Novembris,
1586 5494 1635 5546 iii
1666 5497 1795 5547 urbe
1819 5493 1935 5547 Cic-

356 5578 517 5618 ξείνω
547 5565 809 5629 Silvanus,
835 5580 921 5633 qui
952 5568 1107 5617 etiam
1137 5576 1245 5615 tittn
1280 5563 1554 5632 presbyter
1578 5572 1631 5616 et
1661 5563 1936 5618 confessor

355 5643 570 5696 erat,...
602 5644 654 5687 et
684 5635 772 5687 alii
801 5633 1015 5703 quidam
1046 5634 1431 5703 ejuscoiuites,
1459 5634 1524 5684 ad
1569 5648 1705 5699 opus
1735 5635 1784 5687 in
1817 5650 1930 5688 nie-

356 5705 505 5761 Iallis
532 5705 667 5775 apud
695 5702 946 5759 l’hzcnum
978 5702 1273 5757 faciendum
1304 5705 1634 5757 condemnati
1666 5714 1807 5767 sunt,
1840 5705 1931 5758 de-

2038 4514 2249 4582 regrino
2277 4514 2499 4566 Calliam
2522 4515 2585 4567 ad
2617 4516 3002 4582 pra-dicandum
3026 4516 3239 4568 verbum
3266 4516 3355 4569 Dei
3376 4517 3592 4570 missus.

2034 4580 2314 4648 (inmpleto
2363 4586 2537 4651 itaque
2588 4580 2893 4639 lldelissime
2933 4585 3208 4637 ministerii
3258 4586 3337 4637 sui
3387 4586 3593 4653 olllcio,

2038 4660 2156 4717 post
2177 4654 2486 4725 martyrium
2510 4655 2807 4725 beatissimi
2834 4653 3102 4722 Peregrini
3133 4655 3367 4722 episcopi
3396 4656 3446 4707 in
3472 4670 3601 4725 pace

2035 4725 2228 4773 saeculo
2250 4723 2405 4773 tertio
2432 4722 2648 4789 quievit.
2686 4741 2705 4773 ι
2742 4726 3001 4777 liosutvo.

2107 4797 2133 4836 s
2175 4789 2495 4843 Pulchronii'.
2553 4792 2624 4845 De
2680 4792 2997 4846 Polclironio
3066 4790 3178 4845 sive
3249 4791 3599 4848 Poloclimuio

2034 4859 2228 4912 dictum
2258 4870 2339 4913 est
2366 4860 2428 4913 ad
2461 4875 2564 4913 xvtt
2598 4860 2892 4915 Februarii.
2925 4861 3121 4916 Natalis
3142 4862 3257 4916 dies
3285 4872 3594 4919 cancrorum

2035 4930 2260 4983 refertur
2282 4938 2343 4981 ad
2369 4946 2421 4983 ιιι
2449 4932 2686 4982 decemb.

2106 4996 2133 5034 Ιι
2174 4997 2457 5067 Euthymii.
2490 4997 2787 5054 Galesinius
2816 5012 2867 5054 et
2894 5010 3100 5068 tempus
3126 5012 3179 5058 et
3207 5002 3337 5056 alias
3367 5004 3593 5057 circum-

2034 5073 2255 5143 stantias
2281 5070 2635 5143 siedescribit
2667 5086 2681 5125 :
2716 5089 2735 5123 ι
2775 5072 2870 5125 llic
2898 5074 2947 5125 in
3004 5072 3311 5127 Diocletiani
3346 5088 3594 5143 persecu-

2036 5141 2177 5191 tione
2202 5153 2294 5205 pro
2320 5140 2533 5192 Christo
2563 5140 2613 5193 in
2640 5155 2907 5195 carcerem
2933 5147 3196 5208 detrusus,
3225 5145 3291 5195 ibi
3322 5140 3443 5207 sini,
3479 5145 3595 5196 ine-

2033 5210 2116 5262 dia
2147 5219 2199 5261 et
2230 5210 2482 5263 custodiae
2509 5221 2765 5279 gravitate
2789 5213 3081 5279 conlectus,
3110 5215 3175 5265 ad
3220 5213 3337 5267 tidei
3379 5213 3592 5267 confes-

2034 5281 2236 5332 sionem
2313 5281 2676 5333 vehementius
2757 5284 3097 5335 conlii'matus
3172 5284 3401 5336 animam
3489 5285 3593 5337 Deo

2036 5350 2281 5404 reddidit.
2328 5352 2381 5402 lti
2422 5350 2568 5403 Netis
2604 5352 2794 5419 allegat
2833 5369 3028 5406 annum
3062 5351 3258 5406 Christi
3296 5352 3421 5418 505,
3461 5352 3603 5408 Con-

2034 5422 2226 5472 stantio
2254 5434 2283 5470 ν
2313 5428 2367 5471 et
2393 5420 2707 5474 Maximiano
2729 5436 2761 5474 v
2785 5424 3113 5476 consulibus.

2112 5488 2127 5526 ί
2174 5488 2387 5542 Hilarii.
2420 5489 2583 5542 Natus
2620 5490 2663 5543 is
2685 5502 2769 5545 est
2796 5493 2935 5544 circa
2977 5506 3169 5545 annum
3202 5490 3342 5557 403;
3388 5502 3442 5545 et
3467 5492 3599 5545 ador

2035 5558 2242 5614 lescens
2272 5573 2472 5627 magna:
2501 5561 2755 5614 doctrinae
2801 5562 2869 5614 ad
2909 5562 3135 5615 insulam
3184 5562 3430 5616 Lerinum
3480 5578 3508 5615 a
3539 5564 3601 5617 8.

2037 5630 2305 5683 llonorato
2350 5631 2596 5684 inductus
2642 5630 2836 5684 ibidem
2888 5632 3135 5700 perstitit,
3185 5649 3306 5687 cuni
3357 5641 3501 5687 esset
3546 5634 3604 5687 8.

2036 5700 2335 5755 Honoratus
2380 5700 2550 5755 tactus
2590 5702 2873 5772 cpiscopus
2921 5703 3244 5759 Arelatensis
3290 5719 3428 5757 anno
3477 5702 3603 5761 426.
