4240 6486
665 351 768 405 905

1353 337 1556 394 BEDAz‘.
1600 336 2051 392 VENEIMBELIS
2089 335 2237 390 Ol’P.
2284 334 2459 390 PARS
2499 334 2585 388 ιν.
2626 362 2693 373 -
2725 331 3112 390 lllSTURlCA.

3821 333 3929 390 9οι

1897 448 2124 502 ΕΙὶΙΤΙΟ
2167 446 2634 505 COLONlENSlS.

649 548 834 618 tbymii
858 545 1084 609 diaconi,
1119 542 1169 598 in
1200 555 1419 595 carcere
1460 538 1806 608 quiescentis.
1834 537 2230 592 Thessalonicae
2260 544 2308 600 Α
2342 540 2462 590 stoli
2512 548 2636 592 ante
2692 547 2894 606 portam
2944 537 3179 590 Latinam
3237 536 3439 602 Roma',
3488 537 3578 607 qui
3609 537 3677 592 ab
3705 537 3925 608 Epheso

646 643 821 694 natale
875 646 1174 691 sanctorum
1228 632 1410 686 lrentni
1467 639 1519 683 et
1573 627 1868 697 Peregrini,
1900 629 2224 698 ctllyrenes

642 732 850 802 ignibus
883 730 1301 780 eombustorum.
1351 723 1404 775 In
1438 719 1621 774 Galliis
1667 721 1879 772 civitate
1925 720 2227 773 Arelatensi

646 821 814 873 sancti
865 817 1046 872 Hilarii
1098 814 1354 883 rpiscopi,
1407 809 1798 879 pra-clarissimi
1830 808 1950 871 viri,
1978 808 2066 876 qui
2098 823 2227 876 parr-

645 911 864 981 pertatis
885 920 1114 975 amator,
1145 919 1198 959 et
1225 921 1346 974 erga
1379 906 1594 970 inopum
1622 903 1978 970 provisionem
2010 917 2114 952 non
2142 915 2228 953 so-

645 1003 750 1054 lutn
801 1000 990 1052 mentis
1021 999 1235 1063 pietate,
1267 995 1357 1050 Sed
1400 1004 1455 1048 et
1482 993 1721 1060 corporis
1749 996 1826 1046 sui
1863 995 2044 1047 labore
2083 994 2229 1046 Solli-

639 1096 780 1148 citus
836 1101 968 1145 erat.
1031 1090 1160 1142 Nam
1207 1104 1300 1155 pro
1340 1087 1639 1141 reficiendis
1698 1088 2015 1155 pauperibus
2066 1092 2226 1141 etiam

640 1185 1046 1240 rusticationem
1079 1193 1262 1234 contra
1295 1182 1434 1232 vires
1463 1193 1608 1238 snas,
1642 1178 1800 1231 homo
1831 1195 2024 1244 genere
2051 1181 2228 1234 clarus

643 1277 916 1335 exercuit;
963 1273 1054 1325 sed
1090 1287 1186 1324 nec
1215 1272 1264 1322 in
1295 1270 1621 1339 spiritalibus
1651 1271 1905 1336 neglexit.
1938 1271 2065 1323 Nam
2096 1281 2146 1325 et
2175 1271 2225 1323 in

640 1366 882 1420 docendo
940 1364 1159 1434 gratiam
1227 1362 1447 1425 habuit,
1505 1371 1558 1414 et
1619 1361 1819 1430 absque
1879 1377 2224 1428 personarum

639 1457 949 1524 acceptione
1001 1454 1245 1507 ornnibrrs
1285 1453 1687 1518 castigationem
1730 1454 1985 1522 ingessit,
2039 1455 2226 1505 vitam-

641 1563 742 1612 que
789 1545 958 1599 sancti
1014 1544 1264 1597 Honorati
1325 1542 1737 1606 prtedecessoris
1776 1547 1857 1595 sui
1901 1546 2222 1611 composuit.

643 1637 863 1690 Moritur
909 1634 1008 1688 sub
1072 1634 1441 1688 Valentiniano
1493 1644 1547 1688 et
1601 1633 1868 1689 Marciano
1939 1635 2228 1705 imperato-

639 1729 806 1783 ribus.

717 1818 778 1870 (Ἰ.
813 1819 964 1874 Puto.
1017 1818 1152 1873 Non.
1201 1817 1629 1875 Mart.—-Natale
1658 1821 1824 1874 sancti
1850 1820 2069 1875 Joannis
2099 1837 2225 1891 apo-

2333 627 2487 698 jussu
2523 629 2800 682 Durnitiani
2853 627 3031 681 fratris
3075 627 3200 695 'l'itt,
3246 627 3474 682 secunda
3519 631 3915 696 persecutiorie,

2339 737 2496 790 quam
2523 722 2636 788 ipse
2661 733 2777 789 post
2807 720 3066 774 Neronem
3097 721 3360 784 exercuit,
3387 721 3452 772 ad
3483 722 3665 774 urbem
3694 722 3918 778 Romam

2339 814 2646 879 perductus,
2681 823 2942 878 praesente
2970 823 3155 866 senatu
3186 824 3308 867 ante
3337 823 3539 880 portam
3573 813 3815 870 Latinam
3867 820 3918 870 in

2333 904 2586 959 ferventis
2616 905 2715 960 olei
2770 906 2969 959 dolinrn
3003 907 3193 959 missus
3224 916 3333 960 est:
3367 907 3457 960 sed
3492 907 3674 961 beatus
3702 919 3916 975 aposto-

2333 1000 2418 1048 lus
2453 1006 2558 1050 tam
2592 997 2724 1050 liber
2750 1013 2778 1050 a
2812 1014 2963 1065 poena
2996 998 3114 1050 inde
3141 1000 3288 1063 exiit,
3314 1015 3469 1065 quam
3499 1014 3528 1052 a
3558 1003 3916 1067 Corruptimri-

2333 1090 2430 1143 bus
2451 1091 2628 1144 carnis
2653 1089 2822 1143 fuerat
2851 1091 3120 1146 immunis.
3137 1089 3283 1144 Tunc
3309 1092 3359 1144 in
3390 1091 3665 1146 Pathmum
3690 1097 3916 1148 insulam

2330 1182 2594 1249 relegatus
2625 1192 2705 1235 est
2747 1182 2959 1246 exsilio,
2993 1183 3078 1235 tibi
3112 1183 3482 1253 Apocalypsim
3507 1184 3748 1239 vidit.Ad
3771 1201 3917 1240 corn-

2331 1273 2682 1326 rnendandam
2724 1290 2852 1342 ergo
2885 1273 3049 1341 ipsius
3083 1277 3394 1330 memoriam
3440 1278 3680 1347 dignam,
3738 1289 3794 1333 et
3819 1296 3917 1349 pro

2333 1364 2452 1417 tidei
2508 1368 2813 1433 apostolica:
2873 1370 3195 1433 constantia,
3246 1369 3535 1424 Christiani
3584 1374 3910 1426 ecclesiasti-

2331 1470 2444 1508 c:rm
2480 1458 2874 1510 venerationem
2896 1457 3009 1524 ejus
3031 1469 3348 1525 gestantem,
3393 1463 3443 1512 in
3469 1461 3770 1527 supradicto
3795 1463 3914 1518 loco

2329 1557 2452 1600 ante
2502 1557 2706 1614 portam
2758 1547 2994 1600 Latinam
3029 1551 3284 1615 przeclaro
3331 1561 3384 1604 et
3416 1552 3548 1604 miro
3577 1568 3737 1618 opere
3779 1570 3911 1608 con-

2330 1649 2675 1705 struxerunt,
2737 1639 2825 1693 ubi
2884 1639 3128 1694 festivum
3170 1655 3488 1696 concursum
3528 1643 3694 1710 pridie
3746 1660 3912 1698 nonas

2332 1732 2451 1784 Maii
2512 1746 2678 1800 usque
2728 1731 2888 1785 hodie
2935 1731 3151 1786 faciunt.
3211 1733 3409 1787 Eodem
3461 1735 3545 1787 die
3613 1736 3667 1788 ll.
3728 1735 3910 1789 Evorhi

2332 1822 2627 1876 Antiochia:
2669 1823 2905 1891 episc0pi
2933 1833 2987 1878 et
3014 1825 3281 1896 martyris,
3335 1826 3422 1890 qui
3452 1828 3657 1896 primus
3685 1830 3749 1883 ab
3775 1843 3910 1896 apo-

1888 1936 2114 1989 ltIDl'flO
2156 1935 2651 1990 RULL-\NDIANA.

638 2028 2219 2112 ξΝθςιῆΐῘῘΝη-,Ῐξιλ’ΝῘςθΙψοΤονἑιδῖεξξξοιξοᾼ-Τ-,Λεοειιτξίο
2259 2035 2294 2090 li
2326 2042 2547 2112 gelislm,
2582 2041 2666 2105 qui
2695 2039 3006 2112 publicanus
3036 2037 3301 2112 aChristo
3329 2052 3568 2107 vocatus,
3596 2061 3818 2112 primum
3853 2052 3902 2101 in

641 2101 866 2152 Durnini.
915 2101 966 2153 lrt
1009 2101 1384 2154 Thessalonica
1421 2102 1593 2153 natale
1626 2100 1719 2152 SS.
1755 2109 1774 2136 ο
1814 2100 2049 2152 llereotnt
2081 2119 2093 2152 :
2130 2102 2212 2160 B.,

639 2171 1036 2237 peregrinorum
1063 2186 1078 2231 ;
1114 2172 1176 2223 Α.
1207 2169 1294 2233 Τ.,
1327 2181 1378 2222 et
1412 2169 1708 2234 Peregrini;
1742 2171 1825 2234 qtri
1857 2170 2065 2239 ignibus
2095 2182 2217 2221 sirnt

636 2242 832 2292 adusti.
868 2243 928 2291 Λ.
969 2241 1031 2292 Τ.
1067 2239 1152 2298 L.,
1183 2240 1555 2293 Autissiodoro
1593 2242 1769 2303 passio
1799 2240 1858 2293 S.
1893 2239 1918 2276 ἀ
1945 2239 2216 2292 Jttviniani

635 2308 749 2378 [Αη
804 2307 1027 2380 Viviaur]
1081 2311 1290 2363 lectoris
1336 2317 1389 2361 et
1434 2310 1700 2378 martyris.
1750 2311 1838 2372 A.,
1878 2310 2088 2380 Eodem
2133 2311 2219 2362 die

640 2381 814 2433 Dnaeo
847 2381 1104 2436 depositio
1144 2381 1203 2432 S.
1239 2388 1261 2414 ε
1307 2380 1566 2433 illaut-und
1600 2379 1919 2432 confessoris
1945 2392 1996 2431 et
2028 2380 2217 2432 Ievitau

637 2448 700 2503 T.
723 2449 807 2514 L.,
837 2451 888 2501 In
907 2450 1072 2502 Gallia
1105 2453 1216 2516 ipsu
1239 2451 1324 2503 die
1352 2453 1604 2501 festivitas
1620 2450 1680 2505 S.
1702 2451 1963 2503 Maumnti
1987 2449 2215 2502 abbatis.

705 2521 759 2572 6.
793 2548 858 2558 —
887 2521 924 2573 ll
953 2521 1148 2574 Nonas.
1185 2519 1346 2572 Vacat
1380 2519 1556 2572 Bmda.

707 2612 769 2665 V.
803 2611 858 2666 In
883 2612 1096 2666 Persida
1125 2612 1305 2668 natale
1335 2611 1393 2667 S.
1426 2611 1443 2650 ι
1476 2611 1702 2666 Μειιιιιωί
1728 2611 1954 2680 apostoli
1979 2619 2028 2666 et
2058 2625 2218 2666 evan-

2325 2110 2528 2171 Juda-a,
2580 2120 2760 2176 postea
2812 2113 2862 2161 in
2912 2111 3215 2162 Macedonia
3254 2110 3811 2180 prtedicavit,vpassus
3851 2120 3906 2174 in

2329 2181 2542 2233 Persida
2594 2181 2851 2248 requievit
2902 2181 2951 2232 in
2986 2181 3251 2234 Montibus
3284 2200 3295 2234 :
3326 2199 3476 2244 cunis
3532 2189 3719 2238 natalis
3759 2192 3901 2241 cele-

2327 2251 2507 2304 bratur
2539 2267 2585 2304 λι
2615 2250 2880 2303 Kalendas
2907 2251 3168 2304 Octobris.
3201 2252 3397 2306 Eodem
3425 2254 3511 2307 die
3540 2257 3593 2307 S.
3627 2265 3651 2303 s
3681 2256 3901 2311 Joannis

2329 2322 2554 2397 apostoli
2588 2332 2640 2374 et
2662 2322 3011 2397 evangelista:
3044 2333 3167 2397 ante
3203 2333 3404 2397 portam
3451 2324 3682 2379 Latinam
3717 2345 3728 2380 ι
3761 2332 3902 2397 quod

2329 2394 2572 2443 ultirmrrrr
2602 2395 2759 2443 etiam
2791 2392 2944 2444 estin
2975 2392 3185 2444 caeteris
3210 2394 3455 2447 omnibus
3497 2410 3622 2449 loss.
3652 2409 3705 2450 et
3731 2392 3903 2452 solum

2330 2463 2542 2527 quidem
2570 2462 2618 2514 in
2648 2461 2972 2523 Divionensi,
3004 2463 3096 2513 Sed
3124 2465 3265 2516 varia
3292 2466 3484 2532 ubique
3511 2468 3705 2532 phrasi.
3740 2484 3790 2519 ut
3823 2474 3902 2522 vel

2332 2532 2453 2601 hinc
2481 2541 2731 2598 appareat
2775 2547 2876 2584 non
2919 2546 3038 2583 esse
3087 2532 3283 2596 llaadm;
3349 2538 3685 2601 prosequitur
3725 2549 3900 2594 autem

2328 2600 2416 2667 L.,
2447 2602 2660 2670 quando
2706 2616 2884 2656 coram
2934 2611 3119 2655 senatu
3169 2604 3220 2656 in
3267 2600 3516 2658 ferventis
3553 2607 3657 2660 olei
3702 2607 3903 2665 dolium

2037 2723 2248 2781 SMITII
2291 2717 2516 2774 ΝΟΤΛΕ.

635 2819 937 2876 Theodosio
964 2813 1185 2870 Jumore
1217 2830 1286 2868 xu
1321 2823 1373 2868 et
1403 2812 1774 2866 Valentiniano
1807 2829 1841 2867 rt
1881 2815 2216 2877 consulibus,

636 2894 710 2945 uti
735 2891 1010 2942 annotavit
1040 2887 1090 2937 in
1119 2885 1387 2938 Chronico
1414 2883 1664 2949 Prosper.
1695 2885 1740 2934 Is
1763 2899 1981 2936 emenso
2005 2885 2218 2937 biennio

634 2964 688 3016 in
717 2976 813 3011 suo
845 2959 1151 3021 episcopatu
1185 2963 1422 3006 mortuus
1453 2964 1534 3006 est
1563 2969 1701 3006 anno
1729 2952 1829 3005 [rit
1856 2994 1872 3017 ,
1903 2955 1989 3006 die
2014 2970 2098 3007 im
2123 2952 2216 3007 Ja-

637 3030 830 3085 nuarii.
863 3026 995 3080 lluic
1025 3026 1167 3076 dictu
1195 3039 1333 3075 anno
1365 3023 1678 3088 subrogatus
1706 3025 1762 3076 S.
1794 3023 2042 3088 llrlarius,
2081 3038 2218 3090 prte—

2326 2820 2381 2864 et
2405 2806 2628 2861 Claudio
2658 2805 3052 2858 Viennensibus
3080 2808 3342 2872 episcopis
3371 2808 3647 2872 educatus,
3679 2813 3811 2867 adeo
3843 2819 3900 2867 ut

2326 2881 2484 2934 etiam
2521 2877 2577 2929 Β.
2607 2875 2810 2929 Claudii
2844 2877 3098 2928 exstiterit
3129 2879 3401 2930 diaconus.

2401 2951 2423 2978 ε
2454 2947 2706 3001 Ηενεηωὶ.
2742 2946 2835 2998 llic
2857 2962 2974 2996 cum
3015 2945 3298 3014 Peregrina
3325 2958 3375 2999 et
3410 2949 3556 3002 lrcne
3589 2945 3771 3016 passos
3794 2969 3896 3014 ρει⁸

2325 3022 2368 3074 si
2403 3019 2535 3072 fides
2578 3018 2752 3084 al-qua
2782 3017 3052 3070 Galesiuio
3094 3017 3388 3068 adlnbonda
3421 3031 3521 3082 est,
3573 3026 3896 3086 temporibus

635 3103 733 3154 luit
759 3098 982 3150 Concilio
1012 3094 1254 3160 Regiensi
1287 3093 1464 3146 habito
1491 3111 1630 3145 anno
1659 3093 1784 3156 459,
1811 3095 2021 3161 quando
2053 3088 2209 3146 causa
2248 3099 2292 3160 C
2327 3089 2636 3161 Diocletiani
2667 3090 2808 3161 circa
2839 3103 3031 3161 annum
3062 3088 3257 3161 C_bris_ti
3287 3088 3411 3139 500.

637 3166 956 3224 Armentarii
983 3164 1214 3232 episc0pi
1251 3164 1646 3216 libreduncn-is
1675 3164 1912 3217 discussa
1945 3175 2044 3226 rst,
2074 3163 2214 3231 quod

636 3259 663 3289 a
692 3239 899 3292 duobus
928 3246 1112 3288 contra
1161 3248 1394 3287 cancries
1421 3234 1693 3286 ordinatus
1723 3243 1861 3287 esset
1907 3235 2210 3301 episcomrs.

637 3307 878 3362 Interfuit
923 3307 1046 3370 dein
1079 3319 1219 3356 anno
1276 3304 1371 3355 4H
1406 3304 1730 3357 Arausicano
1785 3306 1976 3372 primo,
2010 3304 2096 3356 tibi
2147 3305 2215 3358 30

634 3392 870 3432 Canones
902 3376 1050 3438 editi,
1080 3377 1271 3440 quibus
1315 3373 1516 3438 primus
1561 3373 1893 3433 Subscripsit.
1943 3375 2215 3438 Stiperfuit

633 3449 827 3502 deinde
858 3461 1025 3514 usque
1049 3444 1115 3497 ad
1160 3444 1300 3514 hunc
1330 3445 1469 3495 diem
1499 3445 1735 3514 quintum
1769 3444 1885 3514 Maii
1917 3457 2059 3498 anno
2084 3443 2212 3512 449,

633 3535 738 3583 quo
767 3519 921 3578 obiit,
944 3512 1081 3568 eum
1111 3514 1194 3566 vix
1225 3512 1292 3564 48
1321 3517 1441 3565 anni
1475 3513 1730 3566 circulum
1766 3513 1990 3583 vivendo
2019 3514 2204 3581 imple-

634 3591 819 3650 visset,
870 3588 1079 3639 Asterie
1126 3593 1181 3636 et
1229 3583 1522 3649 Protogene
1563 3583 1890 3636 consulibus.
1946 3582 2214 3650 Depositio

629 3660 745 3726 ejus
796 3660 956 3710 etiam
1005 3669 1079 3726 vri
1131 3653 1250 3726 Maii
1295 3651 1446 3726 infra
1489 3653 1807 3726 celebratur.
1864 3654 1999 3717 Ado,
2055 3653 2211 3707 Baeda

632 3722 800 3794 vulg“
834 3727 1022 3779 Petrus
1052 3724 1117 3775 de
1160 3722 1329 3775 Natal.
1362 3723 1555 3794 aliique
1592 3723 1925 3794 recentiores
1953 3739 2072 3776 cum
2117 3727 2214 3778 ho-

630 3808 786 3852 nesto
816 3793 987 3859 elogio
1032 3800 1378 3846 exornarunt.
1413 3793 1539 3857 Ejus
1568 3807 1762 3859 corpus
1815 3793 1965 3845 initio
1994 3795 2211 3860 deposi-

635 3879 745 3920 tum
797 3866 894 3918 fuit
943 3863 994 3916 in
1041 3863 1264 3915 ecclesia
1296 3864 1351 3916 S.
1399 3861 1679 3928 Stephani,
1704 3864 1822 3914 dein
1855 3865 2118 3929 sepultum
2160 3867 2210 3918 in

631 3936 854 3990 ecclesia
903 3934 962 3988 S.
1001 3932 1233 3987 Genesii.
1285 3932 1478 3985 Verum
1530 3933 1864 3996 postmodum
1899 3936 2209 3989 translatum

629 4017 712 4061 est
735 4016 789 4061 et
814 4004 1108 4074 sepulturze
1124 4003 1382 4074 traditum
1419 4003 1478 4074 in
1513 4001 1703 4071 Elysiis
1729 4004 1950 4070 campis,
1983 4005 2033 4056 in
2069 4015 2204 4060 tern-

631 4079 716 4146 plo
745 4073 889 4146 quod
919 4089 1057 4127 nunc.
1084 4073 1274 4146 dicitur
1305 4073 1359 4128 S.
1392 4073 1665 4146 Honorati.

701 4156 723 4181 ο
758 4145 1010 4214 Nectarii.
1069 4143 1231 4214 Ado,_
1256 4158 1374 4196 cum
1427 4144 1490 4196 ad
1535 4158 1729 4195 annum
1782 4142 1883 4197 557
1917 4152 2101 4214 ageret
2142 4145 2209 4200 de

633 4216 945 4270 Constantio
970 4213 1188 4282 ejusque
1211 4211 1464 4267 fratribus
1479 4214 1826 4266 Constantino
1843 4223 1898 4268 et
1919 4211 2208 4271 Constante

635 4289 823 4352 impp..
849 4286 944 4337 ista
979 4285 1158 4336 subdit
1185 4300 1198 4335 ε
1232 4303 1248 4334 ι
1285 4283 1528 4336 Florebat
1574 4292 1630 4336 et
1657 4294 1792 4347 tunc
1823 4285 2077 4348 temporis
2105 4287 2207 4338 Ne-

627 4355 852 4418 ctarius,
884 4352 1200 4405 Viennensis
1229 4368 1530 4419 episcoirus,
1579 4354 1628 4404 in
1672 4353 1912 4406 doetrina
1948 4357 2066 4408 tidei
2099 4358 2206 4409 exi-

627 4426 763 4478 tnius
799 4441 810 4476 :
838 4423 925 4489 qui
955 4423 1004 4473 in
1033 4421 1248 4474 Vasensi
1272 4424 1475 4491 synodo
1498 4422 1785 4475 venerabili
1822 4427 2022 4490 primus
2046 4428 2204 4480 inter-

2397 3157 2732 3212 dJuvr'niani.
2763 3158 2858 3222 Qui
2907 3173 3028 3208 cum
3088 3157 3146 3210 Β.
3210 3157 3496 3220 ΙίΤυμΓὶιιυ
3549 3162 3794 3223 (ιιιῑςε-ιιιιο
3845 3178 3893 3216 ei

2321 3241 2577 3300 martyre,
2613 3227 2838 3300 imperio
2863 3227 3254 3300 Sixtiso-condi
3303 3244 3449 3295 papze
3479 3231 3896 3288 Autissiodorum

2321 3297 2559 3357 veniens,
2618 3299 2740 3349 drrrn
2797 3297 3263 3362 superstitionibus
3316 3314 3634 3365 paganorum
3692 3303 3897 3358 fcrttter

2319 3371 2599 3424 resisteret
2637 3376 2811 3420 tentus
2854 3375 2966 3430 est;
3022 3377 3179 3433 atque.
3222 3369 3271 3418 in
3321 3372 3657 3424 con‘essione
3696 3374 3893 3428 Christi

2319 3441 2637 3508 perdurans,
2666 3437 2754 3508 ab
2797 3437 2876 3508 eis
2926 3436 3273 3508 interemptus
3307 3448 3409 3491 est.
3440 3439 3673 3494 Molauns
3705 3447 3752 3495 in
3785 3445 3900 3500 suis

2317 3504 2706 3564 hdditamentis
2730 3508 2778 3557 in
2809 3504 3125 3558 Usttardum.

2393 3591 2416 3616 ε
2447 3576 2728 3632 Mauronti.
2759 3575 2944 3627 Clarus
2987 3577 3070 3628 hic
3115 3577 3210 3630 fuit
3241 3578 3292 3630 in
3325 3579 3445 3631 aula
3479 3583 3618 3639 regis
3640 3581 3892 3637 Theodo-

2316 3650 2411 3704 rici
2446 3649 2621 3717 primi.
2657 3646 2760 3717 Sed
2815 3647 3023 3698 hortatu
3081 3650 3262 3700 matris
3318 3665 3428 3701 suae
3484 3654 3893 3705 sarculumr-on-

2319 3715 2581 3780 temnens,
2617 3725 2669 3771 et
2693 3715 2848 3790 simul
2882 3732 3130 3790 sponsam
3178 3735 3332 3786 quam
3386 3735 3601 3772 uxorem
3645 3725 3891 3790 accipere

2315 3791 2644 3851 decreverat,
2677 3803 2702 3838 a
2735 3786 2795 3841 S.
2826 3789 3065 3839 Amando
3111 3801 3295 3840 tonsus
3348 3800 3427 3842 est
3459 3793 3508 3841 in
3532 3786 3808 3854 clericuru,
3834 3806 3893 3847 et

2315 3860 2611 3931 c0nstruxit
2643 3857 2920 3931 ecclesiam
2953 3872 3002 3909 in
3029 3860 3232 3922 priedio
3261 3873 3358 3913 Suo
3387 3862 3448 3931 ad
3486 3861 3714 3929 Lr-giam,
3748 3869 3889 3931 quod

2317 3939 2441 3984 tunc
2463 3930 2680 3998 Broylus
2704 3929 2998 3990 dicebatur,
3029 3945 3168 3983 nunc
3186 3941 3361 3983 autem
3393 3929 3700 3989 Meurivilla,
3735 3929 3885 3998 quasi

2315 4000 2578 4054 Maurontr
2614 4000 2756 4062 villa,
2782 4008 3016 4068 vocator.
3037 3998 3135 4053 Ubi
3159 4002 3361 4052 abbatis
3389 4017 3567 4054 curam
3597 4018 3752 4068 supra
3777 4023 3886 4058 cm-

2316 4080 2459 4122 teros
2515 4070 2701 4123 fratres
2748 4067 2906 4136 gessit
2964 4068 3440 4136 t-igilaritissimam.
3499 4067 3674 4136 Quam
3713 4075 3886 4127 adrni-

2313 4140 2681 4193 nistrationem
2717 4155 2806 4204 per
2837 4139 3118 4192 duodecim
3147 4155 3314 4194 annos
3345 4146 3638 4206 Complens,
3669 4145 3719 4196 in
3747 4147 3884 4199 Mar-

2312 4211 2543 4264 cianensi
2603 4210 2928 4261 monasterio
2987 4209 3226 4277 migravit
3282 4212 3345 4262 ad
3405 4213 3680 4265 Dominum
3736 4231 3880 4267 anno

2311 4282 2784 4348 septingentesimo
2817 4282 3030 4350 primo,
3063 4293 3115 4332 et
3162 4281 3214 4333 in
3274 4280 3514 4350 ejusdem
3573 4291 3878 4338 monasterii

2310 4363 2494 4420 Crypta
2520 4351 2780 4420 sepultus.
2812 4349 3046 4402 Mnlauus
3073 4351 3138 4404 de
3167 4351 3262 4404 SS.
3305 4349 3490 4420 llelgit.
3517 4351 3745 4406 Joannes
3779 4356 3880 4407 Bu-

2313 4419 2514 4474 zelinus
2535 4422 2583 4473 in
2610 4419 2887 4473 Annalium
2925 4421 3058 4472 libro
3082 4435 3110 4466 ν
3131 4419 3446 4474 traditarum
3475 4425 3602 4476 “3‘!
3627 4427 3691 4476 ab
3717 4424 3876 4478 Atre-

627 4494 745 4559 frrit,
779 4506 830 4547 et
858 4482 1033 4544 'Patris
1077 4502 1129 4543 et
1160 4491 1270 4544 Filii
1302 4482 1352 4545 et
1403 4493 1636 4559 Spiritus
1683 4482 1848 4546 sancti
1883 4509 2039 4546 unam
2088 4512 2206 4550 esse
2244 4482 2287 4538 Ι)
2313 4491 2519 4544 batensi
2557 4492 2803 4559 pontilice
2834 4491 3013 4542 Alviso
3036 4505 3183 4544 sacra
3240 4492 3300 4546 υ.
3362 4493 3618 4546 Mauronti
3660 4511 3782 4548 ossa
3829 4501 3876 4549 in

623 4579 892 4628 naturam,
918 4570 972 4615 et
1005 4570 1318 4630 potestatem
1348 4573 1403 4615 et
1434 4564 1675 4632 virtutem
1729 4565 1776 4614 in
1806 4563 2037 4617 Ecclesia
2063 4581 2202 4632 pra:-

624 4635 840 4689 dicavit.
881 4652 899 4684 r
947 4632 1088 4686 Idem
1119 4643 1235 4700 post
1269 4641 1504 4699 tempora
1539 4630 1891 4686 Valentiniani
1922 4647 1972 4687 et
2012 4630 2200 4689 valen-

627 4709 696 4758 tis
724 4705 989 4769 descripta
1041 4703 1221 4755 addit:
1255 4719 1272 4752 r
1303 4701 1580 4756 Nectarius
1629 4701 1942 4756 Vietmensis
1972 4715 2025 4758 et
2057 4707 2194 4759 Hila-

625 4776 737 4829 rius
762 4775 1086 4828 l’ictavensis
1105 4775 1339 4841 episcOpi
1362 4777 1679 4827 moriuntur.
1704 4791 1722 4823 ι
1749 4774 2002 4827 llilarium
2024 4787 2198 4829 autem

612 4846 706 4971 ἴθι
725 4859 865 4925 anno
893 4843 993 4896 5b7
1026 4845 1104 4898 vel
1137 4843 1377 4912 sequenti
1403 4846 1598 4898 obiisse
1617 4844 1845 4899 diximus
1863 4847 1925 4898 ad
1948 4846 2086 4900 diem
2106 4862 2199 4900 xui

645 4930 868 4968 auuarrt.

645 4930 868 4968 auuarrt.

691 4983 718 5024 δ
743 4985 958 5038 Νἱσειω.
991 4983 1087 5036 llic
1119 4983 1170 5036 in
1201 4981 1350 5036 fastis
1396 4985 1626 5052 antiquis
1671 4985 2048 5039 ecclesiasticis
2076 5001 2194 5040 cum

617 5055 868 5109 Nectario
895 5055 1252 5121 coniungitur.
1300 5056 1436 5118 Ado,
1465 5058 1513 5106 in
1560 5056 1844 5120 Chronico,
1871 5057 2104 5110 Gratiani
2144 5068 2198 5112 et

616 5126 794 5180 fratris
825 5125 1171 5178 Valentiniani
1230 5124 1451 5189 imperio
1489 5125 1793 5191 subjungit,
1839 5128 2026 5179 eodem
2060 5139 2194 5180 tem-

620 5213 748 5264 pore
777 5195 1130 5249 Viennensem
1163 5191 1451 5264 Ecclesiam
1483 5196 1684 5248 rexisse
1707 5195 1942 5248 Nicetam
1963 5211 2101 5264 praec
2125 5213 2194 5248 a-

615 5263 894 5336 rissimurn
917 5265 969 5318 in
1000 5265 1248 5330 dogmate
1273 5263 1391 5316 fidei
1424 5265 1751 5336 episcopum.
1781 5266 1833 5318 In
1855 5263 2192 5336 nisill'larty-

617 5336 825 5402 rologio
860 5335 1172 5401 Viennensi,
1198 5335 1374 5387 studio
1403 5345 1454 5386 et
1479 5335 1659 5387 labore
1677 5335 1896 5389 Joannis
1923 5340 1968 5390 Ie
1998 5335 2193 5392 Liévie

617 5417 894 5470 renovato,
926 5407 1178 5459 scribitur
1208 5405 1346 5457 hunc
1395 5404 1698 5458 interfuisse
1741 5408 1966 5460 concilio
1999 5407 2188 5460 Valen-

615 5478 703 5546 tia:
764 5478 1103 5542 Delphinatns
1154 5492 1304 5546 anno
1323 5475 1427 5530 575
1479 5475 1660 5528 habito
1689 5492 1702 5528 :
1731 5489 1888 5540 atque
1923 5478 2187 5546 sepultum

609 5545 781 5601 fuisse
831 5549 878 5599 in
911 5548 1135 5601 ecclesia
1168 5545 1225 5601 S.
1262 5545 1497 5606 Martini,
1545 5551 1712 5614 quarti
1759 5547 2044 5601 Viennensi
2075 5549 2189 5614 epi-

611 5617 785 5682 scOpi,
802 5632 958 5684 quam
985 5621 1096 5685 ipse
1113 5626 1489 5670 construxerat
1516 5615 1566 5668 in
1589 5619 1704 5684 ejus
1731 5617 2011 5671 honorem.
2034 5618 2186 5684 Apud

609 5687 868 5756 Joannem
903 5688 1084 5740 tlhenu
1115 5686 1169 5740 in
1205 5685 1449 5756 iHistor-ia
1495 5686 1865 5754 chronologica
1901 5690 2183 5756 episc0po-

608 5773 726 5813 rum
764 5754 944 5810 Galliae
971 5757 1164 5812 dicitur
1194 5755 1253 5813 S.
1283 5757 1516 5812 Nicetius
1543 5757 1665 5812 olim
1697 5774 1726 5813 a
1758 5756 1857 5812 SS.
1897 5754 2184 5812 Pascliasio

2313 4576 2504 4614 nmam
2539 4561 2698 4614 Duaei
2727 4575 2936 4626 capsarn
2971 4563 3130 4614 fuisse
3160 4562 3433 4617 translata.

2387 4630 2406 4669 ί
2441 4631 2695 4685 Μαιιιιαιί.
2729 4630 2842 4684 Non
2872 4638 3015 4683 recte
3047 4633 3162 4684 dies
3192 4633 3276 4684 hic
3304 4634 3492 4685 dicitur
3522 4632 3716 4686 Natalis
3747 4633 3878 4688 Mat-

2310 4699 2430 4755 tlitci
2461 4705 2711 4765 apostoli,
2741 4715 2860 4752 nant
2895 4702 2937 4752 is
2968 4711 3046 4753 est
3083 4717 3174 4754 χχι
3209 4705 3567 4768 Septembris.
3600 4703 3788 4757 Verum
3822 4707 3874 4759 in

2310 4771 2522 4825 Baronii
2555 4771 2928 4840 Martyrologio
2949 4771 3250 4824 celebratur
3277 4792 3285 4824 :
3320 4789 3337 4822 ί
3371 4773 3572 4826 Salerni
3602 4776 3874 4829 translatio

2303 4843 2367 4913 S_.
2394 4844 2622 4896 Mattliaei
2658 4842 2920 4908 Apostoli,
2972 4841 3123 4910 cujus
3177 4858 3387 4896 Sacrum
3421 4859 3610 4913 corpus
3639 4847 3762 4897 olim
3806 4862 3870 4900 ex

2303 4911 2578 4980 Ettriopra
2609 4914 2672 4964 ad
2706 4915 2942 4965 diversas
2997 4919 3264 4979 regiones,
3317 4924 3371 4966 et
3420 4911 3629 4968 demum
3660 4916 3725 4966 ad
3754 4931 3870 4970 eam

2303 4988 2489 5037 urbem
2513 4983 2767 5046 delatum,
2801 4981 2995 5035 ibidem
3025 4985 3076 5034 in
3105 4984 3329 5036 ecclesia
3371 4984 3484 5052 ejus
3535 4987 3747 5037 nomine
3781 4989 3873 5038 de-

2301 5055 2470 5106 dicata
2503 5069 2711 5108 snmrno
2743 5056 2944 5106 honore
2973 5056 3246 5105 conditum
3295 5063 3393 5106 est.
3437 5073 3454 5105 ι
3495 5053 3615 5108 llaec
3638 5058 3866 5106 transla-

2300 5124 2372 5175 tio
2423 5123 2558 5177 facta
2604 5135 2685 5178 est
2735 5126 2875 5176 circa
2918 5139 3114 5176 armum
3168 5123 3374 5176 Domini
3410 5123 3568 5190 1030,
3602 5141 3704 5189 quo
3733 5140 3863 5193 papa

2298 5193 2585 5262 Gregorius
2635 5198 2891 5261 septimus
2937 5194 3215 5261 epistolam
3245 5195 3460 5260 scripsit
3504 5198 3569 5249 ad
3619 5194 3866 5249 Alfanurn

2295 5268 2602 5334 episc0pum
2635 5263 3053 5328 Salernrtanum,
3087 5263 3138 5316 in
3196 5282 3295 5332 qua
3348 5268 3417 5316 illi
3468 5267 3756 5334 gratulatur
3799 5268 3868 5320 de

2299 5333 2517 5389 invento
2537 5351 2692 5389 sacro
2723 5335 2946 5403 apostoli
2975 5348 3223 5403 cOrpore,
3275 5333 3562 5404 monetque
3610 5346 3664 5388 ut
3709 5340 3866 5402 digno

2298 5404 2498 5474 hOnore
2529 5420 2708 5458 sacras
2734 5407 2986 5474 reliquias
3010 5417 3378 5474 prosequatur,
3411 5417 3568 5474 atque.
3611 5421 3729 5460 cum
3761 5410 3868 5458 tto-

2297 5471 2450 5528 berto
2481 5477 2718 5542 principe
2741 5487 2794 5530 et
2821 5471 2939 5544 ejus
2965 5471 3198 5546 conjuge
3234 5487 3290 5530 ut
3339 5477 3417 5545 pia
3448 5471 3703 5547 religione
3728 5482 3865 5530 colat

2291 5558 2438 5597 sacra
2466 5548 2704 5614 pignora.

2365 5624 2388 5661 8
2421 5614 2660 5668 Joannis.
2693 5615 2857 5685 Hujus
2889 5617 3126 5673 miraculi
3158 5617 3511 5672 Tertullianus
3540 5619 3779 5672 meminit
3813 5635 3862 5670 ru

2291 5683 2426 5760 libro
2466 5687 2532 5741 de
2578 5683 2979 5760 Prinfcrtptiutie
3027 5687 3281 5745 adversus
3321 5687 3618 5745 haereticos.
3664 5690 3867 5744 Natalis

2285 5755 2400 5824 ejus
2415 5758 2502 5813 est
2529 5772 2667 5812 xxvn
2696 5755 3019 5815 Decembris.
