4240 6456
354 327 461 385 90:)

1479 335 1669 388 Sl'ZC'l'.
1710 336 1770 390 ll.
1811 365 1878 375 —-
1920 336 2474 396 MARTYHOLOGIA.

3502 360 3604 411 filii

1631 444 1855 498 EDITIO
1893 443 2351 502 COLONIENSIS.

346 531 687 597 mancipavit.
737 528 946 583 beatum
979 529 1310 596 J.tnuariiiin,
1344 546 1524 586 senem
1560 536 1927 603 pl'0~|I)If€rlllll
1959 537 2010 596 Α
2037 535 2356 605 presbyteri,
2390 537 2490 592 sub
2521 541 2820 597 Alexandro
2851 546 3188 616 imperatore,
3221 553 3307 621 qui
3333 569 3451 610 eum
3482 558 3603 613 fecit

343 622 786 690 coiitprelteusunt
816 625 1026 676 cuidaut
1065 623 1264 676 vicario
1293 625 1562 678 Gordiano
1590 626 1654 678 ad
1707 626 1925 679 audien-

346 715 469 766 dum
500 713 748 776 tradidit;
782 713 870 781 qui
903 714 1115 765 beatum
1166 713 1471 768 Jauuarium
1523 715 1782 781 patienter
1831 731 1926 768 ait-

344 803 518 863 dieus,
571 801 757 865 Spiritu
793 801 881 854 Dei
915 801 1243 854 illuutinatus
1272 802 1490 856 credere
1520 803 1712 868 empit:
1765 819 1921 870 quem

347 893 585 955 protinus
610 891 792 943 beatus
822 893 1098 960 presbyter
1119 907 1240 946 cum
1265 909 1429 948 uxore
1457 893 1654 948 Marina
1684 898 1920 958 nomine,

344 992 397 1034 et
447 981 637 1034 familia
695 983 980 1047 prottiist-ui
1028 998 1218 1046 sexus,
1273 999 1494 1037 numero
1543 987 1918 1055 quinquaginta

346 1082 472 1134 tres,
501 1079 640 1126 eteo
661 1072 882 1138 amplius
908 1073 1206 1138 baptizavit.
1237 1074 1383 1140 Quod
1415 1077 1632 1128 audi-uis
1662 1076 1921 1136 Julianus,

345 1163 500 1229 jussit
529 1162 580 1215 in
611 1161 997 1230 seriptiooibits
1026 1163 1264 1216 damnari
1328 1176 1566 1218 sanctum
1616 1166 1922 1221 Ianuarium

345 1254 732 1324 presbyterum,
759 1263 811 1306 et
841 1254 1052 1308 beatum
1085 1256 1430 1321 Gordianum,
1463 1274 1682 1312 uxorem
1715 1275 1830 1328 ejus
1858 1261 1921 1312 ad

344 1359 510 1412 aquas
556 1343 752 1396 saliuas
782 1359 997 1399 manere
1029 1347 1298 1413 praecepit,
1352 1348 1403 1400 in
1458 1349 1672 1401 servitio
1705 1351 1924 1402 rustico-

351 1450 488 1488 rum.
516 1432 910 1490 Clementianus
937 1448 1116 1490 autem
1139 1438 1383 1491 tribunali
1415 1440 1675 1503 residens,
1711 1443 1922 1496 beatunt

349 1523 670 1580 Gordianum
695 1527 924 1580 vinctum
954 1529 1158 1582 catenis
1185 1529 1282 1582 sibi
1327 1533 1633 1597 prmSentari
1659 1532 1802 1586 fecit.
1838 1535 1926 1589 llle

349 1618 401 1671 iit
431 1617 766 1672 confessione
803 1618 999 1672 Christi
1044 1619 1200 1681 llxus,
1250 1620 1338 1673 tlitt
1373 1622 1654 1687 plumbatis
1684 1625 1923 1686 caeditur.

343 1711 397 1767 in
447 1710 632 1765 ultimo
684 1712 858 1780 capite
887 1717 1181 1766 truncatur.
1213 1712 1376 1782 Cujus
1407 1729 1602 1779 corpus
1624 1716 1779 1783 jussit
1828 1717 1923 1768 iiii-

343 1815 478 1872 qttus
497 1797 658 1872 judex
689 1811 813 1855 ante
841 1803 1092 1870 templum
1119 1805 1378 1871 Apollinis
1404 1805 1614 1871 jactari,
1641 1817 1696 1859 ut
1725 1823 1751 1860 a
1777 1809 1890 1860 caui
1908 1839 1924 1848 -

345 1893 442 1946 bus
474 1894 773 1948 roderetur.
806 1894 954 1961 Quod
987 1906 1246 1948 nocturno
1274 1899 1814 1967 temporetlltristiani
1850 1916 1928 1952 ra-
1966 1907 2012 1965 Β
2111 1907 2172 1961 Ε,
2207 1909 2245 1960 v
2280 1912 2394 1964 ιειιτς
2444 1912 2585 1966 MA...
2614 1945 2682 1954 __
2707 1917 2888 1971 nom“,

350 1984 573 2051 pientes,
611 1981 857 2036 milliario
886 1999 990 2038 uno
1033 1985 1147 2053 plus
1172 1986 1344 2040 minus
1367 1987 1433 2040 ab
1461 1989 1588 2040 urbe
1624 1989 1787 2043 Roma
1823 2007 1915 2057 po-

343 2084 561 2130 suerunt
611 2074 663 2128 in
715 2083 945 2144 crypta,
999 2076 1084 2131 tibi
1147 2077 1464 2145 jampridem
1520 2095 1712 2145 corpus
1782 2082 1920 2136 beati

346 2167 592 2238 martyris
639 2167 915 2235 Epimachi
946 2169 1211 2237 sepultum
1238 2167 1432 2224 fuerat.
1472 2171 1564 2225 llic
1605 2172 1924 2238 Epimacbus

348 2256 714 2310 Alexandriam
744 2257 874 2310 abiit
899 2273 1018 2310 cum
1049 2258 1250 2329 collega
1279 2274 1373 2313 suo
1400 2260 1728 2321 Alexandro.
1752 2265 1919 2314 multo

346 2355 586 2416 tempore
617 2350 668 2401 in
699 2349 924 2404 vinculis
947 2359 1000 2403 et
1040 2350 1092 2403 iu
1115 2353 1436 2405 cruciatibus
1472 2356 1701 2407 cari-eris
1733 2365 1924 2420 tortus,

343 2439 552 2510 ignibus
569 2440 904 2509 postmodum
928 2445 1277 2507 consumitur,
1298 2445 1532 2510 reliquiae
1551 2446 1713 2514 ipsius
1731 2447 1922 2502 deinde

347 2532 566 2590 Romam
597 2543 716 2591 sunt
760 2535 1051 2592 translata.
1081 2535 1268 2592 Romae
1296 2537 1465 2592 natale
1505 2539 1744 2608 Clepodii
1787 2544 1931 2595 senis

2231 643 2256 678 a
2290 627 2572 690 Laodiceo,
2593 640 2645 684 ct
2663 649 2854 702 corpus
2871 638 3006 690 tralti
3027 654 3118 704 per
3139 641 3430 713 civitatem,
3447 658 3604 718 atque

2031 715 2082 768 in
2111 716 2358 786 Tyberim
2387 720 2595 786 jactari,
2630 722 2714 774 die
2742 723 3096 781 Kalendarum
3143 731 3420 790 Maiarum.
3451 715 3601 802 Quod

2029 807 2302 862 inventum
2337 812 2632 878 p'scatores
2660 814 2982 884 levaverunt,
3028 833 3079 876 et
3124 823 3326 882 Calisto
3353 830 3604 901 episcopo

2029 912 2405 958 narraveruut.
2442 905 2535 958 Ille
2564 921 2836 976 acceptum
2867 916 3101 970 eniidivit
3139 936 3256 974 cum
3281 929 3604 983 aromatihus

2028 1002 2079 1045 el
2116 992 2532 1061 linteaminibus,
2564 1007 2617 1051 et
2643 1004 2877 1068 sepelivit
2928 1007 2976 1057 iti
3006 1014 3312 1066 cmmetv-rio
3341 1017 3597 1087 ejusdem,

2031 1081 2282 1136 milliario
2305 1083 2372 1137 ab
2403 1085 2533 1140 urbe
2560 1090 2717 1144 tertio
2749 1091 2799 1144 in
2831 1107 3034 1162 crypta,
3056 1109 3205 1152 Sexto
3228 1081 3414 1158 iduum
3449 1081 3602 1164 Maia;

2029 1189 2166 1228 rum.
2223 1174 2372 1230 Tunc
2422 1179 2712 1234 decollatus
2743 1195 2826 1237 est
2877 1185 2944 1238 ab
2992 1188 3292 1246 Alexandro
3323 1195 3605 1254 Palmaiius

2029 1267 2238 1333 consul,
2265 1284 2384 1322 cum
2412 1286 2582 1324 uxore
2599 1285 2649 1326 et
2682 1275 2894 1333 filiis.et
2922 1278 3035 1334 aliis
3063 1287 3346 1349 promiscui
3365 1294 3604 1346 sexusde

2027 1355 2188 1410 domo
2222 1373 2314 1412 sua
2356 1363 2703 1434 quadraginta
2759 1366 2984 1430 duobus,
3017 1388 3134 1427 cum
3158 1377 3346 1444 quibus
3377 1391 3430 1435 et
3466 1385 3603 1437 Sitti-

2033 1447 2226 1514 plicius
2277 1461 2497 1506 senator
2526 1469 2648 1508 cum
2681 1473 2867 1521 uxore.
2899 1472 2951 1516 et
2980 1465 3101 1518 filiis
3152 1480 3204 1520 et
3247 1471 3438 1526 familia
3486 1491 3601 1537 sua,

2028 1539 2320 1607 promiscui
2367 1557 2526 1598 sexus
2578 1550 2847 1615 sexaginta
2895 1563 3048 1618 octo;
3096 1567 3150 1611 et
3186 1561 3430 1617 similiter
3481 1583 3600 1622 eum

2030 1644 2198 1682 uxore
2226 1645 2317 1683 sua
2348 1632 2567 1698 Blanda,
2599 1640 2685 1701 qui
2718 1654 2812 1706 per
2836 1641 3132 1698 doctrinam
3156 1648 3338 1705 Caliin
3369 1669 3604 1724 papze,et

2026 1722 2293 1793 Calepodii
2349 1730 2640 1800 presbyteri
2681 1750 2848 1801 nuper
2908 1737 3115 1794 fuerant
3163 1722 3448 1811 baptizati.
3478 1751 3603 1805 Item

2033 1816 2213 1869 Romae
2245 1820 2416 1873 natale
2445 1831 2746 1877 sanctorum
2764 1827 2944 1890 Quarti
2968 1841 3020 1884 et
3050 1832 3249 1897 Quinti.

2944 1923 3024 1975 via
3071 1925 3297 1987 Salaria.
3353 1932 3601 1988 inilliarin

2033 1997 2282 2050 vicesimo
2306 2001 2556 2064 secundo,
2602 2005 2776 2058 natale
2825 2010 2991 2063 sancti
3038 2014 3294 2081 Autbuui,
3348 2029 3403 2073 et
3433 2025 3606 2087 passio

2030 2090 2201 2140 sam-ti
2237 2089 2421 2144 leellii
2457 2109 2469 2144 :
2497 2093 2583 2157 qtti
2608 2093 2792 2149 videns
2821 2101 3119 2165 passionem
3152 2109 3319 2160 sancti
3355 2109 3603 2180 Torpetis

2037 2180 2308 2244 martiris,
2335 2192 2388 2234 et
2416 2182 2677 2236 mirabilia
2711 2201 2828 2252 quae
2853 2186 2994 2254 fecit,
3022 2194 3240 2248 credidit
3264 2197 3492 2265 (Ilii-isto,
3517 2205 3605 2269 qui

2034 2279 2188 2322 antea
2222 2272 2566 2328 consiliarius
2587 2275 2810 2330 Neronis
2843 2279 3175 2349 imperatoris
3223 2285 3338 2351 fuit,
3381 2295 3607 2360 qualiter

2034 2364 2319 2417 Christiani
2351 2369 2842 2436 martyrizarentnr.
2883 2375 3097 2430 Viennae
3150 2383 3318 2435 sancti
3367 2385 3605 2440 Mamerti

1986 2493 1990 2497 .
2036 2453 2295 2524 episcopi,
2333 2456 2420 2524 qui
2464 2459 2532 2511 ob
2562 2461 2924 2516 imminentem
2957 2467 3161 2523 cladem
3186 2470 3450 2528 solemnes
3481 2484 3607 2532 ante

2037 2547 2404 2601 ascensionem
2437 2549 2646 2604 Domini
2679 2552 2890 2607 litanias
2919 2556 3165 2612 instituit.

1589 2649 1816 2704 ICDITlO
1859 2650 2366 2708 liOLLANDlANA.

343 2739 444 2792 sub
473 2737 771 2793 Alexandro
817 2738 1172 2803 imperatore;
1205 2739 1293 2807 qui
1340 2754 1460 2792 eum
1509 2737 1634 2792 fecit
1669 2741 1836 2792 occidi
1885 2756 1910 2788 a

348 2829 615 2894 Laodiciu,
643 2840 696 2882 et
724 2844 916 2894 corpus
943 2830 1078 2882 tralti
1111 2845 1202 2894 per
1226 2831 1513 2893 civitatem,
1548 2840 1707 2895 atque
1743 2832 1793 2884 iu
1824 2831 1910 2884 Ti-

346 2924 511 2976 ueriin
535 2923 721 2990 jac'ari
747 2921 832 2976 die
858 2921 1212 2976 Kalendarum
1241 2923 1515 2977 Maiarum.
1542 2924 1691 2989 Quod
1725 2925 1913 2980 inveu-

345 3026 453 3068 tum
503 3016 796 3081 piscatores
843 3015 1174 3076 levaverunt,
1205 3024 1258 3068 et
1309 3027 1658 3068 narravcrunt
1710 3015 1914 3066 Calivto

341 3106 612 3174 episcopo.
644 3107 713 3160 At
741 3105 827 3160 ille
857 3117 1130 3172 accitpttim
1163 3105 1407 3158 Condidit
1438 3120 1556 3156 cum
1587 3105 1912 3157 aretnutihus

341 3207 396 3251 et
442 3196 865 3259 linteaminibus,
911 3204 968 3250 et
1013 3196 1255 3260 sepelivit
1311 3211 1434 3249 eum
1485 3194 1536 3248 iit
1597 3197 1912 3248 emmeterio

342 3288 582 3358 ejusdem
603 3290 684 3340 via
715 3288 950 3349 Aurelia,
975 3287 1221 3340 milliaria
1255 3288 1320 3338 ab
1340 3287 1481 3341 Urbe
1505 3288 1659 3340 tertio
1687 3303 1755 3349 vi,
1791 3287 1909 3338 ldus

2097 2739 2185 2802 V.,
2222 2740 2286 2794 Et
2316 2744 2584 2811 depositio
2613 2752 2637 2780 ⁸
2667 2746 2766 2800 Job
2797 2743 3086 2820 prophetat.

2098 2830 2266 2884 H.—
2288 2831 2325 2885 V
2358 2832 2499 2889 ldus.
2529 2835 2684 2888 Vacat
2723 2839 2895 2892 Bil'tiﬂ.

2097 2922 2285 2977 Florus
2328 2926 2378 2978 itt
2430 2926 2492 2979 A.
2528 2925 2588 2980 Τ.
2639 2927 2723 2991 1...
2771 2930 2987 2984 Viettnre
3035 2933 3296 2998 depositio
3343 2938 3397 2993 S.
3431 2939 3458 2980 ι’
3490 2945 3600 2998 Ma-

2021 3017 2173 3066 merti
2224 3019 2456 3085 episcopi
2509 3029 2562 3072 et
2611 3022 2964 3086 conti-ssoris,
3010 3025 3163 3094 cujus
3213 3032 3497 3094 prmsulatu
3547 3037 3598 3090 iu

2030 3106 2228 3160 Vienna
2272 3109 2402 3161 urbe
2454 3118 2788 3164 terrminotus
2829 3117 3190 3179 permaximus
3244 3119 3334 3172 fuit
3365 3139 3376 3175 :
3410 3123 3499 3177 sed
3547 3137 3599 3180 ei

2024 3198 2204 3251 bestth
2232 3201 2282 3252 in
2316 3201 2556 3256 homines
2590 3203 2850 3258 irruentes
2875 3205 3223 3264 derorabaut.
3251 3211 3400 3268 Unde
3431 3217 3472 3268 is
3495 3219 3596 3271 lc-u

2020 3291 2240 3342 antistes
2290 3293 2580 3346 multorum
2628 3296 2903 3358 consultu,
2957 3297 3259 3352 triduanum
3305 3301 3593 3372 jejunium,

343 3355 487 3435 blaii.
515 3378 664 3437 Tunc
712 3379 1008 3432 decollatus
1057 3387 1140 3432 est
1185 3381 1250 3431 ab
1283 3379 1585 3432 Alexandro
1629 3379 1918 3432 Palmatius
1947 3355 1993 3418 C
2026 3379 2164 3449 quod
2214 3392 2334 3434 ante
2367 3383 2746 3437 Asceitsionem
2783 3355 2988 3439 Domini
3031 3355 3324 3443 Galliaruui
3359 3355 3595 3462 ‘populiis

339 3471 525 3522 consul
555 3484 677 3522 cuin
724 3484 894 3524 uxore
938 3479 989 3523 et
1023 3469 1144 3523 filiis
1173 3481 1223 3522 et
1257 3469 1377 3522 aliis
1421 3470 1700 3534 promiscui
1757 3485 1922 3527 sexus

339 3564 686 3631 quadraginta
719 3563 949 3623 dtiobii<,
971 3578 1089 3616 cmn
1120 3564 1310 3630 quibus
1339 3572 1391 3615 et
1421 3563 1727 3630 Simplicius
1756 3578 1912 3616 sena-

342 3667 450 3722 tor,
469 3657 554 3724 qui
581 3671 672 3721 per
692 3656 986 3708 doctrinam
1006 3655 1190 3709 Caliin
1221 3674 1368 3724 parur
1390 3669 1440 3711 et
1462 3655 1732 3723 Calepodii
1767 3673 1915 3723 pres-

345 3747 513 3816 byteri
545 3761 712 3813 nuper
744 3746 953 3800 fueraut
985 3746 1254 3812 baptizati.
1279 3747 1549 3815 Scriptum
1581 3749 1631 3800 in
1666 3747 1922 3801 l’assione

341 3839 401 3893 S.
429 3838 614 3892 Caliin
648 3852 816 3906 papae.

2030 3470 2280 3536 celebrat,
2313 3471 2615 3541 instituens,
2644 3476 2774 3529 iram
2811 3477 2901 3530 Dei
2937 3479 2988 3531 in
3022 3478 3443 3540 niisericordiam
3470 3503 3597 3542 con-

2025 3577 2236 3619 vertere
2267 3567 2577 3632 promeruit.

2103 3675 2184 3734 ν..
2232 3678 2409 3729 Boium
2435 3677 2524 3730 Via
2557 3679 2756 3732 Salaria
2793 3680 3039 3734 milliario
3072 3681 3389 3738 duodecimo
3421 3691 3596 3744 natale

2026 3745 2085 3799 S.
2117 3754 2139 3779 θ
2172 3747 2429 3800 Anthitni.
2481 3749 2562 3808 1)..
2611 3749 2792 3802 Romae
2839 3753 2894 3805 S.
2932 3753 3190 3807 Antltimi.
3245 3755 3460 3810 Vienna:
3492 3759 3598 3812 Ma-

2033 3819 2182 3870 ttierti
2210 3818 2442 3886 episcopi
2473 3836 2484 3871 ε
2529 3819 2616 3887 qui
2646 3821 2714 3873 ob
2761 3822 3125 3877 imutiueutein
3163 3823 3367 3879 cladem
3394 3830 3591 3884 solem-

1754 3927 1959 3984 SMlTll
2001 3926 2230 3981 [\(lTIE.

423 4031 447 4059 ⁸
477 4021 595 4076 Job.
625 4021 742 4087 Quo
763 4035 904 4073 anno
929 4028 1019 4072 aut
1048 4018 1136 4073 die
1161 4019 1355 4073 obierit
1383 4035 1485 4072 non
1517 4019 1646 4072 satis
1677 4029 1904 4072 constat.

343 4093 514 4149 Grazei
557 4107 676 4146 cum
707 4090 922 4153 reliquis
951 4089 1308 4142 Orientalibus
1356 4090 1630 4142 celebrant
1673 4089 1789 4155 ejus
1821 4089 1908 4140 fe.-

344 4176 485 4217 siuui
511 4163 595 4216 die
630 4177 676 4214 vi
711 4160 828 4215 Maii
857 4178 868 4211 :
900 4168 953 4212 at
985 4159 1152 4212 Latini
1188 4161 1362 4212 ltodie.
1413 4159 1683 4225 l’liilippus
1731 4159 1909 4213 Lalilte

340 4236 409 4288 ad
439 4248 633 4286 annum
667 4231 844 4284 mundi
877 4230 1016 4284 “2399
1042 4239 1094 4280 et
1138 4239 1260 4282 ante
1309 4245 1470 4282 teram
1499 4229 1693 4281 Christi
1727 4231 1908 4296 vulga-

346 4321 460 4358 retu
495 4303 556 4355 ad
588 4317 782 4355 annum
818 4300 953 4354 1655
981 4297 1140 4352 refert
1182 4299 1380 4353 obitum
1413 4301 1728 4364 patriarclize
1757 4299 1908 4354 Jose-

342 4377 464 4442 plii;
499 4383 550 4425 et
593 4373 736 4425 addit
769 4371 933 4425 videri
968 4382 1089 4421 ttitte
1113 4369 1186 4442 VS.
1216 4369 1403 4442 Joliuui
1438 4369 1596 4442 fuisse
1626 4386 1652 4420 a
1687 4371 1902 4442 diabolo

345 4439 628 4502 ientatum.
659 4456 828 4495 annos
855 4449 1033 4493 uatum
1065 4441 1163 4504 70;
1197 4439 1385 4507 quibus
1412 4441 1454 4492 si
1489 4439 1748 4492 addantur
1779 4441 1902 4503 anni

345 4516 471 4574 HO,
500 4513 852 4565 coniiciuntur
879 4513 998 4562 anui
1026 4509 1152 4571 210,
1181 4519 1236 4562 et
1259 4511 1336 4562 sic
1361 4509 1574 4562 luerunt
1598 4510 1646 4561 ei
1675 4509 1725 4561 iti
1754 4512 1905 4562 aunis

345 4585 466 4636 tit-.e
511 4583 667 4634 etiam
717 4582 835 4633 data
879 4581 1126 4644 duplicia,
1156 4590 1214 4633 ut
1261 4594 1322 4631 ex
1357 4582 1528 4641 capite
1573 4579 1902 4633 ultiutoJobi

339 4654 647 4706 deducitur:
684 4651 902 4719 proinde
922 4651 1096 4704 obitus
1123 4651 1236 4716 ejus
1265 4652 1487 4702 refertur
1510 4666 1536 4698 a
1563 4649 1706 4701 dicto
1731 4651 1908 4703 Labbe

340 4723 412 4776 :td
441 4738 634 4776 artuum
667 4722 845 4774 itttitidi
877 4721 1036 4781 2255”,
1070 4730 1123 4772 et
1151 4729 1272 4771 ante
1303 4735 1461 4770 atram
1486 4719 1682 4772 Christi
1722 4723 1906 4771 Vtiles-

339 4813 455 4846 rc-ut
487 4794 550 4846 :ttl
581 4808 778 4846 autiuiit
819 4790 967 4846 1515.
1000 4792 1126 4855 Quit
1181 4799 1354 4842 autent
1389 4789 1556 4840 (ἱπνυί
1601 4806 1720 4841 euut
1767 4789 1903 4845 LXX

341 4865 725 4929 Iuterpretiltns
753 4872 999 4914 a~serunt
1046 4859 1328 4912 uuiversim
1365 4863 1554 4911 vixisse
1583 4873 1750 4929 annos
1777 4859 1904 4919 ﬂia,

335 4928 632 4987 secundum
665 4932 802 4984 hunc
831 4932 1088 4984 calculum
1117 4940 1262 4984 esset
1301 4931 1476 4983 obitus
1507 4932 1622 4994 ejus
1653 4928 1904 4982 differen—

334 5006 440 5056 dus
463 5005 525 5056 ad
555 5019 748 5055 annuut
780 5001 958 5054 iuuudi
985 5001 1144 5065 2577,
1173 5012 1227 5056 et
1247 5010 1368 5052 aute
1390 5015 1549 5053 teratu
1580 4999 1774 5052 Christi
1803 5001 1908 5052 vul-

334 5089 522 5140 garem
557 5073 620 5126 ad
652 5088 846 5125 auutiui
890 5071 1048 5124 1477.

415 5149 442 5188 b
475 5143 731 5196 Mamerti.
768 5146 936 5194 l'rima
985 5139 1239 5194 memoria
1270 5139 1326 5194 S.
1361 5138 1594 5192 Mamerti
1641 5139 1907 5190 invenitur

335 5215 397 5268 iii
426 5215 620 5277 duplici
659 5213 881 5277 epistola
912 5213 968 5262 S.
1005 5212 1185 5264 llilai-ii
1235 5226 1403 5277 papze,
1437 5209 1586 5273 cujus
1618 5210 1758 5272 prior
1786 5210 1904 5260 data

329 5297 425 5340 est
453 5299 501 5336 vi
543 5284 660 5334 ldus
707 5282 952 5335 Octobris
1001 5281 1194 5333 Basilio
1227 5281 1289 5333 V.
1330 5281 1389 5332 C.
1442 5282 1678 5342 console,
1729 5279 1777 5330 id
1825 5291 1907 5330 est

331 5370 482 5407 anno
507 5351 628 5406 465.
664 5353 714 5406 In
750 5354 845 5404 hae
870 5352 1217 5405 committitur
1247 5351 1466 5404 Leoutio
1495 5351 1747 5413 episcopo
1777 5351 1906 5404 Are-

336 5427 534 5478 latensi
563 5424 911 5478 examinandi
957 5423 1008 5475 in
1059 5423 1261 5490 synodo
1291 5437 1447 5473 causa
1499 5420 1740 5473 Mamerti
1790 5420 1905 5484 epi-

329 5497 486 5560 scopi
531 5491 866 5554 Viennensis,
887 5491 975 5559 qui
1005 5501 1151 5544 extra
1177 5493 1306 5543 lines
1329 5505 1454 5542 suos
1485 5492 1718 5542 indebite
1753 5491 1906 5560 Dleo-

328 5559 485 5619 sibiit
534 5566 840 5629 episcoiium
890 5563 1252 5616 ordinaverat.
1287 5562 1461 5612 Altera
1512 5561 1733 5626 epistola
1783 5559 1902 5612 data

328 5647 423 5691 εει
467 5650 606 5686 anno
653 5644 910 5698 sequente
941 5647 989 5686 vt
1039 5631 1152 5684 Kal.
1184 5629 1361 5692 Μαι-1.,
1393 5633 1454 5681 ad
1489 5630 1665 5698 viginti
1698 5629 1905 5694 episcm

333 5724 458 5769 pos,
493 5714 548 5759 ut
579 5720 670 5770 per
703 5703 963 5755 Veranum
993 5705 1301 5766 i-pisco,»tiiit
1355 5712 1630 5752 moneatur
1678 5701 1904 5752 Mamer-

333 5793 448 5834 tus.
483 5787 536 5827 ut
568 5777 633 5824 ab
680 5773 1100 5825 ordinationibus
1143 5770 1388 5824 indebitis
1419 5771 1709 5830 abstineat;
1749 5777 1907 5834 utfit:

2015 4019 2102 4080 qui
2137 4016 2413 4069 Diensihus
2445 4032 2472 4068 a
2501 4017 2754 4072 Mamerto
2790 4029 3135 4073 consecratus
3163 4021 3352 4086 fuerat,
3389 4023 3592 4081 Leontii

2022 4088 2353 4140 Arelatensis
2397 4088 2654 4152 episcopi,
2685 4104 2710 4140 a
2741 4105 2844 4154 quo
2873 4094 3172 4144 consecrari
3217 4093 3419 4157 debuit,
3451 4094 3592 4150 arbi-

2019 4157 2118 4210 trin
2145 4156 2506 4210 conﬁrmetur.
2561 4159 2811 4211 Memoria
2858 4162 3016 4212 etiam
3061 4170 3141 4213 est
3185 4156 3419 4226 ejusdem
3478 4165 3586 4219 Ma-

2016 4228 2171 4301 inerti
2205 4228 2335 4279 inter
2374 4227 2580 4296 triginta
2617 4229 2929 4301 episcopos,
2956 4230 3148 4292 quibus
3180 4232 3408 4286 Lucidus
3439 4251 3586 4301 pres-

2017 4299 2170 4365 byter
2195 4311 2433 4372 errorem
2466 4299 2767 4372 emendatis
2792 4299 3026 4354 libellum
3061 4303 3217 4358 misit.
3251 4303 3300 4355 iu
3333 4299 3584 4372 (ιιισίιὶιιθὶ

2016 4384 2124 4421 δυίὲ
2158 4367 2546 4439 professionem
2575 4371 2866 4422 secundum
2903 4371 3092 4439 synodi
3128 4367 3453 4426 Arelatensis
3484 4387 3593 4428 sta-

2016 4449 2123 4491 tuta
2152 4451 2204 4491 et
2234 4439 2414 4491 Fausti
2449 4438 2690 4491 lteieusis
2716 4438 2950 4506 episcopi
2981 4443 3258 4500 epistolam
3290 4445 3350 4495 ad
3383 4459 3440 4496 se
3471 4447 3593 4499 ηιξκ-

1942 4493 1989 4550 Ῑ)
2013 4525 2125 4563 sam
2159 4510 2443 4574 depromi
2483 4510 2703 4562 Exhibet
2753 4493 2854 4561 ista
2886 4493 3198 4563 Siriiioudus
3230 4493 3594 4568 CK..-

2007 4581 2252 4632 ciliorum
2286 4581 2469 4632 Calliae
2499 4589 2549 4630 et
2577 4583 2714 4632 circa
2755 4595 2950 4632 anitum
2977 4581 3080 4634 475
3110 4595 3252 4648 gesut
3284 4583 3586 4637 arbitratur.

2013 4649 2205 4701 llabuit
2234 4661 2408 4701 autem
2445 4652 2500 4700 ὃ.
2533 4649 2818 4702 Mamertus
2856 4664 3220 4704 siicct2~sorem
3253 4653 3309 4705 S.
3346 4653 3590 4707 l~i:-iiiutn

2008 4719 2094 4784 qui
2127 4721 2253 4772 vixit
2277 4722 2340 4770 ad
2371 4736 2567 4771 auuutn
2599 4717 2632 4768 4
2654 4721 2723 4771 ltl.
2759 4719 3028 4790 lloccun.
3071 4722 3143 4773 De
3174 4722 3287 4790 ejus
3316 4726 3587 4787 sepultuia

2009 4799 2061 4842 et
2093 4791 2437 4843 translatione
2487 4791 2564 4839 sic
2613 4789 2797 4839 scribit
2837 4788 3070 4842 Joannes
3117 4788 3338 4845 Clienu:
3376 4811 3394 4842 σ
3423 4792 3595 4848 Jacuit

2010 4874 2204 4924 corpus
2234 4860 2398 4924 ipsius
2435 4858 2663 4926 primum
2707 4858 2755 4910 in
2795 4857 3008 4910 basilica
3041 4862 3415 4926 Apostolorum
3445 4875 3592 4917 extra

2012 4943 2192 4983 muros
2222 4928 2460 4990 Vieunzn,
2491 4927 2557 4980 ad
2589 4925 2831 4980 dextram
2865 4927 3050 4980 altaris
3079 4925 3281 4997 partem
3406 4934 3590 4986 Postea

2010 5013 2138 5050 vero
2165 5001 2230 5052 ad
2277 4999 2548 5052 basilicam
2591 4997 3083 5053 Constantinianam
3113 5001 3167 5054 S.
3196 5001 3383 5056 Crucis
3416 5015 3589 5056 trans-

2009 5068 2197 5121 latum.

2084 5150 2104 5174 ο
2141 5139 2386 5200 Ant/rimi.
2437 5137 2538 5202 Qui
2574 5138 2718 5203 juxta
2759 5135 3066 5191 Usuardum
3099 5149 3216 5204 post
3242 5140 3491 5195 virtutum
3541 5152 3595 5193 rt

2010 5209 2400 5272 pnedicationis
2429 5208 2649 5273 insignia
2679 5213 2727 5259 iu
2763 5207 3003 5262 'l'iberitn
3032 5212 3411 5276 praecipitatus,
3445 5225 3496 5266 et
3523 5216 3591 5264 ali

2008 5279 2197 5350 angelo
2231 5280 2352 5331 inde
2381 5289 2620 5344 ereptus,
2653 5280 2900 5330 oratorio
2928 5280 3201 5350 restitutus
3227 5292 3306 5335 est
3339 5286 3549 5350 proprio
3578 5300 3591 5345 ;

2006 5349 2199 5400 deliine
2227 5351 2399 5413 capite
2444 5350 2657 5414 punitus
2700 5350 2875 5400 victor
2923 5349 3256 5416 migi-avitad
3299 5349 3482 5409 caelos.
3539 5354 3593 5406 lu

2011 5419 2220 5471 Ilaronii
2246 5418 2620 5485 Martyrologio
2668 5419 2881 5470 additur
2919 5425 3222 5486 perseeutio
3257 5423 3587 5477 Diocletiani.

2007 5489 2308 5541 Secundutit
2351 5489 2592 5542 Adonem
2630 5495 2685 5540 et
2729 5487 3020 5541 Notkeiutu
3060 5506 3244 5552 passus
3267 5503 3346 5546 est
3381 5492 3470 5545 Via
3495 5495 3590 5546 Sa-

2009 5557 2133 5610 laria
2168 5559 2418 5610 mil'iario
2448 5557 2704 5622 vige~iiuo
2731 5564 2983 5610 secundo.
3036 5559 3171 5613 Cum
3202 5573 3377 5615 autem
3411 5579 3437 5617 a
3468 5564 3588 5616 Dio-

2007 5630 2238 5683 cletiano
2270 5631 2587 5694 imperatore
2638 5627 2886 5680 Pinianus
2917 5631 3068 5683 Asia:
3103 5635 3381 5698 proconsul
3410 5634 3586 5687 dei-la-

2009 5708 2152 5749 ratus
2184 5708 2347 5758 esset,
2397 5701 2554 5751 etiam
2586 5708 2869 5764 auteqoain
2917 5700 3036 5752 illuc
3073 5702 3504 5765 proﬁcisceretur
3535 5707 3585 5760 iu

2007 5769 2333 5822 Christianus
2361 5771 2722 5823 desaeviebat:
2777 5779 2830 5820 at
2875 5769 3178 5824 iuiirutitate
3223 5779 3368 5842 gravi
3401 5790 3583 5828 corre-
