4240 6454
395 323 502 380 913

1532 316 1722 374 SECT.
1765 316 1824 369 ll.
1864 346 1931 356 —
1974 312 2535 370 MARTYROLOCIA.

1678 427 1901 483 EDITIO
1939 426 2405 482 COLONIENSIS.

3546 304 3653 359 9H

395 532 551 588 idolis
580 530 883 592 immolare,
915 527 1089 595 capite
1140 525 1266 580 (ιπεὶ
1300 532 1446 577 sunt.
1480 522 1714 589 Quorum
1741 536 1967 590 corpora
1996 524 2046 585 Α
2078 520 2247 573 latriae.
2299 519 2568 584 sordibus,
2621 520 2902 576 ecclesiam
2957 516 3125 573 beata:
3172 529 3386 585 semper
3433 515 3653 584 virginis

393 627 565 693 rapuit
595 620 873 691 Auspicius
897 663 913 688 ,
944 618 1234 683 discipulus
1263 632 1445 671 eorum
1476 657 1490 679 ,
1515 617 1743 668 nutritor
1770 623 1971 667 saneta:

392 714 613 782 virginis
669 711 971 773 Domitillae,
1025 716 1079 762 et
1132 707 1183 760 in
1215 719 1399 777 crypta
1432 706 1671 759 arenaria
1702 702 1969 771 sepelivit.

393 806 519 861 item
569 806 649 855 via
701 800 934 864 Aurelia,
990 797 1234 851 milliaria
1285 794 1542 857 secundo,
1570 794 1746 847 natale
1802 791 1972 844 sancti

393 893 656 951 Pancratii
686 891 965 961 martyris;
994 889 1085 957 qui
1115 904 1235 943 cum
1260 898 1404 942 esset
1437 899 1697 940 annorum
1721 893 1976 951 quatuor-

397 986 593 1049 decim,
619 987 717 1037 snb
745 979 1072 1035 Diocletiano
1103 976 1421 1047 martyrium
1461 975 1649 1043 capitis
1694 974 1974 1026 obtrunca-

404 1079 544 1131 tione
567 1074 876 1139 complevit,
909 1071 1063 1141 cujus
1111 1069 1463 1124 reverendum
1489 1082 1682 1135 corpus
1711 1065 1974 1120 Octavilla

391 1167 621 1225 illustris
653 1165 845 1219 femina
887 1162 1095 1217 occulte
1126 1171 1284 1216 noctu
1327 1160 1594 1215 sublatum
1643 1156 1975 1211 aromatibus

394 1259 669 1314 conditum
720 1254 992 1322 sepelivit.
1047 1254 1244 1308 Eodem
1300 1253 1386 1306 die
1406 1253 1471 1309 Β.
1523 1250 1757 1321 Dionysii
1803 1249 1974 1317 patrui

392 1348 633 1415 ejusdem
667 1348 727 1400 Β.
764 1343 1051 1407 Pancratii,
1084 1343 1236 1411 cuius
1260 1342 1438 1395 studio
1469 1342 1609 1394 idem
1664 1340 1974 1393 Pancratius

396 1446 453 1492 et
497 1436 816 1506 baptizatus,
841 1435 969 1489 etin
997 1435 1186 1487 timore
1236 1434 1326 1486 Dei
1358 1431 1708 1495 confortatus,
1741 1430 1805 1483 ad
1835 1445 1977 1483 mar-

394 1531 589 1602 tyrium
638 1532 903 1585 animatus
944 1538 1047 1581 est.
1099 1525 1252 1594 Apud
1307 1523 1537 1593 Cyprum
1591 1524 1763 1578 sancti
1813 1524 1977 1592 patris

397 1624 565 1678 nostri
609 1622 882 1691 Epiphanii
908 1619 1191 1674 Salamina:
1215 1617 1475 1686 episcopi.

461 1714 527 1769 (ἱ.
562 1712 622 1767 lll
654 1711 772 1766 lous
799 1711 944 1765 Man.
973 1738 1042 1749 —
1065 1708 1247 1762 Natale
1274 1713 1471 1760 sancta:
1524 1704 1707 1759 Mariae
1737 1703 1802 1757 ad
1837 1718 1975 1758 mar-

391 1813 557 1873 tyrcs.
606 1802 781 1856 Phoca
837 1802 1158 1870 imperatore
1186 1799 1371 1853 beatus
1422 1796 1726 1851 Bonifacius
1758 1810 1891 1863 papa
1922 1796 1972 1849 in

2078 611 2282 677 Mariaz,
2314 621 2366 665 et
2393 613 2631 666 omnium
2661 624 2949 680 martyrum
2994 608 3284 672 dedicavit,
3314 607 3465 676 cujus
3497 608 3651 662 dedi-

2078 704 2304 757 cationis
2332 701 2691 756 sacratissima
2722 701 2839 756 dies
2890 703 3061 770 agitur
3109 700 3295 753 Romae
3339 698 3501 752 tertio
3531 698 3652 752 ldus

2079 793 2223 847 Maii.
2253 793 2374 861 lpso
2402 793 2487 847 die
2536 793 2705 846 sancti
2765 792 2989 848 Servatii
3042 791 3273 859 episcopi
3326 790 3652 856 Tungrensis

2080 882 2352 948 Ecclesim,
2385 882 2471 951 qui
2504 892 2742 949 tempore
2764 897 2867 950 quo
2900 882 3070 934 lluuui
3111 880 3448 935 Germaniam
3476 891 3653 934 vasta-

2078 975 2228 1043 bant,
2259 991 2326 1029 ne
2354 974 2582 1029 civitatis
2604 983 2763 1043 atque
2808 974 3059 1028 Ecclesize
3104 989 3213 1027 sum
3262 974 3468 1028 videret
3512 974 3659 1027 exci-

2079 1066 2248 1133 dium,
2277 1066 2488 1121 Domini
2537 1066 2863 1122 revelatione
2904 1068 3283 1131 commonitus,
3333 1066 3540 1121 transiit
3588 1067 3652 1119 ad

2079 1158 2252 1211 vicum
2280 1157 2726 1226 Trajeclensium,
2753 1159 2929 1226 ibique
2953 1158 3256 1222 defunctus,
3283 1169 3441 1227 atque
3471 1158 3522 1212 iu
3548 1174 3657 1212 me-

2078 1246 2167 1301 dio
2198 1246 2391 1313 publici
2425 1248 2634 1316 aggeris
2665 1257 2744 1302 est
2773 1248 3028 1316 sepultus.
3083 1247 3164 1303 Ob
3221 1249 3374 1318 cujus
3402 1250 3653 1303 meritum

2082 1339 2383 1393 hominibus
2432 1328 2946 1406 demonstrandum,
2997 1358 3117 1396 cum
3171 1352 3409 1408 tempore
3461 1341 3649 1396 hiemis

2078 1432 2256 1486 omnia
2279 1432 2332 1485 in
2363 1433 2593 1486 circuitu
2622 1433 2707 1486 nix
2738 1433 2989 1501 repleret,
3040 1448 3306 1503 nunquam
3349 1436 3651 1501 sepulcrum

2080 1520 2197 1589 ejus
2219 1522 2429 1589 operuit
2453 1522 2540 1576 nix
2568 1536 2666 1576 nec
2711 1522 2909 1591 pluvia,
2953 1523 3123 1578 donec
3154 1538 3181 1575 a
3211 1538 3521 1579 successore
3558 1539 3654 1577 suo

2080 1621 2266 1666 sancto
2297 1612 2533 1667 Munulfo
2565 1614 2817 1683 episcopo
2850 1615 3104 1683 templum
3150 1630 3398 1682 magnum
3448 1616 3499 1669 in
3542 1615 3656 1683 ejus

2082 1703 2285 1757 honore
2316 1712 2682 1758 constructum
2712 1712 2816 1758 est.
2854 1704 2919 1757 Et
2970 1707 3141 1760 natale
3189 1705 3356 1759 sancti
3412 1705 3653 1775 Gangoll‘l

2080 1801 2352 1869 martyris,
2383 1808 2440 1854 et
2466 1800 2633 1854 sancti
2659 1799 2836 1854 Onesii
2861 1797 3205 1852 confessoris.

391 1894 558 1950 veteri
595 1894 740 1959 fano,
766 1891 904 1962 quod
930 1891 1203 1946 Pantheon
1227 1888 1538 1952 vocabatur,
1580 1886 1775 1940 ablatis
1805 1886 1973 1941 idolo-
2010 1883 2051 1941 Β
2151 1888 2217 1944 Α.
2244 1889 2395 1944 Puto.
2417 1889 2538 1945 lous
2565 1889 2982 1946 Iliun—Sancti
3012 1892 3173 1958 patris
3193 1890 3357 1945 nostri
3387 1888 3653 1955 Pacomii;

1682 1996 1910 2051 EDITIO
1948 1996 2447 2053 BOLLANDIANA.

462 2097 548 2153 15.
578 2127 649 2137 -
676 2096 739 2150 lll
771 2094 909 2150 lous.
944 2093 1214 2148 Dedicalio
1238 2092 1293 2147 8.
1328 2093 1353 2121 ³
1382 2091 1559 2146 Maria:
1591 2091 1655 2145 ad
1690 2090 1968 2162 Martyres.

390 2187 596 2244 Eodem
627 2189 715 2241 die
748 2189 805 2243 S.
830 2184 1080 2241 Servatii.

460 2279 648 2334 Florus
700 2282 750 2330 in
806 2280 870 2331 A.
903 2277 964 2330 Τ.
1028 2276 1114 2341 L.,
1175 2276 1422 2344 Trajecto
1482 2275 1643 2329 Portu
1691 2275 1868 2330 natale
1913 2275 1971 2331 8.

390 2376 420 2416 1³
450 2374 678 2429 Servatii
707 2371 966 2439 episcopi.
1016 2371 1110 2425 llic
1138 2370 1264 2425 dum
1316 2371 1381 2423 ad
1414 2368 1475 2422 Β.
1515 2368 1657 2423 Petri
1705 2371 1973 2437 apostolo.

387 2480 507 2520 rum
536 2463 788 2532 principis
819 2464 1122 2532 sepulcrum
1150 2477 1244 2530 pro
1267 2461 1541 2530 ereptione
1573 2462 1747 2529 populi
1779 2458 1973 2514 Gallia-

387 2573 506 2613 rum
540 2557 766 2611 Domino
794 2557 1137 2627 supplicaret,
1196 2571 1262 2610 ne
1288 2556 1352 2607 ab
1383 2554 1587 2608 Hunnis
1615 2563 1966 2623 vastarentur,

385 2651 457 2707 ab
486 2652 604 2721 ipso
650 2651 917 2719 apostolo,
967 2657 1027 2704 ut
1072 2649 1257 2716 fertur,
1308 2649 1511 2715 accepit
1551 2661 1865 2712 responsum
1916 2647 1967 2701 in

387 2746 503 2799 visu
529 2753 586 2799 et
613 2743 785 2811 ipsum
815 2743 923 2797 cito
971 2756 1198 2810 corpore
1248 2740 1623 2809 migraturum,
1672 2747 1727 2793 et
1770 2738 1967 2792 nullam

392 2836 682 2891 Galliarum
732 2834 917 2897 urbem
970 2841 1164 2900 prwter
1212 2830 1569 2893 llletensium,
1625 2841 1841 2899 propter
1884 2833 1961 2900 pi-

386 2944 549 2998 gnora
576 2928 634 2982 Β.
662 2927 915 2998 Stephani
964 2925 1208 2995 Martyris
1258 2923 1328 2979 ibi
1383 2924 1679 2987 recondita,
1732 2922 1967 2978 liberan-

383 3022 526 3079 dam.

454 3113 508 3166 in
535 3111 813 3165 Palrestina
848 3120 869 3148 ο
898 3108 1122 3174 Taraco,
1154 3107 1312 3162 Probi
1339 3115 1395 3163 et
1422 3107 1711 3162 Andronici
1749 3106 1965 3175 (Hacte-

384 3221 481 3258 nus
506 3203 621 3274 A.),
665 3201 754 3271 qui
792 3201 890 3255 sub
939 3201 1168 3253 Maximo
1218 3198 1443 3268 praeside
1492 3207 1609 3266 post
1658 3198 1807 3266 plura
1856 3207 1964 3252 tor-

382 3306 558 3349 menta
590 3294 641 3348 in
670 3291 1119 3360 amphitheatrum
1152 3290 1393 3357 projecti,
1424 3304 1543 3343 cum
1575 3304 1602 3341 a
1638 3288 1822 3344 bestiis
1856 3304 1961 3344 non

381 3386 737 3446 ltederentur,
769 3381 957 3451 gladiis
986 3390 1110 3435 sunt
1134 3380 1395 3449 deputati.

456 3475 618 3537 Idem,
646 3474 954 3537 utvidetur,
994 3472 1087 3527 sed
1135 3472 1184 3525 in
1234 3471 1350 3525 solo
1371 3471 1433 3525 Τ.
1464 3488 1474 3523 :
1521 3471 1637 3539 Ipso
1667 3470 1751 3524 die
1784 3470 1960 3536 passio

381 3567 442 3621 8.
472 3563 498 3601 εί
532 3564 685 3619 Mucii
719 3563 1012 3633 presbyteri
1042 3577 1056 3616 :
1107 3562 1196 3632 qui
1232 3576 1416 3629 passus
1440 3571 1522 3614 est
1554 3560 1603 3613 itt
1656 3561 1961 3630 Amphipoli

382 3656 621 3723 civitate,
649 3656 746 3709 sub
776 3654 1025 3709 Laodicio
1050 3663 1103 3709 et
1132 3654 1360 3707 Maximo
1402 3653 1829 3721 proconsulibus.
1862 3654 1962 3721 Qui

377 3750 559 3819 jussus
588 3761 668 3804 εει
694 3747 865 3817 primo
892 3747 1143 3815 suspendi
1190 3757 1243 3801 et
1287 3746 1601 3817 exungulari
1637 3762 1771 3815 pene
1799 3762 1965 3815 usque

2076 2091 2139 2145 ad
2165 2107 2284 2145 ossa
2311 2109 2323 2143 :
2353 2090 2546 2144 deinde
2576 2091 2770 2144 missus
2796 2096 2880 2143 est
2904 2090 2956 2143 in
2987 2090 3257 2144 caminum
3290 2090 3425 2161 ignis
3455 2092 3653 2147 arden-

2078 2182 2182 2236 tis:
2216 2183 2337 2237 inde
2367 2183 2562 2236 virtute
2610 2181 2818 2236 Domini
2866 2180 3063 2235 illmsns
3112 2183 3322 2249 exiens,
3370 2183 3474 2239 sub
3520 2184 3655 2239 duas

2075 2282 2218 2327 rotas
2243 2272 2489 2336 mittitur,
2524 2281 2579 2325 ut
2612 2271 2888 2326 volventes
2917 2270 3215 2325 dividerent
3237 2272 3475 2327 membra
3492 2273 3608 2343 ejus
3634 2292 3647 2327 :

2072 2365 2265 2435 quibus
2294 2364 2502 2429 solutis,
2531 2364 2819 2417 novissime
2844 2361 3020 2432 gladio
3050 2361 3273 2417 traditus
3299 2372 3400 2417 est.

2147 2456 2233 2509 14.
2261 2484 2329 2497 --
2355 2455 2394 2509 ll
2422 2455 2558 2509 lous.
2585 2454 2766 2510 Sancti
2801 2454 2971 2508 Patris
2999 2455 3164 2508 nostri
3199 2454 3526 2518 ePacltomii,
3555 2457 3646 2525 qui

2071 2566 2190 2606 eum
2215 2559 2357 2606 esset
2386 2550 2536 2604 factis
2556 2550 2865 2619 apostolicae
2890 2551 3072 2619 gratia:
3103 2550 3343 2618 insignis,
3371 2551 3647 2608 fundator-

2070 2658 2174 2712 que
2220 2641 2432 2714 Egypti
2486 2641 2879 2707 cmnobiorum,
2928 2643 3143 2710 scripsit
3200 2644 3645 2699 monasteriorum

2072 2732 2301 2803 regulas,
2353 2748 2483 2801 quas
2509 2733 2699 2802 angelo
2718 2732 2953 2787 dictante
2981 2732 3239 2787 didicerat
3264 2750 3280 2787 :
3315 2734 3473 2789 simul
3497 2745 3552 2790 et
3577 2735 3647 2791 do

2072 2834 2311 2893 tempore
2340 2824 2601 2878 Paschali.
2654 2824 2772 2891 Ipso
2813 2823 2901 2878 die
2930 2824 2981 2878 iu
3007 2823 3160 2894 Syria
3192 2824 3380 2879 natalis
3410 2824 3433 2864 ί
3466 2824 3649 2881 Victo-

2071 2914 2143 2968 ris
2174 2928 2228 2968 et
2255 2912 2479 2969 Coronae
2507 2915 2604 2969 sub
2637 2914 2908 2968 Antonino
2941 2916 3281 2982 imperatore,
3329 2915 3466 2971 duce
3487 2917 3647 2972 Afer

2068 3005 2269 3061 andrite
2317 3006 2654 3063 Sebastiano.
2712 3004 3000 3076 (Hactenus
3042 3004 3135 3076 A.)
3176 3006 3305 3061 Erat
3348 3016 3526 3063 autem
3558 3007 3650 3062 Vi-

2066 3110 2184 3157 ctor
2213 3099 2365 3155 miles
2396 3116 2423 3152 a
2465 3100 2667 3166 Cilicia,
2712 3102 2798 3155 cui
2844 3101 3184 3156 Sebastianus
3230 3101 3284 3156 in
3314 3103 3651 3160 confessione

2068 3192 2189 3248 fidei
2220 3191 2480 3261 confringi
2512 3193 2709 3261 digitos
2737 3204 2790 3247 et
2831 3194 2950 3248 velli
2997 3193 3155 3262 jussit
3194 3210 3222 3248 a
3253 3205 3395 3250 cute.
3446 3195 3648 3252 Deinde

2066 3283 2212 3339 illum
2243 3283 2399 3352 jussit
2425 3285 2475 3336 in
2505 3283 2771 3338 caminum
2818 3281 2952 3352 ignis
2982 3284 3142 3350 mitti,
3194 3286 3282 3341 ubi
3317 3289 3492 3343 triduo
3522 3304 3645 3357 per-

2070 3390 2294 3431 manens
2323 3390 2426 3430 non
2456 3386 2538 3430 est
2568 3376 2748 3430 laesus.
2802 3373 3006 3430 Deinde
3038 3390 3298 3431 venenum
3326 3376 3512 3434 bibere
3531 3377 3646 3448 jus-

2070 3483 2179 3530 sus,
2206 3481 2311 3521 non
2342 3474 2426 3522 est
2455 3477 2716 3531 mortuus,
2749 3466 2843 3522 sed
2873 3466 3163 3521 veneficum
3194 3466 3373 3536 potius
3395 3468 3460 3523 ad
3483 3470 3644 3525 fidem

2072 3567 2355 3621 convertit.
2398 3567 2598 3622 Deinde
2625 3566 2835 3635 jussum
2864 3576 2947 3620 est
2993 3581 3187 3621 nervos
3216 3567 3456 3635 corporis
3486 3566 3650 3636 ipsius

2077 3656 2189 3709 tolli
2216 3673 2229 3709 :
2260 3656 2451 3713 deinde
2477 3657 2653 3711 oleum
2695 3656 2921 3711 bulliens
2958 3656 3096 3711 mitti
3120 3656 3172 3710 in
3202 3656 3460 3725 pudendis
3512 3658 3646 3727 ejus.

2075 3754 2101 3794 κ
2135 3746 2262 3802 Post
2303 3747 2415 3802 hare
2453 3748 2612 3817 jussit
2659 3747 2909 3804 ardentes
2960 3747 3232 3817 lampades
3276 3764 3536 3819 suspenso
3583 3751 3649 3805 ad

1755 3857 1957 3913 SMlTli
2023 3858 2251 3914 NOTAE.

458 3961 483 3989 ⁸
514 3953 717 4008 Marica.
752 3952 1009 4007 Baronius
1040 3952 1090 4005 in
1124 3951 1495 4021 Martyrologio
1532 3950 1632 4021 hoc
1653 3951 1812 4005 modo
1843 3967 1956 4005 rem

382 4028 648 4092 explicat:
700 4025 883 4077 Romae
922 4022 1192 4078 Dedicatio
1244 4020 1485 4077 ecclesne
1539 4020 1750 4092 Sancta:
1780 4022 1955 4075 Maria:

384 4091 760 4167 adMartyres,
794 4108 953 4162 quam
989 4093 1046 4148 Β.
1096 4092 1399 4167 Bonifacius
1452 4092 1587 4159 Papa
1627 4091 1728 4167 _lV_,
1770 4108 1962 4167 expur-

382 4176 505 4235 pato
535 4162 753 4220 deorum
806 4166 1040 4217 omnium
1088 4164 1254 4235 veterj
1309 4163 1453 4227 fano,
1502 4163 1639 4235 quod
1688 4162 1961 4235 Pantheon

381 4233 694 4297 vocabatur,
743 4236 815 4288 in?
838 4236 1093 4287 honorem
1145 4234 1205 4287 Β.
1236 4249 1449 4301 semper
1504 4233 1731 4302 Virginis
1788 4234 1964 4287 Maria:

382 4318 438 4363 et
474 4310 710 4361 omnium
739 4306 1031 4376 Martyrum
1055 4304 1345 4372 dedicavit,
1372 4315 1612 4373 tempore
1639 4304 1830 4359 Phocus
1862 4304 1964 4358 lm-

455 4378 669 4433 ratoris.
888 4414 893 4418 -

382 4394 748 4503 "cingatur.
785 4445 1377 4515 Episconi'l‘ungrensis
1399 4454 1452 4501 et
1481 4446 1825 4499 confessoris.
1859 4446 1960 4512 Qui

2071 3955 2233 4007 scine.
2285 3949 2524 4023 Denique
2557 3953 2854 4020 triumphus
2887 3953 2942 4009 S.
2987 3952 3216 4009 Servatii
3251 3954 3503 4010 recolitur
3545 3955 3653 4013 Do-

2075 4023 2264 4095 miniea
2297 4024 2639 4095 primaiJulii.
2673 4026 2929 4081 Mocwos
2953 4025 3020 4079 de
3048 4024 3258 4081 Sanctis
3289 4026 3470 4095 Belgii.

2149 4104 2171 4132 ο
2204 4093 2418 4149 Taraco.
2456 4094 2529 4149 De
2556 4095 2640 4149 his
2667 4096 2789 4149 vide
2815 4095 2948 4149 infra
2976 4110 2989 4148 t
3017 4096 3278 4149 Octobris.

2143 4162 2170 4203 ιι
2200 4163 2378 4218 Mucii.
2414 4165 2822 4238 llicpresbyter
2866 4165 2963 4219 fuit
2990 4166 3438 4238 Amphipolitana:
3464 4167 3651 4223 Eccle-

2071 4234 2164 4289 sia:
2184 4275 2199 4298 ,
2249 4246 2496 4302 parentes
2520 4234 2718 4291 habuit'
2743 4236 3093 4304 Euphratium
3123 4248 3177 4290 et
3211 4238 3540 4292 Eustathiam
3585 4256 3651 4293 ex

2070 4305 2432 4377 veteriARoma
2460 4308 2737 4363 oriundos.
2787 4308 3092 4376 Amphipoli
3124 4316 3300 4362 autem
3335 4309 3515 4363 multis
3543 4324 3656 4377 pte-

2074 4377 2154 4448 nis
2184 4374 2412 4431 afﬂictus
2442 4389 2556 4443 est;
2602 4393 2722 4432 cum
2751 4374 2929 4433 autem
2959 4380 3237 4434 universus
3266 4379 3489 4448 populus
3519 4374 3653 4435 con-

2074 4447 2336 4503 clamaret
2381 4462 2505 4503 eum
2535 4449 2908 4504 dimittendum
2937 4464 3077 4513 esse,
3122 4449 3440 4504 amandatus
3470 4459 3563 4503 est
3586 4451 3656 4508 ad

381 4531 566 4575 contra
588 4496 907 4585 Euphratem
931 4496 1445 4590 .iseudrieﬁtscopuni
1471 4496 1960 4590 εειειεηιῑᾳιὶζέυζιῆ
1993 4496 2039 4553 ι)
2070 4496 2908 4587 rliai’a',:,',;a..};."i..‘"estigiis;
2941 4496 3649 4590 ἶιῖῗιῖἑηῗίῇίὲἰὲἰέἔ,Ἲμῖσὲ

384 4592 610 4659 protulit
658 4584 709 4643 in
738 4589 966 4659 concilio
1000 4587 1465 4659 Agrippinoanno
1509 4584 1612 4639 546
1638 4587 1955 4659 celebrato.

384 4656 603 4715 Multum
633 4671 807 4714 autem
837 4658 976 4713 inter
1005 4657 1189 4713 Gallia:
1218 4658 1503 4725 episcopos
1533 4656 1774 4709 laudatur
1794 4672 1820 4708 a
1846 4658 1963 4711 Sul-

384 4731 517 4800 pitio
541 4733 741 4786 Severo
794 4740 976 4782 noster
1003 4727 1310 4800 Servatius,
1330 4729 1420 4791 qui
1452 4727 1679 4800 Arimini
1707 4727 1865 4800 minis
1897 4738 1965 4800 _et

385 4798 655 4856 terriculis
684 4803 1000 4856 Arianorum
1043 4814 1146 4852 non
1174 4798 1362 4862 cessit,
1389 4798 1483 4852 sed
1513 4810 1693 4851 contra
1719 4812 1814 4851 eos
1840 4798 1962 4852 lldei

382 4873 742 4941 professiones
764 4872 950 4926 edidit.
985 4868 1089 4925 Sed
1122 4879 1175 4923 et
1198 4869 1519 4941 Athanasius
1564 4869 1821 4936 pneclare
1847 4868 1964 4937 ejus

382 4940 648 4998 meminit.
680 4942 1012 5011 Magnentius
1039 4941 1241 5011 legatus
1261 4940 1569 4993 mittebatur
1590 4955 1619 4992 a
1649 4941 1964 4993 Constantio

381 5015 453 5069 ad
486 5009 829 5067 Constantem
858 5013 1097 5066 fratrem.
1132 5009 1181 5065 ls
1209 5021 1470 5080 tyrannus
1499 5011 1845 5063 Constantem
1874 5025 1965 5063 oc-

379 5083 533 5146 cidit,
565 5095 620 5137 et
644 5084 947 5138 Occidentis
975 5082 1255 5150 imperium
1288 5096 1431 5135 anno
1462 5082 1565 5136 550
1595 5081 1961 5150 Augustoduni

382 5156 683 5223 occupavit.
734 5154 1029 5209 Accusatus
1083 5162 1166 5206 est
1212 5154 1393 5205 statim
1447 5152 1769 5223 Athanasius
1818 5152 1963 5219 quod

380 5222 853 5296 cumMagnentio
901 5223 1071 5296 egerit
1121 5223 1187 5277 de
1236 5222 1601 5296 interficiendo
1649 5223 1961 5296 Constante.

379 5295 539 5351 Unde
562 5292 1083 5349 ad'Constantinum
1130 5293 1427 5362 apologiam
1474 5292 1728 5361 scripsit:
1785 5294 1834 5344 in
1863 5308 1961 5357 qua

376 5368 524 5421 inter
570 5376 732 5421 testes
763 5365 1082 5421 innocentia:
1107 5379 1217 5417 sua:
1248 5365 1476 5431 primum
1508 5366 1746 5418 nominat
1773 5364 1965 5419 Serva-

378 5440 516 5491 tium
561 5438 903 5506 episcopum,
953 5436 1043 5505 qui
1092 5435 1157 5487 ad
1204 5433 1548 5489 Constantem
1596 5434 1884 5503 aliquando
1934 5451 1961 5487 a

379 5509 651 5562 Maxentio
678 5524 774 5576 pro
803 5511 977 5576 legato
1027 5506 1219 5559 missus
1256 5506 1448 5558 fuerat.
1499 5506 1701 5558 Natalis
1737 5506 1961 5561 Servatii

377 5579 543 5632 hodie
573 5579 913 5640 celebratur;
967 5578 1086 5629 dies
1116 5576 1485 5628 translationis
1515 5579 1748 5636 septimo
1778 5576 1918 5628 Junii
1948 5594 1961 5637 ;

374 5649 578 5704 l'csmm
629 5649 870 5712 visionis,
917 5662 1075 5713 quam
1112 5647 1292 5699 liotnte
1342 5646 1524 5699 habuit
1575 5646 1644 5700 de
1675 5645 1961 5699 Galliarum

374 5719 614 5785 excidio,
638 5719 821 5774 incidit
848 5720 900 5773 in
931 5719 1074 5771 diem
1109 5716 1549 5769 Annuntiationis
1584 5717 1815 5779 Domini,
1867 5717 1963 5770 sed

374 5791 746 5861 tratispouitur
785 5791 837 5845 in
880 5789 1022 5845 dictu
1052 5786 1385 5842 Dominicum
1432 5798 1550 5856 post
1596 5798 1814 5843 octavas
1857 5786 1959 5841 Pa-

2067 4603 2207 4661 nuuc
2252 4590 2504 4643 Heraclea
2546 4591 2761 4657 dicitur,
2801 4601 2959 4659 atque
3009 4590 3135 4645 inde
3179 4589 3508 4661 Byzantium,
3552 4589 3652 4646 ubi

2064 4660 2236 4728 capite
2266 4661 2448 4729 plenus
2476 4671 2578 4715 est.
2610 4663 2803 4714 Postea
2836 4658 3102 4714 exstructa
3134 4658 3267 4713 illi'a
3295 4658 3648 4715 Constantino

2067 4744 2261 4796 magno
2290 4729 2409 4783 atde
2434 4730 2896 4797 splendidissima,
2950 4734 3000 4782 in
3031 4732 3172 4784 illam
3210 4732 3505 4784 translatus
3550 4742 3652 4786 est.

2067 4799 2259 4854 Passus
2309 4812 2389 4853 est
2437 4803 2537 4852 sub
2579 4800 2930 4855 Diocletiano:
2985 4799 3159 4855 Grteci
3210 4816 3332 4855 eum
3365 4803 3547 4857 colunt
3597 4816 3651 4858 xl

2066 4870 2208 4923 Maii.
2239 4871 2571 4933 Boccsnous,
2601 4872 2688 4926 die
2716 4886 2769 4924 XI
2799 4871 2939 4925 Maii.

2138 4939 2478 4993 “Pachumii.
2541 4942 2875 4998 Sozomenns
2924 4943 2981 4997 itt
3010 4941 3141 4996 Hist.
3205 4942 3348 4997 Eccl.
3407 4941 3509 5011 (ιιι,
3563 4942 3658 5010 15)

2064 5011 2250 5065 scribit
2291 5012 2634 5067 Pachomium
2670 5013 2831 5067 fuisse
2850 5012 3280 5069 Tabennensium
3306 5014 3358 5067 in
3382 5012 3658 5068 Thebaide

2066 5084 2450 5136 monachorum
2499 5094 2773 5138 auctorem
2812 5094 2864 5137 et
2910 5084 3295 5149 institutorem,
3349 5083 3504 5137 initio
3533 5085 3649 5150 qui-

2064 5157 2185 5205 dem
2217 5154 2387 5206 solum
2432 5154 2482 5206 in
2511 5160 2762 5219 Spelunca
2810 5155 3239 5223 philosophatum
3273 5169 3414 5217 esse,
3468 5164 3651 5222 postea

2066 5238 2191 5276 vero
2220 5226 2466 5292 angelum
2508 5227 2557 5279 ei
2599 5232 2944 5294 apparentem
2989 5230 3261 5281 monuisse
3306 5236 3362 5279 ut
3403 5226 3648 5293 juniores

2067 5296 2357 5366 monachos
2383 5295 2699 5366 colligeret;
2752 5312 2914 5366 porro
2941 5299 3170 5350 tabulam
3202 5296 3417 5350 dedisse
3454 5297 3501 5348 ei
3533 5311 3651 5362 qua:

2065 5364 2354 5418 etiamnum
2386 5364 2689 5421 custoditur
2720 5364 2767 5421 a'
2798 5368 3093 5422 monachis.
3156 5369 3283 5434 Ejus
3315 5367 3445 5421 Acta
3477 5367 3656 5420 decla-

2069 5447 2186 5488 rant
2217 5451 2337 5490 eum
2365 5436 2671 5493 defunctum
2704 5454 2848 5501 esse,
2904 5440 3122 5506 quando
3156 5442 3213 5494 8.
3249 5440 3574 5492 Athanasius
3603 5438 3655 5492 in

2069 5506 2361 5561 Ecclesium
2393 5522 2543 5561 suam
2572 5524 2818 5565 reversus
2847 5521 2949 5575 est,
2980 5524 3121 5563 anno
3152 5525 3229 5563 sc.
3260 5510 3387 5564 549.

2068 5647 2115 5703 Μ
2145 5577 2435 5660 (.i’icloris.
2493 5580 2747 5651 Martyres
2800 5580 2851 5633 hi
2901 5596 3061 5649 supra
3105 5584 3355 5637 coluntur
3399 5595 3492 5633 vttt
3538 5579 3655 5635 Kal.

2119 5664 2209 5701 an.

2145 5724 2168 5761 ε
2204 5719 2370 5785 Verba
2404 5730 2514 5789 post
2536 5722 2643 5775 lucc
2674 5736 2840 5793 usque
2877 5722 2940 5776 ad
2974 5725 3139 5795 capite
3180 5725 3421 5794 sutipcna't
3455 5740 3562 5778 om.
3596 5723 3653 5777 L.
