4240 6492
469 253 570 313 9ίῖ

1599 256 1794 312 SECT.
1839 257 1900 310 Il.
1949 284 2010 295 —
2051 253 2612 312 MARTYROLOGIA.

3637 256 3745 312 918

1739 365 1966 422 EDITIU
2006 363 2463 421 COLUNIENSIS.

463 479 571 517 tur.
621 459 959 514 Autisioduro
1020 462 1198 528 passio
1248 461 1419 514 sancti
1485 459 1756 531 Peregrini
1807 456 2044 527 episcopi
2075 460 2128 517 Α
2156 459 2348 524 pressit
2378 459 2632 527 iudicem,
2659 462 3112 532 etquinquaginta
3139 477 3259 516 cum
3284 476 3370 516 co.
3411 461 3535 515 lude
3564 470 3739 516 tentus

467 550 622 624 pruni
671 551 899 604 civitatis
941 550 1228 616 ipsiuszet
1271 562 1473 605 sancta:
1528 552 1770 604 Maxima:
1812 550 2052 618 virginis,

462 657 585 716 qua:
608 643 790 696 multis
813 643 955 696 clara
977 643 1262 696 virtutibus
1296 644 1345 696 in
1381 659 1508 710 pace
1536 642 1756 712 quievit.
1778 642 1832 696 lit
1856 641 2053 696 Sirmio

462 734 640 788 natale
672 734 964 800 Timothei,
999 746 1052 786 et
1099 745 1305 800 septem
1361 734 1648 804 virginum.
1706 734 1760 788 In
1804 732 2050 788 Sardinia

466 829 641 881 natale
686 826 941 894 Simplicii
992 827 1310 897 presbyteri,
1363 837 1418 881 et
1465 837 1665 880 sancite
1722 826 1954 892 ltosulte,
1995 837 2050 881 et

461 934 769 978 sanctorum
804 919 1118 975 Diocletiani
1149 935 1201 975 et
1235 920 1508 975 Florentii.
1547 921 1683 974 Intra
1717 921 1928 974 Casina:
1949 919 2049 973 de-

465 1015 658 1085 positio
689 1013 855 1066 Fidoli
881 1013 1178 1081 presbyteri
1209 1019 1264 1068 et
1290 1013 1636 1068 confessoris.

538 1106 599 1160 D.
633 1102 750 1158 XVI
779 1103 914 1158 ΚΜ..
959 1102 1296 1159 Ιυδιιμ-Ιη
1342 1105 1532 1159 Tuscia
1583 1107 1754 1160 sancti
1805 1106 2049 1176 Torpetis

464 1199 737 1269 martyris,
763 1199 864 1253 sub
892 1197 1108 1254 Nerone
1129 1199 1386 1268 principe.
1408 1198 1504 1256 llic
1535 1216 1756 1268 magnus
1785 1201 1837 1255 in
1869 1202 2052 1256 officio

472 1291 702 1345 Neronis
723 1289 844 1358 fuit,
878 1299 932 1344 et
962 1305 989 1342 a
1021 1291 1176 1344 beato
1207 1292 1436 1346 Antonio
1468 1294 1785 1364 presbytero
1816 1298 2050 1362 baptiza-

467 1393 568 1446 tus,
587 1392 642 1437 et
666 1383 719 1436 in
761 1381 864 1437 fide
892 1381 1092 1436 Christi
1137 1391 1220 1436 est
1267 1385 1528 1438 eruditus.
1559 1385 1708 1439 lluiic
1756 1387 1896 1440 Nero
1925 1403 2045 1441 cum

460 1476 804 1544 cognovisset
847 1489 968 1530 esse
999 1475 1374 1541 christianum,
1421 1478 1638 1532 tradidit
1683 1494 1806 1534 eum
1838 1482 2046 1535 cuidam

461 1563 759 1633 propinquo
812 1573 910 1616 suo
935 1563 1186 1618 Satellico
1210 1604 1226 1629 ,
1257 1574 1313 1618 ut
1345 1565 1644 1633 impelleret
1681 1583 1800 1620 eum
1833 1583 1949 1621 sacr
1978 1571 2050 1622 li-

459 1668 602 1708 care.
631 1653 737 1708 Sed
761 1668 883 1707 cum
913 1653 1100 1722 spiritu
1133 1654 1224 1709 Dei
1255 1656 1584 1710 confortatus
1617 1660 1804 1713 beatus
1831 1661 1912 1715 vir
1946 1662 2047 1715 im-

460 1743 669 1795 mobilis
701 1752 1058 1810 permaneret,
1085 1743 1208 1797 fecit
1236 1758 1358 1796 eum
1379 1743 1666 1800 Satellicus
1694 1747 1861 1815 alapis
1887 1752 2042 1814 ca'di,

2158 565 2186 602 a
2213 550 2493 613 ministris,
2523 553 2728 620 pesitns
2757 562 2840 607 est
2871 554 2922 608 in
2952 562 3086 620 rota,
3118 551 3242 606 inde
3274 550 3401 605 feris
3434 550 3681 620 objicitur
3703 567 3733 605 a

2158 641 2267 695 filio
2294 642 2548 707 Satellici,
2573 646 2787 699 nomine
2813 646 3032 716 Sylvio;
3079 645 3175 700 sed
3206 643 3421 699 minime
3450 643 3517 699 ab
3546 644 3627 699 his
3656 655 3765 700 est.

2157 735 2334 788 laesus.
2367 733 2495 789 Post
2527 735 2640 790 haec
2664 736 2888 804 jubente
2915 722 3104 808 Sylvio
3154 736 3297 792 foras
3326 736 3597 792 civitatem
3621 736 3738 792 Pis-

2155 825 2324 880 siuam
2354 825 2568 889 ductus,
2593 824 2954 881 decollatione
2998 827 3192 895 capitis
3246 828 3554 897 martyrium
3585 845 3738 884 suum

2154 917 2466 985 complevit,
2504 918 2664 972 tertio
2697 916 2966 972 Kalendas
3012 918 3155 973 Maii.
3211 917 3380 988 Hujus
3424 934 3618 986 corpus
3649 920 3744 974 mi-

2157 1010 2307 1064 nistri
2338 1009 2556 1064 sceleris
2588 1009 2960 1078 imposuerunt
3005 1024 3142 1081 pene
3197 1011 3376 1065 fracta:
3430 1023 3485 1067 et
3517 1012 3740 1067 cariosa

2157 1101 2299 1167 navi,
2332 1116 2453 1155 cum
2483 1117 2587 1172 quo
2617 1102 2779 1156 simul
2826 1117 3018 1158 canem
3071 1113 3125 1158 et
3151 1103 3344 1172 gallum
3401 1103 3742 1173 proiecerunt

2155 1192 2206 1245 in
2237 1193 2518 1246 decursum
2549 1191 2812 1248 ﬂuminis.
2861 1199 3142 1264 Apparens
3173 1205 3352 1249 autem
3377 1196 3594 1266 angelus
3628 1197 3741 1251 Do-

2155 1286 2286 1338 mini
2317 1285 2530 1338 cuidam
2561 1286 2852 1340 venerabili
2901 1285 3134 1355 feminae,
3187 1287 3339 1354 cujus
3369 1301 3563 1343 nomen
3583 1288 3738 1344 Cele-

2155 1381 2290 1445 rina,
2324 1383 2552 1445 monuit,
2589 1392 2646 1434 ut
2676 1381 3016 1450 perquireret
3035 1385 3206 1435 sancti
3246 1382 3496 1452 martyris
3523 1397 3760 1450 corpus.

2154 1481 2207 1527 et
2240 1473 2516 1541 sepeliret.
2556 1473 2708 1539 Quod
2759 1473 3032 1528 inventum
3081 1487 3200 1526 cum
3233 1474 3384 1527 omni
3439 1475 3736 1529 reverentia

2153 1565 2445 1632 sepelivit,
2495 1575 2551 1618 et
2594 1566 2662 1616 de
2712 1564 3052 1618 facultatibus
3105 1565 3214 1619 suis
3264 1572 3512 1621 cessante
3565 1579 3742 1634 perse-

2153 1657 2382 1708 cutione
2411 1655 2697 1708 ecclesiam
2720 1668 2882 1722 supra
2904 1655 3221 1708 construxit.
3269 1655 3454 1726 Agitur
3484 1656 3742 1708 festivitas

2154 1745 2424 1816 martyris,
2447 1754 2502 1799 et
2535 1755 2832 1800 conventus
2887 1745 3080 1800 civium
3127 1753 3278 1800 sexta
3308 1747 3512 1801 decima
3543 1745 3736 1800 Kaleno

460 1846 512 1887 et
545 1833 762 1902 ligatum
807 1833 874 1886 ad
929 1834 1230 1888 columnam
1283 1835 1465 1890 tandiu
1518 1839 1831 1894 verberibus
1879 1843 2042 1906 allici,
2078 1817 2123 1875 Β
2154 1840 2250 1890 das
2280 1837 2446 1890 Junii.
2476 1837 2528 1890 lu
2555 1836 2878 1891 Alexandria
2911 1837 3086 1891 natale
3135 1837 3405 1903 Adrionis,
3435 1837 3661 1893 Victoris
3689 1849 3746 1893 ct

457 1939 735 1993 quousque
764 1924 986 1991 sanguis
1012 1925 1260 1994 guttatim
1288 1926 1356 1980 de
1387 1940 1615 1994 corpore
1650 1928 1816 1996 ipsius
1848 1931 2042 1985 deflui--

460 2025 560 2071 ret.
593 2016 698 2072 Sed
726 2017 904 2070 subito
926 2016 1051 2070 dum
1082 2020 1403 2083 crederetur,
1454 2019 1703 2075 colmnna
1733 2024 1929 2079 cadens
1951 2042 2047 2095 op-

2153 1931 2374 1985 Basillie.

1744 2116 1971 2172 EDITIO
2015 2113 2522 2174 BULLANDIANA.

533 2201 616 2265 D.,
642 2199 793 2266 Apud
830 2199 1085 2254 Isauriam
1115 2201 1347 2268 Aquilini
1379 2211 1433 2255 et
1467 2203 1756 2259 Victoriani
1785 2224 1799 2259 :
1834 2207 2034 2264 addunt

455 2271 519 2325 Τ,
561 2285 614 2326 ει
656 2274 990 2344 μημῳιοναηι
1017 2281 1042 2306 η
1072 2284 1212 2344 gesta
1248 2273 1301 2326 in
1349 2275 1565 2344 pra’fala
1595 2276 1710 2328 loco
1746 2278 1992 2333 habentur
2015 2296 2036 2335 :

456 2358 576 2411 quae
617 2343 721 2394 alio
751 2341 977 2395 fortasse
1007 2342 1341 2409 spectabant.
1383 2341 1468 2409 ν..
1495 2345 1551 2398 In
1585 2346 1802 2401 civitate
1852 2350 2032 2404 l’iceni

455 2413 687 2488 Auximo
714 2411 740 2449 δ
767 2411 1064 2488 ["lo_rei_itii,
1108 2411 1440 2488 Diocletiani.
1491 2416 1558 2468 Et
1604 2416 1664 2470 8.
1696 2424 1716 2451 ο
1764 2418 2032 2488 Peregrini

456 2485 713 2551 episcopi.
749 2489 809 2536 A.
840 2483 901 2536 Τ.
930 2483 1016 2545 1...,
1053 2483 1105 2536 In
1137 2484 1351 2537 civitate
1391 2485 1588 2539 Piceno
1619 2489 1794 2543 natale
1824 2490 1880 2544 8.
1901 2483 2033 2544 Flo-

458 2553 634 2606 renlii.
672 2553 1416 2628 l_n_Autis»iodorensipassio
1448 2556 1503 2611 S.
1540 2557 1810 2628 Peregrini
1831 2600 1844 2620 ,
1873 2562 2032 2628 primi

459 2630 622 2690 ipsius
652 2625 880 2676 civitatis
908 2623 1167 2691 episcopi.
1195 2624 1279 2690 8.,
1310 2630 1364 2677 In
1392 2625 1416 2663 ά
1445 2623 1701 2681 Caesarea
1723 2623 1899 2684 natale
1930 2636 2029 2686 88.

458 2695 711 2766 Aqudini,
742 2693 1018 2766 Victorini,
1045 2695 1276 2766 Paulini.
1317 2695 1371 2748 In
1400 2697 1617 2751 civitate
1652 2699 1863 2766 Epheso
1887 2702 2035 2754 Man-

457 2781 631 2838 getns,
663 2765 899 2838 Gaianis,
921 2764 1132 2838 _.lovini.
1170 2767 1224 2818 In
1255 2766 1624 2838 Antissiodoru
1668 2764 1843 2838 passio
1875 2773 2033 2827 Pere-

461 2836 596 2904 grini
627 2836 882 2905 episcopi.
918 2836 980 2888 Et
1017 2838 1282 2904 depositio
1317 2838 1340 2864 θ
1371 2836 1540 2892 Fidoli
1571 2836 1889 2910 presbyteri.

2229 2205 2314 2258 l'l'.
2347 2233 2417 2244 —
2443 2201 2563 2256 XVI
2595 2202 2730 2256 ΚΑι..
2765 2202 2928 2256 Vacat
2957 2202 3132 2256 Baeda.

2219 2321 2304 2382 D.,
2333 2320 2385 2370 In
2416 2317 2609 2371 Tuscia
2638 2314 2655 2353 ί
2687 2317 2931 2385 'l‘orpetis
2955 2317 3208 2386 martyris
3229 2317 3330 2370 sub
3351 2315 3563 2373 Nerone
3589 2319 3730 2383 prin-

2142 2389 2405 2470 cipe.
2432 2388 2621 2469 l‘iatale
2654 2387 2713 2442 S.
2750 2393 2774 2430 ε
2802 2387 2921 2457 Syri
2964 2387 3308 2442 confessoris.
3354 2386 3422 2441 Et
3448 2388 3735 2470 .depusitio

2145 2461 2338 2514 Libern
2388 2474 2646 2528 epISeopt.
2689 2457 2751 2512 Β.
2805 2461 2878 2528 Α.
2911 2457 2975 2511 Τ.
3017 2458 3099 2523 L.,
3135 2459 3318 2528 Romae
3343 2454 3371 2494 Ιι
3402 2456 3492 2528 Via
3525 2458 3726 2513 Salaria

2145 2545 2309 2584 veteri
2343 2527 2512 2583 sancti
2545 2529 2751 2582 Paterni
2777 2543 2838 2581 ac
2863 2527 3019 2581 Primi
3048 2539 3104 2583 et
3126 2527 3324 2582 Liberii
3351 2527 3607 2596 episcopi.
3636 2530 3724 2593 Β..

2144 2599 2683 2666 Gallicoriepiscooi.
2739 2599 2792 2651 In
2839 2599 3155 2652 Alexandria
3211 2599 3462 2665 Victoris,
3515 2601 3720 2656 Basilii.

2145 2673 2201 2724 lt.
2235 2675 2312 2742 Α.
2334 2671 2395 2724 Τ.
2429 2671 2468 2724 ι.
2495 2669 2569 2742 ,η’
2622 2669 2883 2742 Nividuno
2915 2669 3087 2742 natale
3112 2669 3284 2742 Eracli
3311 2680 3364 2723 et
3388 2669 3586 2725 Paulini
3607 2668 3718 2742 [B.,

2148 2741 2339 2813 Pauli].
2379 2744 2459 2806 IL,
2488 2741 2712 2804 Minerii,
2746 2741 2996 2808 Aquilini,
3033 2740 3310 2795 Anthemii.

1877 2935 2084 2998 SMlTll
2122 2941 2346 2999 NOTAE.

456 3050 534 3090 tas
563 3032 720 3086 hodie
747 3031 1053 3084 'l‘erranova
1103 3030 1157 3083 in
1188 3030 1455 3098 provincia
1486 3031 1791 3086 Galluvensi
1818 3034 1869 3087 in
1898 3034 2024 3090 Sar-

455 3105 600 3162 dinia
631 3105 957 3168 nominatur,
983 3111 1098 3170 post
1121 3101 1219 3154 SS.
1245 3101 1458 3165 Gavini,
1486 3105 1667 3168 Proriti
1700 3117 1751 3157 et
1781 3105 2016 3158 Januarii

463 3178 782 3246 passionem,
817 3175 885 3246 ob
910 3173 1065 3224 fidem
1085 3171 1442 3246 Qhristtanam
1469 3176 1616 3242 jussu
1641 3175 1859 3228 Barbari
1890 3191 2022 3242 prte-

457 3243 586 3303 stdis
613 3243 1066 3310 comprehensus,
1099 3243 1296 3294 frusu-a
1325 3244 1392 3294 ab
1419 3260 1533 3312 ipso
1583 3245 1741 3298 minis
1784 3248 2025 3299 deterre-

461 3334 563 3372 tur.
591 3317 829 3382 Cumque
857 3315 987 3366 deos
1012 3315 1284 3365 daemones
1321 3329 1442 3367 esse
1469 3325 1524 3369 et
1563 3327 1705 3367 muta
1743 3317 2024 3369 simulacra

457 3394 683 3448 diceret,
724 3387 793 3438 ab
823 3398 936 3450 ipso
960 3384 1184 3451 praaside
1203 3385 1384 3436 lancea
1411 3387 1716 3450 transfixus,
1739 3390 2027 3440 seminecis

456 3460 598 3515 cadit
624 3476 636 3510 :
667 3471 731 3508 ac
763 3456 936 3508 triduo
965 3455 1196 3506 animam
1230 3452 1340 3506 Deo
1389 3456 1618 3509 reddidit
1654 3457 1793 3510 circa
1825 3472 2025 3510 annum

457 3531 584 3584 504.
609 3529 771 3595 Cujus
799 3540 994 3591 corpus
1025 3527 1220 3577 ibidem
1252 3525 1521 3580 conditum
1552 3538 1634 3580 est
1661 3543 1673 3577 :
1709 3527 1796 3580 ubi
1843 3540 2023 3593 pos‘tea

461 3602 715 3668 templum
739 3613 836 3650 suo
865 3595 1064 3648 nomini
1092 3607 1384 3649 exettatum
1412 3612 1494 3650 est
1527 3615 1538 3650 :
1569 3598 1716 3650 illum
1738 3597 2026 3652 (Σιηωιυιιο

457 3689 546 3730 ses
578 3679 852 3736 patronum
884 3682 1038 3718 suum
1065 3681 1296 3719 maxime
1319 3680 1662 3721 Venerantur.

531 3748 559 3777 ι
588 3740 763 3795 (.‘esta.
793 3737 949 3791 Gesta
979 3746 1156 3790 autem
1178 3737 1246 3790 ab
1271 3736 1508 3791 Usoardo
1533 3749 1584 3792 et
1608 3741 1690 3793 hic
1711 3739 1871 3794 citata
1895 3755 2025 3792 nus-

456 3811 1360 3884 quam_hactenushcomparuerunt.
1398 3810 1661 3864 BoLLAND.

532 3885 556 3923 δ
582 3879 856 3934 Florentii.
892 3878 1645 3950 BaruniushinMartyrologiu
1679 3883 1743 3934 ad
1785 3883 1923 3934 diem
1974 3898 2026 3934 xt

460 3957 578 4011 Maii
609 3952 791 4007 scribit
823 3954 918 4002 bos
946 3949 1111 4019 fuisse
1139 3946 1198 4003 S.
1231 3946 1468 4003 Aotlnini
1491 3946 1812 4019 discipulos,
1846 3962 1901 4004 et
1927 3954 2026 4006 sub

461 4023 787 4083 Diocletiano
817 4018 1083 4094 lapidibus
1112 4021 1331 4094 obrutos
1360 4018 1672 4094 martyrium
1708 4023 2025 4088 complevis-

456 4115 536 4152 se.
568 4097 824 4150 lteferunt
851 4093 1072 4152 eosdem
1096 4089 1185 4143 illo
1209 4091 1370 4145 etiam
1393 4097 1480 4147 die
1501 4089 1755 4158 Felictus,
1779 4094 2024 4161 Ghinius,

456 4170 752 4224 Ferrarius.
1139 4231 1144 4232 ί
1341 4228 1345 4232 ,

530 4249 554 4278 α
588 4233 871 4305 Peregrini.
909 4231 1217 4305 Vincentius
1249 4232 1640 4287 Bellovacensis
1665 4272 1684 4296 ,
1727 4233 2028 4289 Antoninus

461 4313 512 4366 in
543 4304 839 4369 Chronico,
886 4315 939 4357 et
970 4304 1229 4357 Baronius
1258 4312 1543 4369 utrutnqne
1569 4319 1830 4372 sequens,
1875 4319 2028 4359 asse-

457 4393 580 4437 runt
610 4382 669 4436 S.
703 4376 1047 4443 Peregrinum
1091 4391 1120 4427 a
1151 4375 1304 4427 Sixto
1331 4373 1351 4427 ι
1381 4375 1608 4426 Galliam
1649 4377 1895 4433 missum.
1923 4379 2028 4430 Sed

459 4435 822 4517 antiquissima
837 4435 968 4512 'ejus
997 4449 1124 4517 Acta
1158 4461 1278 4499 cum
1307 4447 1525 4517 missum
1569 4447 1783 4498 tradunt
1824 4458 2027 4516 tetnpu-
2062 4435 2112 4496 Β

460 4515 601 4580 ribus
633 4520 891 4580 Valeriani
924 4525 978 4570 et
1004 4516 1246 4580 Gallieni,
1271 4516 1370 4568 sub
1391 4515 1580 4584 qnibus
1605 4517 1814 4582 praefuit
1841 4515 2024 4571 Eccle-

457 4601 548 4650 sia!
579 4598 636 4648 8.
665 4591 846 4646 Sixtus
875 4587 915 4641 ll
949 4601 1082 4654 papa
1112 4588 1179 4640 ab
1207 4603 1296 4640 an.
1320 4587 1427 4641 2256
1455 4587 1524 4638 ad
1552 4602 1638 4639 an.
1664 4585 1792 4638 258.
1826 4589 2023 4642 laudem

460 4670 617 4720 modo
649 4659 880 4715 llistoria
926 4659 1299 4726 episcoporum
1339 4657 1886 4711 Autissiodurensium
1925 4669 2026 4713 sub

457 4742 614 4790 linem
644 4729 1088 4802 elogii_adjungit
1125 4729 1223 4802 ista
1251 4743 1372 4802 esse
1418 4739 1566 4802 gesta
1615 4730 2026 4802 imperatoribus

454 4809 693 4861 Gallieno
717 4797 770 4856 εἰ
794 4797 1095 4865 Valeriano,
1119 4797 1406 4853 [Euiibano
1428 4797 1486 4854 et
1508 4798 1672 4852 Basso
1691 4801 2019 4866 consulibus,

456 4883 505 4931 id
536 4889 641 4942 est,
672 4890 812 4927 anno
841 4872 965 4926 259.
1002 4873 1338 4924 Arbitrantur
1379 4880 1556 4923 autent
1586 4870 1644 4921 8.
1672 4869 2021 4939 Peregrinum

453 4955 598 5004 dicto
625 4962 765 5000 anno
795 4958 900 4998 non
931 4942 1248 4996 occubuisse
1279 4953 1567 5012 martyrem
1592 4981 1606 5003 ,
1631 4942 1726 4994 sed
1756 4943 2023 4994 Autissio-

454 5020 567 5075 duri
596 5019 823 5085 cwpisse
843 5014 1113 5068 Christum
1142 5022 1484 5085 annuntlare,
1517 5022 1570 5065 et
1600 5015 1929 5078 superfuisse
1957 5014 2023 5065 ad

454 5084 694 5159 tempora
742 5086 1060 5159 Aureliani,
1091 5095 1146 5138 et
1190 5094 1310 5152 post
1355 5084 1514 5159 varia
1546 5095 1808 5159 tormenta
1848 5087 2024 5159 capite

451 5155 668 5230 plexum
695 5158 795 5213 sub
825 5157 1129 5230 Alexandro
1159 5162 1459 5222 protectore
1503 5156 1684 5230 lateris
1715 5155 2020 5230 Aureliani;

457 5226 560 5286 non
605 5233 704 5285 sub
751 5229 1054 5282 Alexandro
1085 5229 1407 5291 imperatore
1431 5267 1445 5288 ,
1481 5236 1537 5277 ut
1573 5226 1808 5278 Joannes
1838 5227 2022 5279 Clienu

459 5306 673 5371 conjicit
702 5303 752 5355 iii
779 5302 1037 5371 catalogis
1064 5311 1434 5371 episeopormn
1453 5297 2017 5371 Autissiodo:ensium.

535 5367 842 5426 d'Cwsarra.
887 5369 1100 5423 lteetius
1146 5369 1376 5432 Isauria;
1427 5370 1545 5420 vide
1591 5369 1812 5435 primam
1866 5367 2022 5435 hujus

457 5447 735 5501 COIlllli‘IllS
761 5450 982 5509 partem.

535 5516 559 5553 ά
586 5507 785 5567 ιιέάοιί.
817 5510 1035 5566 Abbatis
1065 5509 1246 5563 Trecis
1291 5509 1344 5562 iii
1391 5507 1682 5577 Campania
1727 5508 2017 5563 Gallicana.

463 5589 558 5644 llic
603 5588 842 5655 captivus
873 5583 972 5634 sub
1003 5581 1336 5655 ’l'heodorico
1381 5581 1838 5655 regeabductus;
1881 5585 2019 5649 quod

457 5677 597 5714 anno
616 5651 714 5711 507
736 5659 926 5707 factum
943 5655 1123 5711 fuisse,
1143 5653 1192 5703 iii
1207 5651 1348 5704 bello
1361 5651 1669 5705 Glilutlovaai
1690 5664 1874 5706 contra
1892 5656 2018 5704 Ala-

455 5739 620 5786 rlcum
645 5743 825 5796 regem
852 5723 1278 5793 Wisegothorum
1307 5727 1650 5779 arbitrantur.
1679 5722 1824 5778 'l‘unc
1853 5727 2017 5789 enim,

2132 3045 2191 3087 ut
2228 3035 2414 3089 scribit
2462 3033 2751 3102 Gregorius
2791 3031 2991 3084 Turon.
3026 3031 3107 3101 (tl,
3140 3029 3252 3100 57),
3303 3033 3482 3086 occiso
3515 3033 3722 3089 Alarico

2134 3107 2396 3158 maximus
2427 3101 2790 3158 Arvernorum
2835 3104 3060 3170 populus
3088 3111 3141 3155 et
3171 3101 3327 3166 primi
3359 3118 3427 3157 ex
3461 3107 3720 3160 senatori-

2133 3179 2230 3228 bus
2260 3182 2597 3237 corruernnt,
2628 3183 2684 3226 et
2717 3174 3074 3225 Cblodovazus
3114 3171 3510 3226 Theodericum
3554 3177 3726 3230 lilium

2129 3262 2282 3298 suum
2314 3246 2380 3298 ad
2413 3246 2680 3297 Arvernos
2717 3244 2947 3304 direxit;
2980 3241 3070 3310 qui
3115 3242 3299 3295 abiens
3332 3246 3492 3297 urbes
3532 3245 3653 3300 illas
3695 3269 3722 3302 a

2133 3317 2326 3368 finibus
2371 3315 2667 3370 Gotnoruin
2725 3327 2892 3380 usque
2938 3312 3375 3381 Burgundionum
3435 3316 3721 3370 terminum

2133 3388 2294 3453 patris
2321 3385 2401 3438 sui
2432 3385 2721 3437 ditionibus
2750 3383 3067 3451 subjugavil.
3092 3381 3240 3453 Tune
3265 3397 3392 3449 ergo
3417 3383 3473 3435 8.
3503 3383 3722 3440 Fidulus

2132 3452 2322 3510 nobilis
2358 3455 2570 3525 juvenis
2612 3467 2666 3510 et
2711 3455 2764 3506 iti
2813 3453 3062 3507 cleriemn
3110 3452 3426 3525 ordinatus,
3457 3469 3519 3508 ex
3555 3458 3722 3523 patria

2131 3522 2497 3581 Arvernorum
2525 3527 2809 3590 abductus,
2848 3541 2876 3576 a
2922 3526 2981 3577 8.
3012 3522 3276 3576 Aventino
3320 3524 3511 3576 ablue
3540 3522 3723 3581 'l'reeis

2132 3599 2474 3665 redemptus,
2526 3596 2578 3650 in
2623 3596 2738 3664 ejus
2789 3593 3114 3648 monasterio
3173 3596 3345 3660 primo
3397 3599 3724 3662 monachus,

2139 3683 2245 3720 tum
2277 3671 2619 3736 [)rlﬂptisllth;
2651 3670 2772 3720 dein
2807 3665 2897 3736 illo
2928 3667 2976 3717 in
3011 3665 3351 3717 solitudinem
3396 3668 3682 3722 secedente
3704 3709 3719 3733 ,

2131 3735 2296 3791 abbas
2327 3739 2394 3792 ad
2426 3739 2628 3791 obitum
2661 3752 2828 3806 usque
2857 3735 3010 3799 vixit,
3039 3737 3130 3788 sed
3169 3736 3402 3802 quaudiu
3434 3739 3718 3806 superfue-

2135 3822 2224 3872 ttt,
2256 3822 2507 3863 ItesCttol‘.

2210 3878 2227 3917 ί
2261 3879 2515 3949 Tot-petis.
2546 3878 2643 3933 llic
2672 3892 2896 3946 magnus
2933 3876 2983 3930 in
3013 3873 3449 3949 officioNeronis
3494 3877 3724 3935 Caesaris

2133 3951 2304 4018 primo
2323 3947 2439 4014 fuit,
2463 3951 2556 4004 sed
2582 3959 2763 4019 postea
2783 3963 2877 4019 pro
2900 3949 3001 4002 tide
3019 3948 3237 4011 Christi,
3259 3947 3483 4019 jubente
3508 3950 3723 4015 eodem,

2131 4017 2301 4088 alapis
2349 4017 2596 4087 creditur,
2641 4017 2952 4073 verberibus
2997 4019 3298 4072 diutissime
3341 4018 3608 4085 afficitur,
3660 4039 3723 4076 ae

2135 4093 2317 4147 bestiis
2339 4092 2676 4146 devorandos
2704 4089 2947 4155 traditur,
2979 4089 3075 4142 sed
3107 4091 3326 4142 tninune
3349 4089 3586 4155 lanlltur;
3609 4106 3727 4146 lan—

2133 4160 2253 4216 dem
2287 4177 2416 4215 vero
2436 4162 2789 4216 decollatione
2819 4170 3126 4228 martyrium
3148 4175 3298 4211 suum
3333 4175 3346 4212 ι
3374 4175 3390 4212 ι
3415 4159 3528 4214 Kal.
3555 4162 3720 4218 Maias

2133 4232 2579 4300 cutnplevitzsed
2630 4243 2806 4285 tamen
2833 4230 2966 4300 _ejus
3015 4230 3274 4283 festivitas
3324 4232 3590 4286 celebrius
3631 4236 3718 4287 hic

2135 4298 2407 4358 recolitur.
2463 4322 2481 4353 ι
2537 4304 2771 4358 υευλιω.
2830 4298 3028 4355 Passus
3086 4312 3166 4356 est
3225 4303 3441 4356 civitate
3499 4303 3720 4357 l’isana.

2135 4373 2382 4428 NUTKER.

2208 4454 2232 4492 α
2265 4446 2407 4514 Syri.
2441 4443 2600 4499 Primi
2631 4443 2865 4514 episcopi
2897 4441 3174 4511 Papiensis
3214 4459 3227 4496 :
3267 4440 3575 4498 Translatiu
3603 4445 3721 4509 eius

2132 4516 2398 4571 indicatur
2432 4518 2588 4571 boote
2633 4535 2662 4568 a
2702 4515 2993 4579 Galesinio,
3031 4514 3279 4566 Feri-ario
3304 4516 3571 4584 aliisque:
3606 4518 3720 4584 ejus

2131 4591 2245 4641 dies
2276 4590 2476 4640 Natalis
2509 4599 2591 4643 est
2621 4602 2674 4640 lx
2709 4586 3038 4639 Deccuihri‘.

2201 4657 2229 4693 λι
2267 4658 2432 4712 Verba
2468 4657 2563 4710 Via
2592 4657 2866 4712 Salaria...
2891 4671 2954 4707 ac
2986 4654 3153 4707 Primi
3170 4656 3317 4708 solus
3340 4654 3398 4709 L.
3435 4656 3613 4712 habit.

2207 4727 2570 4781 “Niridano.
2616 4729 2872 4780 l'alxstra
2923 4727 3160 4794 martyrii
3211 4725 3578 4790 Nivedunnm,
3630 4739 3714 4782 est

2129 4799 2502 4852 Noviodunum
2559 4799 2782 4850 Duronio
2813 4815 2824 4846 :
2860 4811 3016 4864 quem
3052 4809 3288 4864 ›θσμιιιιιι“
3329 4798 3612 4852 Saussaius
3657 4814 3710 4854 in

2129 4874 2502 4938 supplemento
2533 4869 2887 4937 Martyrologu
2915 4866 3196 4938 Gallicani,
3229 4867 3314 4919 tibi
3345 4883 3532 4922 omnes
3567 4885 3708 4923 mar-

2132 4937 2271 5009 tyres
2301 4961 2328 4990 a
2362 4941 2635 4994 tralesiuio
2673 4941 2931 4990 indicatos
2977 4937 3166 4996 all'ert;
3203 4954 3301 4992 nec
3348 4941 3531 4993 dubito
3576 4942 3709 5007 quin

2129 5012 2214 5065 hic
2244 5012 2467 5079 accipiat
2497 5010 2887 5068 Noviodunum,
2910 5019 3091 5075 postea
3122 5009 3437 5079 Noviomum
3469 5012 3665 5065 dictum
3688 5055 3702 5073 ,

2129 5086 2310 5135 urbem
2335 5078 2688 5150 episc0paleiu
2712 5081 2812 5133 sub
2833 5081 3236 5147 archiepiscopo
3256 5078 3543 5134 ltltemensi
3566 5081 3703 5135 haud

2129 5157 2308 5219 procul
2341 5157 2408 5206 ab
2435 5158 2673 5222 Augusta
2704 5152 3069 5222 Suessionum.
3118 5150 3393 5219 Philippus
3442 5151 3618 5205 Labbe
3649 5155 3699 5206 in

2125 5225 2502 5293 Martyrologio
2529 5221 2781 5276 Romani)
2810 5221 3010 5293 Gallice
3043 5226 3319 5284 translato,
3346 5223 3698 5290 Niveiluunm,

2129 5291 2284 5363 vulgo
2309 5291 2474 5360 Nion,
2517 5301 2582 5348 ad
2614 5296 2784 5347 lacum
2823 5291 3188 5363 Genevensem
3219 5295 3466 5346 collocat.
3497 5295 3702 5363 l'hilip-

2128 5362 2234 5436 pus
2251 5366 2526 5420 Ferrarius
2555 5369 2606 5418 ιιι
2630 5364 3081 5436 ’l‘opographiaad
3103 5362 3376 5434 Martyrol.
3405 5362 3702 5436 ltomanutu

2125 5433 2318 5505 quxrit
2361 5439 2528 5505 ipsum
2572 5440 2623 5490 in
2667 5436 2831 5504 Mysni
2865 5433 3116 5486 inferiore
3157 5435 3222 5486 ad
3249 5433 3590 5505 Danubium,
3616 5439 3704 5492 ubi

2127 5504 2445 5562 l’tiiloiitacus
2471 5509 2560 5561 lib.
2588 5522 2641 5560 Ill
2666 5514 2884 5573 (λυθείη,
2905 5521 3021 5574 cap.
3049 5507 3132 5566 l0,
3162 5506 3319 5558 habet
3341 5504 3700 5562 Νουιόδουνον.

2125 5585 2252 5645 Qua:
2302 5583 2486 5634 lecturi
2529 5581 2904 5646 proponimus,
2936 5591 3055 5629 eum
3098 5592 3162 5630 ex
3202 5578 3354 5630 nudis
3399 5579 3704 5634 nominibus

2125 5667 2230 5703 non
2259 5649 2519 5717 iussimus
2551 5665 2710 5703 unum
2743 5649 2917 5702 locum
2960 5659 3132 5716 potius
3161 5663 3317 5718 quam
3354 5649 3582 5704 alterum
3607 5653 3703 5707 eli-

2121 5739 2202 5794 get
2217 5737 2264 5778 c.
