4240 6488
319 315 415 368 ΟἮ
1442 316 1638 373 SECT.
1682 319 1745 376 II.
1789 349 1853 359 -—
1894 321 2459 379 MARTYROIDCIA.

3465 328 3571 384 922

1601 405 1828 460 EDITIO
1870 409 2333 468 COLUNIENSIS.

320 491 489 559 virgo,
520 505 669 556 atque
700 490 1052 554 sanctissima,
1102 490 1416 546 duodecima
1468 491 1737 547 Kalendas
1780 500 1885 547 Au-
1916 498 2232 560 ACIII‘ISIUS
2279 501 2441 555 Filius
2496 502 2607 558 Dei.
2669 502 2730 558 Et
2781 518 2900 558 cum
2952 505 3065 559 haec
3112 506 3356 573 dixisset,
3388 507 3572 575 gladio

318 585 479 651 gusti,
512 594 567 637 et
598 587 705 649 ipsa
728 598 845 635 cum
877 597 1061 636 sorore
1102 584 1258 652 juxta
1309 596 1510 653 patrem
1543 597 1779 640 sanctum
1813 604 1895 642 se-

322 678 487 744 pulta.
508 676 625 738 Ipso
655 676 740 728 die
765 674 905 728 beati
927 674 1201 740 Pudentis,
1221 678 1385 742 patris
1407 692 1588 731 earum
1614 680 1894 743 virginum.

324 766 454 820 Item
486 766 666 818 Roma:
694 766 865 817 natale
894 773 1198 818 sanctorum
1228 765 1481 821 Calocerii
1535 778 1586 821 et
1616 767 1891 831 Partemii,

322 862 509 915 uxoris
528 860 672 914 Decii
699 859 1030 927 imperatoris
1050 859 1435 921 cunuchorum,
1461 861 1546 926 qui
1570 875 1687 915 cum
1717 870 1898 915 essent

323 971 457 1010 unus
487 955 797 1021 pla‘ptiSiiUS
824 952 1038 1016 cubilis,
1087 953 1221 1005 alter
1272 953 1624 1019 primicerius,
1658 955 1897 1006 nolentes

326 1042 481 1095 idolis
530 1041 857 1102 sacrilicare,
888 1055 915 1091 a
954 1039 1111 1093 Decio
1137 1039 1297 1093 occisi
1352 1050 1495 1094 sunt.
1545 1042 1776 1107 Corpora
1809 1057 1899 1094 eo-

327 1136 600 1203 rumjuxta
635 1136 766 1187 riam
785 1134 1005 1202 Appiam
1036 1143 1158 1187 sunt
1187 1132 1378 1201 posita.
1398 1133 1667 1200 Depositio
1709 1134 1896 1187 domni

331 1226 628 1282 Alchnvini.

405 1321 471 1374 G.
517 1318 630 1371 XIII
672 1318 804 1371 ΚΑι..
837 1316 1094 1371 JUNii.-
1121 1316 1302 1370 Romae
1349 1316 1430 1369 via
1476 1317 1679 1369 Salaria
1730 1317 1900 1369 natale

333 1418 529 1462 sancta:
552 1407 760 1461 Basilltc
789 1406 1005 1471 virginis
1027 1416 1078 1460 et
1101 1406 1353 1475 martyris
1380 1405 1609 1467 Christi;
1641 1421 1758 1471 quae
1780 1420 1898 1458 cum

329 1510 471 1554 esset
495 1516 554 1553 ex
586 1515 778 1569 genere
803 1500 968 1568 regio,
1000 1508 1053 1552 et
1082 1499 1306 1552 haberet
1328 1511 1578 1565 sponsum
1604 1496 1902 1549 illustrissi-

333 1607 475 1646 mum
526 1593 739 1645 nomine
772 1592 1102 1658 Pompeium,
1132 1604 1226 1657 per
1254 1589 1460 1643 beatam
1504 1587 1814 1655 Eugeniam,
1841 1596 1895 1641 et

334 1691 547 1735 sanctos
567 1680 657 1734 Dei
682 1680 930 1733 Protlium
955 1679 1315 1734 etJacinctum
1347 1693 1602 1733 conversa
1625 1677 1690 1730 ad
1716 1676 1895 1740 fidem,

328 1782 575 1826 accusata
606 1781 687 1825 est
716 1787 742 1823 a
776 1773 998 1839 prwlato
1028 1786 1227 1841 sponso
1256 1785 1376 1835 suo,
1408 1771 1550 1839 quod
1577 1779 1719 1824 esset
1746 1767 1896 1821 Chri-

328 1863 523 1916 stiana.
580 1862 819 1915 ltecrevit
873 1862 1123 1916 Continuo
1171 1860 1444 1915 Gallienus
1476 1862 1766 1931 Augustus,
1811 1859 1898 1927 qui
1930 1843 1976 1901 Β

330 1962 454 2005 tunc
482 1952 674 2005 Christi
709 1953 1120 2021 persequebatur
1156 1952 1468 2017 Ecclesiam,
1515 1964 1570 2007 ut
1625 1962 1714 2006 aut
1741 1967 1901 2017 Spon-

336 2057 455 2094 sum
489 2043 767 2108 reciperet,
794 2054 883 2096 aut
911 2043 1084 2111 gladio
1103 2043 1364 2097 interiret.
1382 2044 1651 2099 Conventa
1681 2046 1748 2098 de
1776 2043 1899 2104 hoc,

338 2133 613 2202 respondit
642 2147 699 2187 se
730 2148 905 2203 regem
939 2149 1120 2203 regum
1155 2147 1407 2203 sponsum
1456 2136 1672 2197 habere,
1705 2135 1790 2199 qui
1822 2141 1901 2185 est

2005 592 2431 645 transverberata
2462 602 2564 647 est.
2602 595 2658 648 In
2683 594 2867 650 Gaiiiis
2910 597 3126 651 civitate
3156 598 3441 665 Nemauso,
3468 615 3555 652 na-

2003 680 2107 735 tale
2137 682 2394 746 Baudelii,
2418 684 2507 754 qui
2537 700 2564 737 a
2598 689 2814 754 paganis
2871 689 3090 742 deorum
3120 706 3336 744 suorum
3368 693 3570 745 sacrilic

2000 771 2080 825 cia
2109 773 2508 827 celebrantibus
2529 776 2969 843 comprehensus,
2989 794 3108 832 cum
3135 780 3435 833 sacriﬁcare
3457 782 3574 833 nol-

2002 862 2092 927 let,
2127 874 2178 916 et
2200 864 2251 917 in
2277 864 2380 918 (ide
2403 864 2595 918 Christi
2621 866 2911 920 immobilis
2951 870 3087 923 inter
3112 874 3336 923 verbera
3380 881 3435 925 et
3459 881 3569 923 tor-

2003 964 2182 1009 menta
2212 956 2541 1022 persisteret,
2582 961 2820 1029 martyrii
2867 963 3091 1029 palmam
3143 965 3372 1032 pretiosa
3402 976 3573 1018 morte

2003 1058 2256 1114 percepit.

2071 1160 2137 1211 A.
2169 1159 2261 1212 XII
2291 1159 2424 1214 ΚΑι.
2474 1161 2633 1215 Jusn.
2664 1192 2731 1202 —
2756 1162 2808 1216 In
2860 1163 3168 1219 Mauritania
3222 1165 3570 1231 Czrsariense,

2003 1249 2178 1301 natale
2227 1262 2527 1302 sanctorum
2576 1251 2860 1314 Timothei,
2921 1253 3054 1308 Polii
3104 1265 3157 1309 et
3192 1256 3432 1326 Eutychii
3461 1257 3575 1310 dia-

2004 1344 2150 1407 coni,
2184 1342 2273 1411 qui
2305 1346 2441 1411 apud
2497 1346 2765 1412 pra'l‘atam
2815 1350 3083 1416 regionem
3116 1350 3331 1403 verbum
3369 1351 3572 1404 Domini

2014 1434 2450 1495 disseminantes,
2509 1438 2704 1501 pariter
2758 1440 3000 1492 coronari
3066 1452 3395 1496 meruerunt.
3446 1442 3571 1496 Item

2004 1526 2141 1592 apud
2173 1523 2470 1578 Cmsaream
2499 1527 2849 1593 Cappadocia
2899 1531 3073 1584 natale
3098 1543 3400 1585 sanctorum
3432 1533 3572 1586 Poli-

2008 1613 2132 1678 veti,
2168 1614 2409 1677 Victorii,
2444 1614 2651 1668 Donati.
2682 1615 2737 1670 In
2768 1617 2943 1671 Africa
2990 1619 3132 1674 Casti
3175 1632 3231 1674 et
3256 1620 3457 1675 Emilii
3483 1623 3571 1691 qui

2005 1718 2098 1771 per
2151 1703 2324 1769 ignem
2381 1705 2644 1771 passionis
2686 1708 2996 1777 martyrium
3048 1719 3575 1765 consummaverunt.

2004 1791 2200 1847 Scribit
2227 1795 2519 1863 Cyprianus
2545 1796 2594 1848 in
2623 1796 2761 1849 ILbro
2788 1796 2855 1850 de
2887 1797 3092 1865 l.apsis.
3129 1800 3276 1868 Apud
3308 1799 3575 1855 Corsicam

2008 1884 2181 1936 natale
2230 1894 2430 1937 Sanctm
2455 1883 2626 1947 Julian,
2680 1902 2797 1953 quae
2838 1889 3012 1941 crucis
3040 1889 3298 1957 supplicio
3327 1902 3575 1947 coronata

2006 1982 2088 2026 est
2120 1989 2134 2023 :
2170 1983 2223 2025 et
2271 1975 2436 2027 sancti
2480 1974 2716 2029 Valentis
2748 1976 2999 2046 martyris
3045 1987 3099 2031 et
3142 1979 3423 2046 pontiﬁcis,
3454 1998 3575 2036 cum

2010 2063 2174 2114 tribus
2199 2064 2393 2128 pueris.

1599 2222 1824 2277 EDITIO
1866 2213 2368 2274 BOLI.ANDIANA.

400 2312 581 2368 20.—-
612 2310 721 2367 XIII
778 2310 908 2365 ΚΑι..
958 2310 1120 2366 Vacat
1161 2313 1334 2367 Baeda.

403 2406 490 2469 V.,
508 2406 564 2459 In
590 2405 760 2458 Africa
783 2405 940 2465 Victi,
966 2405 1252 2468 Maurellaa,
1277 2404 1475 2471 Quinti,
1501 2403 1733 2467 Primoli,
1754 2403 1905 2459 Salu-

333 2477 442 2539 stii,
476 2476 767 2528 Fortunati.
800 2476 881 2537 Β..
904 2475 956 2527 lu
984 2475 1159 2528 Africa
1191 2476 1365 2528 natale
1395 2483 1693 2527 sanctarum
1728 2474 1905 2526 Victu-

331 2548 448 2610 rim,
479 2545 823 2607 Marcellosm,
853 2545 1039 2597 Falsas.
1070 2545 1133 2597 Et
1167 2546 1290 2597 alibi
1330 2544 1587 2611 depositio
1623 2555 1647 2581 ο
1695 2543 1907 2597 Vallesii

330 2627 386 2669 et
445 2614 675 2669 Faustuli
732 2614 985 2682 episcopi.
1051 2614 1112 2667 D.
1149 2655 1164 2677 ,
1229 2614 1409 2667 Romae
1466 2615 1548 2665 via
1590 2613 1789 2668 Salaria
1847 2614 1904 2666 8.

336 2685 544 2738 Βθιίὶιω
583 2686 798 2751 virginis
838 2695 891 2737 et
941 2685 1224 2753 martyris.
1255 2686 1314 2736 Β.
1349 2684 1412 2736 Α.
1447 2683 1510 2735 Τ.
1557 2684 1616 2736 L.
1653 2723 1668 2747 ,
1722 2684 1901 2737 Romae

333 2757 507 2808 natale
534 2754 590 2809 8.
618 2756 647 2795 b
673 2753 929 2807 Basilissaz
958 2751 1185 2824 etAurei
1216 2751 1301 2824 μ..
1331 2764 1509 2824 οηιηει
1535 2754 1742 2824 gorem
1781 2758 1802 2785 ο
1848 2754 1903 2805 In

336 2824 503 2877 Gallia
548 2825 809 2876 Nemanso
862 2826 1113 2887 civitate,
1164 2822 1189 2859 ά
1220 2822 1476 2877 ’Βιειιὼῂ
1532 2822 1639 2883 T.,
1690 2823 1898 2875 Bautlii.

338 2898 437 2959 Β..
488 2893 710 2947 Biuddi.
755 2894 815 2946 L.
845 2933 860 2959 ,
889 2894 1052 2947 Bautii
1097 2897 1363 2962 martyris.
1417 2894 1482 2946 Α.
1528 2891 1589 2947 Τ.
1621 2892 1680 2946 L.
1709 2933 1724 2960 ,
1768 2892 1901 2947 Cum

332 2979 491 3018 800118
521 2978 652 3016 81118.

398 3051 487 3106 21.
517 3080 586 3093 -ι-
613 3052 702 3107 XII
742 3052 877 3105 ΚΑΙ..
905 3052 1065 3104 Vacat
1091 3052 1263 3104 Baeda.

405 3144 589 3199 Florus
620 3146 669 3197 in
698 3144 761 3198 Τ.
794 3155 846 3198 et
884 3144 943 3196 L.
977 3184 992 3209 ,
1037 3144 1089 3196 In
1124 3144 1389 3197 territorio
1416 3141 1735 3198 Ht‘bllrt‘eﬂSi
1771 3159 1893 3212 paso

334 3236 412 3289 sio
462 3234 519 3289 S.
553 3237 575 3264 ε
608 3234 807 3296 Manlii,
853 3236 937 3301 qui
986 3247 1172 3301 passus
1202 3243 1282 3287 est
1329 3249 1357 3286 a
1396 3234 1614 3298 Judaeis,
1644 3250 1798 3302 quem
1829 3235 1897 3289 ob
1928 3244 1971 3305 C

332 3324 453 3379 Filii
505 3326 593 3379 Dei
640 3324 1025 3378 confessionem
1064 3333 1340 3376 extensum
1391 3323 1590 3376 funium
1650 3324 1895 3387 vinculis,

333 3417 602 3487 plagarum
646 3416 838 3472 ictibus
900 3415 1268 3470 verberabant.
1340 3416 1678 3469 Postmodum
1735 3410 1940 3469 totum'

2008 2320 2201 2372 corpus
2249 2303 2559 2358 arctissimis
2608 2304 2831 2359 vinculis
2896 2306 3244 2377 alligaverunt
3309 2315 3575 2382 tantisque

2008 2412 2200 2462 corpus
2230 2398 2538 2450 vulneribus
2579 2396 2886 2464 atiecerunt,
2937 2411 2993 2454 ut
3024 2402 3261 2457 membra
3300 2408 3573 2462 vermibus

2010 2492 2303 2552 pascerent.
2342 2484 2360 2523 τ
2406 2484 2560 2538 Ilisce
2597 2484 2852 2554 adjiciunt
2892 2496 2949 2541 ut
2989 2494 3056 2541 ab
3094 2501 3212 2544 ortu
3235 2492 3363 2547 solis
3409 2508 3574 2563 uSque

2009 2577 2074 2631 ad
2124 2590 2371 2631 occasum
2424 2577 2704 2630 exercendi
2756 2592 2917 2631 causa
2962 2594 3146 2634 rursus
3177 2583 3228 2635 in
3276 2585 3573 2654 graviorem

2010 2664 2272 2718 culturam
2341 2665 2565 2731 poenalis
2636 2680 2889 2719 numerus
2943 2668 3265 2725 adderetur:
3312 2672 3405 2727 sed
3455 2674 3573 2730 istis

2001 2754 2244 2807 omnibus
2272 2753 2518 2818 invictus,
2554 2752 2663 2806 Deo
2689 2753 2926 2822 spiritum
2958 2757 3202 2811 reddidit.

2076 2864 2162 2928 V.,
2218 2863 2398 2917 Roma:
2429 2873 2453 2909 κ
2482 2863 2763 2923 Basilissaa,
2806 2864 2982 2931 Aurei,
3013 2862 3039 2901 ιι
3085 2864 3321 2922 Gervasii
3361 2879 3413 2924 et
3439 2870 3572 2924 Pro-

2000 2934 2139 2989 utsii.
2176 2937 2235 3007 ί).
2269 2974 2284 2996 ,
2334 2931 2698 3007 Μιιψὶῑίιιείει,Δ
2722 2934 2746 3007 ι,
2775 2932 3035 2987 Timothei
3074 2940 3365 3007 presbyteri
3389 2948 3443 2993 et
3466 2941 3570 2995 Eu-

2005 3006 2124 3067 tycii
2158 3006 2383 3075 diaconi.
2420 3005 2478 3075 Β.
2514 3003 2630 3075 ._ln
2675 3004 3067 3075 Africainatale
3113 3006 3205 3061 SS.
3234 3003 3403 3075 'Victi,
3432 3011 3569 3065 Mar—

2004 3076 2192 3138 cellm,
2249 3074 2474 3138 Quinti,
2537 3072 2794 3142 Primuli,
2856 3074 3084 3142 Salutii,
3154 3072 3447 3134 Fortunati.
3520 3082 3573 3134 ln

2008 3146 2020 3193 l
2062 3144 2323 3197 Britannia
2376 3142 2546 3195 natale
2585 3141 2845 3194 Timothei
2878 3143 3102 3197 diactmi.
3147 3146 3199 3199 In
3230 3148 3572 3203 Autisiodoro

2003 3215 2262 3279 depositio
2292 3214 2346 3263 Β.
2384 3212 2450 3261 Va
2476 3211 2519 3263 is
2551 3212 2862 3280 presbyteri.
2897 3216 2959 3266 Α.
2994 3214 3053 3265 Τ.
3096 3216 3151 3267 L.
3179 3256 3194 3279 ,
3226 3219 3281 3269 ln
3314 3218 3565 3272 Maurita-

2009 3278 2091 3335 nia
2120 3284 2288 3353 natale
2317 3281 2412 3353 SS.
2441 3280 2462 3315 ¹ι
2497 3278 2767 3333 ΡοΙίθηιῐοί
2796 3281 3023 3344 diaconi,
3054 3278 3316 3339 Timothei
3340 3297 3392 3341 et
3412 3286 3568 3353 Victi,

2008 3354 2095 3422 qui
2120 3351 2173 3405 in
2198 3366 2296 3405 una
2326 3351 2414 3404 die
2442 3360 2746 3404 meruerunt
2774 3354 3037 3404 coronari.

1739 3508 1942 3564 SMITH
1981 3506 2208 3563 ΝΟΤᾹΞ.

334 3604 481 3659 Pauli
514 3602 594 3657 hic
624 3602 815 3658 dicitur
839 3603 888 3654 in
916 3602 1180 3673 plerisque
1200 3602 1608 3672 Martyrologiis.
1637 3601 1902 3656 Antonius

336 3674 612 3730 Gallonius
648 3674 859 3743 quidem
888 3682 1092 3738 censet,
1140 3673 1277 3740 quod
1309 3676 1375 3726 ab
1420 3676 1521 3726 ism
1566 3675 1776 3726 seniore
1803 3674 1903 3743 Pu:

332 3746 493 3799 dente
525 3759 552 3796 a
585 3744 640 3797 8.
688 3742 849 3795 Paulo
897 3753 1189 3795 memorato
1239 3743 1559 3807 processerit
1599 3745 1754 3807 alter,
1809 3742 1901 3810 qui

337 3815 461 3868 ideo
507 3815 675 3865 solum
705 3814 910 3865 dicatur
955 3828 983 3864 a
1023 3816 1080 3866 8.
1133 3812 1294 3865 Paulo
1348 3814 1566 3867 edoctus
1616 3822 1668 3865 et
1699 3814 1899 3866 amicus

334 3884 712 3951 apostolorum,
748 3882 885 3950 quod
917 3881 1100 3935 horum
1134 3882 1402 3935 memoriae
1445 3881 1780 3951 singulariter
1805 3883 1898 3934 de—

337 3963 491 4005 votus
535 3953 721 4017 fuerit;
770 3963 822 4006 et
852 3951 1183 4018 disciplinam
1226 3967 1379 4017 quam
1424 3952 1559 4006 alter
1600 3952 1655 4006 8.
1695 3954 1899 4005 Pudens

336 4037 467 4075 avus
492 4023 570 4074 vel
598 4034 812 4086 patruus
835 4021 949 4089 ejus
976 4038 1003 4073 a
1040 4021 1198 4074 Paulo
1229 4022 1493 4083 hauserat,
1528 4037 1619 4090 per
1647 4023 1900 4075 domes-ti-

330 4107 451 4144 cam
481 4091 812 4145 traditionem
842 4092 1084 4145 servarit.
1108 4091 1369 4159 Quidquid
1415 4099 1591 4144 autem
1637 4092 1704 4144 sit
1745 4092 1811 4145 de
1840 4107 1901 4145 ea

334 4162 709 4228 explicatione,
745 4176 862 4227 quae
902 4161 1028 4212 satis
1059 4164 1288 4214 violenta
1328 4171 1564 4227 apparet,
1602 4161 1687 4215 hic
1713 4163 1768 4216 S.
1800 4163 1902 4215 Pu-

335 4233 470 4284 dens
488 4242 633 4297 pater
658 4232 754 4284 SS.
787 4231 1125 4283 Pudentianae
1153 4239 1206 4283 et
1237 4232 1487 4284 Praxedis
1510 4231 1689 4285 ﬂoruit
1711 4232 1904 4283 saeculo

332 4302 527 4353 Christi
558 4303 809 4356 secundo.
864 4313 1099 4366 tempore
1130 4302 1185 4353 8.
1247 4301 1320 4353 Pii
1372 4302 1605 4367 episcopi
1657 4301 1901 4364 Romani,

334 4372 425 4438 qui
457 4372 521 4422 ab
561 4386 699 4423 anno
734 4369 830 4423 I45
879 4369 1115 4423 Vicarius
1165 4370 1351 4439 Ilygini
1383 4371 1643 4437 pontilicis
1695 4372 1811 4437 fuit,
1842 4386 1904 4423 ac

334 4451 519 4507 postea
558 4443 779 4509 ipsemet
820 4439 1054 4507 pontifex
1104 4455 1403 4507 supremus,
1451 4441 1672 4492 Auiceto
1718 4455 1903 4493 succe-

330 4510 466 4563 dens
491 4525 630 4563 anno
662 4509 783 4574 154,
813 4512 935 4563 vixit
956 4524 1122 4577 usque
1148 4512 1212 4560 ad
1239 4524 1433 4561 annum
1466 4509 1588 4562 161.
1623 4510 1716 4562 Hic
1740 4512 1902 4576 ipsius

338 4578 591 4634 Pudentis
643 4585 861 4633 domum
909 4580 1241 4634 consecravit
1293 4580 1391 4631 sub
1420 4578 1570 4631 titulo
1626 4580 1900 4632 I’asmris:

330 4648 442 4713 hic,
462 4665 527 4703 eo
549 4659 778 4715 mortuo,
802 4650 1023 4703 ﬁliarum
1045 4661 1226 4718 rogatu
1250 4648 1613 4717 baptisterium
1637 4651 1688 4702 in
1718 4649 1905 4704 eadem

328 4720 625 4773 constituit.

408 4798 433 4826 ι
468 4789 693 4843 Vallesii.
730 4790 793 4842 Et
825 4788 1083 4853 Faustnli,
1114 4789 1216 4852 vel,
1245 4801 1299 4842 ut
1324 4790 1412 4843 alii
1448 4788 1663 4850 habent,
1693 4789 1902 4843 Fausti-

329 4860 409 4911 iii.
443 4859 664 4913 Difﬁcile
720 4870 800 4912 est
845 4859 1036 4927 aliquid
1067 4859 1133 4913 de
1178 4860 1321 4913 hisce
1367 4859 1566 4913 sanctis
1595 4862 1902 4923 decernere,

331 4943 459 4982 cum
507 4944 603 4983 nec
633 4932 776 4982 locus
808 4938 898 4980 aut
922 4932 1072 4982 sedes
1102 4929 1363 4983 indicetur
1410 4929 1747 4997 episcopalis,
1806 4943 1904 4983 nec

328 5009 543 5063 tempus
588 5014 691 5068 quo
746 4998 998 5052 vixerint.
1049 4997 1403 5068 Florentinius
1446 5001 1629 5053 oculos
1678 4998 1905 5065 conjecit

331 5070 389 5121 in
419 5067 745 5133 Faustinum,
772 5070 838 5123 de
880 5084 984 5136 quo
1027 5069 1243 5136 scripsit
1287 5070 1341 5122 8.
1376 5067 1671 5138 Cyprianus
1717 5069 1765 5120 in
1794 5070 1905 5135 epi-

329 5138 469 5190 stola
520 5140 582 5191 ad
640 5139 1003 5206 Stephanum,
1054 5153 1173 5192 eum
1229 5140 1469 5204 laudans,
1510 5138 1648 5207 quod
1699 5142 1907 5192 steterit

329 5218 517 5261 contra
563 5209 879 5262 Marcianum
932 5208 1295 5277 Arelatensem
1343 5212 1677 5277 episcopum,
1730 5213 1815 5274 qui
1848 5224 1907 5261 se

328 5280 627 5332 Novaiiano
654 5278 969 5346 adjunxerat
995 5295 1007 5330 :
1042 5294 1144 5330 non
1173 5274 1335 5333 ausus
1357 5274 1439 5333 est
1482 5274 1654 5332 tamen
1686 5280 1735 5331 in
1758 5291 1907 5331 certo

325 5366 360 5404 3
367 5364 453 5404 SSC
460 5364 592 5402 rere.
799 5357 809 5367 ⁸

407 5420 436 5456 ⁵
466 5416 692 5473 Basilina.
721 5416 809 5470 Vel
838 5417 1116 5480 Basilissae,
1147 5433 1265 5486 quas
1292 5434 1410 5471 cum
1438 5425 1581 5473 essm.
1619 5434 1680 5470 ex
1712 5433 1907 5486 genere

328 5489 483 5555 regio
525 5499 577 5542 et
624 5488 840 5541 haberet
891 5504 1145 5555 sponsum
1191 5490 1627 5549 illustrissimum,
1661 5499 1905 5541 accusata

326 5558 405 5611 ab
456 5560 642 5612 eodem
686 5559 824 5626 quod
877 5558 1172 5611 Christiana
1214 5568 1381 5620 esset,
1436 5559 1708 5611 decretum
1766 5572 1843 5610 est
1877 5575 1904 5610 a

328 5628 581 5682 Gallieno
608 5632 861 5696 Augusto,
884 5637 939 5680 ut
967 5638 1057 5681 aut
1096 5643 1347 5694 sponsum
1380 5634 1657 5694 reciperet,
1685 5638 1775 5679 aut
1799 5628 1907 5695 gla-

270 5750 274 5751 ν
328 5700 426 5751 diu
467 5698 721 5753 interiret.
768 5701 1036 5750 Conventa
1084 5700 1150 5751 de
1197 5699 1294 5750 hec
1318 5708 1372 5751 et
1415 5714 1639 5750 renuens
1682 5714 1907 5750 curiscu-

326 5784 449 5825 tium
474 5785 576 5839 pm:
588 5769 729 5836 bere,
746 5769 915 5839 gladio
939 5770 1361 5823 transverberata
1380 5777 1481 5824 est.
1503 5768 1637 5835 Ade,
1656 5766 1903 5835 Usuard.,

1934 4484 1983 4542 D

2006 3600 2092 3667 qui
2122 3606 2413 3668 sequuntur
2437 3598 2591 3652 ﬁdem
2616 3599 2869 3653 Actorum
2894 3598 2949 3653 8.
2986 3598 3250 3668 Eugeniae.
3298 3603 3571 3669 Papebro-

2006 3671 2161 3747 chius
2186 3678 2359 3722 autem
2392 3669 2443 3722 in
2476 3672 2619 3747 Actis
2646 3680 2941 3747 sanctorum
2979 3676 3162 3747 prohat
3198 3673 3282 3726 illa
3313 3676 3369 3728 S.
3407 3677 3574 3747 Euge.

2007 3741 2108 3792 nite
2133 3741 2258 3793 Acta
2290 3740 2556 3793 contemni
2585 3739 2782 3793 debere
2828 3751 3072 3807 tanquam
3100 3741 3320 3809 fabulas,
3352 3739 3579 3802 adeo'nt

2004 3825 2068 3862 ex
2102 3810 2205 3863 illis
2235 3809 2302 3863 de
2327 3810 2572 3864 Basilissa
2602 3811 2778 3864 haberi
2826 3812 2953 3861 nihil
2983 3811 3111 3864 certi
3145 3815 3341 3876 possit:
3385 3828 3439 3870 et
3466 3821 3579 3873 ani-

2005 3882 2337 3932 madvertetis
2372 3879 2452 3931 via
2500 3876 2700 3934 Salaria
2744 3880 3010 3932 exatitisse
3054 3882 3316 3947 quoddam
3371 3886 3575 3942 Basilla:

2005 3950 2416 4024 cmineteriuin,_
2443 3949 2586 4024 h_inc_
2606 3949 3232 4024 veteris__I_Iieronyuiia_ni
3266 3953 3573 4024 Martyrolo-

2005 4018 2073 4085 gii
2122 4019 2418 4082 huiusmodi
2471 4019 2745 4071 lectionem
2774 4018 2870 4069 sibi
2915 4018 3122 4071 videtur
3146 4018 3431 4077 eiicereft
3474 4031 3573 4077 tto-

2007 4092 2215 4163 [mth
2240 4089 2521 4163 Salariain
2556 4089 2754 4141 Basilla:
2787 4086 3168 4160 (Subiutellige
3198 4095 3504 4149 casmeterio
3531 4100 3568 4163 ),

2008 4158 2289 4219 Basilissaa,
2320 4159 2495 4211 Aurei.
2512 4176 2528 4208 ι

2079 4241 2098 4258 ⁸·
2130 4229 2188 4280 Β.
2223 4268 2237 4287 ,
2267 4228 2463 4279 Nustiw
2492 4226 2712 4279 Nemam’
2742 4243 2834 4294 pro
2861 4228 2921 4281 In
2953 4228 3127 4283 Gallia
3157 4229 3435 4288 Nemanso.

2080 4296 2104 4334 ά
2134 4298 2363 4351 Blandii.
2394 4299 2480 4349 Vel
2511 4298 2763 4358 Baudelii,
2804 4317 2822 4350 ι
2858 4300 2946 4367 qui
2987 4300 3421 4368 comprehensus,
3450 4322 3572 4361 cum

2007 4368 2303 4423 sacriticare
2334 4368 2518 4432 nollet,
2542 4376 2594 4421 et
2624 4370 2675 4421 in
2708 4368 2809 4422 lide
2848 4370 3135 4425 immobilis
3189 4370 3327 4425 inter
3355 4377 3572 4431 verbera

2007 4449 2058 4493 et
2091 4447 2346 4493 tormenta
2395 4438 2717 4511 persisteret,
2764 4441 3003 4508 martyrii
3053 4455 3305 4495 coronam
3339 4446 3567 4511 pretiosa

2009 4518 2189 4578 morte
2207 4510 2457 4578 suscepit.
2497 4524 2516 4558 ι
2554 4505 2810 4571 υδυλιωη
2840 4505 2971 4563 Atio.

2085 4582 2107 4608 θ
2137 4577 2343 4630 Manlii.
2366 4577 2611 4631 "Molanus
2639 4580 2689 4631 in
2720 4593 2828 4633 SUIS
2866 4582 2935 4632 ad
2966 4579 3258 4636 Usuardum
3289 4581 3569 4638 additioni-

2009 4648 2106 4701 bus
2152 4650 2339 4700 stribit
2389 4649 2448 4702 S.
2475 4648 2721 4701 Manlium
2768 4650 2818 4700 in
2888 4649 3151 4702 Lusitania
3198 4650 3315 4702 villa
3364 4651 3570 4707 Miliana

2010 4733 2223 4791 passum
2251 4733 2263 4791 ς
2316 4718 2513 4791 notavit
2540 4727 2735 4791 _tainen
2762 4718 2902 4791 quod
2930 4720 2995 4771 de
3033 4733 3099 4791 e_o
3143 4718 3274 4791 dixit
3300 4719 3471 4774 littera
3503 4724 3568 4791 ρ,

2009 4784 2067 4841 ut
2093 4788 2352 4851 signiticet
2374 4801 2436 4840 ea
2470 4784 2649 4838 haberi
2676 4800 2738 4839 ex
2767 4787 2993 4853 quodam
3042 4787 3394 4841 Ecclesiaruin
3441 4784 3577 4846 Mar-

2010 4860 2272 4927 tyrologio
2301 4856 2540 4917 confuse,
2588 4870 2708 4907 cum
2736 4855 2941 4910 scilicet
2969 4856 3146 4911 dicere
3198 4873 3300 4910 non
3348 4870 3570 4925 poterat,

2006 4926 2155 4995 cujus
2187 4927 2395 4992 proprie
2417 4927 2479 4996 id
2505 4926 2754 4979 Ecclesia:
2792 4938 2955 4996 esset.
3006 4927 3291 4980 Eborcnsis
3322 4928 3573 4996 Ecclesia,

2011 4999 2060 5050 in
2089 4996 2241 5065 cujus
2271 4995 2513 5049 districtu
2563 5009 2647 5049 res
2670 4995 2914 5065 contigit,
2962 4996 3151 5050 festum
3177 4998 3236 5051 8.
3284 4998 3458 5052 Manlii
3488 4995 3574 5053 se?

2013 5068 2185 5119 lemne
2237 5066 2507 5119 celebrare
2551 5064 2771 5130 solebat,
2826 5064 2879 5119 et
2918 5077 3205 5121 etiamnum
3244 5068 3477 5122 celebrat
3503 5070 3565 5123 2!

2009 5138 2146 5190 Maii.
2193 5135 2454 5189 Bormann.

2142 5207 2308 5259 Verba
2348 5206 2483 5257 hisce
2542 5206 2862 5275 adjiciunt...
2891 5209 3159 5260 adderetur
3212 5206 3401 5261 desunt
3429 5207 3480 5263 in
3512 5207 3574 5268 L.

2080 5278 2105 5344 β
2130 5277 2404 5330 Basilicam.
2433 5276 2560 5341 Quae
2581 5293 2696 5329 cum
2724 5282 2898 5329 Aureo
2926 5278 3088 5344 pridie
3113 5276 3323 5331 colitur.

2082 5343 2103 5375 "
2137 5346 2364 5399 Gerrasii
2394 5359 2438 5397 et
2465 5346 2702 5399 Protasii.
2732 5348 2802 5399 lie
2826 5348 2904 5398 his
2927 5343 3044 5401 vide
3065 5348 3202 5400 diem
3232 5348 3296 5400 I0
3317 5346 3478 5402 Junii.

2091 5416 2101 5452 ί
2144 5416 2407 5469 Timothei.
2443 5416 2584 5467 Passi
2630 5418 2679 5468 in
2712 5417 3018 5470 Mauritania
3048 5416 3385 5483 Caesariensi,
3427 5418 3576 5487 juxta

2011 5489 2269 5542 Adonem.
3562 5524 3568 5532 ,

2084 5558 2096 5608 i
2133 5557 2417 5611 Britannia.
2456 5555 2703 5607 Dubitare
2733 5556 2919 5608 merito
2948 5558 3065 5622 quis
3112 5564 3308 5625 posset,
3351 5571 3418 5609 an
3465 5557 3576 5613 Bri-

2014 5628 2190 5682 tannia
2219 5643 2282 5679 cx
2320 5626 2621 5677 itaurttania
2654 5628 2784 5677 lat-ta
2834 5642 2935 5678 ttOlI
2964 5628 3053 5679 sit.

2084 5698 2107 5736 ι
2147 5697 2433 5750 Potiuutici.
2466 5696 2617 5759 Quod
2650 5714 2677 5747 a
2704 5698 2984 5751 festinante
3030 5698 3341 5752 amanuensi
3387 5698 3579 5752 scribi-

2014 5779 2095 5822 tur
2121 5786 2213 5839 pro
2246 5767 2395 5834 l’olii,
2431 5766 2655 5819 Eulicliii
2686 5766 2913 5819 diaconi.
