4240 6476
362 278 471 332 99.9

1466 276 1659 332 SECT.
1705 278 1766 331 ΙΙ.
1809 306 1876 317 -
1920 276 2487 333 MAIiTYROLOGIA.

3520 280 3625 334 930

1594 372 1822 425 EDI'I‘IO
1866 370 2347 423 GOLUNIENSIS.

361 476 467 529 quo
498 469 739 529 tempore
770 459 1136 515 Theodoricus
1169 476 1261 515 rex
1311 460 1445 515 duos
1496 474 1773 518 senatores
1814 477 1949 529 pr.r-
1977 468 2025 524 Α
2056 459 2327 513 Restituti.
2365 459 2454 513 Via
2497 461 2785 529 Tybuitina
2831 471 3033 530 septem
3080 476 3474 530 germanorum.
3503 461 3634 517 Tre-

361 553 556 615 claros,
589 561 642 607 et
662 552 910 607 consules
941 551 1318 621 Symmachum
1350 561 1402 605 et
1444 551 1683 606 Boetium
1713 551 1942 617 occidit;

360 643 449 711 qui
482 644 823 709 nonagesimo
853 652 1041 695 octavo
1070 642 1157 696 die
1198 652 1477 709 postquam
1528 657 1658 710 papa
1712 642 1946 697 Joannes

362 733 584 797 interiit,
618 733 796 787 subito
851 734 1133 787 defunctus
1190 743 1294 789 est.
1359 736 1526 801 Quem
1584 736 1702 803 quia
1756 736 1946 788 ortho-

362 824 534 878 doxus
587 834 746 889 erat,
801 836 856 879 et
914 841 941 878 a
1000 825 1209 880 Justino
1268 827 1588 894 imperatore
1649 827 1948 881 orthodoxo

361 915 881 983 Constantinopolim
915 916 1155 981 veniens,
1188 917 1419 985 gloriose
1442 926 1721 986 susceptus
1755 919 1946 984 fuerat,

365 1002 731 1058 Theudoricus
789 1020 879 1057 rex
938 1004 1167 1059 Arianus
1223 1018 1580 1061 revertentem
1639 1008 1946 1062 Ravennam

366 1097 418 1149 in
445 1098 683 1151 custodia
715 1099 1020 1159 tentum,ad
1041 1107 1263 1152 mortem
1298 1115 1465 1168 usque
1492 1117 1611 1156 cum
1639 1102 1757 1156 aliis
1798 1118 1950 1172 azqne

362 1188 639 1242 eatholicis
696 1190 822 1241 viris
873 1190 1132 1257 perduxit.
1192 1190 1355 1259 llujus
1435 1192 1678 1246 meminit
1732 1204 1950 1248 sanctus

365 1278 651 1346 Gregorius
682 1280 733 1332 in
766 1279 899 1333 libro
935 1280 1290 1347 Dialogorum.
1326 1280 1488 1350 Cujus
1527 1297 1723 1348 corpus
1776 1295 1952 1335 trans-

365 1372 553 1434 latum,
599 1371 864 1439 sepultum
895 1380 975 1424 est
1000 1372 1049 1424 in
1080 1372 1292 1426 basilica
1324 1373 1489 1426 Sancti
1521 1372 1665 1427 Petri
1692 1375 1948 1442 apostoli,

362 1465 547 1531 quinta
625 1461 850 1515 Kalend.
909 1462 1190 1527 Januarii,
1251 1464 1452 1518 Olibrio
1508 1465 1747 1519 consule.
1799 1465 1949 1533 Apud

364 1552 628 1607 Parisium
656 1556 820 1606 sancti
853 1552 1101 1605 Germani
1126 1554 1359 1621 episcopi
1390 1562 1445 1607 et
1481 1538 1831 1621 confessoris,
1858 1557 1949 1624 qui

368 1656 486 1711 pOSl.
540 1644 845 1696 innumeras
890 1643 1115 1699 virtutes
1160 1647 1534 1714 oetogenarius
1587 1649 1832 1717 migravit
1884 1651 1949 1704 ad

368 1736 669 1791 Dominum.
731 1736 784 1789 In
829 1736 1070 1790 Sardinia
1122 1748 1426 1792 sanctorum
1472 1738 1698 1807 AEmilii,
1729 1740 1940 1810 Felicis,

367 1824 582 1887 Priami,
619 1824 857 1877 Luciani.

440 1918 495 1970 ll.
532 1916 592 1969 IV
637 1916 768 1970 ΚΑι..
818 1914 980 1970 ιιυκιι.
1018 1948 1089 1960 -—
1144 1916 1325 1971 Romae
1378 1918 1456 1971 via
1515 1919 1725 1972 Aurelia
1772 1919 1939 1973 sancti

2050 551 2192 605 veris
2241 549 2378 604 beati
2405 550 2672 605 Maximini
2724 551 3036 622 episcOpiet
3082 554 3425 619 confessoris,
3468 567 3497 605 a
3529 568 3636 621 quo

2050 639 2376 695 Athanasius
2409 642 2829 710 persecutionem
2875 642 3171 697 ConSIantii
3207 643 3435 713 fugiens,
3468 645 3638 697 hono-

2051 729 2198 785 rifice
2254 741 2532 799 susceptus
2593 739 2693 785 est.
2755 732 2881 785 ltem
2954 734 3132 801 passio
3183 734 3348 787 sancti
3400 734 3636 788 Cononis

2052 821 2321 891 martyris,
2354 832 2406 874 et
2458 821 2546 874 lilii
2576 821 2695 889 ejus
2737 822 2836 875 sub
2866 823 3155 876 Aureliano
3205 824 3549 892 imperatore,
3582 824 3634 876 in

2053 913 2232 966 Iconio
2262 913 2497 978 civitate,
2531 912 2820 980 provincize
2844 913 3077 979 Isauriae,
3105 913 3287 982 judice
3314 916 3635 970 Domitiano.

2053 1005 2146 1059 Hic
2188 1020 2310 1059 cum
2340 1018 2482 1059 esset
2517 1005 2620 1060 fide
2654 1007 2964 1073 praeclarus,
3015 1006 3282 1059 exhibitus
3307 1005 3471 1075 judici
3516 1023 3636 1061 cum

2054 1097 2165 1150 ﬁlio
2205 1112 2304 1151 suo
2335 1111 2596 1151 annorum
2629 1097 2933 1162 duodecim,
2962 1097 3217 1165 Spiritum
3267 1111 3507 1151 sanctum
3540 1098 3638 1152 ba-

2054 1188 2221 1242 bitare
2274 1190 2325 1241 in
2387 1203 2445 1243 sc
2501 1188 2676 1242 veraci
2734 1188 3075 1243 confessione
3138 1189 3637 1244 manifestaverunt.

2054 1278 2179 1334 Inde
2238 1280 2490 1335 frixuram
2527 1285 2664 1349 [γιεεί
2702 1293 2867 1347 sunt,
2915 1293 2969 1336 et
3019 1283 3143 1336 inde
3191 1286 3432 1350 suSpensi
3468 1284 3641 1338 valido

2053 1371 2175 1442 igne
2212 1373 2311 1428 sub
2360 1374 2437 1427 eis
2485 1374 2750 1441 adhibito,
2785 1376 2980 1429 malleo
3027 1374 3091 1428 ad
3141 1388 3435 1428 extremum
3469 1376 3643 1443 ligneo

2055 1464 2298 1516 manibus
2326 1479 2509 1518 eorum
2559 1466 2826 1526 c0ntritis.
2854 1467 2905 1518 in
2940 1467 3092 1518 laude
3122 1466 3504 1535 omnipotentis
3551 1465 3640 1518 Dei

2053 1556 2301 1623 spiritum
2358 1558 2674 1610 emiserunt.
2718 1558 2917 1611 Eodem
2971 1558 3057 1611 die
3114 1559 3286 1611 natale
3334 1570 3639 1611 sanctorum

2054 1646 2257 1710 Sisinii,
2307 1648 2549 1718 Martyrii
2583 1657 2741 1716 atque
2789 1649 3101 1714 Alexandri,
3135 1650 3221 1717 qui
3255 1651 3306 1700 in
3358 1649 3644 1717 Augaunia:

2057 1740 2293 1806 partibus
2336 1741 2789 1809 persequentibus
2839 1740 3125 1809 gentilibus
3183 1740 3350 1804 viris,
3404 1742 3642 1812 martyrii

1974 1810 2022 1869 Β
2051 1824 2302 1883 coronam
2335 1832 2510 1897 adepti
2550 1842 2691 1885 sunt.

2123 1920 2182 1971 (3.
2242 1921 2304 1973 lll
2348 1921 2480 1975 KAL.
2527 1919 2689 1974 ⁸ιυιςιι.
2722 1921 3001 1975 -Ιὶοιιιω
3062 1922 3141 1973 via
3197 1922 3412 1976 Aurelia
3467 1921 3643 1976 natale

1588 2008 1815 2063 Ευιτιο
1856 2010 2360 2066 BOLLANDIANA.

368 2101 422 2157 in
449 2103 687 2157 custodia
718 2111 921 2156 tentnm
950 2103 1015 2156 ad
1046 2113 1272 2158 mortem
1306 2119 1474 2172 usque
1500 2118 1621 2158 eum
1648 2107 1767 2159 aliis
1798 2122 1947 2176 atque

368 2192 653 2247 catholicis
685 2195 952 2261 perduxit.
988 2192 1155 2262 llnjns
1187 2195 1430 2247 meminit
1467 2195 1527 2249 8.
1573 2196 1864 2267 Gregorius
1897 2199 1946 2251 in

369 2287 507 2341 libro
555 2286 936 2354 Dialogorum:
981 2286 1132 2354 cujus
1173 2300 1366 2351 corpus
1408 2287 1719 2339 translatum
1748 2289 1814 2342 de
1848 2290 1953 2342 Ra-

368 2396 536 2433 venna
569 2382 837 2448 sepultum
868 2390 951 2436 est
1002 2383 1051 2435 in
1093 2381 1307 2436 basilica
1355 2380 1414 2436 8.
1449 2382 1592 2436 Petri
1628 2398 1657 2435 ν
1687 2382 1951 2439 Kalendas

364 2471 514 2535 Julii,
539 2471 756 2541 Olybrio
786 2472 1025 2526 consule.

442 2563 601 2636 Deest
630 2564 909 2617 character
940 2567 1197 2636 temporis
1242 2566 1293 2619 in
1328 2565 1391 2622 V.
1421 2578 1472 2620 et
1505 2566 1603 2634 L.,
1636 2567 1804 2621 solius
1846 2568 1953 2622 diei

367 2633 420 2686 in
473 2633 534 2686 Τ.
568 2673 581 2696 ,
634 2646 800 2699 totum
852 2633 1078 2704 elogium
1136 2637 1361 2703 ipsaque
1412 2641 1673 2691 memoria
1728 2638 1954 2692 Juniinis

369 2717 518 2772 papa:
553 2706 601 2756 in
635 2707 699 2757 A.

446 2773 528 2834 8.,
562 2775 616 2827 In
652 2776 898 2829 Sardinia
948 2774 1157 2841 Entilii,
1198 2776 1419 2838 Felicis,
1453 2778 1680 2841 Priami,
1717 2779 1953 2833 Lneiani.

441 2861 532 2916 20.
564 2894 635 2904 -
670 2866 728 2919 IV
765 2865 900 2921 ΚΑΙ..
929 2868 983 2920 In
1014 2867 1250 2922 Treviris
1283 2873 1308 2901 ⁸
1338 2869 1605 2923 Maximini
1636 2872 1869 2940 episcopi
1900 2881 1955 2925 et

370 2953 719 3009 confessoris.

440 3046 603 3101 Addit
633 3048 821 3102 Florus
852 3049 902 3103 in
937 3050 1001 3104 A.
1034 3048 1097 3103 Τ.
1135 3049 1197 3104 L.
1219 3092 1232 3115 ,
1265 3049 1363 3117 Qui
1415 3067 1640 3123 magnus
1669 3054 1957 3107 advocatus

375 3141 572 3208 populo
604 3155 701 3193 suo
726 3140 932 3209 magnis
961 3155 1019 3195 se
1052 3141 1336 3195 virtutibus
1364 3144 1671 3197 declaravit.
1699 3145 1762 3197 Et
1788 3144 1958 3211 primo

368 3231 536 3286 loco:
572 3233 724 3302 Apud
766 3235 1062 3289 thsaream
1110 3235 1285 3304 passio
1327 3234 1387 3290 S.
1432 3236 1613 3306 Cyrilli
1663 3238 1962 3307 (hucusque

2059 2107 2121 2161 L.
2149 2107 2168 2176 )
2195 2147 2209 2169 ,
2240 2107 2325 2174 qui
2355 2106 2423 2159 ob
2452 2105 2645 2159 Christi
2682 2106 2838 2159 fidem
2886 2105 3071 2158 mortis
3109 2103 3429 2159 detrimenta
3475 2108 3640 2164 libere

2063 2199 2318 2266 suscepit.

2137 2309 2192 2362 Β.
2223 2307 2287 2362 Τ.
2314 2348 2328 2370 ,
2364 2306 2545 2361 Romae
2575 2307 2765 2360 natalis
2793 2306 2850 2361 8.
2883 2310 2910 2348 b
2945 2307 3211 2361 Restituti.
3242 2308 3299 2361 Β.
3324 2350 3337 2369 ,
3372 2308 3432 2363 Ει
3467 2310 3644 2366 natale

2064 2390 2267 2443 septem
2300 2386 2321 2413 ο
2351 2393 2750 2445 germanorum.
2788 2377 2873 2438 V.,
2908 2377 3071 2429 Roma
3105 2380 3186 2431 via
3222 2380 3433 2432 Aurelia
3468 2380 3641 2434 Ilesti-

2069 2460 2192 2502 tota:
2223 2466 2235 2501 :
2265 2462 2469 2514 septem
2498 2463 2869 2515 germanorum
2902 2465 2915 2499 :
2947 2459 2996 2498 et
3021 2448 3283 2501 dedicatio
3312 2450 3365 2500 8.
3397 2449 3643 2504 Clemen-

2063 2524 2149 2571 tis.
2200 2521 2291 2583 B.,
2340 2521 2392 2569 In
2444 2520 2617 2570 Africa
2664 2528 2772 2570 nat.
2804 2518 2900 2571 SS.
2939 2520 3096 2571 I’rimi
3123 2560 3135 2580 ,
3172 2520 3434 2583 Accidiaz,
3469 2521 3641 2574 Passi-

2063 2591 2235 2651 moni,
2280 2599 2330 2640 et
2374 2590 2597 2641 aliorum
2631 2588 2656 2627 ἀ
2688 2588 3062 2657 quinquaginta
3099 2590 3274 2640 trium.
3310 2592 3360 2642 In
3394 2592 3635 2646 Ctesarea

2062 2660 2407 2729 Cappadocia:
2453 2671 2563 2710 nat.
2703 2660 2885 2727 Cyrilli
2909 2698 2923 2720 ,
2961 2658 3210 2723 Priinoli,
3240 2668 3294 2712 et
3330 2658 3566 2714 Vennsti.

2131 2771 2222 2824 50.
2251 2802 2321 2812 —
2350 2771 2411 2825 lll
2443 2770 2575 2825 KAL.
2613 2771 2775 2824 Vacat
2808 2771 2979 2825 Batda.

2138 2888 2241 2950 D.,
2297 2886 2394 2939 Via
2450 2885 2769 2955 Anreliaiin
2826 2885 3134 2938 cmmeterio
3167 2894 3190 2922 θ
3222 2884 3415 2939 Felicis
3471 2900 3639 2955 papae.

2068 2956 2326 3011 Turribus
2364 2957 2623 3011 Sardinia)
2668 2954 2855 3011 Gabini
2888 2966 2941 3009 et
2992 2955 3242 3022 Crispuli.
3294 2956 3388 3021 8.,
3435 2956 3487 3011 In
3517 2960 3642 3011 S-ir-

2065 3028 2205 3080 dinia
2251 3028 2424 3080 natale
2478 3027 2576 3080 SS.
2616 3024 2851 3079 fGabini
2880 3067 2894 3087 ,
2946 3025 3192 3094 Crispuli.
3233 3025 3315 3090 V.,
3367 3030 3642 3083 Antiochia

2066 3097 2325 3163 Palatini,
2356 3099 2445 3165 qui
2478 3098 2638 3149 multa
2690 3106 2951 3149 tormenta
2997 3111 3184 3165 passus
3212 3106 3313 3151 est.
3351 3104 3375 3140 8
3408 3098 3640 3159 Gavisii,

2066 3169 2343 3236 Scrispuli.
2377 3164 2456 3220 7A.
2504 3167 2607 3227 T.,
2655 3166 2836 3218 Romae
2885 3166 2985 3219 88.
3021 3164 3044 3201 ιι
3079 3167 3314 3219 Processi
3363 3178 3415 3219 et
3462 3169 3644 3222 Marti-

2068 3240 2229 3290 nian't.
2284 3241 2347 3290 A.
2381 3238 2441 3291 T.
2476 3236 2576 3302 L.,
2626 3236 2682 3289 In
2732 3237 2970 3303 Aquileia
3022 3238 3197 3290 natale
3245 3237 3342 3289 SS.
3384 3236 3397 3273 ί
3433 3239 3637 3300 Cantii,

1765 3327 1968 3381 SMl’I‘ll
2010 3327 2236 3381 NOTAE.

443 3421 468 3449 ⁸
511 3415 809 3471 Maximini.
852 3417 1091 3472 Interfuit
1130 3418 1213 3472 hic
1268 3418 1492 3473 concilio
1542 3420 1953 3487 Agrippinensi,
1987 3423 2031 3484 C
2065 3421 2216 3475 licem
2245 3437 2258 3485 ;
2292 3429 2346 3475 et
2378 3420 2446 3473 ita
2478 3419 2601 3472 anni
2635 3419 2703 3485 5,
2740 3433 2950 3472 nienses
2986 3418 3041 3472 ll
3069 3459 3083 3481 ,
3117 3417 3231 3471 dies
3271 3415 3377 3479 25,
3425 3434 3637 3483 possent

365 3487 649 3541 celebrato
681 3499 798 3556 post
826 3490 1159 3542 consulatum
1195 3489 1426 3543 Amantii
1473 3497 1526 3544 et
1572 3489 1745 3544 Albini
1772 3531 1785 3552 ,
1816 3506 1956 3543 anno

364 3558 491 3612 546.
538 3557 610 3611 De
649 3558 837 3613 eodem
880 3558 1096 3629 llieron.
1141 3561 1192 3612 in
1236 3560 1525 3625 Chronico,
1550 3562 1729 3629 aitque
1774 3562 1842 3613 ab
1891 3576 1955 3613 eo

367 3637 674 3695 susceptum
720 3629 952 3695 hospitio
999 3627 1058 3682 S.
1108 3629 1495 3694 Athanasium,
1542 3627 1660 3685 cum
1707 3630 1954 3685 Treveris

362 3701 633 3769 exsulat-et
664 3738 678 3761 ,
728 3702 815 3767 qui
868 3700 1065 3754 ibidem
1121 3700 1318 3753 mansit
1369 3702 1574 3769 integro
1633 3702 1844 3755 biennio
1895 3711 1950 3755 et

368 3768 642 3823 mensibus
667 3780 916 3837 quatuor,
952 3777 1010 3822 nt
1037 3771 1221 3824 scribit
1246 3768 1615 3825 Theodoretus
1644 3772 1779 3825 Hist.
1806 3787 1864 3835 ll,
1896 3771 1946 3824 l.

368 3839 614 3892 Praesens
664 3839 757 3892 fuit
803 3841 942 3894 idem
988 3839 1309 3894 Maximinus
1352 3842 1581 3895 concilio
1628 3842 1943 3895 Sardiceno.

366 3909 427 3981 8.
462 3910 780 3963 Athanasius
804 3925 922 3963 cum
954 3921 1202 3964 recenset
1228 3914 1505 3980 episcopos
1533 3913 1821 3966 Galliarum
1849 3913 1938 3981 qui

366 3980 495 4032 illuc
523 3990 920 4044 convenerunt,
958 3982 1126 4048 primo
1159 3981 1275 4034 locii
1304 3985 1453 4049 ponit
1495 3983 1833 4036 Maximinum
1884 3984 1934 4035 in

366 4051 593 4118 Apolog.
619 4066 687 4115 ιι,
716 4052 817 4101 eol.
846 4050 970 4104 425.
1001 4051 1238 4104 Mortuus
1265 4065 1345 4107 est
1372 4054 1610 4120 ejusdem
1639 4053 1936 4107 Constantii

365 4120 496 4184 imp.
548 4122 902 4185 temporibus,
950 4130 1008 4174 iit
1049 4131 1264 4175 constat
1293 4138 1354 4176 ex
1387 4126 1576 4177 eodem
1609 4126 1899 4177 Athanasio
1921 4165 1935 4186 ,

365 4190 420 4244 in
470 4190 693 4259 Apolog.
743 4193 805 4243 ad
852 4192 1132 4245 CmIStant.
1187 4192 1377 4245 Passus
1421 4204 1478 4247 et
1524 4195 1635 4261 ipse
1668 4197 1845 4261 gravia
1875 4196 1941 4246 ab

362 4261 555 4314 eodem
600 4260 955 4329 imperatore,
1003 4276 1067 4316 eo
1115 4264 1255 4330 quod
1290 4263 1493 4317 faveret
1537 4260 1856 4329 catholicis,
1889 4273 1943 4317 et

365 4332 700 4402 impugnaret
750 4332 1069 4402 haereticos,
1123 4341 1180 4385 ut
1231 4333 1423 4387 diffuse
1476 4334 1660 4387 scribit
1716 4335 1941 4402 Niceph.

366 4401 504 4455 Hist.
538 4417 625 4465 ιιι,
662 4402 746 4455 l2.
780 4402 833 4455 lu
882 4401 1074 4455 tabulis
1122 4403 1496 4471 episcoporum
1545 4404 1938 4458 Trevirensium

362 4455 650 4543 ascrihitur
714 4474 1029 4527 Maximinus
1085 4455 1389 4541 vigesimiis
1427 4455 1643 4528 sextus”
1666 4455 1945 4543 episcopus
1979 4455 2024 4512 θ

360 4545 501 4608 apud
554 4542 805 4598 Democh.

438 4616 467 4652 ι)
499 4610 755 4665 Restituti.
793 4614 885 4667 llic
915 4627 1162 4669 narratur
1196 4630 1381 4682 passus
1424 4631 1540 4668 esse
1588 4615 1686 4666 sub
1732 4613 1946 4668 Docie-

364 4684 533 4747 tiano,
565 4684 958 4753 damnatusque
988 4688 1056 4739 ab
1082 4685 1510 4754 ilermogeniano
1539 4685 1786 4745 prail'eeto
1815 4702 1945 4749 pne-

363 4754 531 4815 torio,
562 4755 630 4808 de
657 4768 763 4821 quo
793 4759 1012 4810 consule
1044 4766 1242 4809 tomum
1274 4756 1564 4810 secundum
1602 4755 1807 4807 Barouii
1841 4763 1945 4808 An-

362 4823 587 4887 nalium,
605 4840 745 4877 anno
776 4824 905 4879 501.

440 4900 462 4928 °
497 4893 887 4949 Germanorum.
924 4898 1159 4961 Quorum
1196 4898 1513 4964 martyrium
1562 4897 1638 4949 via
1670 4896 1943 4949 Tiburtina

359 4972 791 5018 cmisuminatnm
826 4967 959 5019 infra
994 4968 1294 5021 celebratur
1327 4968 1412 5019 die
1443 4983 1585 5020 xxvn
1616 4966 1773 5019 Junii.

437 5037 462 5076 ά
484 5033 900 5107 Quinquaginta.
936 5038 1288 5107 Hieronymus
1319 5040 1370 5088 in
1401 5038 1772 5107 Martyrologio
1794 5052 1890 5089 suo
1914 5052 1945 5090 a

363 5100 808 5177 Dachgrio'edito
842 5109 1003 5161 habet
1032 5100 1243 5160 ceninm
1280 5100 1657 5177 quinquaginta
1687 5100 1873 5161 Trium.

444 5181 467 5244 ἐ
498 5172 711 5229 Felicis.
765 5180 988 5231 Natione
1044 5178 1267 5230 llomani
1299 5172 1363 5231 ex
1414 5172 1561 5244 patre
1591 5179 1908 5231 Consmnno
1930 5218 1943 5239 ,

362 5242 457 5316 qui
486 5248 624 5316 sedit
654 5264 821 5299 annos
851 5250 1118 5316 quinque,
1155 5263 1367 5302 menses
1408 5242 1655 5302 undecim
1678 5292 1692 5313 ,
1724 5248 1840 5301 dies
1873 5250 1919 5300 vi

361 5313 497 5381 ginti
525 5318 777 5385 quinque.
815 5313 933 5371 Fuit
966 5313 1297 5386 temporibus
1324 5318 1528 5372 Claudii
1557 5334 1607 5371 et
1639 5320 1943 5380 Aureliani,

365 5399 399 5433 ιι
451 5387 727 5439 consulatu
777 5388 984 5441 Claudii
1033 5403 1083 5441 et
1134 5389 1381 5451 I’aterni,
1413 5404 1578 5456 usque
1607 5394 1671 5442 ad
1704 5391 1943 5441 consula-

365 5464 480 5526 tum
514 5457 779 5510 Aureliani
808 5471 861 5512 et
887 5460 1195 5526 Capitolini.
1232 5458 1463 5512 Fuerunt
1495 5470 1671 5513 autem
1699 5462 1946 5512 consules

362 5525 497 5591 imp.
535 5528 782 5581 Aurelius
813 5525 1065 5582 Claudios
1098 5546 1132 5583 ιι
1165 5541 1216 5582 et
1243 5528 1469 5583 Ovinius
1512 5527 1774 5583 Pateruns
1806 5546 1947 5583 anno

362 5594 514 5670 2oz);
567 5598 662 5670 sed
711 5616 868 5666 quem
924 5610 1091 5653 totum
1144 5600 1428 5667 occupavit
1477 5611 1670 5667 printer
1715 5602 1947 5670 quinque

362 5665 586 5719 ultimos
613 5668 755 5731 dies,
789 5671 1039 5723 decessor
1074 5665 1353 5738 Dionysius
1387 5687 1399 5733 ;
1433 5665 1489 5722 ut
1536 5673 1615 5721 vel
1661 5665 1781 5723 inde
1828 5665 1947 5733 pos-

362 5749 551 5792 Senius
583 5740 839 5809 suspicari
873 5742 1012 5794 illius
1046 5744 1222 5793 forsan
1265 5741 1516 5794 vicarium
1551 5742 1714 5795 fuisse
1748 5742 1803 5794 S.
1843 5743 1944 5795 Fe—

2065 3491 2246 3544 haberi
2299 3505 2464 3559 usque
2508 3490 2573 3542 ad
2606 3505 2714 3542 xxx
2747 3489 2898 3552 Maii,
2934 3504 3039 3556 quo
3088 3489 3512 3559 dieinscriptus
3557 3503 3641 3544 est

2063 3561 2295 3630 antiquis
2340 3558 2746 3629 Martyrologiis.
2802 3560 2979 3613 Ultimi
3022 3558 3271 3613 consules
3304 3560 3430 3625 imp.
3467 3562 3633 3616 Aure-

2064 3632 2237 3685 lianus
2269 3646 2307 3683 tt
2335 3640 2387 3684 et
2417 3631 2475 3685 C.
2507 3630 2681 3683 Julius
2708 3630 3036 3697 Capitolinus
3070 3630 3282 3681 fuertmt
3312 3644 3451 3681 anno
3481 3632 3588 3685 276
3615 3672 3631 3693 ,

2061 3704 2197 3755 ultra
2230 3717 2389 3770 quem
2437 3717 2632 3754 annum
2668 3702 2797 3753 vixit
2840 3702 2899 3754 S.
2933 3701 3079 3753 Felix
3125 3715 3292 3770 usque
3332 3700 3402 3770 ad
3453 3702 3641 3767 praefa-

2063 3780 2170 3825 tum
2218 3769 2318 3824 xxx
2352 3772 2469 3824 Maii
2522 3771 2645 3824 anni
2694 3771 2983 3839 sequentis.
3031 3769 3269 3839 Catalogi
3330 3769 3640 3827 Pontificum

2056 3843 2195 3910 apud
2231 3844 2670 3909 l’apebrot-liiuin.

2132 3913 2150 3950 τ
2179 3912 2385 3966 Gabini.
2419 3913 2479 3965 lli
2504 3912 2643 3979 passi
2668 3921 2791 3965 sunt
2818 3912 2916 3963 sub
2939 3910 3195 3963 Adriano.
3224 3910 3441 3962 Potatur
3461 3920 3634 3965 autem

2052 3983 2162 4037 haec
2181 3998 2300 4039 esse
2319 3983 2433 4035 dies
2457 3982 2838 4045 translationis,
2862 3998 2980 4034 nam
2996 3989 3109 4033 dies
3133 3979 3319 4033 natalis
3341 3984 3512 4035 aeitur
3529 3998 3634 4036 xxv

2048 4054 2315 4114 Octobris,
2349 4053 2486 4104 unde
2518 4063 2571 4105 et
2602 4053 2751 4105 Sardi
2788 4067 3025 4104 mensem
3058 4052 3339 4103 Urloltrettt
3366 4052 3631 4106 (Bubilium

2049 4134 2261 4177 vocant.
2291 4125 2381 4175 Est
2411 4123 2570 4175 etiam
2601 4122 2824 4176 celebris
2854 4122 2990 4188 apud
3020 4136 3109 4174 eos
3139 4120 3254 4175 dies
3285 4121 3634 4174 dedicationis

2048 4195 2163 4261 ejus
2191 4194 2451 4250 ecclesiae.
2479 4193 2631 4245 facta:
2660 4202 2845 4259 quarta
2873 4192 2988 4244 Maii
3020 4206 3161 4243 anno
3184 4190 3310 4243 517.
3337 4192 3629 4259 Gregorius

2053 4264 2104 4316 in
2140 4265 2369 4331 liegistr.
2398 4264 2532 4315 libro
2554 4262 2802 4328 Septimo,
2835 4272 2993 4330 epist.
3020 4263 3073 4324 7,
3103 4263 3341 4314 meminit
3369 4276 3632 4318 monaste-

2053 4335 2113 4388 rii
2147 4339 2362 4388 nomine
2390 4335 2487 4389 SS.
2525 4332 2733 4385 Gabinii
2764 4343 2819 4387 et
2850 4332 3064 4385 Luxorii
3099 4336 3148 4384 in
3181 4332 3449 4385 Saidiuia.

2124 4415 2148 4449 κ
2181 4403 2393 4457 Gavisii.
2432 4406 2491 4457 Et
2524 4404 2803 4471 Scrispuli.
2836 4404 3050 4457 [lectius
3078 4402 3265 4457 Gabini
3295 4413 3348 4457 et
3374 4402 3628 4469 Crispuli.

2125 4473 2153 4511 ιι
2188 4474 2444 4531 Processi.
2476 4472 2537 4528 lli
2569 4475 2834 4540 prmeipue
2880 4476 3012 4527 infra
3057 4474 3301 4527 coluntur
3346 4488 3395 4525 Vl
3445 4472 3619 4527 Nonae

2051 4544 2177 4599 Julii
2197 4587 2212 4605 ,
2244 4548 2400 4601 etiam
2428 4544 2513 4598 die
2542 4547 2806 4613 sequenti.
3179 4582 3184 4588 ι

2129 4615 2145 4653 ί
2181 4617 2369 4670 Cantii.
2400 4612 2643 4669 Canttani
2670 4627 2720 4669 et
2745 4613 3076 4669 Cantianillm
3102 4612 3338 4681 germani
3370 4623 3632 4682 martyres

2052 4688 2189 4756 apud
2228 4689 2521 4755 Aquileiam
2558 4686 2697 4749 passi
2726 4694 2851 4737 Sunt
2880 4685 2982 4737 sub
3015 4684 3345 4756 Diocletiano
3375 4694 3428 4737 et
3459 4684 3623 4737 Maxi-

2052 4753 2229 4810 niiano
2264 4753 2672 4823 imperatoribus
2693 4795 2707 4816 ,
2740 4756 3019 4822 agentibus
3052 4753 3285 4805 Dulcicio
3317 4756 3541 4819 praiside
3570 4764 3623 4806 et

2051 4826 2288 4881 Sisinnio
2318 4822 2531 4879 comite.
2565 4825 2624 4877 lli
2654 4826 2721 4877 de
2749 4838 2945 4892 genere
2970 4822 3146 4875 Carini
3175 4825 3514 4890 imperatoris
3545 4840 3633 4877 ur—

2055 4898 2135 4950 bis
2167 4900 2351 4950 liomae
2380 4898 2522 4949 cives
2556 4897 2974 4962 persecutionem
3008 4894 3290 4959 fugientes,
3323 4895 3625 4961 Aquileiam

2054 4968 2383 5021 devenerunt
2412 4983 2426 5018 :
2461 4965 2550 5018 ubi
2585 4965 2795 5018 cuidam
2831 4967 2990 5018 Proto
3020 4979 3183 5016 sacra:
3220 4964 3507 5031 Scriptura:
3538 4965 3631 5015 do-

2058 5038 2189 5089 ctori
2214 5052 2332 5089 sese
2356 5036 2732 5105 adjunxerunt.
2762 5036 2988 5104 Cognito
3014 5042 3187 5086 autem
3217 5037 3355 5101 quod
3388 5035 3452 5086 ibi
3484 5032 3630 5086 Chri-

2062 5119 2201 5159 stum
2230 5108 2437 5173 publice
2467 5113 2797 5172 nuntiarent,
2826 5108 3173 5172 imperatores
3205 5107 3383 5157 i-oniiii
3416 5116 3465 5157 et
3499 5121 3634 5171 prie-

2057 5180 2156 5230 sidi
2191 5180 2561 5230 auc.oritatem
2592 5176 2851 5230 dederunt
2873 5218 2886 5241 ,
2920 5184 2976 5228 ut
3003 5176 3047 5228 si
3078 5177 3379 5227 Sacrilicare
3411 5177 3637 5241 nollent,

2057 5250 2230 5316 Capite
2264 5251 2600 5315 punirentur.
2634 5248 2784 5313 Quod
2813 5264 2931 5300 cum
2986 5247 3042 5299 Β.
3094 5256 3354 5314 martyres
3396 5247 3633 5297 audivis-

2057 5327 2209 5381 sent,
2243 5335 2344 5370 una
2372 5334 2491 5370 enin
2527 5317 2717 5383 Proto,
2765 5332 2987 5371 ascenso
3032 5316 3307 5380 vehiculo,
3340 5316 3639 5383 Aquileiam

2056 5390 2257 5453 egressi
2290 5388 2580 5457 fugiebant.
2611 5388 2760 5453 Quos
2792 5402 2966 5442 tamen
2995 5385 3256 5438 Sisimiius
3285 5398 3333 5439 et
3366 5386 3638 5440 Dulcicius

2060 5460 2404 5528 insequentes
2440 5462 2502 5510 ad
2552 5462 2728 5525 Aquas
2779 5458 3036 5511 Gradatas
3078 5458 3631 5528 comprehenderunt,

2061 5538 2115 5583 et
2143 5532 2191 5582 iit
2223 5532 2410 5581 eotlem
2449 5532 2565 5581 loco
2597 5530 2949 5582 decollarunt.
2984 5531 3214 5593 Corpora
3249 5543 3431 5580 eorum
3464 5542 3492 5579 a
3530 5527 3641 5579 Ze-

2060 5615 2198 5653 none
2234 5600 2543 5668 presbytero
2571 5599 2794 5651 collecta
2818 5641 2831 5655 .
2864 5597 3001 5664 apud
3036 5598 3202 5665 ip~am
3242 5598 3516 5650 civitatem
3557 5604 3640 5645 tu-

2054 5673 2252 5723 inulata
2302 5680 2448 5723 sunt.
2498 5669 2709 5721 l’tzrnUs
2758 5682 2827 5721 nl
2871 5672 3077 5722 NATAL.
3111 5668 3364 5722 Colttnlttr
3413 5670 3499 5722 dte
3549 5686 3633 5720 se.

2054 5742 2233 5808 qneutl
2265 5742 2330 5793 ab
2365 5741 2604 5795 Usuai'do
2627 5781 2641 5801 ,
2675 5741 2855 5794 Adoiie
2877 5780 2891 5805 ,
2923 5749 3026 5794 etc.
