4240 6464
337 296 439 350 97:3

1433 299 1625 353 SECT.
1672 301 1733 352 Il.
1777 330 1846 341 -——
1887 302 2440 357 MAR'I‘YROLOGIA.
3480 324 3582 377 934

1577 411 1803 464 EDITIO
1844 412 2304 470 COLONIENSIS.

342 500 629 554 Marcellini
663 499 987 570 presbyteri,
1017 512 1067 554 et
1098 501 1235 554 Petri
1268 504 1566 565 exorcistre,
1601 504 1686 569 qui
1717 505 1909 556 multos
1942 514 1985 566 Λ
2017 505 2291 573 sulphure,
2326 506 2562 574 plumbo,
2596 509 2727 575 pice,
2760 521 2884 564 cera
2912 550 2927 575 ,
2973 509 3195 577 oleoque
3228 509 3413 563 solutis
3467 525 3589 580 per-

344 595 394 647 itt
424 606 637 645 carcere
659 591 721 644 ad
764 591 919 646 fidem
946 592 1271 657 erudientes,
1300 608 1413 661 post
1438 596 1550 648 dira
1581 596 1785 647 vincula
1807 638 1820 662 ,
1865 607 1918 651 et

346 678 570 744 plurima
604 689 867 734 tormenta
900 682 1145 735 decollati
1185 694 1308 736 sunt
1339 686 1437 736 sub
1462 685 1639 754 judice
1671 685 1876 739 Sereno
1903 701 1915 748 ;

347 780 397 821 et
423 771 509 835 qui
545 784 639 822 eos
687 769 992 834 decollavit,
1022 773 1157 825 vidit
1203 774 1408 827 animas
1436 790 1617 827 eorum
1646 776 1920 841 Splendida

349 876 562 920 ornatas
592 868 654 921 ab
699 867 915 937 Angelis
966 869 1091 923 ferri
1131 871 1194 921 ad
1248 871 1433 933 colos,
1473 882 1524 922 et
1562 872 1919 937 pmnitentiam

349 972 509 1025 agens
539 957 639 1010 sub
661 956 800 1010 Julio
822 973 950 1027 papa
978 959 1270 1027 baptizatus
1292 970 1373 1013 est
1415 961 1468 1013 in
1508 973 1778 1014 sonecntte
1804 976 1918 1021 sua,

354 1050 566 1101 nomine
606 1040 939 1103 Theodorus.
985 1051 1223 1119 Lugduni
1266 1062 1462 1105 sancta:
1506 1052 1771 1106 Blandittae
1802 1067 1922 1105 cum

357 1142 596 1195 undecim
647 1149 701 1194 et
749 1155 870 1195 octo
928 1144 1286 1211 martyribus,
1339 1143 1492 1213 cujus
1532 1160 1557 1196 a
1590 1143 1757 1207 prima
1810 1144 1926 1195 luce

360 1246 520 1294 usque
550 1232 616 1284 ad
644 1247 917 1299 vesperam
951 1243 1209 1286 tormenta
1244 1248 1462 1300 semper
1488 1235 1824 1294 innovantcs,
1861 1232 1923 1284 ad

360 1318 596 1372 ultimum
628 1320 795 1372 victos
825 1336 884 1373 se
928 1331 1155 1373 tortores
1196 1324 1541 1379 confitentur;
1572 1338 1689 1388 quae
1736 1330 1789 1373 et
1838 1336 1925 1373 se-

357 1409 531 1463 cundo
563 1411 785 1476 pulsata,
835 1411 1066 1463 cruciata
1108 1426 1209 1461 non
1253 1419 1551 1473 superatur.
1585 1407 1767 1461 Tertio
1792 1423 1925 1475 quo-

359 1514 463 1567 que
491 1498 579 1552 die
609 1500 825 1569 religata
858 1502 921 1552 ad
945 1502 1195 1565 stipitem,
1227 1511 1386 1567 atque
1429 1503 1477 1552 in
1509 1500 1681 1553 crucis
1714 1501 1926 1551 modum

361 1593 607 1657 distenta,
659 1593 839 1645 bestiis
892 1594 1136 1658 pabulum
1188 1606 1533 1661 prwparatur.
1588 1595 1753 1659 Quam
1808 1608 1928 1647 cum

364 1683 504 1736 nulla
535 1698 597 1737 ex
637 1682 818 1737 be5tiis
857 1688 1078 1737 auderet
1125 1694 1357 1752 tangere,
1394 1701 1600 1737 rursum
1656 1695 1931 1738 revocatur

364 1777 426 1828 ad
455 1788 756 1838 carcerem;
789 1788 976 1843 quarto
1006 1777 1166 1830 etiam
1196 1778 1503 1831 verberibus
1533 1791 1667 1839 aeta,
1699 1780 1928 1830 cretico-

2022 598 2189 661 fusus,
2220 598 2414 665 ingenti
2458 597 2711 651 miraculo
2744 600 2938 652 illresus
2983 601 3245 666 apparuit.
3278 602 3429 665 Quod
3472 617 3592 654 cum

2021 686 2170 739 multi
2203 686 2463 747 viderent,
2501 688 2655 739 fidem
2683 687 2875 742 CbtiSti
2902 689 3110 756 rejectis
3148 689 3306 743 idolis
3340 704 3593 759 suscepe-

2023 788 2161 830 runt.
2214 778 2339 830 Inde
2386 779 2645 832 intnteusu
2697 783 2929 847 pondere
2959 782 3083 834 ferri
3133 783 3491 846 constrictus,
3543 784 3594 836 itt

2023 883 2238 920 t-arecre
2268 869 2510 920 reclusus
2541 870 2638 920 sub
2680 870 2791 921 dira
2822 872 3058 923 custodia
3089 881 3188 935 est,
3217 873 3283 924 de
3309 886 3407 939 qua
3438 886 3597 939 ange-

2026 958 2123 1011 lica
2168 958 2471 1011 visitatione
2501 959 2707 1011 solutus
2735 961 2973 1026 eripitur.
3028 961 3219 1015 Verum
3263 956 3594 1028 postmodum

2025 1051 2319 1102 clarissima
2364 1052 2395 1110 ii
2418 1052 2526 1102 sitis
2557 1055 2690 1103 tanta
2720 1056 2992 1119 vulgante,
3027 1064 3198 1107 tentus
3229 1065 3307 1107 est
3332 1054 3399 1106 ab
3426 1054 3597 1108 altero

2024 1138 2344 1205 imperatore
2385 1138 2720 1202 Maximiano,
2746 1156 2773 1191 a
2805 1156 2910 1207 quo
2940 1140 3166 1194 diversis
3193 1140 3465 1207 suppliciis
3488 1150 3596 1194 tor-

2029 1241 2110 1281 tus
2141 1229 2299 1282 estin
2337 1241 2559 1291 tantunt,
2606 1240 2657 1283 ιιι
2705 1231 2878 1283 tmtica
2925 1232 3082 1297 ignita
3128 1249 3264 1283 atrea
3295 1233 3598 1292 vestiretur,

2031 1322 2330 1388 iterumque
2362 1323 2412 1374 itt
2462 1322 2588 1386 olla,
2623 1338 2741 1388 qum
2773 1324 3010 1389 plumbo,
3046 1325 3182 1389 pice,
3229 1338 3372 1388 cera,
3404 1324 3598 1386 resina,

2029 1413 2147 1465 oleu
2180 1412 2466 1467 fervefacta
2500 1423 2650 1478 erat,
2713 1414 2906 1467 misstts
2939 1415 3131 1467 virtute
3172 1414 3377 1468 Domini
3425 1416 3598 1469 omnia

2029 1516 2285 1568 superans
2317 1505 2515 1556 illtesus
2543 1504 2734 1556 exinde
2770 1504 3136 1571 progreditur;
3168 1505 3350 1573 sicque
3391 1506 3600 1559 tandem

2030 1596 2093 1646 ad
2144 1595 2564 1647 confirmandum
2623 1605 2843 1647 casteros
2875 1610 2900 1645 a
2936 1595 3165 1647 Domino
3211 1606 3493 1659 servatus,
3553 1596 3602 1648 in

2033 1682 2370 1748 Campaniam
2406 1684 2636 1736 munitus
2666 1685 2903 1749 angelico
2949 1685 3140 1738 solatio
3190 1686 3471 1752 pervenit:
3519 1687 3603 1738 ubi

2032 1792 2152 1831 cunt
2179 1776 2428 1844 plurimos
2456 1777 2569 1829 sive
2612 1778 2661 1828 in
2709 1776 2809 1830 lide
2858 1776 3181 1841 roborasset,
3211 1778 3323 1831 sive
3350 1778 3413 1831 ad
3450 1778 3604 1831 fidem

366 1868 429 1920 Iis
454 1877 658 1927 exui-ta.
689 1880 743 1920 et
782 1872 947 1922 multa
970 1870 1069 1921 alia
1103 1884 1371 1937 perpessa,
1400 1869 1462 1920 ad
1496 1869 1735 1921 ultimum
1760 1870 1935 1936 gladio
1965 1864 2011 1922 Β
2038 1867 2233 1919 Christi
2264 1868 2882 1928 convertisset.'vocante
2907 1866 3133 1920 Domino
3155 1870 3411 1938 martyrio
3430 1869 3609 1923 clarus

363 1957 654 2024 jugulatur.
682 1957 828 2011 Tunc
859 1972 909 2011 et
946 1960 1191 2012 Ponticus
1239 1975 1386 2026 puer,
1419 1975 1673 2011 annorum
1716 1960 1934 2027 quinde-

366 2048 493 2109 cim,
523 2061 615 2114 per
643 2049 816 2101 omnia
854 2056 1232 2103 tormentorum
1285 2066 1473 2119 genera
1505 2066 1622 2105 cum
1672 2052 1781 2118 ipsa
1830 2051 1936 2103 cir-

368 2149 663 2202 cumactus,
695 2150 749 2193 et
795 2151 1031 2193 materna
1077 2141 1193 2209 ejus
1238 2144 1605 2195 cohortatione
1636 2144 1934 2205 roboratus,

369 2238 490 2282 ante
541 2230 683 2282 illam
728 2232 1033 2299 martyrium
1085 2235 1488 2284 consummavit.
1543 2231 1597 2284 ltt
1652 2232 1936 2295 Campania

373 2320 507 2372 beati
534 2320 734 2373 Erasmi
754 2323 1002 2388 martyris
1027 2330 1078 2374 et
1106 2324 1361 2390 episcopi,
1386 2322 1479 2374 sub
1504 2320 1824 2374 Diocletiano
1848 2321 1943 2373 itn-

375 2419 619 2476 peratore
663 2421 716 2464 et
762 2411 1101 2474 Maximiano,
1143 2413 1228 2478 qui
1254 2412 1403 2479 jussu
1450 2414 1593 2478 impii
1640 2411 1945 2465 Diocletiani

376 2500 752 2567 imperatoris,
813 2504 983 2568 primo
1036 2502 1321 2570 plumbatis
1386 2502 1673 2555 crudeliter
1737 2516 1945 2564 ett-sus,

374 2591 574 2650 deinde
628 2595 849 2649 fustibus
899 2595 1193 2648 diutissime
1243 2603 1539 2659 mactatus,
1593 2601 1711 2657 post
1754 2594 1946 2655 resina,

2038 1967 2222 2011 saneto
2251 1956 2352 2009 line
2376 1957 2592 2025 quievit.

2109 2070 2172 2125 G.
2228 2071 2291 2125 Ill
2330 2072 2462 2124 Non.
2497 2071 2658 2125 Justt.
2720 2099 2790 2112 --
2846 2070 2995 2138 Apud
3050 2072 3283 2125 Aretium
3342 2071 3605 2125 civitatem

2041 2162 2246 2217 Tusciae
2299 2161 2471 2213 natale
2516 2168 2819 2212 sanctorum
2871 2170 3159 2229 martyrum
3218 2159 3516 2227 Pergentitti
3556 2171 3611 2212 et

2028 2250 2311 2307 'lmnrentii
2338 2250 2580 2314 fratrum,
2605 2250 2691 2315 qui
2718 2250 3090 2319 persecutione
3118 2250 3279 2313 Decii,
3312 2250 3410 2303 sub
3435 2249 3611 2318 judice

2049 2343 2261 2407 Turciu,
2288 2358 2404 2395 cum
2437 2344 2801 2407 essentpueri,
2828 2351 2943 2410 post
2976 2342 3107 2394 dura
3138 2342 3346 2395 vincula
3369 2341 3609 2404 tolerata,

2050 2446 2103 2490 et
2132 2448 2319 2501 magna
2352 2433 2599 2485 miracula
2627 2432 3055 2500 ostensa,gladio
3078 2442 3200 2486 sunt
3222 2432 3364 2496 caesi,
3399 2441 3451 2486 et
3473 2433 3611 2501 apud

2053 2522 2291 2577 eamdem
2325 2523 2507 2575 urbem
2535 2522 2759 2575 conditi.

1608 2702 1832 2756 EDITIO
1872 2697 2365 2754 BULLANDIANA.

377 2812 523 2881 ginta
555 2820 754 2879 septem
786 2814 1102 2886 martyribus
1128 2832 1139 2866 :
1168 2814 1251 2867 cui
1282 2830 1308 2865 a
1340 2813 1504 2882 prima
1535 2814 1650 2867 luce
1678 2829 1840 2881 usque
1870 2814 1933 2866 ad

390 2924 663 2976 vesperam
695 2918 951 2963 tormenta
982 2922 1194 2974 semper
1236 2907 1565 2967 innovantes,
1597 2907 1659 2957 ad
1704 2907 1945 2958 ultimum

390 3002 560 3057 victos
588 3014 647 3056 se
671 3009 899 3054 tortores
926 3000 1243 3052 confitentur
1268 3018 1279 3048 :
1314 3012 1431 3066 quas
1460 3000 1485 3029 “
1513 3008 1565 3051 et
1593 2996 1826 3050 St‘CtlIIdt)
1858 2996 1949 3049 die

2050 2789 2319 2843 Antonino
2355 2786 2511 2840 Vero.
2539 2786 2805 2853 Scriptum
2856 2785 2907 2838 in
2955 2784 3179 2838 llistoria
3228 2784 3605 2845 ecclesiastica.

2050 2881 2183 2933 libro
2209 2879 2410 2946 quinto.

2250 2969 2447 3021 Eodem
2498 2968 2582 3021 die
2620 2966 2680 3022 S.
2709 2976 2733 3003 ο
2760 2965 2964 3020 Erasmi
3015 2965 3250 3034 episcopi
3298 2975 3352 3019 et
3399 2965 3611 3021 confes-

2056 3054 2211 3093 SOI‘lS.

390 3094 593 3162 pulsata
638 3094 958 3147 cruciatibus
994 3108 1095 3143 non
1139 3100 1439 3159 superatur.
1473 3090 1498 3128 δ
1529 3091 1707 3144 Tertio
1737 3104 1947 3156 quoque
1980 3097 2025 3157 ο
2295 3127 2357 3179 m
2389 3126 2584 3179 NON“.
2616 3125 2780 3179 vaca,
2807 3125 2984 3179 Bxda.

395 3186 481 3238 die
529 3185 745 3255 religata
795 3184 859 3237 ad
907 3184 1160 3251 stipitem,
1213 3191 1367 3249 atque
1419 3184 1466 3234 in
1514 3181 1688 3233 crucis
1734 3183 1947 3233 modum

394 3273 643 3338 distenta,
692 3272 878 3326 bestiis
927 3272 1177 3341 pabulum
1226 3281 1569 3337 prazparatur.
1622 3274 1787 3335 Quam
1830 3284 1950 3322 cum

395 3360 537 3414 nulla
570 3375 635 3415 ex
682 3359 862 3415 bestiis
892 3359 1111 3414 auderet
1138 3362 1423 3427 attingere,
1452 3376 1662 3413 rursum
1713 3371 1954 3413 revocata

394 3450 461 3504 ad
494 3464 795 3516 carcerem;
826 3460 1014 3519 quarto
1058 3450 1216 3504 etiam
1259 3449 1568 3503 verberibus
1613 3459 1748 3511 aeta,
1796 3449 1955 3500 crati-

396 3541 533 3595 culis
558 3550 769 3605 exusta,
798 3550 852 3593 et
878 3540 1037 3593 multa
1065 3540 1163 3592 alia
1194 3553 1463 3607 perpessa,
1490 3539 1553 3591 ad
1587 3539 1827 3591 ultimum
1853 3538 1956 3606 gla-

398 3632 489 3685 dio
526 3632 819 3700 jugulatur.
854 3630 999 3684 Tunc
1028 3640 1080 3684 et
1125 3630 1377 3685 Ponticus
1410 3629 1520 3702 [L.,
1568 3630 1803 3701 Pontius]
1832 3646 1961 3699 puer

396 3736 655 3777 annorum
677 3721 999 3793 quindecim,
1026 3738 1119 3793 per
1142 3723 1317 3777 omnia
1352 3731 1735 3775 tormentorum
1767 3737 1958 3790 genera

399 3829 518 3869 cum
550 3815 659 3882 ipsa
687 3813 1058 3877 circumactus,
1086 3823 1139 3867 et
1182 3824 1417 3867 materna
1449 3812 1563 3881 ejus
1595 3814 1963 3869 cohortatione

404 3903 698 3968 roboratus,
730 3912 853 3956 ante
884 3902 1026 3956 illam
1074 3902 1385 3972 martyrium
1424 3903 1815 3955 consummavit
1865 3904 1964 3957 sub

2128 3216 2312 3269 Florus
2343 3217 2391 3267 in
2427 3219 2489 3268 A.
2518 3216 2577 3266 Τ.
2605 3215 2689 3277 L.,
2717 3214 3015 3267 Aurelianis
3064 3213 3181 3267 vico
3224 3213 3484 3283 Magduno
3522 3215 3618 3269 de-

2060 3306 2250 3375 positto
2297 3307 2350 3359 S.
2375 3304 2401 3342 ει
2432 3304 2679 3371 Lipbardi
2739 3304 3066 3374 presbyteri:
3097 3304 3185 3372 qui
3237 3313 3396 3358 tanta:
3450 3307 3617 3360 absti-

2063 3395 2251 3447 nentiae
2299 3394 2396 3445 luit
2439 3405 2492 3445 ut
2526 3394 2675 3445 uncia
2709 3391 2994 3446 hordeacei
3028 3392 3176 3461 panis
3220 3394 3458 3447 manibus
3500 3410 3624 3462 pro~

2065 3487 2189 3553 priis
2233 3483 2531 3552 compositi,
2570 3494 2623 3537 et
2670 3484 2733 3536 ad
2781 3484 2920 3537 diem
2974 3485 3216 3549 tertium,
3269 3486 3319 3537 in
3371 3484 3625 3539 bibitione

2065 3591 2196 3645 aqua
2229 3576 2562 3627 Suillianth
2596 3573 2902 3642 parcissime
2934 3582 3196 3627 uteretur.
3220 3574 3306 3634 T.,
3336 3574 3427 3627 llic
3456 3557 3623 3627 maxi—

2070 3669 2169 3719 mis
2203 3668 2406 3734 pollens
2436 3668 2656 3730 meritis,
2692 3667 2741 3718 in
2789 3664 2999 3718 sublimi
3034 3666 3325 3719 cmlestium
3355 3665 3622 3735 agminum

2064 3759 2281 3811 chorum
2304 3758 2491 3811 animae
2504 3756 2866 3821 Tlteodotniri,
2886 3758 3147 3825 quondam
3175 3758 3501 3811 Miciacensis
3527 3758 3624 3810 ab-

2066 3850 2200 3904 batis
2230 3848 2360 3901 vidit
2400 3862 2701 3911 occurrere,
2733 3856 2786 3901 et
2815 3862 2933 3900 cum
2982 3847 3172 3914 gaudio
3201 3847 3264 3898 ad
3294 3847 3486 3900 cadum
3532 3861 3625 3900 ea-

2069 3942 2240 3997 nendu
2271 3956 2435 4010 usque
2459 3940 2683 3994 deferre.
2717 3939 2978 4005 Scriptum
3014 3940 3064 3989 in
3096 3936 3272 3992 Gestis
3299 3937 3433 4006 ejus.

1767 4035 1970 4090 SMITII
2011 4031 2237 4087 NOTAE.

405 4126 546 4189 vius,
597 4123 826 4189 Primus,
876 4123 1078 4194 Ulpius,
1123 4125 1332 4190 Vitalis,
1377 4126 1663 4189 Cominus,
1708 4125 1956 4188 Octnber,

408 4195 756 4257 Pbiluminus,
788 4195 1061 4258 Geminus,
1094 4195 1250 4262 Julia,
1284 4198 1491 4257 Albina,
1521 4195 1701 4255 Grata,
1738 4196 1957 4259 llogata,

407 4264 646 4329 IEmilia,
690 4266 942 4327 l’otamia,
980 4266 1244 4332 Pompeia,
1276 4266 1546 4324 Rhodana.
1583 4267 1761 4329 llihlis,
1790 4269 1959 4329 Quar-

409 4336 504 4398 tia,
532 4334 788 4395 Materna,
817 4334 1009 4400 Helpes
1036 4350 1153 4403 quae
1196 4345 1248 4387 et
1291 4338 1506 4388 Amnas.
1548 4334 1610 4388 Hi
1634 4345 1757 4388 sunt
1785 4347 1958 4387 autem

408 4404 500 4473 qui
538 4403 718 4457 bestiis
758 4405 931 4457 traditi
964 4414 1122 4457 sunt:
1157 4406 1400 4466 Sanetus,
1434 4406 1687 4467 Maturus,
1733 4407 1958 4464 Attalus,

415 4475 739 4534 Alexander,
774 4476 1043 4537 Ponticus,
1083 4475 1355 4526 Blandina.
1393 4473 1451 4526 lli
1486 4490 1609 4525 veru
1653 4476 1702 4525 itt
1750 4488 1962 4526 carcere

410 4542 656 4610 spiritum
701 4543 1043 4596 reddiderunt
1075 4561 1087 4596 :
1120 4546 1412 4598 Aristaeus.
1464 4540 1766 4608 Cornelius,
1815 4541 1968 4596 Zosi-

415 4625 555 4676 tnus,
603 4611 769 4677 Titus,
812 4612 1002 4677 Julius,
1032 4611 1268 4674 Zoticus,
1295 4612 1625 4680 Apollonius,
1676 4611 1969 4664 Germinia-

416 4697 537 4743 nus,
586 4680 742 4745 Julia,
794 4685 1065 4747 Ausonia,
1114 4682 1352 4748 AEmdia,
1396 4682 1651 4743 Jamniea,
1703 4680 1968 4748 l'ompeia,

418 4751 642 4813 Domna,
670 4750 837 4815 Justa,
889 4752 1195 4819 Troiihitna,
1230 4755 1473 4805 Antonia.
1509 4750 1759 4818 Reliquiae
1790 4766 1818 4802 a
1853 4768 1972 4814 pet-

416 4822 747 4875 secutoribus
778 4823 1005 4875 incensa:
1045 4832 1186 4885 sunt,
1220 4834 1269 4874 et
1312 4821 1361 4873 itt
1406 4820 1719 4873 Rhodanum
1754 4819 1971 4872 ﬂuvium

419 4891 699 4957 dispersa.
743 4891 843 4946 Sed
874 4894 989 4944 loco
1016 4907 1118 4960 quo
1149 4890 1438 4943 combustae
1465 4903 1608 4955 sunt,
1640 4903 1845 4942 cineres
1868 4890 1975 4942 col-

423 4962 685 5029 legerunt,
726 4971 780 5015 et
823 4965 920 5013 sub
961 4964 1112 5014 altari
1161 4960 1530 5013 condiderunt.
1563 4962 1731 5013 Locus
1775 4961 1824 5010 in
1877 4972 1981 5026 quo

423 5028 564 5100 passi
594 5039 718 5083 sunt
758 5031 1065 5085 Atbanaebo
1092 5039 1446 5098 nuncupatur,
1481 5030 1707 5098 idecque
1738 5028 1985 5081 dicuntur

422 5108 685 5157 martvres
710 5101 1124 5157 Athanacenses.

497 5178 523 5206 ι
566 5166 733 5224 Verba
764 5180 809 5222 et
835 5172 1072 5234 secundo,
1103 5180 1230 5237 etc.,
1258 5185 1421 5238 usque
1447 5168 1511 5221 ad
1542 5177 1720 5237 quarto
1750 5185 1857 5221 om.
1893 5166 1951 5221 L.

430 5238 525 5365 Vb
566 5240 764 5362 \lerbaA
782 5239 950 5294 Tertio
994 5256 1209 5309 quoque,
1254 5253 1382 5305 etc.,
1415 5252 1577 5307 usque
1625 5242 1690 5290 ad
1740 5239 1992 5291 Antonino

482 5325 566 5362 ero
590 5326 697 5361 om.
775 5350 787 5363 .

482 5325 566 5362 ero
590 5326 697 5361 om.
724 5315 787 5363 A.

505 5388 528 5416 ⁸
569 5378 790 5432 Erasmi.
816 5379 869 5433 In
892 5377 1177 5447 Campania
1208 5378 1367 5445 passi.
1392 5379 1489 5445 Qui
1515 5381 1564 5430 in
1596 5378 1793 5431 Libano
1818 5386 1996 5429 monte

430 5464 529 5515 per
553 5458 755 5517 septem
784 5463 952 5503 annos
977 5452 1153 5517 degit;
1180 5450 1271 5501 sed
1302 5449 1636 5514 postmodum
1660 5450 1810 5513 jussu
1846 5447 1993 5510 impii

434 5519 745 5573 Diocletiani
780 5521 947 5583 primo
971 5520 1253 5583 plumbatis
1277 5520 1564 5571 crudeliter
1584 5534 1774 5580 caesus,
1800 5517 1995 5570 deinde

432 5590 664 5642 fustibus
692 5590 991 5642 diutissime
1020 5598 1278 5642 mactatus
1302 5604 1316 5652 ;
1346 5597 1465 5654 post
1489 5588 1683 5649 resina,
1720 5588 1993 5650 sulphure,

431 5658 671 5731 plumbo,
699 5659 834 5727 pice,
874 5671 995 5712 cera
1023 5660 1247 5727 oleoque
1276 5659 1465 5712 solutis
1492 5658 1756 5724 perfusus,
1796 5657 1993 5725 ingenti

2064 4122 2315 4176 miraculo
2344 4121 2540 4174 illtesus
2566 4121 2823 4187 apparuit.
2851 4120 2998 4187 Quod
3028 4136 3147 4175 cum
3181 4122 3327 4174 multi
3361 4122 3623 4187 viderent,

2067 4194 2222 4245 fidem
2262 4192 2456 4245 Christi
2487 4206 2849 4257 susceperunt.
2901 4192 3022 4242 Inde
3075 4194 3335 4244 immenso
3386 4194 3623 4258 pondere

2067 4262 2188 4316 ferri
2218 4263 2557 4323 constrictus,
2592 4264 2641 4313 itt
2665 4276 2880 4314 carcere
2907 4261 3138 4314 reclusus
3169 4264 3265 4311 sub
3297 4262 3413 4314 dira
3448 4272 3622 4315 custo-

2066 4332 2149 4384 dia
2175 4342 2274 4395 est,
2306 4331 2372 4384 de
2399 4346 2498 4398 qua
2521 4331 2752 4397 angelica
2780 4330 3074 4382 visitatione
3089 4339 3169 4383 est
3189 4334 3409 4384 solitus.
3438 4332 3625 4384 Verum

2070 4403 2397 4468 postmodum
2446 4402 2741 4453 clarissima
2789 4400 2927 4451 illius
2970 4400 3106 4453 fama
3138 4402 3400 4469 vulgante,
3450 4411 3625 4455 tentus

2067 4481 2149 4523 est
2178 4471 2244 4522 ab
2273 4473 2438 4522 altero
2467 4474 2783 4537 imperatore
2812 4469 3152 4532 Maximiano,
3200 4485 3227 4520 a
3274 4486 3378 4538 quo
3406 4471 3633 4525 diversis

2074 4541 2342 4606 suppliciis
2366 4551 2533 4593 tortus
2562 4552 2643 4593 est
2684 4542 2733 4593 itt
2768 4551 2989 4600 tantum,
3018 4549 3073 4591 ut
3103 4539 3277 4592 tunica
3306 4542 3465 4607 ignita
3495 4557 3631 4595 area

2078 4610 2377 4674 vestiretur,
2432 4612 2729 4677 iterumque
2777 4609 2827 4661 in
2881 4610 2985 4662 olla
3032 4625 3149 4673 quin
3207 4610 3443 4675 plumbo,
3492 4613 3628 4677 pice,

2074 4694 2217 4741 cera,
2268 4683 2461 4739 resina,
2499 4684 2616 4730 oleo
2667 4679 2944 4731 fervefacta
2995 4690 3127 4736 erat,
3180 4679 3390 4742 missus,
3442 4678 3637 4732 virtute

2082 4748 2285 4800 Domini
2317 4750 2491 4799 omnia
2537 4763 2794 4813 superans
2826 4748 3021 4798 illaesos
3049 4746 3240 4799 exinde
3281 4748 3631 4815 progreditur.

2078 4820 2275 4885 Sicque
2308 4818 2516 4870 tandem
2567 4816 2616 4867 itt
2665 4815 3008 4881 Campaniam
3058 4818 3332 4883 pervenit,
3383 4817 3469 4871 ubi
3518 4833 3637 4871 cum

2085 4890 2333 4953 plurimos
2357 4901 2469 4939 s;ve
2501 4887 2549 4938 itt
2585 4886 2682 4937 title
2716 4888 3038 4947 roborasset,
3068 4888 3181 4939 sive
3209 4887 3273 4937 ad
3305 4887 3457 4940 Iidem
3489 4888 3634 4939 Chri-

2088 4957 2153 5007 sti
2198 4958 2576 5020 eottvertisset,
2628 4964 2848 5007 vocante
2900 4953 3122 5007 Domino
3176 4959 3432 5025 martyrio
3465 4956 3637 5009 clarus

2092 5036 2273 5077 sancto
2298 5029 2398 5077 line
2421 5026 2635 5090 quievit.
2670 5025 2898 5079 Usuaao.
2929 5024 3082 5079 Βδυλ
3112 5024 3348 5091 snppos.,
3379 5026 3541 5078 Ρῑτιι.
3574 5041 3639 5078 ut;

2094 5094 2294 5148 NA’I‘AL.
2322 5093 2582 5148 Netkerus
2607 5106 2804 5158 autem,
2830 5096 2942 5147 Adu
2970 5103 3024 5147 et
3048 5110 3145 5148 tns.
3174 5096 3485 5150 Uivionense
3514 5096 3644 5148 ittlra

2096 5168 2223 5218 colit
2248 5181 2365 5217 cum
2398 5166 2481 5215 die
2510 5166 2766 5231 sequenti.

2168 5237 2195 5275 ἀ
2235 5234 2664 5303 Lipltardi.Apud
2685 5236 2994 5287 Aurelianos
3027 5233 3222 5303 inclyta
3253 5234 3351 5285 orti
3380 5233 3649 5299 prosapia;

2103 5306 2190 5372 qui
2224 5307 2279 5357 ὃ.
2316 5304 2572 5356 Leonardi
2606 5319 2907 5369 germanus,
2938 5306 3118 5357 relicto
3149 5305 3364 5366 seculo,
3390 5304 3447 5358 S.
3472 5303 3651 5355 Remi-

2103 5376 2189 5441 gio
2224 5374 2504 5426 llbemensi
2537 5375 2785 5439 episcopo
2830 5374 3075 5435 adhmsit,
3103 5373 3250 5426 etab
3298 5386 3363 5425 eo
3405 5374 3656 5425 diacomrs

2100 5444 2374 5496 ordinatus
2399 5452 2481 5494 est
2505 5458 2519 5494 :
2543 5455 2721 5509 postea
2743 5457 2952 5511 quoque
2982 5441 3031 5494 itt
3056 5453 3233 5495 monte
3260 5442 3515 5509 Magdnuo
3537 5457 3655 5493 cum

2102 5514 2313 5566 Urbicio
2346 5512 2509 5565 vitam
2549 5513 2654 5579 egit
2688 5515 3036 5577 cremittcatn,
3083 5513 3169 5564 ubi
3215 5511 3495 5564 immanem
3541 5512 3660 5563 dra-

2098 5598 2285 5635 conem
2311 5582 2418 5634 suis
2449 5587 2695 5651 preebtts
2717 5582 3002 5635 interfecit.
3036 5582 3240 5635 Marcus
3268 5582 3688 5634 Aurelianensts'

2101 5654 2152 5707 in
2187 5652 2304 5707 vico
2334 5652 2573 5705 Clartaco
2615 5654 2683 5706 ob
2722 5660 2896 5706 certas
2927 5666 3111 5706 causas
3145 5652 3381 5705 residens
3425 5667 3545 5704 cum
3577 5668 3659 5704 sa-
