4240 6506
442 368 538 422 961

1553 371 1747 427 SECT.
1791 372 1856 428 Il.
1897 403 1964 414 —
2004 371 2566 427 MARTYROIAJGIA.

3604 378 3710 430 9H

1722 486 1953 541 EDITIU
1994 482 2465 538 CULONIENSlS.

446 577 532 627 tia:
580 572 819 642 spiritum
867 573 1088 639 habuit,
1137 585 1217 629 ter
1270 577 1447 646 quinis
1512 578 1669 632 annis
1730 577 2097 638 Veroman-A
2127 577 2289 644 genti.
2334 575 2631 629 Novissime
2678 588 2807 629 vero
2856 577 3022 630 sancti
3078 585 3341 646 martyres
3371 591 3401 630 a
3452 578 3701 644 praedicto

442 665 688 719 densiuni
741 664 888 718 urbis
933 667 1296 734 episcopatum
1346 668 1551 733 tenuit,
1601 668 1666 721 ad
1722 677 2024 722 extremum

442 757 507 809 ad
539 756 772 811 ctelestia
818 756 1072 823 migrans.
1120 754 1268 812 Tunc
1321 758 1384 811 ad
1436 758 1784 813 Suessionum
1837 758 2023 811 urbem

442 863 635 915 corpus
663 847 778 914 ejus
810 848 1129 901 translatum
1172 858 1275 915 est,
1308 848 1485 916 ibique
1529 850 1793 919 sepultum
1842 847 2027 905 multis

444 940 695 993 virtutum
749 938 915 991 titulis
963 938 1176 992 claruit.
1241 939 1541 1007 Andegavis
1593 939 1762 994 sancti
1837 939 2026 993 Licinii

443 1028 678 1095 episcOpi
712 1036 767 1079 et
806 1026 1160 1082 confessoris.
1211 1028 1409 1081 Eodem
1458 1028 1545 1083 die
1575 1029 1744 1083 sancti
1794 1026 2027 1082 Carilefil

443 1118 791 1182 confessoris,
825 1128 880 1171 et
909 1118 1077 1171 sancti
1106 1116 1329 1172 Naboris
1354 1118 1696 1174 confessoris.
1727 1119 1783 1173 lit
1824 1118 2029 1172 'l‘ltarso

442 1206 641 1261 Cilicite
684 1194 977 1276 martyrum
1010 1207 1193 1277 viginti
1223 1208 1322 1261 sub
1348 1206 1626 1278 Simplicio
1648 1208 1849 1277 judice.

516 1300 575 1353 F.
626 1300 663 1353 V
706 1301 826 1355 locs
854 1300 1015 1357 JUNlt.
1041 1322 1111 1339 -ι-
1146 1300 1325 1354 Romaz
1353 1300 1405 1354 in
1437 1309 1617 1354 monte
1662 1301 1826 1353 Cadio
1855 1298 2030 1353 natale

444 1399 747 1444 sanctorum
804 1401 1098 1459 martyrum
1149 1389 1314 1443 Primi
1363 1399 1419 1443 et
1476 1388 1753 1451 Feliciani,
1787 1389 1875 1455 qui
1928 1386 2029 1442 sub

447 1479 773 1534 Diocletiano
808 1488 863 1533 et
910 1479 1228 1533 Maximiano
1262 1478 1675 1547 imperatoribus
1708 1493 1803 1547 pro
1830 1475 2028 1531 Christi

444 1571 659 1625 nomine
699 1569 861 1623 multa
905 1578 1162 1623 tormenta
1228 1569 1365 1635 passi
1407 1577 1549 1622 sunt.
1606 1569 1735 1621 Nam
1782 1570 2031 1623 l’romoto

447 1660 655 1728 praesidi
688 1660 785 1727 ipsi
833 1660 1146 1728 nequissimi
1195 1660 1543 1728 imperatores
1596 1658 1661 1712 ad
1703 1658 2030 1728 puniendum

444 1767 538 1807 eos
568 1752 917 1805 tradiderunt.
971 1752 1231 1817 Quicum
1266 1750 1471 1807 videret
1526 1766 1622 1806 eos
1673 1750 1819 1804 nullo
1874 1750 2032 1805 tnodo

446 1856 603 1912 posse
629 1858 657 1895 a
689 1841 886 1895 Christi
934 1840 1275 1896 confessione
1322 1842 1596 1905 converti,
1643 1842 1909 1908 separavit
1938 1856 2031 1895 eos

2125 667 2321 721 comite
2370 666 2614 720 decullati
2688 678 2841 732 sunt;
2898 681 3125 737 quorum
3182 683 3403 738 corpora
3465 678 3623 724 noctu
3673 684 3706 728 a

2127 756 2440 811 ChrTstianis
2495 756 2737 809 fidelibus
2793 768 2963 826 rapta,
3015 758 3220 828 sepulta
3274 767 3399 813 sunt
3438 758 3502 813 ad
3547 775 3707 814 arcus

2128 847 2491 902 Nomentanus
2540 846 2677 899 intra
2727 847 3086 900 harenarium.
3142 848 3196 901 In
3252 846 3437 902 Galliis
3488 849 3706 906 civitate

2128 938 2336 1007 Agino,
2384 937 2503 991 loco
2555 934 2911 1005 Pmupciaco,
2966 938 3140 1004 passio
3183 938 3351 992 sancti
3411 936 3709 1003 Vincentii,

2129 1024 2301 1080 levita:
2330 1033 2386 1079 et
2416 1025 2685 1095 martyris.
2716 1023 2769 1078 In
2792 1024 2971 1080 Scotia
3007 1025 3177 1080 sancti
3204 1026 3478 1082 Columba:
3499 1029 3711 1085 confu-

2128 1119 2289 1169 soris.

2201 1212 2266 1266 (ἶ.
2298 1211 2361 1265 ιν
2388 1211 2512 1267 lous
2541 1210 2705 1267 Jumt.
2729 1238 2798 1251 -ο-
2828 1209 3012 1266 Roma:
3038 1211 3118 1267 via
3167 1211 3405 1275 Aurelia,
3456 1213 3707 1268 milliario

2129 1304 2289 1357 tertio
2316 1302 2544 1366 decimo,
2596 1303 2770 1357 natale
2814 1304 2983 1358 Sancti
3011 1302 3259 1358 Basilidis
3290 1305 3554 1375 martyris.
3585 1302 3711 1360 Tri-

2132 1394 2283 1461 podis
2312 1404 2365 1447 et
2387 1393 2647 1447 blanditiis
2675 1393 2775 1447 sub
2806 1394 3091 1449 Aureliano
3116 1394 3457 1462 imperatore,
3492 1394 3712 1450 Platoiie

2132 1484 2377 1552 prmside,
2419 1493 2474 1539 et
2501 1484 2729 1538 aliorum
2765 1484 2949 1554 viginti
2999 1495 3311 1555 martyrum.
3369 1482 3566 1539 Eodem
3624 1485 3712 1540 die

2132 1573 2271 1627 beati
2302 1572 2533 1627 Getbulii
2566 1574 2848 1643 martyris,
2884 1576 3211 1643 temporibus
3234 1574 3447 1630 Adriani
3476 1576 3710 1641 impera-

2133 1664 2285 1729 toris,
2318 1664 2415 1717 sub
2458 1663 2636 1731 judice
2667 1664 2872 1717 Licinio
2904 1683 2914 1715 :
2946 1679 3067 1718 nam
3116 1679 3235 1717 cum
3290 1677 3431 1719 esset
3457 1663 3715 1719 Christia-

2134 1755 2407 1820 nissimus,
2432 1767 2485 1809 et
2514 1756 2674 1808 multa
2709 1754 2845 1809 bona
2875 1771 3035 1825 opera
3084 1756 3325 1820 fecisset,
3358 1757 3586 1812 traditus
3630 1767 3714 1813 est

2132 1845 2334 1902 Cereali
2367 1847 2562 1901 vicario
2591 1846 2657 1899 ad
2684 1847 3041 1914 puniendum;
3072 1849 3163 1901 sed
3191 1857 3405 1902 sanctus
3435 1847 3713 1904 Getbulitts

445 1933 766 1998 abinvicem,
799 1941 851 1986 et
884 1932 1125 2000 primitus
1173 1932 1495 1987 Felicianum
1545 1932 1809 2002 octoginta
1858 1947 2027 1986 annos
2062 1932 2103 1991 Β
2131 1951 2258 1991 sana
2291 1936 2664 2006 prardicatione
2692 1938 2959 1992 convertit
3005 1938 3069 1991 ad
3121 1938 3279 1993 (idem
3308 1940 3525 2005 Christi,
3569 1942 3710 1996 sicut

450 2021 758 2089 habentem,
798 2024 957 2093 jussit
982 2024 1271 2094 plumbatis
1320 2027 1487 2089 tundi,
1521 2035 1701 2095 postea
1732 2041 1856 2080 vero
1884 2026 2032 2079 misit

449 2128 571 2169 eum
604 2115 655 2168 in
682 2130 982 2180 carcerem,
1011 2124 1066 2170 et
1092 2131 1264 2185 neque
1302 2118 1502 2183 cibum,
1531 2131 1702 2186 neque
1748 2132 1937 2183 aquam
1981 2116 2030 2170 ci

454 2204 659 2257 sinebat
686 2205 925 2274 prtcbere
957 2205 1126 2260 tribus
1157 2207 1377 2271 diebus;
1405 2206 1596 2260 deinde
1628 2205 1861 2260 l’rimnm
1891 2206 2034 2260 simi-

453 2300 572 2353 litcr
621 2301 777 2370 jussit
830 2302 1060 2355 fustibus
1100 2301 1255 2366 ctedi,
1310 2302 1503 2356 dehinc
1555 2317 1682 2355 vero
1733 2300 1785 2355 in
1826 2300 2031 2366 amphi-

453 2390 661 2444 theatro
690 2400 905 2445 sanctos
960 2402 1225 2459 martyres
1276 2390 1519 2446 leonibus
1572 2392 1705 2444 tradi
1740 2392 2028 2458 pitecepit;

451 2482 549 2536 sed
580 2482 724 2536 nttllo
754 2483 912 2537 modo
939 2482 1005 2535 ab
1031 2484 1108 2535 eis
1139 2482 1244 2535 ltl'Si
1284 2491 1427 2535 sunt.
1460 2481 1610 2547 Quod
1641 2481 1879 2536 videntes
1922 2490 2032 2534 tur-

452 2573 534 2627 ba:
563 2574 903 2629 crediderunt
955 2575 1008 2629 in
1058 2574 1325 2629 Christum
1364 2575 1481 2644 plus
1508 2590 1662 2644 quam
1692 2574 1837 2629 mille
1879 2574 2033 2643 quin-

2132 2029 2259 2084 fecit
2309 2029 2612 2083 Amantium
2685 2028 2959 2084 tribunttm
3014 2029 3235 2085 fratrem
3292 2032 3425 2101 ejus.
3482 2033 3712 2089 Sanctus

2136 2132 2261 2172 vero
2317 2118 2502 2173 Sixtus
2553 2133 2685 2189 papa
2747 2116 3033 2188 baptitavit
3080 2121 3372 2183 Cerealem,
3418 2132 3470 2178 el
3519 2122 3713 2179 ciinlir-

2135 2207 2299 2261 mavit
2330 2207 2380 2262 in
2405 2206 2533 2261 fide.
2566 2206 2756 2262 Postea
2789 2223 2913 2263 vero
2937 2223 3060 2263 cum
3112 2210 3345 2265 audisset
3376 2211 3475 2267 hoc
3518 2212 3712 2270 factum

2135 2297 2425 2367 prtedictos
2481 2298 2794 2366 imperator,
2850 2300 3067 2353 tradidit
3116 2311 3356 2356 sanctum
3406 2301 3711 2360 Getbuliuut

2134 2387 2339 2443 Licinio
2397 2388 2649 2457 praefecto
2705 2403 2822 2456 suo,
2857 2398 2912 2443 ut
2962 2405 3084 2445 eum
3135 2405 3253 2445 cum
3298 2393 3457 2448 sociis
3503 2396 3633 2459 suis,
3666 2397 3712 2452 si

2134 2482 2299 2535 nollet
2327 2482 2628 2535 sacriﬁcare
2654 2480 2839 2547 idolis,
2873 2482 3111 2538 mitteret
3161 2483 3211 2537 in
3256 2486 3523 2540 caminum
3574 2485 3712 2558 ignis

2133 2571 2427 2627 ardentem.
2466 2571 2617 2639 Quod
2670 2586 2788 2627 cum
2836 2573 3035 2629 factum
3093 2572 3298 2645 luisset,
3354 2578 3500 2633 nullo
3549 2581 3713 2638 modo

1698 2686 1928 2741 EDITIO
1972 2680 2474 2738 BOLLANDIANA.

454 2781 580 2835 latio
605 2780 661 2835 S.
684 2788 709 2816 α
727 2778 1013 2834 Andomari
1041 2778 1272 2849 episcopi
1299 2778 1553 2834 secunda.
1590 2776 1678 2840 13.,
1705 2776 1763 2831 lu
1786 2776 2030 2832 Sardinia

459 2851 633 2905 natale
661 2850 687 2888 δ
710 2851 1021 2904 Salustiani.

525 2946 578 2998 9.
603 2973 671 2984 —-
699 2943 740 2995 V
772 2942 892 2997 lous
920 2943 1079 2999 Jusu.
1113 2940 1296 2997 Natale
1328 2942 1422 2998 SS.
1452 2940 1612 2997 Primi
1643 2950 1698 2996 et
1724 2953 1744 2979 ο
1770 2938 2023 2995 Feliciani

454 3044 772 3105 martyrum.

526 3126 801 3193 Adjectum
829 3133 939 3179 erat
971 3134 1160 3194 postea
1187 3124 1251 3177 ad
1275 3139 1374 3181 ms.
1408 3123 1490 3188 D.,
1517 3122 1584 3177 lt‘t
1613 3122 1800 3178 Cilim'o
1828 3132 2031 3194 monte;

2209 2772 2299 2837 V.,
2332 2772 2455 2827 alibi
2484 2772 2765 2847 {Januarii
2788 2816 2801 2837 ,
2842 2776 3147 2831 Alexandri.
3204 2777 3286 2842 8.,
3317 2772 3502 2832 Romae
3532 2783 3709 2847 passio

2135 2852 2438 2896 sanctorum
2462 2844 2686 2898 militum
2706 2861 2926 2898 numero
2951 2863 3039 2899 xv.
3074 2847 3129 2901 In
3152 2846 3468 2903 Alexandria
3494 2844 3708 2907 Maximi

2136 2912 2457 2984 presbyteri,
2491 2916 2713 2969 Amandi
2741 2925 2796 2969 et
2821 2915 3084 2972 Januarii.

2208 3025 2295 3080 10.
2322 3055 2391 3064 -
2415 3023 2479 3079 lV
2510 3025 2645 3080 lous.
2683 3026 2844 3081 Vacat
2873 3018 3053 3082 Baeda.

2209 3116 2293 3179 0.,
2323 3115 2509 3188 Rom_:e
2538 3117 2619 3169 via
2652 3117 2861 3188 Aurelia
2895 3120 2911 3163 ί
2942 3112 3199 3184 Basilidis,
3230 3114 3477 3188 Tripodis
3505 3127 3559 3178 et
3583 3121 3716 3178 alim

456 3196 507 3249 in
542 3198 582 3249 A
605 3186 757 3257 vero,
790 3197 841 3249 in
873 3186 1039 3249 marite
1080 3195 1239 3249 (Σαειιο
1274 3186 1484 3248 Ιέοηιαι.
1520 3194 1745 3249 Additur
1773 3194 1825 3248 in
1852 3194 1935 3258 B.,
1968 3192 2034 3246 Et
2064 3197 2109 3259 C
2139 3200 2295 3261 rtltn._
2325 3186 2408 3251 Β..
2441 3186 2623 3261 Βυςηειι
2655 3187 3181 3261 utilitttm__llasilidis,
3218 3186 3431 3261 Rogati,
3464 3192 3708 3248 Martiani

457 3264 483 3303 ἀ
518 3262 772 3319 Vincentii
804 3275 982 3332 mai-1.;
1030 3266 1083 3320 in
1127 3262 1188 3319 L.
1218 3276 1420 3329 autem,
1456 3263 1632 3319 Roma:
1672 3265 1755 3318 via
1795 3263 2030 3319 Numen-

456 3347 604 3390 lana.

536 3426 723 3501 Florus
754 3428 803 3479 in
834 3424 897 3480 A.
928 3425 1016 3492 1‘.,
1036 3426 1243 3494 Agiano
1272 3425 1447 3493 passio
1473 3424 1530 3481 S.
1552 3423 1580 3461 ἀ
1602 3424 1857 3480 \‘incentii
1890 3439 2034 3480 mar-

460 3519 614 3590 tyris,
646 3519 736 3589 qui
765 3518 988 3573 leviticai
1019 3520 1170 3573 stola:
1201 3518 1436 3573 candore
1467 3518 1690 3583 micans,
1730 3531 1825 3585 pro
1850 3531 2035 3572 amore

457 3611 653 3666 Christi
682 3611 996 3681 martyrium
1030 3613 1275 3680 adeptus,
1306 3610 1511 3679 magnis
1541 3610 1841 3680 saapissime
1868 3607 2035 3664 virtu-

458 3702 596 3757 tibus
623 3701 806 3771 fulget.

2141 3265 2194 3309 et
2228 3257 2453 3311 aliorum
2494 3255 2695 3323 viginti.
2753 3257 2837 3318 V.,
2872 3259 3053 3310 Romae
3086 3262 3167 3312 via
3203 3255 3421 3314 Auﬁdia
3458 3264 3710 3318 milliario

2142 3327 2350 3398 decimo
2400 3326 2578 3398 tertio,
2632 3326 2831 3398 Basilii,
2860 3334 2886 3371 8
2916 3328 3132 3398 Aurisii,
3185 3328 3394 3398 Rogati,
3444 3333 3708 3391 Januarii.

2137 3396 2222 3461 L.,
2265 3396 2446 3467 Romte
2476 3397 2557 3449 via
2592 3394 2802 3467 Aurelia
2848 3398 3022 3464 passio
3070 3396 3169 3454 SS.
3202 3394 3416 3467 Ro'gati,
3464 3400 3708 3461 Januarii

2136 3482 2261 3521 cum
2313 3465 2470 3521 sociis
2502 3465 2777 3533 tredecim.
2823 3470 2885 3520 A.
2940 3467 3030 3533 'l‘.,
3080 3468 3260 3533 Roma:
3288 3465 3463 3527 natale
3518 3475 3707 3528 Basili-

2135 3537 2239 3601 dis,
2287 3536 2470 3607 Rogati
2501 3530 2835 3607 etjlietoris.
2867 3533 2929 3591 Τ.
2966 3530 3048 3601 IL,
3085 3532 3138 3591 ln
3172 3530 3476 3594 Nicomedia
3524 3544 3702 3597 natale

2134 3608 2189 3661 S.
2208 3605 2524 3688 .Zacb‘ariae.
2552 3605 2632 3672 Β..
2662 3606 2715 3660 In
2748 3607 3120 3663 Autissiodoro
3147 3607 3411 3679 depositio
3434 3610 3458 3648 δ
3482 3611 3709 3669 Censori

2135 3693 2395 3748 episcopi.

1868 3789 2073 3845 SMITII
2114 3789 2342 3846 ΝΟΤᾸΞ.

530 3888 559 3916 ³
587 3882 889 3936 Audumari.
918 3881 1155 3936 Molanus
1177 3881 1228 3934 in
1252 3880 1611 3935 additionibns
1638 3880 1701 3934 ad
1731 3878 2026 3935 Usnardum

459 3952 525 4008 de
555 3953 653 4007 bac
675 3953 1046 4006 Translatione
1077 3952 1154 4005 sic
1185 3954 1373 4005 scribit
1400 3968 1413 4005 ε
1448 3969 1466 4001 ‹
1504 3950 1824 4005 Monasterio
1852 3950 1889 4004 S
1915 3950 2025 4006 tbiu

459 4023 645 4079 relatio
687 4026 744 4077 S.
774 4022 1064 4077 Audomari
1112 4022 1345 4090 episcopi
1391 4024 1603 4089 quando
1646 4022 1700 4074 S.
1738 4020 2030 4090 Folqninns

459 4107 656 4163 corpus
706 4093 823 4163 ejus
850 4095 1054 4163 fugato
1086 4091 1305 4163 llugone
1335 4092 1527 4144 abbate
1576 4091 1644 4145 de
1694 4091 1989 4163 Lisbourclt
2016 4133 2029 4156 ,

462 4161 640 4217 retulit
668 4161 807 4218 anno
839 4161 962 4223 843,
1016 4171 1069 4214 et
1117 4164 1168 4213 in
1203 4161 1373 4216 Sithiu
1403 4162 1554 4227 juxta
1583 4175 1777 4228 corpus
1811 4162 1873 4213 Β.
1904 4163 2031 4214 Ber-

464 4234 557 4286 tini
588 4236 685 4289 sub
717 4245 855 4286 terra
890 4232 1208 4286 recondidit.
1254 4232 1347 4287 Ubi
1383 4246 1477 4299 per
1508 4232 1705 4285 multos
1737 4245 1905 4283 annos
1933 4232 2031 4283 ho-

464 4307 633 4356 mittes
663 4305 877 4372 quidem
910 4303 1093 4367 latuit;
1128 4311 1181 4355 at
1214 4303 1484 4357 revelatus
1514 4311 1617 4369 est,
1652 4302 1738 4356 ubi
1772 4302 2031 4355 Dominus

465 4374 649 4427 voluit.
685 4392 703 4425 ι

536 4442 562 4482 ι)
592 4444 901 4498 Salustiuui.
956 4442 1230 4496 Ferrarius
1275 4442 1327 4493 itt
1372 4441 1617 4510 catalogo
1648 4440 1877 4511 generali
1910 4456 2030 4496 eum

470 4526 655 4569 censet
684 4516 821 4568 inter
848 4515 1182 4566 Caluritanos
1212 4512 1491 4579 episcOpos
1522 4511 1934 4568 numerandum.

540 4595 561 4621 ε
594 4583 865 4637 Feliciaui.
914 4583 1024 4639 Sub
1057 4583 1382 4636 Itiocletiano
1423 4590 1477 4636 et
1506 4582 1829 4635 Maximiano
1858 4583 2030 4650 impe-

469 4657 755 4709 ratoribus.
814 4656 874 4708 lli
922 4654 1137 4723 gloriosi
1184 4662 1467 4721 martyres,
1500 4668 1640 4705 nunc
1670 4652 1827 4705 simul
1860 4656 2030 4721 paria,

469 4741 609 4778 nunc
648 4723 955 4796 singillatim
986 4724 1195 4796 diversa
1222 4765 1237 4787 ,
1287 4732 1343 4774 et
1387 4723 1650 4796 exquisita
1702 4723 2034 4796 perferentes

469 4792 757 4862 tormenta;
790 4797 1003 4849 tandem
1054 4808 1083 4846 a
1133 4794 1380 4862 Protnoto
1429 4794 1654 4858 prmside
1698 4792 2036 4845 Nomentano

466 4865 644 4933 gladio
672 4861 1025 4919 animadversi
1070 4872 1213 4917 sunt.
1267 4861 1502 4928 Uscana,
1535 4867 1668 4917 Aoo.
1722 4862 2036 4916 Theodorus

469 4951 600 5003 papa
634 4937 1006 5003 prmdictorutn
1038 4942 1329 5003 martyrum
1370 4947 1595 5001 corpora
1639 4948 1757 5002 quae
1796 4943 1948 4987 erant
1981 4933 2035 4986 in

466 5008 713 5060 arenario
761 5007 843 5059 via
893 5006 1219 5059 Nomentana
1248 5044 1262 5066 ,
1316 5004 1591 5067 elevavit,
1644 5011 1699 5058 et
1747 5004 1797 5057 in
1850 5004 2036 5057 urbem

468 5076 785 5140 transtulit,
839 5075 1241 5142 recondiditqne
1296 5073 1347 5125 in
1403 5074 1622 5128 basilica
1674 5074 1731 5127 S.
1784 5071 2037 5140 Stephani

471 5147 878 5216 protomartyris
915 5147 1186 5213 multaque
1232 5143 1371 5197 dona
1418 5143 1627 5199 obtulit.
1680 5142 1941 5198 Baronlus
1983 5143 2037 5197 in

466 5217 627 5270 notis.

544 5286 569 5323 «1
608 5285 878 5340 l'incentii.
929 5286 1134 5353 Aginno
1165 5284 1283 5338 loco
1316 5283 1640 5350 Pompeiano
1682 5283 1848 5353 passi.
1890 5284 2036 5353 Atio.

468 5356 545 5411 De
591 5358 863 5410 miraculis
910 5352 1139 5424 adejus
1185 5358 1488 5422 sepulcrum
1533 5352 1841 5424 editis-lagit
1876 5352 2036 5424 Greg.

470 5430 670 5481 'l‘uron.
707 5428 799 5482 lib.
829 5427 893 5481 de
927 5420 1102 5481 Gloria
1136 5420 1423 5495 martyrum
1470 5438 1590 5494 cap.
1626 5420 1748 5490 105,
1774 5420 1873 5495 vel,
1906 5420 2040 5495 Hist.

471 5514 563 5563 vn,
595 5496 681 5552 35.
740 5497 872 5551 lluic
902 5507 1087 5550 sancto
1117 5493 1336 5565 martyri
1370 5496 1552 5549 Patres
1605 5497 1656 5550 in
1687 5494 1914 5549 c0ncilio
1942 5493 2044 5548 Ca-

467 5569 731 5623 bilonensi
762 5568 1090 5637 congregati,
1121 5580 1216 5632 pro
1240 5568 1342 5618 vita
1367 5566 1660 5621 Cltlodovei
1691 5566 1830 5636 regis
1859 5578 2044 5632 preces

470 5640 799 5705 obtulerunt,
830 5651 883 5691 ut
913 5647 1117 5691 constat
1150 5651 1212 5689 ex
1242 5638 1358 5703 ejus
1387 5638 1578 5705 synodi
1609 5638 1740 5692 actis
1769 5652 1819 5691 c.
1849 5638 1897 5689 l.

542 5722 563 5745 ε
596 5711 857 5762 Januarii.
895 5709 954 5762 lli
989 5710 1038 5761 in
1067 5706 1383 5763 Alexandria
1413 5710 1551 5773 passi
1582 5720 1705 5762 sunt
1733 5724 1853 5763 cum
1880 5707 2042 5762 Maxi-

469 5798 555 5838 ttto
585 5792 639 5837 et
665 5783 928 5835 Antando.
964 5779 1233 5848 Martyrol.
1268 5776 1603 5847 Hieronymi.

2057 4483 2110 4541 Β

2214 3879 2231 3917 ί
2268 3874 2536 3957 Basilidis.
2558 3879 2637 3957 _E_t
2662 3876 2933 3957 Trippdis,
2967 3887 3208 3957 tempore
3236 3880 3511 3941 Aureliani
3538 3886 3713 3957 impe-

2138 3952 2330 4005 ratoris
2358 3951 2496 4018 apud
2527 3951 2793 4005 civitatem
2825 3951 3164 4008 Aurelianam
3197 3956 3523 4011 claruerunt.
3564 3951 3698 4014 Cum

2139 4023 2293 4091 enim
2316 4020 2567 4075 Basilides
2615 4031 2760 4073 esset
2798 4022 3044 4077 ofﬁcialis
3086 4025 3322 4081 Platonis
3369 4029 3605 4091 prterecti
3651 4030 3703 4083 in

2141 4090 2381 4159 partibus
2408 4091 2664 4162 tirieutis,
2692 4091 2939 4162 Christus
2970 4095 3017 4146 ei
3049 4096 3325 4162 apparuit,
3370 4090 3425 4150 et
3457 4097 3704 4152 tniuistee

2140 4162 2276 4236 rium
2326 4160 2538 4236 gentilis
2591 4173 2646 4213 ut
2694 4160 3017 4236 relinqueret
3050 4160 3372 4236 _tnaudavit;
3434 4166 3711 4236 navigavit

2140 4230 2304 4300 igitur
2334 4228 2595 4284 Basilides
2626 4246 2744 4301 cum
2775 4234 2933 4285 sociis
2968 4233 3017 4285 in
3049 4234 3251 4288 ltaliatn
3283 4228 3590 4301 adportari
3621 4239 3707 4291 εἰη

2141 4303 2319 4374 vitalis
2370 4302 2619 4374 Aurelite.
2672 4300 2815 4374 Cum
2868 4312 3048 4355 autent
3100 4300 3428 4359 audivissent
3478 4308 3711 4374 qualiter

2140 4372 2457 4425 Aurelianus
2488 4371 2817 4425 Chrisﬁauos
2848 4374 3283 4442 perseqttubatnr,
3326 4374 3390 4429 ad
3436 4368 3707 4432 civitatem

2143 4457 2219 4496 tre
2251 4443 2523 4496 timebant.
2574 4443 2774 4515 lterum
2805 4456 2982 4497 autem
3028 4445 3105 4499 eis
3135 4444 3382 4499 Christus
3420 4449 3663 4515 apparuit
3692 4488 3710 4515 ,

2139 4525 2194 4568 et
2224 4529 2315 4567 eos
2347 4515 2468 4567 cibo
2508 4513 2725 4575 reiecit;
2779 4522 2830 4565 ct
2882 4522 3158 4581 postquam
3207 4513 3572 4571 cntnedissent
3609 4513 3711 4572 ob;

2138 4585 2492 4637 dormierunt.
2528 4584 2677 4637 Mane
2700 4598 2825 4637 vero
2848 4598 2906 4637 se
2928 4590 3220 4639 excitantes
3244 4587 3308 4637 ad
3334 4587 3503 4649 ipsmn
3533 4586 3709 4641 locotn

2139 4656 2226 4707 ubi
2260 4656 2324 4706 de
2354 4654 2472 4706 navi
2505 4654 2748 4707 exierant
2778 4668 2838 4705 se
2867 4654 3202 4707 invenerunt.
3236 4655 3462 4709 Orantes
3489 4656 3612 4708 dein
3640 4656 3711 4713 ad

2137 4722 2411 4776 Christum
2438 4730 2493 4775 ut
2519 4739 2699 4776 eorum
2725 4722 2929 4775 animas
2952 4727 3001 4775 in
3027 4738 3155 4789 pace
3177 4724 3500 4791 susciperet,
3520 4727 3712 4782 cadent

2139 4795 2266 4846 liora
2301 4795 2549 4860 spiritum
2582 4795 2893 4844 emiserunt.
2930 4791 3092 4845 l’tzrn.
3128 4809 3190 4846 ut:
3220 4791 3426 4848 ΝΑτΑι..

2218 4873 2241 4909 s
2278 4863 2491 4915 Aurisii.
2546 4863 2659 4922 llic,
2692 4862 2778 4929 qui
2812 4862 3007 4934 dicitur
3036 4874 3089 4914 et
3115 4862 3360 4934 Aresius,
3395 4874 3445 4917 et
3478 4864 3714 4934 Rogatus

2136 4932 2286 5002 juxta
2324 4934 2734 5002 Hieronymum,
2788 4938 2842 4983 et
2890 4932 3101 4986 Dardani
3136 4933 3300 5003 vulg.,
3330 4944 3385 4988 et
3416 4932 3633 4999 Paron"
3664 4937 3721 4991 in

2142 5004 2315 5057 Africa
2348 5003 2487 5069 passi
2518 5012 2660 5056 sunt.

2211 5070 2235 5107 δ
2268 5072 2502 5126 Censuri.
2534 5074 2633 5139 Qui
2680 5071 2815 5124 sedit
2849 5085 3015 5125 annos
3045 5071 3135 5135 58,
3186 5089 3398 5129 menses
3428 5071 3480 5137 5,
3516 5072 3631 5129 dies
3653 5075 3708 5129 6.

2143 5143 2236 5196 llic
2283 5154 2366 5197 est
2415 5144 2566 5209 cujus
2608 5143 2939 5210 temporibus
2974 5143 3315 5196 Constantius
3370 5156 3551 5198 orator
3608 5148 3711 5197 ob-

2144 5224 2292 5277 tentu
2340 5213 2399 5267 S.
2450 5214 2702 5267 Patientis
2746 5212 3114 5279 Lugdunensis
3144 5217 3378 5280 episc0pi
3426 5216 3599 5269 Vitam
3648 5216 3713 5268 Β.

2142 5282 2391 5336 Germani
2419 5283 2583 5336 edidit
2613 5282 2864 5352 omnique
2894 5283 3159 5352 diligentia
3190 5284 3513 5338 elaboratam
3538 5286 3711 5339 eidem

2145 5352 2481 5422 postiodum
2534 5355 2785 5422 episcopo
2832 5351 3092 5406 Censurio
3141 5353 3435 5407 habendam
3496 5356 3713 5410 direxit.

2145 5424 2394 5490 Sepultus
2425 5434 2506 5477 est
2555 5426 2607 5477 itt
2653 5424 2877 5477 ecclesia
2908 5424 2965 5476 S.
3011 5422 3263 5478 Germani
3294 5428 3548 5492 epistopi.
3596 5423 3718 5480 Fuit

2144 5505 2321 5549 autem
2368 5494 2694 5567 temporibus
2729 5492 3196 5567 Felit°is,_Gelasii,
3246 5496 3529 5558 Anastasii,
3562 5501 3723 5567 Synt-

2147 5567 2344 5629 machi,
2395 5576 2553 5633 atque
2604 5564 2898 5619 llormisdze
2951 5563 3314 5618 Romanorum
3365 5563 3719 5631 pontiﬁcum;

2150 5637 2534 5702 itltpel‘atttibtls
2567 5636 2849 5689 Anastasio
2870 5646 2924 5689 et
2951 5633 3162 5691 J.USlitttt
3184 5636 3412 5703 seniore.
3444 5637 3576 5691 llist.
3605 5638 3720 5703 epi-

2149 5724 2431 5776 scoporum
2476 5706 3020 5763 Autissiodurensium
3069 5706 3208 5775 apud
3260 5702 3486 5778 Philippi
3538 5702 3721 5762 Lab’be

2151 5782 2287 5835 Bibl.
2324 5782 2540 5833 Mittam.
