4240 6478
584 324 686 379 9ιὸ

1336 320 1535 375 υΕΒΑΞ
1580 316 2022 371 V'ENEIlABlLlS
2062 312 2207 365 UI’P.
2254 309 2428 363 PARS
2466 307 2555 362 ιν.
2591 337 2643 348 -
2702 309 3081 363 lilSTOlthA.

3720 313 3829 364 9H

1853 426 2081 480 EDITIO
2121 419 2592 478 COLONIENSIS.

580 526 647 578 ab
675 522 795 594 igne
826 524 932 577 laesi
965 532 1106 576 sunt.
1136 521 1282 574 Tunc
1310 521 1553 585 fustibus,
1577 519 1717 574 illiso
1737 517 1926 585 capite,
1953 523 2149 581 marty-
2186 522 2233 577 Α
2266 511 2403 563 venti
2434 510 2553 562 oleo
2593 510 2874 577 superfusi,
2932 508 2996 561 ad
3030 508 3267 561 ultimum
3297 509 3467 577 capite
3498 518 3829 565 truncantur.

583 615 718 667 rium
763 612 1191 679 compleverunt;
1242 624 1467 678 quorum
1498 623 1721 677 corpora
1754 605 1964 676 collegit
2001 604 2153 658 beata

586 702 953 770 Simphorosa,
983 715 1116 754 uxor
1143 698 1375 753 Gethulii
1407 700 1681 768 martyris,
1721 704 1775 750 et
1803 695 2049 763 sepelivit
2102 692 2153 746 in

584 794 789 863 praedio
814 806 933 846 suo.
960 790 1013 844 In
1037 789 1212 843 Africa
1239 788 1564 857 Aresirngati
1594 798 1649 842 et
1677 788 1896 841 aliorum
1937 784 2156 854 quinde-

586 883 707 936 cim.
753 880 806 935 In
852 880 1117 949 Hispaniis
1148 878 1412 948 Chrispuli
1456 880 1708 932 restituti.
1750 876 1806 931 In
1854 875 2156 933 Nicomedia

586 974 753 1027 sancti
808 956 1097 1025 Zacharir.
1148 972 1201 1024 In
1236 970 1595 1024 Autissiodoro
1638 968 1900 1037 depositio
1938 965 2158 1021 Censori

588 1062 845 1129 episcopi.

659 1152 723 1204 A.
758 1151 821 1205 ΙΙΙ
855 1149 971 1205 lous
997 1149 1158 1205 .luxu.
1196 1180 1263 1189 -
1313 1148 1495 1202 Natale
1527 1148 1695 1202 sancti
1738 1146 1990 1199 Barnaba:
2031 1159 2161 1212 apo-

590 1242 712 1294 stoli
731 1256 745 1293 :
761 1241 871 1311 qui,
894 1254 1009 1293 cum
1034 1247 1176 1294 esset
1191 1238 1436 1308 Cyprius,
1467 1252 1585 1291 cum
1602 1235 1758 1291 Paulo
1779 1238 2008 1303 gentium
2035 1248 2162 1301 apo-

587 1333 757 1385 stolus
806 1332 1078 1384 ordinatus
1128 1338 1229 1382 est.
1282 1328 1375 1381 llic
1416 1336 1594 1395 postea
1645 1335 1859 1394 pr0ptcr
1902 1324 2160 1377 Joannem

585 1420 935 1491 discipulum,
987 1419 1073 1489 qui
1114 1426 1169 1473 et
1204 1416 1410 1471 Marcus
1454 1415 1762 1479 vocabatur,
1810 1422 2086 1480 separatus
2133 1426 2161 1465 a

589 1514 782 1577 Paulo,
818 1511 1161 1567 nihilominus
1190 1509 1519 1578 Evangelica:
1558 1506 1944 1576 praedicationis
1986 1504 2165 1571 injun-

585 1613 726 1655 ctum
758 1602 857 1656 sibi
889 1615 1021 1669 Opus
1048 1600 1303 1655 exercuit.
1322 1598 1483 1666 Cujus
1502 1611 1717 1663 corpus,
1743 1604 1977 1663 tempore
1999 1593 2167 1645 Zeno-

591 1698 672 1751 nis
703 1692 1059 1762 imperatoris,
1104 1692 1220 1759 ipso
1263 1688 1531 1742 revelante
1576 1694 1841 1752 repertum
1874 1694 1974 1737 est.
2017 1682 2165 1750 Apud

589 1786 901 1841 Corinthum
954 1782 1122 1837 sancti
1154 1780 1445 1836 Sostlienes
1468 1819 1482 1842 ,
1516 1768 1759 1844 discipuli
1801 1774 1971 1827 sancti
2024 1772 2167 1826 Pauli

2334 600 2389 653 Β.
2424 600 2571 653 Puto.
2610 599 2726 653 lous
2754 600 2915 654 Jtrsii.
2943 628 3012 640 --
3042 597 3225 651 Romae
3253 598 3334 651 via
3360 600 3599 663 Aurelia,
3640 601 3830 653 millia-

2262 692 2339 743 rio
2363 690 2567 759 quinto,
2600 688 2773 757 passio
2818 698 3117 742 sanctorum
3168 697 3496 758 martyrum,
3557 690 3828 755 Basilidis,

2264 780 2467 849 Cyrini,
2500 780 2721 833 Naboris
2746 790 2795 832 et
2826 776 3061 841 Nazarii;
3110 793 3331 848 quorum
3360 778 3616 833 Naborem
3645 791 3697 833 et
3721 780 3829 833 Na-

2263 871 2498 935 zarium,
2546 871 2701 923 simul
2748 885 2865 923 cum
2914 870 3179 937 Corgonio
3226 879 3458 939 martyre
3505 873 3768 925 transtulit
3798 889 3829 926 ι

2268 961 2434 1013 Roma
2484 958 2534 1012 in
2563 958 2782 1012 Galliam
2810 959 3207 1027 Crodegandus,
3256 960 3503 1013 Metensis
3526 964 3834 1030 episcopus,

2266 1052 2602 1117 permittente
2635 1049 2794 1103 Paulo
2821 1066 2951 1118 papa
2980 1050 3241 1115 Romano,
3273 1065 3411 1104 anno
3438 1052 3720 1108 Dominicm
3742 1053 3835 1107 ln-

2262 1141 2582 1193 carnationis
2598 1140 3066 1208 septingentesimo
3090 1144 3417 1211 sexagesimo
3433 1145 3632 1211 quinto,
3655 1159 3705 1198 et
3726 1148 3838 1201 θυι⁴

2263 1229 2456 1282 locavit
2504 1230 2787 1298 prmdictus
2816 1232 3095 1300 episcopus
3143 1243 3383 1287 sanctum
3422 1233 3742 1303 Gorgoiiium
3778 1237 3831 1290 in

2265 1321 2587 1373 monasterio
2616 1319 2755 1387 quod
2801 1320 2994 1374 dicitur
3026 1320 3250 1387 Corzia;
3300 1334 3539 1377 sanctum
3576 1339 3703 1378 vero
3728 1324 3835 1378 Na-

2266 1410 2446 1463 borem
2479 1411 2529 1462 iii
2555 1414 2876 1466 monasterio
2917 1417 3059 1483 quod
3105 1416 3299 1469 dicitur
3336 1414 3482 1469 Nova
3507 1417 3638 1469 cella
3669 1433 3682 1468 :
3712 1432 3836 1469 san-

2268 1512 2409 1555 etum
2438 1516 2647 1571 quoque
2684 1502 2963 1558 Nazarium
2997 1508 3047 1559 in
3078 1508 3426 1570 monasterio,
3455 1507 3593 1575 quod
3638 1508 3837 1561 dicitur

2272 1592 2586 1659 Loreshain,
2628 1594 2712 1647 ubi
2744 1596 2889 1663 signa
2918 1608 2969 1649 et
2997 1598 3247 1650 miracula
3278 1598 3328 1650 in
3350 1598 3572 1652 sanitate
3598 1596 3839 1651 inﬁrmo.

2271 1701 2386 1740 rum
2424 1694 2475 1739 et
2506 1686 2757 1739 debilium
2780 1687 2971 1757 saepius
2998 1691 3147 1740 llunt.
3198 1686 3476 1742 Mediolani
3507 1691 3676 1742 natale
3713 1703 3836 1740 sau-

2271 1784 2475 1829 ctoruin
2525 1788 2811 1846 martyrum
2856 1778 3059 1831 Nazarii
3112 1788 3165 1831 et
3213 1778 3347 1830 Celsi
3397 1778 3566 1845 pueri.
3612 1778 3837 1832 Sanetus

590 1876 839 1941 apostoli.
900 1874 954 1927 ln
991 1870 1230 1942 Aquileia
1282 1868 1455 1923 natale
1500 1878 1807 1922 sanctorum
1853 1874 2165 1933 martyrum,
2201 1870 2245 1930 Β
2272 1879 2496 1931 namque
2520 1864 2773 1920 Nazarius
2802 1881 2830 1919 a
2875 1867 3027 1921 beato
3053 1868 3324 1921 Clemente
3349 1867 3633 1922 instructus
3657 1877 3707 1920 et
3736 1868 3836 1920 ba-

594 1967 783 2021 Fellcis
812 1976 861 2019 et
892 1962 1184 2025 Fortunati,
1233 1960 1330 2013 sub
1375 1958 1741 2027 persecutione
1769 1954 2077 2007 Diocletiani
2108 1962 2161 2007 et

596 2056 892 2111 Maximiani
928 2055 1332 2122 imperatorum,
1369 2048 1591 2119 prmside
1628 2046 1884 2100 Eusiniio.
1916 2045 2012 2110 Qui
2043 2058 2163 2098 cum

591 2160 770 2204 essent
807 2146 1041 2217 germani
1088 2144 1300 2208 fratres,
1342 2141 1443 2194 fide
1485 2138 1677 2193 Christi
1720 2137 2006 2200 ferventes,
2051 2136 2164 2205 pri-

599 2257 740 2295 mum
798 2242 849 2293 in
900 2237 1126 2307 equuleo
1175 2232 1415 2301 suspensi
1462 2240 1622 2291 sunt,
1673 2228 1982 2282 ardentibus
2035 2228 2167 2279 latn-

594 2331 817 2400 patlibus
866 2330 1003 2384 circa
1048 2329 1213 2380 latera
1265 2324 1553 2391 appositis,
1599 2320 1691 2373 sed
1734 2333 1852 2374 mox
1903 2318 2169 2386 psallenti-

597 2424 694 2475 lius
740 2419 1060 2491 martyribus
1113 2415 1422 2477 exstinctis;
1482 2412 1601 2465 inde
1637 2426 1727 2481 per
1780 2418 2013 2462 ventrem
2067 2408 2170 2462 fcr-

2270 1955 2496 2024 ptizuus
2513 1966 2613 2022 est,
2646 1971 2801 2025 quem
2835 1958 3091 2011 Anolintis
3132 1958 3230 2011 sub
3254 1957 3564 2012 Neroniana:
3591 1972 3838 2025 persecu-

2273 2047 2428 2103 tionis
2453 2052 2598 2103 rabie
2625 2050 2713 2103 diu
2741 2050 2994 2105 afllictum
3027 2050 3078 2104 in
3106 2064 3315 2105 carcere
3336 2064 3453 2103 cum
3476 2050 3627 2104 Celso
3649 2065 3836 2117 puero,

2273 2152 2427 2203 quem
2454 2140 2565 2206 ipse
2590 2141 2865 2205 nutrierat,
2894 2140 3067 2209 gladio
3095 2140 3251 2195 ferire
3272 2137 3446 2209 jussit,
3472 2154 3690 2210 quorum
3717 2154 3840 2194 cor-

2276 2245 2402 2299 pora
2428 2232 2705 2286 Christiani
2754 2234 2905 2288 furati
2937 2233 3261 2301 sepelierunt
3309 2235 3359 2287 in
3392 2234 3617 2301 proiiriis
3646 2232 3837 2296 hortis,

2280 2335 2410 2388 quos
2435 2322 2615 2376 beatus
2641 2323 2947 2377 Ambrosius
2978 2323 3199 2377 Domino
3228 2324 3497 2379 revelante
3525 2324 3737 2392 reperit.
3768 2324 3835 2375 Et

2278 2411 2540 2479 depositio
2569 2414 2735 2467 sancti
2762 2413 2931 2469 Odolti
2966 2414 3283 2484 presbyteri.

1822 2498 2046 2555 EDlTlt)
2088 2499 2589 2558 BULLANDIANA.

668 2601 754 2657 ﬂ.
788 2630 853 2640 -—
884 2599 946 2651 lll
981 2597 1119 2652 lous.
1156 2602 1180 2629 α
1216 2596 1467 2649 Barnaba:
1494 2593 1741 2661 apostoli.
2084 2663 2089 2670 ι

671 2688 856 2740 Florus
887 2686 937 2738 in
970 2684 1031 2736 A.
1068 2682 1353 2751 prmsignat
1384 2677 1446 2731 In
1506 2678 1679 2743 India,
1714 2688 1767 2732 et
1800 2688 1907 2733 tum
1960 2680 2026 2732 ibi
2063 2689 2167 2734 tum

599 2781 650 2831 in
674 2775 738 2832 Τ.
772 2790 832 2829 ac
862 2775 921 2828 L.
952 2774 1219 2841 subjungit
1252 2788 1261 2821 :
1295 2768 1394 2835 Qui
1425 2769 1647 2837 pretium
1680 2770 1790 2837 agri
1820 2770 1902 2823 sui
1933 2780 2057 2826 ante
2078 2786 2171 2839 pe-

601 2869 695 2919 des
727 2862 1089 2932 apostolorum
1120 2860 1317 2921 attulit,
1358 2872 1420 2911 ac
1449 2857 1642 2911 deinde
1680 2872 1798 2911 cum
1834 2858 1994 2912 Paulo
2036 2875 2167 2928 gen-

600 2955 734 3007 tium
785 2950 1057 3019 apostolus
1109 2947 1394 3001 ordinatus
1426 2955 1506 2999 est
1560 2945 1862 3014 (Hactenus
1912 2948 2013 3016 L.)
2065 2948 2167 3002 Sed

605 3052 790 3112 postea
826 3048 1041 3110 pr0pter
1070 3036 1327 3093 Joannem
1359 3034 1707 3104 discipulum,
1761 3038 1848 3103 qui
1882 3045 1935 3091 et
1965 3038 2171 3093 Marcus

614 3133 920 3194 vocabatur,
955 3136 1230 3197 separatus
1273 3140 1301 3177 a
1334 3124 1518 3190 Paulo,
1575 3124 1917 3181 nihilominus
1948 3141 2175 3196 evange-

608 3228 723 3281 lica:
752 3222 1140 3294 praedicationis
1165 3218 1455 3288 injunctum
1486 3218 1585 3273 sibi
1612 3232 1746 3288 opus
1771 3220 2033 3275 exercuit.

682 3316 767 3376 0.,
803 3313 863 3366 Et
891 3310 916 3348 δ
944 3309 1219 3366 SOStltenis
1250 3308 1490 3374 discipuli
1526 3309 1690 3363 Pauli.
1740 3309 1826 3373 V.,
1858 3308 2038 3362 Roma:
2084 3324 2178 3362 na-

610 3386 713 3438 tale
742 3386 802 3437 S.
825 3384 1049 3435 liasillae.
1082 3381 1145 3433 Et
1171 3381 1344 3434 natale
1369 3378 1427 3433 S.
1451 3377 1661 3447 Crispili
1688 3388 1739 3432 et
1764 3379 1988 3433 Onufrii.
2017 3381 2102 3443 13.,
2132 3379 2185 3431 In

613 3455 846 3524 Aquileia
864 3450 1077 3506 Emeriti
1090 3490 1104 3518 ,
1121 3448 1637 3517 llereti,Victuriani.
1654 3448 1834 3503 Romae
1848 3450 2106 3519 depositio
2124 3450 2179 3504 S.

2278 2596 2510 2669 Babillie.
2560 2598 2621 2652 Et
2651 2598 2745 2654 SS.
2794 2598 3021 2669 Crispuli
3068 2610 3119 2656 et
3170 2601 3437 2655 Restituti.
3499 2600 3633 2654 Alibi
3668 2601 3840 2657 iiatala

2275 2669 2370 2721 SS.
2402 2680 2423 2707 ο
2450 2668 2669 2723 Naboris
2699 2680 2749 2725 et
2778 2668 2988 2725 Felicis.
3024 2674 3087 2725 Et
3124 2672 3180 2727 S.
3215 2673 3239 2708 ί¹
3271 2672 3551 2741 ()tiuplirii.

2347 2778 2433 2833 12.
2459 2810 2525 2820 --
2557 2779 2597 2834 ll
2628 2780 2763 2845 lous,
2811 2782 2993 2838 Natale
3022 2783 3115 2839 SS.
3150 2794 3171 2822 ο
3224 2784 3485 2849 Basilidis,
3514 2783 3696 2848 Cirini,
3728 2782 3832 2837 Na-

2275 2869 2422 2925 boris
2447 2880 2501 2926 et
2532 2871 2763 2927 Nazarii.

2346 3002 2503 3075 Addit
2531 3003 2595 3064 γ.
2640 3014 2693 3058 et
2721 3005 2805 3070 C.,
2842 3011 2859 3050 ῐ
2895 3006 3129 3075 Tripodis
3158 3018 3206 3061 et
3251 3007 3523 3075 Magdalis.
3557 3008 3637 3069 L.,
3667 3011 3840 3075 prmio

2312 3084 2397 3145 nat
2443 3073 2637 3128 Romw.
2692 3076 2777 3139 D.,
2814 3073 2996 3143 primo
3017 3082 3154 3142 loco,
3185 3087 3236 3132 et
3282 3073 3465 3133 eodem
3516 3094 3615 3145 quo
3645 3073 3837 3132 cieteia

2323 3144 2448 3196 tedae
2478 3148 2803 3208 charactere,
2835 3146 2912 3198 sic
2932 3148 3155 3200 habebat
3184 3167 3195 3201 ;
3220 3157 3241 3192 Β
3265 3149 3535 3200 Mediolani
3556 3148 3754 3201 Nazarii
3781 3160 3839 3204 et

2279 3214 2417 3266 Celsi
2449 3217 2593 3280 pueri
2629 3215 2859 3268 inventio
2889 3233 2899 3267 ε
2954 3222 3091 3284 quod
3125 3234 3225 3269 non
3271 3220 3521 3270 audemus
3552 3218 3831 3272 admittere

2282 3298 2346 3338 ex
2379 3298 2483 3335 uno
2527 3285 2641 3337 solo
2684 3300 2784 3337 ms.
2834 3297 3076 3353 tanquam
3126 3288 3311 3339 Ihedae.
3362 3289 3449 3352 A.,
3478 3288 3541 3339 Et
3571 3292 3841 3341 translatio

2292 3353 2350 3407 S.
2386 3352 2412 3389 ⁸³
2446 3353 2752 3423 Leodegarii
2794 3352 3025 3423 episcbpi
3070 3368 3122 3411 et
3164 3356 3223 3410 S.
3256 3356 3271 3393 ί
3299 3356 3469 3410 Odulti
3497 3357 3835 3411 confessoris.

2294 3425 2374 3488 B.,
2410 3425 2425 3472 1
2463 3424 2608 3489 alibi,
2644 3422 2843 3492 Zabini,
2877 3426 3096 3492 Aurelii,
3131 3426 3403 3481 Secundae.

2022 3560 2221 3616 SMlTll
2260 3558 2485 3615 NOTAE.

693 3672 717 3698 ι
744 3657 1017 3728 Barnabre.
1053 3656 1175 3728 Firat
1210 3654 1455 3728 hicjunus
1506 3669 1567 3709 ex
1601 3656 1924 3728 septuaginta
1958 3655 2193 3723 discipu—
2225 3667 2269 3728 (ς
2302 3654 2722 3728 tra_nsla_tione‘in
2756 3653 2976 3728 Galliam
3009 3671 3110 3728 una
3158 3670 3273 3709 cum
3307 3656 3363 3709 S.
3396 3654 3679 3728 Gorgonin,
3712 3657 3843 3713 faeta

612 3733 714 3794 lis,
748 3740 807 3781 ιιι
835 3726 1019 3779 scribit
1069 3724 1261 3779 Euseb.
1297 3725 1348 3775 in
1400 3725 1531 3776 llist.
1584 3739 1641 3785 ιι,
1700 3726 1748 3779 l.
1798 3726 1961 3794 Cujus
2002 3740 2193 3791 corpus

624 3811 870 3867 tempore
910 3794 1141 3849 Zenonis
1173 3794 1523 3867 imperatoris,
1558 3794 1671 3867 ipso
1695 3798 1981 3867 revelante,
2014 3811 2193 3863 reper-

625 3860 757 3923 tuin'
778 3876 878 3925 est,
914 3878 1011 3916 nua
1044 3880 1162 3917 cum
1192 3864 1373 3917 codice
1402 3860 1673 3933 Evangelii
1724 3866 1779 3919 S.
1824 3867 2049 3919 Mattliaai
2075 3860 2197 3932 ejus

618 3954 786 3995 manu
815 3936 1099 4001 descripto.
1132 3936 1267 3993 Ano,
1302 3935 1497 3987 BARON.

703 4011 726 4047 ιι
760 4006 1042 4063 δυειιιεηίδ.
1078 4006 1171 4060 llic
1212 4005 1400 4059 colitur
1428 4006 1586 4059 etiam
1636 4004 1722 4059 die
1772 4020 1931 4059 xxvm
1972 4004 2199 4059 Novem-

617 4079 759 4135 «liris.

704 4164 726 4191 ε
759 4147 982 4205 Naboris
1010 4156 1060 4198 et
1090 4144 1297 4198 Felicis.
1333 4144 1392 4199 Hi
1418 4145 1556 4215 passi
1580 4154 1703 4199 sunt
1730 4144 2005 4199 Mediolani
2037 4154 2087 4200 et
2110 4159 2199 4198 co-

618 4224 807 4276 aluntur
838 4217 969 4271 infra
1000 4216 1087 4269 die
1120 4229 1189 4268 ιιι
1230 4215 1372 4268 Julii.

709 4286 739 4326 ἀ
781 4286 1057 4353 Omiphrii.
1089 4286 1261 4338 Ctmci
1292 4295 1345 4337 et
1397 4282 1655 4338 Baronius
1680 4300 1798 4338 eum
1830 4285 1915 4338 die
1961 4282 2199 4352 sequenti

628 4359 845 4414 colunt.
879 4355 1048 4407 Graeci
1082 4356 1131 4406 in
1165 4354 1456 4421 lllenologio
1480 4356 1545 4407 de
1575 4355 1760 4407 eodem
1788 4363 1950 4416 agunt
1982 4354 2060 4406 his
2089 4369 2203 4407 ver-

634 4430 728 4484 ~bis
759 4445 772 4479 :
810 4444 830 4478 ι
864 4424 1045 4480 Sancti
1080 4423 1241 4489 pattis
1288 4423 1454 4476 nostri
1483 4426 1741 4489 Unuphrii
1784 4422 2021 4492 [Egyptii
2051 4439 2063 4475 :
2112 4423 2200 4490 qui

626 4514 762 4553 cum
790 4504 933 4550 esset
962 4496 1013 4547 in
1043 4493 1287 4547 ccenoliio
1312 4493 1364 4545 in
1394 4493 1523 4546 urbe
1547 4493 1849 4561 llermopnli
1898 4493 2199 4546 Thebarum

638 4580 696 4624 et
736 4567 941 4621 audiret
967 4564 1037 4618 de
1071 4564 1195 4616 Elia:
1227 4564 1426 4630 proplie
1452 4579 1497 4616 ω
1526 4564 1653 4631 vita,
1686 4578 1934 4632 egiessns
1959 4564 2203 4616 coenobio

638 4636 894 4694 habitavit
923 4650 1160 4689 eremuin
1193 4648 1360 4686 annos
1389 4633 1679 4701 sexaginta,
1710 4634 1974 4687 hominem
2001 4633 2201 4686 nullum

646 4711 850 4762 videns.
887 4723 905 4757 ι
964 4706 1247 4771 Postquam
1292 4704 1504 4769 obierit,
1535 4718 1657 4756 eum
1709 4718 1928 4773 magnus
1962 4704 2206 4772 Paphnu-

642 4782 747 4833 tius
775 4777 1033 4843 sepelivit.

724 4858 749 4886 ο
786 4842 1048 4909 Basilidis,
1083 4856 1185 4897 etc.
1224 4844 1321 4907 Qui
1368 4843 1466 4897 sub
1497 4845 1865 4913 persecutione
1898 4842 2206 4913 Diocletiani

646 4918 831 4973 Roma:
862 4918 1001 4983 passi
1034 4922 1176 4968 sunt.
1213 4914 1273 4967 lli
1303 4929 1365 4966 ex
1399 4911 1529 4969 urbe
1562 4916 1674 4982 ipsa
1715 4913 1922 4967 oriundi
1955 4914 2019 4967 ad
2076 4911 2207 4983 civi-

647 5000 811 5043 tatem
838 4981 1109 5039 Aureliam
1139 4984 1500 5049 devenientes,
1530 4981 1705 5036 omnia
1748 4998 1841 5036 sua
1886 4981 2205 5051 pauperibus

2301 3740 2328 3794 ξι
2358 3725 2709 3794 Grodegando
2742 3727 2956 3780 Metensi
2983 3726 3230 3794 episcopo
3257 3742 3394 3781 anno
3422 3726 3545 3790 765,
3571 3729 3684 3780 vide
3711 3728 3836 3782 Νυιο

2299 3792 2505 3867 lterum,
2530 3792 2715 3867 Molani
2743 3792 3047 3851 Additiones
3074 3796 3137 3849 ad
3170 3792 3484 3863 Usuardum,
3507 3808 3559 3854 et
3586 3798 3844 3867 Sigebertt

2297 3866 2495 3919 Chron.
2527 3880 2611 3917 an.
2642 3865 2765 3918 761.

2377 3933 2394 3971 ί
2432 3932 2667 4004 Tripodis
2695 3944 2740 3988 et
2760 3934 3049 4005 Magdalis.
3086 3936 3145 3990 lli
3179 3947 3538 3991 memorantur
3587 3953 3702 3991 cum
3747 3936 3851 3991 isto

2302 4003 2528 4076 Sasilide
2559 4008 2643 4073 qui
2672 4020 2723 4057 ix
2749 4003 2890 4076 Junii
2915 4007 3124 4071 colitur,
3157 4008 3247 4076 qui
3288 4018 3367 4062 est
3395 4008 3639 4062 diversus
3663 4010 3728 4062 ab
3749 4008 3852 4064 hoc

2304 4073 2533 4128 Basilide
2564 4082 2628 4125 de
2657 4090 2761 4141 quo
2786 4075 2893 4143 jam
2924 4078 3116 4143 agitur.

2376 4144 2743 4215 FAMediolani.
2794 4144 3073 4199 Festivitas
3121 4146 3351 4215 martyrii
3398 4146 3493 4202 SS.
3546 4145 3747 4201 Nazarii
3794 4156 3849 4202 et

2302 4211 2443 4268 Celsi
2490 4217 2662 4282 agitur
2711 4215 2843 4268 infra
2879 4221 3061 4285 quinto
3108 4215 3224 4269 Κ-ιΙ.
3257 4211 3513 4284 Ἀυειιδιῂ
3558 4218 3843 4271 Latuerunt

2305 4298 2435 4336 vero
2480 4298 2661 4337 eorum
2708 4300 2929 4353 corpora
2957 4301 3120 4353 usque
3174 4288 3238 4338 ad
3290 4288 3501 4339 llonorii
3551 4298 3602 4341 et
3648 4288 3855 4341 Arcadii

2305 4354 2683 4421 imperatorum
2714 4363 2973 4424 tempora.
3006 4356 3150 4423 Quos
3193 4357 3250 4410 Β.
3296 4357 3604 4410 Ambrosius
3634 4355 3855 4409 Domino

2305 4426 2571 4478 revelante
2602 4428 2818 4493 reperit,
2848 4435 2901 4480 et
2932 4435 3214 4495 utrumque
3262 4430 3530 4480 transtulit
3570 4428 3633 4479 ad
3678 4428 3856 4479 basili-

2304 4508 2423 4548 cam
2474 4498 2845 4559 Apostolorum
2903 4512 3020 4564 quie
3072 4507 3153 4549 est
3203 4498 3255 4551 in
3311 4497 3563 4552 Romana.
3622 4496 3852 4560 Sumus,

2306 4574 2436 4618 tom.
2467 4564 2555 4629 lll,
2591 4581 2675 4618 XIX
2707 4565 2868 4619 Junii.
2900 4570 3031 4619 Aoo.

2380 4633 2405 4670 ιι
2437 4632 2757 4705 Leodegarii.
2786 4638 2839 4690 Si
2871 4634 2953 4689 hic
2993 4634 3309 4704 intelligatur
3349 4635 3701 4704 Lendegarins
3744 4636 3858 4700 epi-

2305 4715 2498 4773 8c0pus
2530 4705 3036 4773 Augustodnnensis,
3064 4705 3181 4774 ejus
3210 4708 3396 4760 natalis
3423 4714 3571 4761 est‘tt
3595 4704 3856 4759 Octobris.

2388 4773 2401 4810 ί
2462 4774 2658 4844 Udul/t‘.
2720 4776 2817 4840 Qui
2872 4773 3203 4843 temporibus
3264 4776 3511 4830 Ludovici
3590 4776 3853 4843 Augusti,

2308 4842 2683 4897 Oorsclioti'in
2730 4842 3012 4898 Brabaiitia
3055 4854 3208 4899 natus
3257 4857 3381 4901 est:
3430 4842 3697 4912 voluitque
3744 4852 3864 4911 post

2310 4914 2693 5037 Bl'eSbYlef'iuul
2726 4916 3027 4984 Trajei-tuui
3053 4916 3220 4979 adire,
3248 4918 3339 4969 sed
3373 4925 3643 4983 parentum
3689 4916 3862 4981 preci-

2349 4999 2408 5037 us
2452 4986 2644 5037 victus.
2701 4986 2953 5037 Ecclesite
3002 4986 3280 5037 nooulinue
3319 4985 3718 5037 Ourscliotensis
3760 4983 3857 5035 ali-

2349 4999 2408 5037 us
2452 4986 2644 5049 victus,
2701 4983 2953 5039 Ecclesiae
3002 4986 3280 5053 populique
3319 4985 3718 5040 Ourscliotensis
3760 4983 3857 5035 ali-

648 5041 969 5127 erogartmt;
1015 5065 1067 5109 et
1111 5053 1334 5127 itumam
1387 5041 1669 5127 redeuntes
1716 5054 1801 5127 adt
1830 5041 2205 5127 hlaxiiniaiium
2234 5041 2286 5102 Ι)
2310 5055 2559 5127 ριιειιιόὶιιί
2593 5041 2769 5120 pastor
2800 5056 2911 5127 fuit.
2947 5041 3139 5110 Verum
3190 5041 3293 5127 non
3327 5057 3489 5109 inulto
3532 5064 3648 5124 post
3676 5068 3855 5127 caeno-

653 5122 1031 5195 imperatorem
1060 5123 1270 5177 adducti
1301 5133 1443 5195 sunt.
1467 5123 1565 5188 Qui
1595 5124 1719 5175 dum
1748 5122 2014 5195 Christum
2041 5123 2206 5195 confl-

656 5192 758 5254 tei-i
806 5211 909 5249 non
957 5195 1247 5255 timerent,
1295 5194 1465 5260 primo
1512 5193 1879 5258 scorpionibus
1929 5192 2208 5247 durissime

652 5268 798 5333 caesi,
828 5266 1021 5320 dehinc
1049 5265 1101 5317 in
1130 5278 1407 5333 carcerem,
1429 5264 1557 5315 trusi
1599 5271 1653 5316 et
1685 5278 1777 5330 per
1814 5263 1928 5317 dies
1955 5263 1983 5315 7
2017 5261 2209 5316 ibidem

658 5332 941 5399 macerati;
995 5336 1118 5387 inde
1167 5333 1341 5386 educti
1390 5332 1540 5401 jussu
1589 5333 1827 5400 ejusdem
1878 5333 2211 5400 imperatoris

656 5408 835 5478 gladio
873 5405 1119 5478 decollati
1165 5415 1321 5478 sunt,
1352 5402 1574 5478 et_feris
1605 5403 1667 5453 ad
1716 5401 2077 5457 devorandum
2119 5418 2206 5455 ex-

655 5474 836 5544 positi.
888 5475 994 5531 Sed
1036 5490 1129 5544 per
1178 5476 1267 5527 Dei
1304 5474 1528 5544 gratiam
1573 5486 1795 5544 corpora
1836 5488 2041 5537 eorum,
2086 5486 2207 5544 cum

659 5542 823 5602 illmsa
853 5542 1247 5610 invenirentur,
1301 5542 1330 5596 ὁ
1358 5542 1672 5597 Christianis
1700 5546 1901 5609 sepulta
1936 5551 2057 5594 sunt
2088 5542 2208 5594 mil-

659 5619 815 5674 liario
842 5616 998 5669 tertio
1026 5617 1092 5669 ah
1123 5612 1284 5676 Urbe,
1316 5610 1381 5666 'in
1416 5615 1530 5666 Ιοᾶο
1574 5614 1663 5681 qui
1708 5615 1899 5667 dicitur
1928 5611 2212 5666 Catacum-

2312 5125 2487 5194 tritica:
2516 5126 2635 5177 vita:
2681 5126 3074 5178 amantissimus
3103 5127 3167 5179 ad
3199 5126 3565 5193 TrajecteuSt-s
3595 5126 3855 5194 migravit.

2312 5192 2411 5247 Uhi
2441 5195 2509 5247 ab
2539 5196 2788 5263 cpi-copo
2842 5194 3124 5250 Frederico
3172 5192 3394 5265 benigne
3441 5192 3713 5263 susceptus
3756 5204 3860 5249 est.

2309 5265 2545 5332 Cumque
2589 5265 2644 5319 S.
2695 5265 3007 5320 Fredericus
3048 5265 3246 5319 feroces
3295 5267 3577 5330 Fresones,
3623 5280 3720 5320 nec
3764 5280 3857 5333 per

2313 5346 2390 5394 se,
2438 5348 2535 5387 nec
2580 5349 2673 5402 per
2722 5335 3123 5389 archidiannos
3165 5352 3415 5390 revocare
3458 5346 3655 5404 posset,
3700 5336 3860 5388 advo-

2314 5408 2450 5475 cavit
2478 5405 2575 5457 Sibi
2605 5406 2927 5471 Udulplium,
2959 5406 3046 5473 qui
3081 5416 3271 5475 praztcr
3300 5407 3437 5474 quod
3466 5418 3727 5474 speratum
3756 5415 3857 5469 est,

2316 5473 2510 5546 multos
2536 5477 2817 5546 convertit,
2848 5485 2901 5529 et
2932 5491 3026 5546 per
3074 5473 3269 5545 aliquot
3316 5473 3572 5530 annorum
3603 5476 3860 5530 curricula

2309 5544 2556 5597 erudivit.
2592 5544 2713 5599 Inde
2742 5544 3039 5612 Trajccium
3084 5544 3352 5609 reversus,
3387 5548 3569 5613 plenus
3596 5560 3853 5599 annorum

2313 5614 2518 5686 modica
2568 5614 2694 5686 febri
2726 5616 3069 5670 obdormivit.
3116 5616 3277 5686 Cujus
3324 5617 3559 5683 reliquias
3607 5616 3861 5672 habentur

646 5689 764 5745 hcc.
798 5689 965 5743 Pera.
998 5701 1066 5739 ne
1094 5685 1294 5737 NATAL.
1323 5684 1573 5754 Birnnius
1601 5692 1775 5735 autem
1797 5699 1888 5736 eos
1911 5682 2215 5754 sub__Aure7
2312 5684 2450 5751 apud
2481 5688 2535 5736 ὃ.
2568 5685 2898 5739 Salvatoiein
2930 5682 3588 5754 Trajecti.'Sunws,itom.
3616 5686 3700 5741 Ill.

659 5757 735 5819 lio
781 5754 1035 5830 praefesto
1077 5768 1260 5825 passos
1306 5755 1483 5807 tradit.
1532 5753 1603 5807 De
1638 5754 1856 5807 Saburis
1896 5762 1951 5806 et
2003 5750 2210 5805 Nazarii

1641 5853 1721 5867 4ο·

2388 5754 2402 5802 i
2443 5753 2592 5808 Alibi.
2623 5754 2922 5811 Secundum
2967 5753 3359 5826 Hieronymum,
3396 5756 3592 5812 uomat.
