4240 6458
408 369 513 425 2415

1506 370 1694 423 SEC'I’.
1738 369 1797 422 11.
1838 397 1907 407 —-
1946 368 2503 424 M'ARTYBOLOGIA.

3530 368 3648 425 916

1686 474 1906 529 ΕΟΙΪΙΟ
1946 476 2405 532 COLONIENSIS.

477 570 538 625 C.
571 570 686 624 Inus
728 569 885 623 Junu.
919 596 986 607 —
1034 566 1213 621 Reum
1259 566 1433 621 natale
1473 577 1668 621 sancta:
1716 566 1965 620 b‘elicolaa
1994 568 2045 628 Α
2070 568 2217 636 queri
2259 566 2401 635 jussa
2448 578 2560 632 est,
2615 567 2783 620 donec
2833 565 3109 620 emitteret
3146 565 3432 634 spiritum:
3484 574 3538 619 et
3569 567 3649 621 sic

363 636 367 640 i
409 659 649 727 virginis,
699 672 851 723 quam
902 670 1018 709 cum
1066 654 1282 710 Flaccus
1331 671 1510 711 cernes
1552 666 1668 724 post
1696 671 1973 710 excessum

409 747 720 804 Petronellaa
742 746 899 801 vellet
922 746 1115 801 ducere
1140 761 1378 813 uxorem,
1405 757 1560 815 atque
1582 747 1645 799 ad
1668 748 1972 801 terrendum

407 857 521 897 eam
553 840 911 909 proposuisset
937 838 1111 892 dicens
1147 855 1159 890 :
1192 838 1366 893 Unum
1400 838 1493 892 tibi
1521 854 1550 893 e
1580 837 1784 892 duobus
1814 839 1971 908 elige,

407 945 495 987 aut
520 940 634 984 esto
665 944 794 983 uxor
816 944 951 990 mea.
984 938 1071 981 aut
1094 928 1196 982 diis
1227 930 1464 983 sacrifica
1494 946 1507 994 ;
1562 945 1874 998 responsum
1906 931 1972 985 ab

306 1012 309 1015 ⁷
403 1038 465 1077 ea
495 1020 681 1089 accipit
710 1038 721 1071 :
756 1019 862 1073 Nec
893 1034 1023 1072 uxor
1056 1027 1141 1073 tua
1172 1034 1266 1075 ero
1317 1020 1460 1088 (quia
1510 1020 1723 1074 Christo
1767 1030 1970 1075 sacrata

404 1113 569 1180 sum),
626 1126 721 1167 nec
767 1112 1052 1166 imntolabo
1086 1111 1242 1166 idolis
1290 1113 1430 1181 (quia
1474 1112 1775 1166 Christiana
1805 1115 1969 1182 sum).

403 1201 551 1256 Tunc
594 1200 815 1255 Flaccus
845 1201 1057 1255 tradidit
1083 1216 1199 1254 eam
1232 1201 1445 1265 vicario,
1496 1203 1583 1269 qtti
1613 1201 1737 1257 fecit
1769 1218 1886 1258 eam
1920 1205 1972 1260 in

403 1293 686 1347 tenebroso
708 1293 877 1347 claudi
909 1292 1167 1357 cubiculo,
1204 1292 1321 1346 sine
1343 1292 1461 1346 cibo
1491 1308 1584 1362 per
1604 1303 1804 1359 septem
1835 1293 1968 1347 dies.

404 1384 527 1440 Post
559 1384 673 1439 haec
710 1383 972 1437 duxerunt
1016 1398 1133 1437 eam
1178 1382 1242 1437 ad
1274 1382 1500 1451 virgines
1549 1382 1722 1436 Vestae
1749 1423 1763 1446 ,
1796 1383 1974 1452 ibique

338 1504 345 1507 -
405 1492 498 1544 per
531 1476 729 1531 alteros
757 1486 957 1544 septem
993 1475 1105 1528 dies
1129 1473 1243 1529 sine
1264 1473 1381 1528 cibo
1400 1474 1724 1543 permansit;
1748 1489 1811 1527 eo
1832 1474 1970 1544 quod

404 1566 547 1619 nulla
578 1565 781 1619 ratione
810 1564 984 1619 cibum
1017 1573 1285 1632 pateretur
1331 1563 1397 1617 de
1422 1577 1604 1617 eorum
1638 1577 1794 1617 manu
1835 1562 1974 1617 accio

405 1670 549 1723 pere.
580 1652 782 1710 Dehinc
810 1654 974 1708 levata
1006 1662 1086 1707 est
1114 1653 1166 1707 in
1197 1653 1479 1723 equuleum
1501 1696 1515 1722 ,
1565 1662 1617 1709 et
1642 1653 1820 1707 tandiu
1866 1661 1975 1706 tor-

2083 656 2404 726 przecipitata
2434 665 2514 710 est
2544 656 2593 708 in
2618 654 2877 720 cloacam,
2903 670 3059 724 quam
3086 664 3299 709 sanctus
3332 653 3648 711 Nicomedes

2083 745 2357 815 presbyter
2382 746 2518 809 tulit,
2549 754 2601 799 et
2632 746 2872 813 sepelivit
2894 746 3122 812 septimo
3152 745 3397 801 milliario
3426 745 3492 802 ab
3514 748 3648 802 urbe

2082 837 2271 893 Roma.
2297 836 2350 889 In
2385 834 2582 899 Africa,
2616 837 2826 891 Luciaui
2855 848 2907 892 et
2933 836 3228 892 Fortunati.

2151 927 2213 979 D.
2243 925 2402 979 XVlll
2449 925 2686 981 KALEND.
2715 926 2877 981 Juut.
2910 957 2977 966 —
3002 928 3215 984 lIeliStei
3245 928 3536 998 prophetat,
3561 933 3650 1000 qui

2077 1018 2214 1087 apud
2239 1019 2526 1073 Samariam
2557 1018 2817 1073 Palaestini
2846 1020 2979 1073 situs
3008 1031 3110 1087 εει,
3140 1022 3225 1075 ubi
3253 1031 3304 1075 et
3335 1022 3533 1077 Abdias
3560 1037 3646 1078 reo

2078 1108 2321 1178 quiescit,
2354 1118 2526 1176 etquo
2553 1108 2722 1176 major
2746 1109 2882 1163 inter
2906 1120 3055 1164 natos
3082 1112 3361 1165 mulierum
3397 1112 3644 1173 nonfuit,

2078 1198 2304 1253 Joannes
2335 1198 2589 1267 Baptista,
2619 1199 2707 1253 ubi
2738 1201 2898 1255 multa
2931 1201 3183 1254 miracula
3215 1201 3365 1255 fiunt.
3400 1200 3648 1257 Suessio-

2082 1291 2163 1345 nis
2195 1291 2406 1343 civitate
2438 1292 2611 1358 passio
2656 1299 2959 1344 sanctorum
3002 1303 3320 1363 martyrum,
3374 1290 3567 1347 Valerii
3602 1305 3654 1347 ct

2081 1380 2274 1435 lluflni.
2326 1380 2475 1448 Apud
2521 1380 2815 1434 Cmsaream
2866 1382 3212 1451 Cappadocia:
3256 1383 3424 1437 sancti
3470 1383 3652 1438 Basilii

2078 1471 2330 1540 episcopi,
2391 1472 2565 1525 fratris
2618 1470 2854 1542 Gregorii
2901 1482 2955 1527 et
3000 1472 3162 1528 Petri.
3214 1473 3429 1529 Viennae
3477 1476 3648 1530 sancti

2080 1560 2275 1615 Etlterii
2301 1560 2555 1628 episcopi.

2155 1651 2215 1704 Ε.
2251 1650 2385 1705 XVII
2412 1650 2648 1704 Kauzxn.
2683 1649 2840 1707 JULtt.
2872 1681 2941 1695 —
2981 1654 3129 1722 Apud
3157 1654 3387 1709 Siciliam
3434 1666 3647 1710 sancto-

1649 1763 1873 1819 EDlTlO
1911 1760 2419 1821 BOLLANDIANA.

477 1878 563 1934 I3.
592 1904 663 1918 --
710 1877 895 1931 Iolaus.
928 1875 982 1930 In
1010 1874 1188 1930 Africa
1216 1874 1391 1930 natale
1418 1875 1516 1931 SS.
1551 1876 1791 1941 Lueianl,
1837 1876 1969 1931 For-
2003 1881 2047 1939 Β
2076 1874 2409 1943 subjungens
2446 1873 2699 1942 elogium)
2731 1882 2971 1942 tempore
3024 1873 3330 1929 Diocletiani
3362 1883 3418 1929 et
3469 1875 3639 1931 Maxi-

406 1971 572 2026 tunati
598 1979 653 2026 et
680 1970 1057 2033 Crescentiani,
1090 1970 1269 2023 Romae
1294 1969 1353 2024 8.
1390 1979 1417 2009 ιι
1443 1970 1708 2026 Feliculae.

478 2059 537 2113 V.
570 2061 628 2114 Β.
659 2060 720 2114 C.
768 2059 948 2125 primis
973 2059 1174 2113 addunt
1222 2060 1407 2114 ultimo
1446 2075 1635 2115 nomen
1678 2061 1864 2116 Tectis.
1902 2060 1966 2117 D.

402 2145 588 2184 omnes
617 2130 795 2183 omisit
824 2145 1109 2197 eorumque
1130 2133 1256 2198 loco
1287 2145 1352 2183 ex
1405 2132 1646 2198 sequenti
1690 2130 1777 2185 die
1808 2131 1968 2185 habet

409 2198 686 2253 Helisteum
735 2197 1185 2269 prophetom.'l‘.,
1237 2197 1690 2255 Gandavocastro
1738 2201 1960 2256 elevatio

402 2270 637 2340 corporis
663 2270 718 2324 8.
751 2267 776 2305 δ
807 2267 1098 2323 Landualdi
1126 2270 1462 2324 confessoris.

474 2402 561 2457 Η.
588 2429 659 2442 -
688 2400 847 2455 XVIII
896 2400 1031 2456 KAL.
1059 2400 1219 2456 Juut.
1271 2414 1291 2441 ε
1325 2401 1543 2457 llclizaai
1573 2403 1842 2472 propheta
1864 2404 1970 2459 Atto

404 2494 615 2549 relianis
640 2495 852 2547 civitate
884 2492 1157 2547 translatio
1199 2494 1442 2563 corporis
1474 2493 1532 2550 8.
1568 2496 1594 2535 d
1618 2494 1809 2549 Aniani
1855 2492 1968 2564 epi-

406 2586 549 2653 scopi
579 2593 632 2638 et
660 2584 1002 2638 confessoris.

477 2678 624 2746 ln‘D.
656 2677 901 2729 scribitur
931 2678 1116 2730 natalis
1148 2694 1165 2740 ;
1200 2677 1253 2730 in
1289 2677 1348 2731 V.
1386 2678 1446 2731 Β.
1498 2676 1558 2731 C.
1611 2676 1963 2746 interponitur

404 2744 469 2799 Et
496 2744 759 2826 Τειὶειιιιε,
786 2760 976 2799 nomen
1002 2762 1064 2800 ex
1094 2748 1178 2800 die
1211 2748 1528 2815 praecedenti
1558 2744 1834 2817 perperam
1881 2762 1966 2803 re-

407 2826 643 2883 petitum.

473 2927 662 2986 Florus
691 2930 739 2985 in
775 2932 837 2987 Δ.
866 2929 928 2987 Τ.
961 2929 1046 2997 L.,
1080 2931 1133 2986 In
1170 2947 1302 3002 pago
1329 2930 1634 2988 Sucssionis
1663 2931 1837 3001 passio
1863 2930 1962 2988 SS.

400 3022 592 3078 Valerii
615 3034 669 3078 et
698 3027 719 3053 °
754 3024 867 3078 ltufi
896 3023 1006 3094 [L.,
1034 3023 1228 3094 Ruﬁni]
1263 3036 1551 3094 martyrum
1579 3040 1595 3079 :
1622 3026 1710 3093 qui
1738 3025 1819 3093 (ut
1842 3038 1958 3091 pro-

2079 1966 2238 2020 miani
2274 1966 2440 2019 ltoma
2470 1965 2668 2036 egressi
2698 1975 2754 2020 et
2778 1965 2976 2021 Gallias
3004 1968 3234 2034 aggressi
3263 1982 3292 2020 a
3332 1967 3635 2025 Rictiovaro

2078 2054 2329 2124 praefecto
2357 2055 2750 2123 comprehensi,
2776 2055 2979 2109 catenis
3005 2070 3068 2110 ac
3095 2057 3297 2111 carceri
3328 2059 3637 2127 mancipati,

2074 2147 2314 2217 equuleis
2354 2148 2617 2214 suspensi,
2651 2147 2936 2215 plumbatis
2978 2149 3126 2215 caesi,
3183 2158 3326 2204 tanta
3362 2165 3637 2220 poenarum

2073 2247 2196 2294 sunt
2244 2238 2535 2293 acerbitate
2582 2236 2786 2305 afﬂicti,
2832 2247 2890 2293 ut
2921 2247 3084 2294 totam
3131 2240 3373 2309 corporis
3400 2242 3633 2310 speciem

2074 2343 2235 2384 unum
2265 2328 2453 2382 vulnus
2503 2328 2813 2396 obduceret,
2858 2339 2912 2385 et
2938 2345 3104 2385 carne
3130 2330 3401 2388 deﬂuente
3427 2345 3633 2389 secreta

2072 2417 2333 2473 viscerum
2384 2419 2765 2488 ponderentur.
2813 2420 3006 2490 Sicque
3046 2422 3236 2476 iterum
3282 2423 3336 2477 in
3367 2437 3637 2480 carcerem

2067 2509 2216 2565 missi
2244 2518 2305 2565 et,
2325 2510 2517 2565 ibidem
2548 2512 2615 2565 ab
2640 2512 2831 2581 angelo
2870 2512 3073 2569 Domini
3100 2514 3406 2583 confortati,
3453 2516 3520 2571 ad
3550 2516 3633 2571 ul.

2050 2606 2249 2660 'timum
2275 2606 2449 2675 gladio
2483 2606 2812 2677 jugulantur.

2140 2718 2194 2772 In
2224 2718 2286 2772 Τ.
2320 2719 2531 2773 additur
2560 2729 2607 2773 et
2644 2724 2661 2763 ί
2694 2721 2928 2774 liberalia
2954 2722 3116 2789 ipsius
3147 2723 3359 2778 civitatis
3384 2742 3415 2778 a
3465 2724 3629 2780 Wau-

2071 2789 2221 2842 dalis.
2255 2790 2319 2844 A.
2349 2790 2410 2841 Τ.
2447 2789 2527 2849 Β..
2562 2790 2615 2842 1η
2650 2791 2884 2858 Aquileia
2917 2792 3088 2844 natale
3119 2793 3177 2848 S.
3211 2803 3236 2839 Β
3268 2795 3431 2851 Preti.
3462 2794 3545 2856 8.,
3576 2797 3629 2848 ltt

2072 2859 2238 2914 Gallia
2267 2860 2568 2913 Suessionis
2597 2859 2809 2915 civitate
2843 2861 3020 2929 passio
3043 2861 3140 2916 SS.
3180 2862 3353 2918 llulini
3384 2874 3437 2920 et
3467 2865 3634 2920 Vale-

2071 2930 2133 2986 rii
2165 2939 2475 2999 martyrum.

2142 3023 2225 3078 15.
2253 3055 2325 3067 -
2351 3021 2489 3078 XVII
2520 3023 2657 3079 Kac.
2699 3022 2880 3079 Natale
2908 3023 2963 3079 S.
2989 3022 3014 3060 ιι
3060 3024 3161 3079 Viti
3191 3028 3460 3099 martyris.

370 3110 371 3113 “
400 3115 633 3185 sequitur
663 3114 724 3170 L.
776 3118 969 3179 solum,
1022 3114 1181 3169 Floro
1229 3115 1576 3172 nihilominus
1604 3114 1967 3185 imputandum
1998 3118 2045 3180 ο
2149 3113 2307 3169 Addit
2335 3113 2397 3168 V.
2425 3123 2476 3169 et
2512 3114 2571 3169 C.
2604 3114 2827 3168 Modesti
2856 3124 2908 3170 et
2936 3114 3278 3171 Crescentim.

1750 3222 1957 3279 SMITH
1994 3222 2214 3279 NOT/E.

471 3325 496 3353 ι
526 3314 790 3371 Felicufte.
821 3316 949 3382 Qua:
976 3313 1072 3368 f'uit
1120 3314 1455 3370 collectanea
1487 3314 1802 3370 Pctronellae
1846 3317 1956 3369 vir—

395 3386 531 3455 ginis
556 3402 589 3440 ll
617 3385 735 3440 Kal.
758 3384 895 3439 Junii
919 3386 1200 3439 celebrata:
1222 3401 1235 3446 ;
1261 3400 1290 3439 a
1321 3386 1510 3439 Flacco
1535 3396 1714 3439 autem
1739 3386 1953 3451 comite,

395 3455 486 3524 qui
515 3465 633 3525 post
658 3456 859 3509 obitum
889 3456 947 3509 S.
996 3455 1329 3515 Petronellte,
1362 3469 1518 3524 quam
1568 3457 1713 3523 prius
1739 3456 1957 3525 adama-

399 3524 523 3594 hat,
561 3526 748 3578 tradita
788 3534 888 3589 est,
940 3525 1162 3594 quiaei
1205 3526 1371 3578 noluit
1420 3525 1640 3589 nubere,
1676 3539 1773 3579 nec
1802 3524 1954 3578 idolis

397 3593 695 3657 immolare,
746 3593 968 3649 cuidam
1000 3593 1187 3660 judici,
1220 3596 1306 3661 qui
1357 3609 1474 3648 eam
1525 3594 1577 3647 in
1633 3594 1968 3649 confessione

396 3664 592 3719 Christi
623 3672 1077 3732 perseverantem,
1104 3673 1221 3731 post
1253 3664 1639 3717 tenebricosam
1667 3664 1964 3718 custodiam

397 3744 453 3787 ιιι
481 3733 633 3788 famis
664 3734 912 3797 inediam,
948 3733 1128 3787 tandiu
1170 3732 1291 3787 fecit
1334 3734 1386 3787 in
1439 3735 1662 3802 equuleo
1706 3735 1961 3803 torqueri,

397 3804 565 3857 donec
594 3806 863 3857 emitteret
907 3804 1187 3871 spiritum;
1216 3815 1269 3857 et
1304 3805 1381 3857 sic
1424 3805 1634 3874 demum
1679 3806 1869 3874 deponi
1910 3813 1968 3874 et

397 3874 450 3926 in
478 3876 710 3927 cloacam
739 3874 1054 3939 prmcipitari
1086 3891 1098 3925 :
1131 3887 1286 3941 quam
1333 3874 1389 3928 8.
1431 3872 1966 3942 Nicorncdes‘scpeli-

395 3945 469 3997 vit
501 3942 591 3997 Via
640 3942 930 3997 Ardeatina
978 3943 1207 4010 septimo
1231 3942 1480 3997 milliario
1504 3944 1572 3996 ab
1613 3945 1743 3998 urbe
1772 3944 1960 3997 Roma.

407 4012 699 4085 Videapud
732 4015 861 4085 Acta
875 4022 1191 4085 sanctorum
1222 4027 1307 4067 res
1337 4023 1512 4082 gestas
1534 4012 1634 4069 SS.
1665 4012 1957 4085 Martyrum

394 4082 549 4137 Nerei
584 4091 638 4138 et
668 4082 910 4148 Achillei,
938 4097 1010 4135 xu
1040 4082 1182 4137 Maii.

472 4170 498 4253 ξ’
535 4170 852 4253 Cudualdi.
896 4171 1060 4242 Cujus
1109 4174 1301 4229 natalis
1329 4188 1485 4244 supra
1536 4176 1833 4231 celebratur
1875 4191 1963 4229 stv

391 4240 512 4297 Kal.
541 4241 760 4309 Aprilis.
975 4240 986 4242 ἡ
1396 4240 1410 4244 ’

467 4323 490 4349 ο
519 4312 755 4366 Helizaai.
789 4312 889 4377 Qui
940 4313 1273 4380 prephetavit
1320 4322 1375 4367 et
1418 4314 1610 4368 claruit
1636 4315 1736 4371 sub
1778 4316 1958 4371 Joram

393 4389 452 4435 et
480 4382 614 4435 Jehu
643 4394 698 4436 et
724 4382 956 4452 Joat-haz
980 4383 1190 4452 regibus
1215 4384 1372 4436 Israel
1406 4385 1454 4437 in
1484 4384 1743 4439 Samaria.
1774 4388 1960 4452 Sepul-

393 4461 477 4531 tus
498 4463 581 4543 lest
616 4454 873 4543 autem‘in
902 4450 1140 4543 Sa'nta'ria
1172 4454 1488 4543 l’ialaastin-aa,
1516 4468 1671 4543 quam
1698 4450 1956 4537 Seliasten
1995 4484 2043 4543 ο

390 4522 445 4574 in
496 4520 750 4574 honorem
781 4522 1002 4591 Augusti
1052 4523 1286 4575 Herodes
1317 4520 1650 4591 postmodum
1697 4526 1904 4580 vocavit
1942 4544 1955 4580 :

395 4591 485 4644 ubi
517 4601 568 4645 ct
592 4592 788 4645 Abdias
818 4594 1066 4659 pmpheta
1094 4601 1154 4664 ct
1178 4592 1414 4646 Joannes
1452 4593 1684 4661 Baptista
1718 4596 1956 4664 requies-

387 4664 668 4733 cuntaﬁd
710 4677 939 4733 quorum
955 4663 1365 4733 sepulcrajaria
1410 4664 1660 4717 miracula
1696 4663 1824 4718 fiunt
1851 4707 1867 4733 ,
1903 4675 1958 4721 ut

386 4729 521 4785 dicit
546 4727 899 4799 Hieronymus
931 4727 1066 4785 libro
1095 4731 1160 4785 de
1185 4730 1301 4784 Vita
1333 4732 1528 4787 Paulae.

462 4818 721 4876 dAniani.
752 4821 912 4891 Cujus
957 4821 1145 4877 natalis
1188 4822 1325 4876 infra
1370 4823 1667 4879 celebratur
1709 4824 1794 4880 die
1847 4842 1962 4882 xvu

386 4888 726 4946 Novembris.

464 4988 488 5017 ο
519 4979 865 5052 ΒαβηΑιὶιθιν
916 4980 1115 5035 Rufini.
1146 4981 1344 5035 llorum
1375 4996 1597 5052 corpora
1630 4984 1753 5039 dum
1799 4985 1956 5041 Chri-

388 5050 547 5104 stiani
576 5051 641 5103 ad
670 5049 1029 5105 Rliemensem
1070 5052 1339 5106 civitatem
1378 5049 1586 5109 deferre
1616 5056 1845 5119 vellent,
1889 5057 1957 5111 de

389 5121 508 5173 loco
559 5119 611 5173 in
662 5136 767 5189 quo
813 5122 1070 5174 decollata
1121 5120 1333 5175 fuerant
1383 5124 1683 5179 nullatenus
1738 5140 1956 5183 movere

388 5198 699 5259 potuerunt.
736 5191 915 5259 Ibique
944 5205 1003 5243 ea
1032 5192 1379 5257 sepelierunt.
1712 5246 1717 5249 ,

470 5257 488 5295 τ
540 5257 841 5312 ΙΑὺεναιίοζ
877 5260 1008 5314 Cum
1062 5270 1238 5314 autem
1289 5261 1450 5315 Attila
1501 5260 1810 5318 Chunorunt
1857 5281 1954 5321 rex

386 5327 825 5401 Aurelianensem
886 5330 1153 5401 civitatem
1208 5330 1488 5384 obsidione
1548 5343 1834 5401 premeret,
1888 5337 1947 5392 8.

385 5397 626 5452 Anianus
651 5398 889 5467 ejusdem
918 5399 1017 5453 loci
1041 5400 1323 5467 episcopus
1356 5397 1602 5468 precibus
1647 5404 1758 5457 suis
1784 5397 1947 5460 a'Deo

381 5467 639 5537 anxdium
663 5468 998 5537 impetravit;
1026 5470 1210 5523 Aetius
1234 5467 1397 5530 enim.
1427 5481 1479 5525 et
1504 5469 1819 5527 Theodorus
1842 5474 1950 5529 Go-

385 5536 601 5590 thorum
636 5536 751 5603 rex,
778 5553 841 5593 ac
869 5537 1292 5593 Thorismundus
1324 5539 1461 5594 filius
1508 5542 1626 5608 ejus
1665 5543 1731 5596 ad
1762 5544 1945 5598 civita-

381 5616 491 5681 tem
540 5621 822 5681 accurrere
872 5618 925 5681 #t
970 5608 1176 5681 hostem
1210 5609 1473 5676 repulere.
1532 5611 1690 5681 Breg.
1740 5613 1941 5671 Turon.

379 5674 518 5730 Hist.
554 5692 611 5741 ll,
640 5674 1408 5759 7._Fr'eodegarii.Fr_agm—enta
1435 5681 1505 5754 de
1529 5674 1667 5759 Ilist:
1707 5682 1941 5759 Franco-

378 5760 523 5810 rutn,
553 5761 672 5817 cap.
703 5748 754 5803 ὖ.
783 5748 1042 5805 Scribitur
1071 5748 1123 5803 in
1154 5748 1383 5803 Historia
1410 5749 1821 5817 patriarcharum
1849 5755 1938 5809 Bi-

2071 3316 2439 3387 turicensium,
2469 3332 2586 3385 cap.
2620 3318 2704 3384 15,
2727 3319 2863 3387 apud
2898 3318 3033 3373 Phil.
3069 3320 3281 3374 Labbmi
3316 3322 3451 3377 Bibl.
3497 3324 3631 3378 Nov.

2066 3385 2124 3438 S.
2157 3388 2419 3439 Aniannm
2469 3385 2775 3442 liberavisse
2803 3390 3069 3442 civitatem
3103 3400 3257 3443 sexto
3287 3407 3425 3445 anno
3457 3393 3630 3447 Palla-

2064 3455 2134 3507 dii
2182 3456 2371 3529 dccimi
2411 3456 2559 3529 tertii
2614 3458 2906 3528 Biturigum
2960 3460 3386 3529 archiepiscOpi,
3432 3462 3482 3515 id
3541 3475 3627 3516 est

2064 3538 2202 3577 anno
2230 3523 2426 3579 Christi
2457 3526 2580 3581 451.

2138 3599 2162 3636 ε
2188 3592 2351 3670 grati.
2378 3596 2475 3670 llic
2524 3610 2642 3650 cum
2665 3597 2850 3652 Cantio
2887 3598 3225 3670 et_Cantiano
3255 3615 3411 3670 supra
3434 3602 3628 3655 colitur

2064 3679 2167 3718 xxx
2194 3665 2330 3717 Maii.
2378 3666 2482 3719 Hos
2520 3675 2694 3719 tamen
2718 3678 2918 3723 fomnes
2948 3668 3221 3725 Ferrarius
3244 3670 3298 3724 in
3323 3665 3435 3725 'suo
3474 3673 3628 3725 Cata-

2066 3734 2188 3799 Iogo
2212 3738 2445 3803 generali
2480 3737 2636 3790 hodie
2665 3748 2945 3793 memorat.

2136 3802 2164 3842 ιι
2204 3802 2325 3869 Viti,
2361 3805 2580 3859 Modesti
2607 3818 2654 3860 et
2683 3806 2999 3862 Crescentiw.
3031 3808 3133 3874 Qui
3161 3808 3347 3864 beatus
3379 3810 3529 3866 Vitus
3573 3813 3628 3865 in

2068 3875 2363 3950 puerilitate
2431 3878 2712 3950 virtutibus
2761 3888 3061 3950 maturus,
3093 3881 3319 3948 primum
3391 3896 3420 3933 a
3475 3892 3622 3950 patre

2066 3960 2162 4015 suo
2185 3947 2442 4015 sacrilego
2466 3946 2615 4015 llyla,
2638 3957 2694 3998 ut
2723 3962 2751 3999 a
2782 3948 2881 4001 fide
2903 3946 3205 4015 decederet,
3239 3946 3615 4005 tentatus'est:
3660 3988 3661 3991 η

2070 4014 2264 4083 deinde
2291 4029 2320 4067 a
2354 4014 2630 4068 Valeriano
2671 4015 2847 4083 judice
2874 4018 3132 4071 cathomis
3157 4014 3351 4083 caesus,
3399 4020 3450 4072 in
3495 4035 3624 4072 con-

2069 4082 2303 4137 fessione
2351 4085 2549 4156 Christi
2607 4082 2913 4150 permansit.
2969 4087 3096 4141 Inde
3144 4088 3380 4142 redditus
3444 4091 3622 4156 patri,

2074 4156 2392 4225 cumgpoenis
2424 4154 2656 4221 affligere
2686 4171 2805 4209 eum
2841 4164 2989 4225 pater
3016 4157 3381 4222 meditaretur,
3415 4154 3620 4212 monitu

2069 4224 2241 4291 angeli
2286 4224 2465 4276 navim
2507 4224 2873 4281 conscendens
2915 4228 3293 4282 comitantibus
3340 4244 3460 4282 eum
3508 4228 3621 4283 Mo-

2068 4293 2221 4366 desto
2264 4303 2316 4366 et
2362 4292 2681 4348 Crescentite
2719 4297 3082 4361 nutritoribus,
3140 4298 3203 4350 ad
3243 4300 3412 4351 locum
3462 4314 3621 4366 quem

2068 4362 2408 4434 {Mler-torium
2459 4375 2646 4417 vocant
2697 4366 2914 4421 devenit
2958 4384 2971 4419 :
3019 4367 3143 4421 inde
3194 4380 3411 4434 pr0pter
3459 4362 3621 4422 filiam

2068 4430 2377 4487 Diocletiani
2404 4434 2665 4489 dazmnnio
2691 4450 2931 4491 vexatam
2962 4430 3214 4506 quaesitus
3254 4430 3308 4491 et
3338 4438 3619 4504 adductus,

2066 4517 2182 4558 eam
2229 4506 2475 4577 oratione
2512 4509 2735 4559 sanavit.
2768 4508 2873 4577 Sed
2922 4521 3040 4560 cmn
3083 4511 3369 4575 imperator
3410 4525 3613 4577 nequa-

2065 4589 2219 4647 quam
2249 4589 2369 4629 eum
2414 4576 2825 4647 ad_Ctitisetisum
2856 4576 3114 4631 idolorum
3162 4576 3613 4647 persuadere’po-

2066 4644 2273 4710 luisset,
2304 4645 2531 4698 vinculis
2567 4646 2749 4699 ferreis
2777 4648 3047 4701 astrictum
3088 4648 3139 4700 in
3169 4661 3438 4700 carcerem
3486 4644 3615 4701 cun-

2058 4711 2149 4780 jici
2186 4714 2343 4786 jussit
2385 4729 2504 4786 eum
2561 4715 2799 4786 Modesto
2852 4726 3010 4784 atque
3061 4717 3362 4769 Crescentia
3417 4733 3440 4786 :7
3480 4733 3616 4786 quos

2064 4794 2247 4849 postea
2272 4783 2623 4854 Diocletianus
2644 4784 2694 4836 in
2719 4785 2879 4838 ollam
2912 4783 3087 4839 resina
3108 4794 3160 4839 et
3183 4786 3297 4852 pice
3321 4796 3373 4840 et
3397 4783 3616 4854 plumbo

2061 4865 2367 4924 succensam
2394 4852 2585 4919 jactari
2611 4857 2893 4924 praecepit:
2926 4857 3235 4924 egressique
3276 4856 3344 4909 de
3398 4852 3516 4910 Iolla
3542 4857 3610 4910 il-

2061 4921 2193 4984 laesi,
2222 4923 2471 4993 dimissus
2507 4926 2584 4976 eis
2627 4923 2708 4977 leo
2751 4921 3270 4993 ferociss_intus,'qui
3298 4939 3421 4979 mox
3450 4926 3610 4993 pedes

2059 5004 2245 5062 eorum
2298 4992 2493 5059 lingere
2518 4994 2697 5061 erepit.
2730 4993 3024 5049 Novissime
3053 5010 3177 5049 vero
3207 5005 3393 5049 ormtc
3438 4992 3607 5062 puero

2062 5068 2117 5133 ut
2144 5060 2615 5133 liberarentur,_ab
2646 5065 2829 5133 angelo
2860 5066 3077 5133 repositi
3123 5075 3244 5119 sunt
3277 5066 3421 5118 illico
3441 5060 3608 5133 ‘juxta

2058 5129 2273 5182 fluvimn
2304 5131 2393 5198 qtti
2436 5131 2628 5185 dicitur
2666 5129 2866 5189 Silarus
2894 5129 2945 5189 in
2996 5135 3267 5199 Lucania;
3302 5136 3390 5188 ubi
3431 5129 3611 5203 quies-

2056 5210 2237 5252 centes
2265 5202 2365 5253 sub
2410 5207 2619 5262 arbore,
2664 5204 2866 5258 animas
2912 5220 3037 5259 suas
3080 5205 3186 5257 Deo
3232 5202 3601 5258 reddiderunt.

2058 5267 2320 5322 Florentia
2351 5286 2476 5323 vero
2505 5273 2696 5326 femina
2741 5274 3096 5329 illu~tri8sima
3127 5288 3346 5341 corpora
3394 5283 3610 5328 sancto-

2056 5352 2168 5390 rum
2198 5340 2430 5411 collegit,
2461 5351 2511 5393 et
2539 5345 2593 5411 in
2627 5343 2742 5396 loco
2763 5345 2849 5411 qui
2877 5345 3070 5398 dicitur
3088 5340 3369 5405 Marianus,
3394 5344 3605 5397 condita

2054 5410 2376 5480 animalibus
2407 5410 2667 5475 sepelivit.
2697 5410 2832 5476 Am,
2871 5413 3088 5478 Suntne,
3123 5423 3249 5466 tum.
3284 5412 3371 5466 lll.
3401 5413 3609 5480 Corpus

2053 5477 2109 5551 S.
2146 5479 2245 5531 Viti
2273 5480 2580 5535 translatum
2611 5496 2730 5536 esse
2774 5482 2935 5538 Roma
2971 5477 3198 5537 Parisios
3231 5482 3415 5538 scribit
3458 5477 3608 5551 Srge—

2054 5546 2191 5602 bert.
2226 5552 2278 5601 in
2305 5550 2499 5602 Chron.
2530 5565 2670 5605 anno
2698 5551 2818 5607 755.
2854 5552 2978 5606 Inde
3007 5567 3151 5615 vero,
3184 5563 3238 5605 ut
3268 5553 3405 5607 idem
3435 5546 3608 5613 ait.'in

2051 5616 2335 5672 Samnium
2363 5618 2593 5673 delatum
2623 5632 2703 5675 est
2729 5636 2870 5676 anno
2900 5621 3025 5676 856.
3061 5621 3115 5676 In
3143 5622 3321 5677 Sicilia
3372 5622 3604 5676 ntaxiute

2050 5688 2422 5774 celebrantur,
2455 5699 2509 5741 ut
2554 5701 2760 5746 constat
2805 5706 2871 5746 ex
2920 5691 3307 5774 Martyrologtis
3358 5692 3609 5758 Usuardi,

2053 5758 2272 5822 Adonis,
2309 5758 2475 5814 Baeda:
2504 5774 2718 5830 suppos.
2752 5770 2805 5817 ct
2835 5765 2996 5818 nostri
3027 5758 3191 5817 Flori.
