4240 6450
687 373 793 429 9Ξ7

1444 368 1640 421 “HL-1'1
1684 364 2132 421 VENEliAlilLlS
2172 364 2322 419 ΟἰῬ.
2366 366 2540 421 PARS
2581 366 2665 420 IV.
2709 397 2779 409 —-
2819 365 3199 422 illSTOlilCA.

3856 364 3967 423 928

2000 480 2225 535 EDITlO
2261 479 2729 537 COLONIENSIS.

683 597 801 635 rum
835 588 1126 649 martyrum
1155 574 1280 637 \‘iti,
1305 572 1527 628 Modesti
1560 580 1614 627 et
1643 573 1985 627 Crescentiai.
2014 572 2112 638 Qui
2144 572 2268 626 bea-
2297 581 2345 638 Α
2374 573 2693 627 aroniatibus
2724 573 2984 643 sepelivit.
3018 572 3167 642 Apud
3197 571 3406 625 M'csiam
3439 570 3607 627 sancti
3654 569 3833 634 Esicii,
3868 575 3961 640 qui

685 682 770 725 tus
805 670 952 724 Vitus
981 669 1029 721 in
1063 664 1359 734 pucrilitate
1410 663 1692 718 virtutibus
1740 674 2011 726 maturus,
2043 663 2271 731 primum

684 778 711 814 a
745 772 893 829 patre
921 772 1021 811 suo
1044 755 1303 825 sacrilego
1334 754 1491 829 llyla,
1542 764 1599 807 ut
1628 768 1656 805 a
1688 754 1893 807 cultura
1939 752 2029 806 Dei
2059 751 2271 806 recede-

682 862 784 913 ret,
816 855 1046 903 tentatus
1074 854 1156 901 est
1180 861 1194 910 ;
1228 845 1421 897 deinde
1447 860 1474 896 a
1502 844 1779 897 Valeriano
1800 842 1980 912 judice
2008 841 2271 895 cathomis

683 953 872 1004 caesus,
908 937 958 991 in
985 935 1321 991 confessione
1343 933 1539 987 Christi
1582 933 1892 1001 permansit.
1942 931 2067 986 inde
2098 930 2273 985 reddi-

682 1040 766 1085 tus
785 1032 938 1099 patri,
958 1044 1077 1083 cum
1106 1029 1278 1097 pomis
1304 1026 1543 1095 afﬂigere
1565 1027 1707 1080 illum
1735 1037 1882 1097 pater
1904 1027 2269 1092 meditaretur,

683 1124 891 1177 monitu
922 1120 1096 1190 angeli
1128 1134 1313 1174 navem
1340 1118 1728 1184 conscendens,
1778 1118 2151 1173 comitantibus
2180 1132 2269 1172 se-

680 1228 804 1269 cum
838 1210 1078 1265 Modesto
1125 1218 1180 1264 et
1224 1208 1528 1263 Crescentia
1582 1208 1949 1273 nutritoribus,
2001 1208 2067 1260 ad
2099 1207 2269 1262 Titani

683 1302 1034 1373 Agrithauum
1063 1299 1393 1354 territorium
1423 1299 1667 1363 devenit;
1701 1298 1820 1354 inde
1851 1309 2067 1367 propter
2107 1299 2267 1353 tiliam

684 1391 997 1450 Diocletiani
1032 1390 1367 1459 imperatoris
1412 1390 1676 1445 dietnonio
1707 1401 1984 1459 vexatam,
2014 1392 2269 1462 quaesitus
2299 1461 2309 1470 .

686 1492 743 1538 et
770 1482 1029 1537 adductus
1056 1482 1120 1534 ad
1146 1496 1291 1549 eum,
1323 1481 1438 1549 ejus
1461 1482 1621 1535 tiliam
1645 1483 1887 1537 oratione
1915 1488 2145 1537 curavit.
2165 1484 2268 1538 Sed

678 1590 809 1669 tum
834 1576 1121 1643 impetatnr
1144 1574 1335 1641 impius
1361 1588 1689 1643 nequaquam
1715 1590 1839 1629 eum
1867 1575 1933 1627 ad
1954 1590 2269 1630 consensum

668 1648 954 1721 ‘iilolorum
986 1664 1306 1734 persuadere
1334 1664 1626 1732 potuisset,
1660 1664 1880 1719 vinculis
1910 1665 2095 1719 ferreis
2118 1667 2274 1719 astri-

688 1770 835 1814 ctmu
893 1757 947 1811 in
1005 1757 1330 1811 teterrimum
1380 1755 1555 1811 induci
1609 1770 1874 1811 carcerem
1908 1756 2101 1825 jussit,
2152 1773 2271 1812 cum

689 1856 931 1915 Modesto
956 1865 1114 1924 atque
1142 1852 1480 1919 Crescentia;
1535 1870 1664 1921 quos
1696 1864 1878 1923 postea
1920 1854 2274 1909 Diocletianus

2375 666 2474 719 sub
2502 666 2724 732 prmside
2755 667 3068 719 Maximiano
3102 666 3355 734 martyrio
3396 675 3678 719 coronatus
3704 675 3810 719 est.

2447 756 2507 812 F.
2543 757 2657 811 XVI
2690 757 2925 811 liueat).
2958 758 3120 813 Juut.
3152 786 3222 795 —
3263 757 3412 825 Apud
3458 759 3640 811 urbem
3682 758 3960 811 Vesontio-

2377 864 2593 903 nensem
2623 859 2927 903 sanctorum
2962 849 3191 904 Ferreoli
3224 848 3538 919 presbyteri,
3592 858 3645 901 et
3674 848 3959 902 Ferrutio—

2378 940 2460 993 nis
2492 940 2720 1005 diaconi,
2748 940 2834 1008 qui
2866 955 2894 992 a
2929 941 2984 993 li.
3023 941 3265 1009 llyreneo
3314 939 3651 1009 Lngdunensi
3704 938 3963 1005 episcopo

2375 1042 2429 1085 et
2455 1042 2685 1099 martyre
2728 1030 2791 1083 ad
2820 1030 3208 1100 prmdicaudum
3250 1031 3468 1082 verbum
3517 1028 3605 1083 Dei
3638 1029 3781 1081 missi
3808 1068 3821 1090 ,
3854 1030 3953 1081 sub

2376 1122 2787 1189 Claudiujulice
2816 1121 2878 1173 ad
2905 1121 3165 1173 troclileas
3193 1120 3414 1182 extenti,
3446 1131 3495 1173 et
3527 1118 3774 1187 flagellati
3806 1127 3954 1181 sunt;

2376 1215 2564 1269 deinde
2597 1214 2781 1267 inclusi
2813 1227 3027 1265 carcere
3050 1256 3063 1279 ,
3098 1226 3253 1265 mane
3280 1210 3565 1279 amputatis
3595 1209 3780 1277 linguis
3810 1223 3954 1276 prae-

2376 1307 2621 1361 dicabant
2652 1307 2868 1358 verbum
2900 1302 3013 1355 Dei.
3049 1302 3173 1355 Post
3192 1304 3302 1353 btnc
3330 1300 3532 1353 subula:
3557 1300 3765 1368 triginta
3795 1299 3956 1355 utris-

2376 1412 2477 1467 que
2511 1398 2684 1448 infixa:
2714 1395 2957 1447 manibus
2998 1406 3049 1447 et
3079 1392 3297 1461 pedibus
3342 1404 3552 1460 pectore
3576 1431 3590 1454 ,
3618 1391 3682 1444 ad
3712 1393 3955 1445 ultimum

2376 1488 2550 1556 gladio
2581 1485 2861 1539 feriuntur.
2917 1484 2981 1537 Et
3030 1484 3082 1538 iii
3125 1484 3337 1538 civitate
3389 1484 3721 1553 Mogontiaco
3772 1485 3951 1553 passio

2374 1591 2677 1632 sanctorum
2708 1576 2863 1630 Aurei
2906 1584 2960 1630 et
2985 1574 3206 1629 Justinze
3235 1575 3438 1629 sororis
3467 1574 3605 1644 ejus,
3637 1576 3723 1644 qui
3752 1576 3825 1629 ab
3848 1575 3955 1628 llu-

2377 1670 2457 1725 nis
2483 1668 2808 1723 vastantibus
2854 1666 3193 1722 Germaniam
3243 1668 3294 1721 in
3345 1666 3575 1721 Ecclesia
3622 1668 3781 1722 occisi
3807 1679 3951 1721 sunt.

2377 1761 2507 1815 Item
2541 1763 2591 1816 in
2623 1760 2901 1815 Antiochia
2930 1772 3232 1815 sanctorum
3274 1760 3436 1815 Cirici
3481 1770 3533 1815 et
3564 1758 3737 1814 Julitze
3766 1763 3954 1815 matris

2376 1853 2514 1922 ejus,
2545 1869 2768 1922 quorum
2803 1854 2948 1921 prior
2980 1862 3099 1922 post
3126 1853 3238 1907 dira
3269 1853 3486 1908 verbera
3508 1892 3524 1919 ,
3564 1854 3721 1907 etiam
3752 1853 3956 1907 calcem

690 1952 748 2006 in
777 1949 936 2004 ollam
966 1949 1141 2003 resina
1167 1956 1220 2002 et
1249 1946 1389 2014 pice,
1419 1954 1473 1999 et
1502 1944 1718 2013 plumbo
1745 1960 2054 1999 succensam
2082 1945 2265 2013 jactari
2301 1966 2346 2025 Β
2380 1958 2498 1997 cum
2530 1953 2681 1997 aceto
2706 1955 2758 1998 et
2788 1944 2955 2012 sinapi
3004 1944 3054 1998 in
3082 1959 3144 1998 os
3174 1944 3398 2013 accepit.
3452 1943 3649 1999 Deinde
3677 1944 3839 1997 clavis
3866 1944 3953 1997 af-

686 2045 942 2115 praicepit
973 2061 985 2097 :
1016 2042 1323 2114 egressique
1352 2040 1418 2096 de
1446 2038 1548 2094 olla
1577 2036 1725 2091 illmsi
1748 2081 1762 2104 ,
1790 2036 2041 2090 dimissus
2069 2037 2146 2091 eis
2185 2035 2270 2090 leo

682 2135 1071 2198 femcissimus,
1118 2133 1211 2203 qui
1240 2146 1362 2186 mox
1407 2130 1573 2201 pedes
1614 2142 1798 2181 eorum
1845 2127 2045 2196 lingere
2075 2127 2267 2193 carpit;

682 2226 973 2282 novissime
1002 2240 1125 2279 vero
1145 2222 1294 2293 juxta
1326 2222 1543 2275 ﬂuvium
1587 2220 1674 2290 qui
1704 2218 1899 2273 dicitur
1923 2216 2092 2280 Siler,
2123 2215 2272 2284 quie—

680 2328 895 2373 scentes
921 2316 1022 2370 sub
1044 2315 1256 2379 arbore,
1277 2311 1481 2367 animas
1507 2324 1634 2365 suas
1654 2309 1880 2363 Domino
1904 2306 2269 2361 reddiderunt.

687 2407 956 2465 Florentia
990 2421 1117 2462 vero
1145 2406 1336 2461 femina
1383 2404 1763 2466 illustrissima,
1802 2414 2025 2469 corpora
2056 2411 2271 2453 sancto—

690 2515 808 2556 rum
834 2499 1069 2569 collegit,
1115 2506 1169 2554 et
1197 2498 1249 2553 in
1278 2497 1394 2552 loco
1422 2498 1510 2567 qui
1532 2494 1725 2550 dicitur
1746 2492 2030 2550 Marianos.
2063 2490 2273 2545 condita

2375 2036 2465 2092 fixi
2498 2037 2694 2106 pariter
2722 2036 2918 2092 evulsis
2944 2036 3111 2091 oculis
3143 2038 3194 2091 in
3225 2051 3493 2091 carcerem
3521 2037 3647 2090 trusi
3666 2047 3806 2090 sunt.
3828 2036 3957 2091 Post

2377 2127 2491 2183 haec
2502 2126 2759 2181 decalvati
2784 2126 3105 2181 etexcoriati
3122 2141 3284 2199 super
3307 2129 3569 2182 carbones
3592 2129 3643 2180 in
3662 2126 3797 2181 lecto
3812 2141 3956 2181 aereo

2381 2217 2543 2271 assati
2560 2226 2683 2271 sunt
2701 2234 2717 2281 ;
2733 2217 2802 2271 ad
2821 2216 3064 2277 ultimum
3087 2218 3242 2272 ferris
3255 2220 3443 2285 attriti,
3458 2221 3739 2287 amputatis
3762 2219 3956 2288 linguis

2380 2307 2710 2378 martyriisui
2728 2323 2939 2362 cursum
2958 2308 3361 2363 obtruncatiOne
3371 2310 3560 2377 capitis
3576 2308 3953 2379 impleverunt.

2381 2398 2529 2454 Passi
2552 2409 2679 2453 sunt
2696 2414 2813 2453 cum
2827 2401 2903 2453 eis
2916 2408 2969 2454 et
2988 2400 3075 2453 alii
3097 2400 3461 2468 quadringenti
3481 2410 3726 2469 quatuor.
3751 2400 3957 2454 Eodem

2383 2488 2470 2544 die
2495 2490 2759 2559 depositio
2779 2492 2943 2545 sancti
2964 2490 3134 2546 Alexii
3163 2490 3509 2547 confessoris.

1942 2586 2167 2640 EDiTlO
2206 2584 2713 2639 BOLLANDIANA.

760 2681 970 2735 Plenius
1023 2679 1210 2734 Florus
1259 2678 1308 2733 in
1358 2678 1423 2731 Α.
1474 2677 1536 2731 Τ.
1586 2676 1648 2731 ι..
1692 2692 1704 2727 :
1755 2675 1807 2729 lu
1860 2674 2041 2731 Sicilia
2094 2675 2270 2729 natale

681 2781 991 2827 sanctorum
1022 2780 1315 2838 martyrum
1347 2766 1449 2820 \‘iti
1483 2767 1652 2834 pueri,
1680 2774 1731 2818 et
1757 2763 1981 2817 Modesti
2011 2764 2159 2818 senis
2182 2772 2263 2817 at-

680 2874 787 2927 que
815 2856 1137 2911 Crescentis:
1166 2856 1255 2925 [Α.
1287 2864 1334 2907 et
1381 2853 1444 2906 ι..
1486 2870 1587 2905 om.
1636 2852 2000 2922 Crescentes],
2031 2853 2120 2920 qui
2163 2852 2262 2906 sub

682 2950 1017 3004 Diocletiano
1047 2955 1101 3003 et
1150 2945 1470 3005 Maximiano
1520 2945 1679 2996 variis
1728 2954 1847 2996 sunt
1901 2958 1997 3011 pro
2043 2941 2259 2996 nomine

680 3040 881 3094 tllwisti
912 3037 1083 3108 pinnis
1112 3036 1294 3090 afflicti
1324 3044 1377 3089 et
1409 3034 1742 3103 passinnibus
1774 3034 2035 3087 coronati.

751 3132 815 3187 Τ.
846 3142 899 3186 ct
929 3131 990 3187 L.
1020 3129 1136 3199 (sed
1168 3132 1265 3183 hoc
1293 3129 1462 3181 locum
1494 3128 1736 3194 omittit),
1770 3126 1923 3194 Apud
1954 3124 2257 3199 Crispinum

683 3205 861 3260 natale
892 3204 949 3259 S.
985 3197 1036 3236 δι’
1062 3200 1338 3254 Landolini
1370 3200 1692 3253 confessoris
1722 3206 1775 3250 et
1810 3197 2123 3251 sacerdotis.
2176 3198 2259 3258 Β..

682 3281 740 3332 ιιι
760 3275 783 3311 ί)
800 3274 1039 3343 Aquileia
1061 3271 1321 3335 Cantiam,
1347 3270 1657 3325 Clementis.
1683 3268 1739 3321 in
1762 3266 1992 3327 Lucania
2010 3266 2256 3334 Candidi,

680 3346 847 3410 Proti,
880 3343 1184 3411 Grisngoni.

751 3438 841 3493 16.
868 3465 940 3477 -
966 3434 1084 3489 ΧΗ
1116 3433 1249 3487 lilii.
1284 3441 1307 3469 ο
1361 3430 1594 3486 Ferreoli
1628 3428 1922 3498 presbyteri
1954 3436 2008 3482 et
2052 3426 2253 3483 Ferru~

2371 2691 2507 2741 rem,
2535 2673 2695 2742 jussit
2724 2675 2962 2729 incudem
2990 2690 3191 2731 teneam
3221 2676 3438 2746 pedibus
3478 2693 3664 2734 eorum
3692 2682 3947 2750 supponi,

2368 2767 2548 2835 sicque
2574 2783 2666 2820 eos
2696 2766 3030 2835 abscindere,
3086 2770 3349 2840 tibiasque
3379 2785 3565 2826 eorum
3608 2771 3948 2845 confringere

2364 2856 2538 2913 donec
2570 2858 2887 2914 deficerent.

2434 2990 2576 3051 Idem
2618 2996 2669 3049 in
2698 2994 2761 3048 '1'.
2797 2994 2967 3063 primo
2999 2994 3117 3049 loco
3158 3011 3169 3047 :
3207 2995 3357 3063 Apud
3391 2996 3732 3052 Antiochiam
3766 2999 3949 3067 passio

2371 3086 2430 3141 S.
2456 3086 2633 3155 (lyrici
2672 3092 2727 3138 et
2755 3083 2946 3138 lulitta:
2988 3084 3174 3138 matris
3202 3085 3317 3151 ejus
3349 3101 3361 3136 :
3392 3098 3621 3153 quorum
3656 3088 3798 3155 prior
3826 3097 3949 3155 post

2368 3178 2480 3233 dira
2519 3178 2763 3239 verbera,
2794 3176 2952 3231 etiam
2983 3175 3181 3230 calcem
3209 3190 3328 3229 cum
3353 3184 3505 3230 aceto
3536 3187 3587 3231 et
3615 3177 3784 3245 sinapi
3808 3177 3857 3230 iii
3883 3192 3950 3231 os

2366 3270 2572 3340 accepit
2605 3286 2617 3324 :
2651 3269 2843 3325 deinde
2869 3269 3066 3338 pariter
3086 3270 3253 3323 clavis
3294 3269 3513 3337 confixi,
3554 3270 3757 3327 evulsis
3777 3270 3946 3325 oculis

2369 3362 2423 3421 in
2456 3378 2725 3419 carcerem
2760 3363 2890 3417 trusi
2922 3370 3065 3416 sunt.
3110 3361 3235 3417 Post
3264 3361 3380 3416 haec
3406 3362 3679 3417 deealvati
3700 3372 3754 3418 et
3779 3378 3942 3418 exco-

2370 3455 2494 3515 riati
2533 3469 2693 3524 super
2723 3454 2984 3508 carbones
3017 3454 3067 3507 iti
3103 3454 3239 3508 lecto
3277 3468 3430 3508 teneo
3469 3454 3631 3507 assati
3668 3463 3811 3507 sunt.
3842 3454 3947 3517 Qui

676 3528 843 3589 tionis
871 3526 1102 3589 diaconi,
1140 3524 1229 3593 qui
1277 3524 1377 3616 sub
1418 3522 1641 3616 Claudio
1670 3520 1845 3589 judice
1874 3520 1938 3572 ad
1990 3519 2257 3616 trochleas
2286 3526 2333 3589 ο
2366 3519 2625 3616 ηςηηηιέ
2653 3545 2981 3611 Alexandro,
3014 3544 3113 3598 sub
3145 3542 3375 3613 pmside
3404 3543 3742 3607 Alexandro,
3791 3557 3949 3595 ma“

678 3621 880 3679 extenti
913 3628 967 3671 et
993 3616 1277 3687 flageilati,
1306 3614 1500 3667 deinde
1547 3613 1599 3666 in
1630 3626 1899 3665 carcerem
1934 3608 2153 3674 reclusi,
2204 3617 2259 3663 et

681 3728 840 3767 mane
888 3710 1176 3779 amputatis
1226 3706 1418 3774 linguis
1470 3704 1831 3773 pratdiCabant
1875 3704 2095 3757 verbum
2140 3702 2255 3757 Dei.

686 3807 815 3859 Post
857 3803 973 3856 haec
1019 3799 1223 3855 subula:
1256 3798 1470 3867 tr:ginta
1504 3798 1741 3864 utrisque
1786 3796 1962 3849 infixae
2005 3794 2057 3847 in
2087 3794 2259 3848 mani—

683 3900 784 3951 bus
813 3906 866 3951 et
897 3894 1138 3965 pedibus.
1194 3900 1249 3947 et
1300 3900 1515 3962 pectore
1555 3889 1620 3945 ad
1673 3888 1917 3943 ultimum
1966 3887 2143 3957 gladio
2172 3885 2255 3941 fe-

682 3991 911 4047 i'iuntur.

754 4082 819 4136 Λ.
873 4079 936 4134 Τ.
987 4078 1052 4133 L.
1104 4077 1429 4147 pra-signant
1478 4075 1529 4127 in
1580 4073 1785 4127 civitate
1844 4071 2146 4126 Visionemi.
2178 4072 2267 4137 C.,

685 4149 1041 4207 Ubisoucemi.
1078 4151 1132 4201 ll.
1144 4189 1159 4211 ,
1205 4147 1234 4199 γ
1248 4148 1598 4199 iudaciueme.

760 4239 955 4293 Florus
981 4237 1034 4291 iu
1084 4238 1149 4290 A.
1180 4246 1233 4290 et
1264 4234 1352 4300 'l‘.,
1408 4236 1464 4289 In
1505 4233 1815 4289 Nicomedia
1847 4232 2062 4287 civitate
2095 4231 2272 4301 passio

683 4332 745 4395 S.
792 4331 817 4371 ά
848 4327 1063 4383 Adriani
1096 4335 1150 4382 et
1176 4327 1432 4382 comitum
1479 4326 1597 4397 ejus
1625 4326 1714 4395 qui
1747 4326 1884 4395 passi
1917 4324 2133 4379 fuerunt
2174 4322 2273 4377 sub

687 4418 1012 4478 Maximiano
1043 4418 1384 4486 imperatore.
1422 4416 1481 4469 lli
1510 4416 1674 4481 enim,
1702 4430 1820 4469 cum
1844 4415 2039 4484 cogniti
2080 4422 2262 4469 essent

686 4508 1000 4574 Chrisdani,
1027 4508 1164 4577 jussi
1196 4518 1319 4563 sunt
1345 4506 1413 4561 ab
1461 4506 1782 4576 imperatore
1825 4507 2068 4574 extendi,
2123 4505 2265 4560 acri-

691 4612 877 4672 terque
911 4600 1134 4661 fustibus
1162 4598 1295 4656 ctedi
1324 4614 1336 4651 :
1373 4611 1435 4657 ac
1462 4597 1655 4656 deinde
1681 4606 1964 4672 susceptos
1994 4598 2047 4655 in
2075 4611 2263 4654 carce-

2366 3635 2487 3706 tyrii
2523 3636 2603 3688 sui
2647 3649 2860 3690 cursum
2892 3635 3300 3689 obtruncatione
3330 3633 3519 3701 capitis
3568 3633 3942 3701 impleverunt.

2366 3726 2513 3782 Passi
2551 3734 2675 3781 sunt
2710 3736 2888 3780 autem
2927 3740 3047 3780 cum
3083 3728 3164 3782 eis
3205 3734 3259 3781 et
3294 3725 3386 3779 alii
3416 3724 3782 3795 quadringenti
3809 3738 3943 3793 qua-

2366 3819 2615 3891 draginta
2647 3829 2897 3890 quatuor.

2442 3952 2570 4018 Quae
2600 3951 2676 4005 sic
2710 3951 2943 4006 breviter
2981 3960 3036 4005 et
3079 3949 3265 4004 ultimo
3308 3949 3424 4003 loco
3452 3949 3619 4003 habes
3657 3949 3706 4002 in
3741 3950 3799 4002 Α.
3830 3965 3841 4000 :
3875 3948 3944 4003 Et

2375 4024 2549 4076 natale
2578 4022 2756 4091 Cyrici
2802 4033 2857 4077 et
2905 4021 3098 4074 Iulittze
3146 4020 3331 4078 Inatris
3369 4020 3486 4089 ejus
3526 4035 3645 4073 cum
3687 4022 3939 4088 quadrin-

2372 4092 2545 4163 gentis
2574 4102 2797 4160 quatuor
2826 4094 3165 4162 martyribus.
3194 4092 3248 4143 In
3285 4091 3343 4143 V.
3377 4092 3600 4158 Simplex
3648 4091 3723 4163 fit,
3752 4098 3774 4125 ο
3805 4091 3937 4163 Qui-

2374 4159 2467 4217 ξιρί
2516 4174 2569 4217 et
2594 4159 2802 4217 rlulittze
2848 4159 3033 4215 matris
3067 4164 3181 4228 ejus
3228 4164 3448 4214 mentio.
3484 4166 3543 4214 ι..
3592 4170 3645 4213 et
3670 4161 3730 4213 Β.
3762 4174 3852 4212 eos
3885 4159 3939 4212 Iit

2376 4234 2652 4287 Antiochia
2698 4232 3041 4299 prmsignant.
3086 4234 3167 4289 Β..
3206 4230 3258 4283 In
3290 4233 3501 4285 civitate
3558 4230 3809 4284 Nauuctis
3850 4244 3942 4281 na-

2381 4306 2488 4357 tale
2530 4306 2587 4357 S.
2622 4301 2641 4339 ί
2676 4304 2927 4357 Similini.
2989 4304 3045 4356 lit
3094 4302 3273 4357 Africa
3324 4304 3501 4356 natale
3544 4301 3643 4357 SS.
3674 4300 3943 4369 Diogenis,

2378 4374 2597 4439 Valerii,
2632 4374 2857 4429 Μίιιιιίε.

2444 4498 2735 4557 ιλ-Χν
2766 4495 2903 4551 ΚΜ..
2945 4494 3244 4550 Aurelianis
3301 4496 3513 4550 civitate
3566 4493 3822 4564 depositio
3869 4490 3932 4549 S.

2374 4592 2552 4647 SAviti
2584 4590 2876 4661 presbyteri
2916 4599 2969 4643 et
2998 4586 3349 4648 confessoris.

2109 4688 2311 4745 SMl'l‘lI
2352 4686 2583 4742 ΝΟΤΛΞ.

761 4784 1115 4839 ‘Landoliui.
1164 4784 1263 4852 Qui
1315 4784 1587 4840 Cameratsi
1642 4791 1791 4837 ortus
1841 4790 1922 4837 est
1967 4797 2033 4836 ex
2086 4780 2249 4835 nobili
2279 4782 2331 4841 D

688 4856 1015 4912 Francorum
1046 4871 1265 4925 genere,
1299 4854 1626 4924 temporibus
1660 4852 2110 4925 Dagobertiregis
2137 4861 2195 4925 et
2209 4866 2251 4925 _a

690 4929 752 4981 Β.
786 4922 1069 4981 Autbcrto'
1094 4930 1348 4995 episcopo
1395 4922 1767 4980 Cameracensi
1812 4923 2000 4977 litteris
2044 4933 2099 4977 et
2151 4922 2251 4991 piis

690 4999 931 5053 moribus
960 4996 1209 5049 imbutus.
1252 4995 1512 5051 Seductus
1545 5006 1721 5047 tamen
1751 5010 1780 5047 a
1808 4995 2121 5063 quibusdam
2159 5008 2252 5046 co-

692 5068 866 5136 gnatis
890 5068 1115 5137 aufugit,
1150 5069 1423 5132 factusque
1469 5075 1549 5118 est
1598 5064 1829 5137 nefarius
1859 5064 2057 5131 praedo,
2086 5072 2143 5137 et
2186 5078 2252 5117 ne

691 5134 906 5193 nomine
936 5134 1267 5204 proderetur,
1299 5137 1502 5189 vocavit
1529 5150 1589 5190 se
1615 5135 1972 5199 Maurensmn;
2003 5134 2097 5186 sed
2127 5148 2247 5201 pre-

688 5210 838 5262 cibus
868 5211 1033 5262 sancti
1068 5205 1327 5276 pontilicis
1359 5206 1595 5276 Autberti
1647 5207 1918 5269 reductus,
1967 5204 2034 5276 ab
2061 5206 2249 5259 eodem

692 5291 874 5332 tonsus
904 5288 957 5331 ct
985 5274 1229 5330 diuini-na
1261 5275 1569 5343 ptenitentia
1618 5286 1888 5339 excoctus,
1920 5274 2076 5327 etiam
2106 5288 2251 5341 pres-

691 5353 846 5419 byter
922 5350 1199 5402 ordinatus
1256 5358 1358 5403 est.
1402 5346 1541 5419 ‘l'ost
1592 5348 1780 5398 trinam
1825 5356 2001 5419 autem
2068 5346 2162 5419 ad_
2193 5346 2255 5396 li-

691 5416 829 5494 niina
887 5424 1245 5494 apostolorum
1296 5417 1715 5494 profectionem,
1761 5416 2256 5494 auctoritates!“-

690 5491 783 5543 tini
834 5486 983 5559 papze
1011 5502 1235 5558 quatuor
1272 5488 1553 5543 aediﬁcavit
1604 5489 1951 5549 monasteria,
1984 5486 2253 5559 Lobiuin,

689 5556 917 5621 Alnain,
961 5556 1292 5622 “'asliriam,
1346 5569 1400 5611 et
1449 5566 1695 5625 quartum
1750 5559 1813 5608 ad
1872 5558 2087 5613 fluvium
2142 5556 2254 5608 llou

688 5630 827 5697 apud
857 5628 1183 5683 ValenCenas
1210 5629 1349 5695 quod
1378 5629 1695 5695 Crispinium
1726 5628 2030 5694 appellavit,
2065 5628 2115 5679 in
2153 5640 2257 5697 quo

691 5696 903 5753 tandem
934 5698 1065 5751 obiit
1093 5703 1231 5752 circa
1261 5716 1349 5751 an.
1380 5698 1507 5753 660.
1538 5696 1757 5752 Gnosius
1781 5700 1909 5753 Sext.

761 5768 786 5807 δ
816 5769 1046 5837 Aquileia
1078 5769 1329 5821 Lucania.
1366 5769 1548 5822 Noonc
1580 5769 1631 5822 lii
1664 5770 1802 5821 idem
1855 5780 1980 5823 sunt
2025 5783 2143 5823 cum
2186 5768 2263 5823 cis

688 5844 781 5919 qui
806 5857 966 5916 supra
998 5842 1243 5895 coluntur
1276 5853 1379 5893 sax
1419 5838 1541 5895 Maii
1567 5849 1620 5896 et
1645 5838 1849 5907 pridie?

2436 4791 2457 4817 ο
2493 4774 2737 4834 Ferreoli.
2791 4774 2844 4827 In
2895 4771 3084 4827 Galliis
3137 4772 3271 4842 apud
3317 4771 3497 4826 urbem
3536 4768 3936 4842 Vesontionem.

2367 4848 2560 4904 Eorum
2612 4846 2920 4915 martyrium
2952 4846 3050 4897 sub
3103 4841 3305 4896 initium
3357 4841 3939 4915 AntoniuiCaracalla;

2360 4919 2648 4989 contigisse
2695 4910 2919 4989 censent
2970 4914 3064 4989 viri
3130 4914 3343 4989 eruditi.
3415 4912 3786 4989 Vesontionem
3849 4910 3936 4989 ubi

2363 4982 2534 5059 pissi'
2552 4986 2853 5059 snnt,_lidei
2884 4985 3233 5059 ριιειεάέρωιιιῳ
3266 4998 3424 5037 causa
3457 4998 3486 5034 a
3517 4985 3573 5037 S.
3614 4984 3809 5059 Irenaeo
3858 4982 3941 5058 di-

2363 5052 2490 5115 iecti
2521 5068 2663 5113 sunt.
2701 5056 2774 5111 De
2824 5052 3093 5108 miraculis
3142 5057 3207 5108 aii
3258 5069 3441 5108 eorum
3492 5054 3788 5120 sepulcrum
3835 5052 3941 5120 agit

2363 5130 2592 5197 Gregor.
2624 5127 2951 5182 'l‘urou.‘lib.
2986 5128 3051 5179 de
3081 5125 3608 5197 Gloriamartyrum,
3633 5120 3868 5197 eap.__7|.

2432 5200 2456 5235 ά
2480 5193 2720 5251 Adriani.
2773 5199 2845 5255 De
2876 5203 2972 5249 hoc
3000 5212 3156 5263 supra
3200 5196 3316 5248 vide
3363 5194 3502 5248 diem
3538 5208 3585 5246 tv
3618 5193 3824 5254 Martii;
3860 5194 3942 5243 in.

2371 5272 2447 5325 l'ra
2483 5287 2574 5324 \lll
2602 5268 2954 5339 Septembris.

2435 5352 2458 5378 υ
2492 5334 2705 5404 Quirici.
2735 5340 2806 5392 De
2829 5337 2908 5391 bis
2939 5336 3091 5389 hodie
3120 5351 3307 5391 omnes
3339 5335 3533 5397 Latini,
3563 5334 3729 5387 (ἔτωεὶ
3763 5343 3937 5387 autent

2363 5412 2414 5465 iii
2460 5412 2759 5479 lilenoIOgio
2793 5411 2968 5461 litibus
2995 5406 3139 5469 Julii,
3175 5410 3260 5459 ubi
3292 5406 3440 5479 T‘atst
3470 5405 3667 5459 Cilicia:
3710 5420 3801 5457 eos
3843 5418 3939 5456 oc-

2360 5482 2605 5536 cubuisse
2637 5476 2888 5549 m'artyrio
2922 5482 3132 5549 tradunt
3162 5476 3342 5549 :Aquod
3376 5491 3560 5531 verum
3587 5490 3707 5549 esse
3735 5490 3939 5549 eorum-

2362 5555 2483 5606 deut
2530 5560 2646 5605 acta
2694 5544 2951 5603 tesinntur
2998 5548 3133 5611 apud
3182 5547 3393 5601 Surinm
3447 5557 3574 5600 tom.
3611 5545 3694 5597 ιιι.
3747 5546 3821 5597 Ex
3854 5544 3938 5596 his

2372 5625 2613 5691 plerique
2642 5621 2947 5691 Latinorum
2995 5628 3119 5672 sunt
3163 5616 3486 5688 Corrigendi,
3517 5616 3604 5685 qui
3635 5616 3930 5672 Autioelii-e

2372 5690 2467 5749 eos
2500 5707 2683 5758 passos
2713 5690 2965 5744 ieferunt.

2450 5770 2465 5804 ί
2505 5757 2754 5816 Similini.
2803 5761 3016 5815 liecuus
3056 5757 3335 5814 Siniiliani.

2442 5839 2466 5881 σ
2505 5834 2659 5892 Aviti.
2714 5836 2808 5893 llic
2835 5832 2997 5891 abbas
3044 5832 3145 5887 fuit
3173 5830 3530 5889 Micianensis.
3562 5828 3742 5888 Avito:
3771 5836 3949 5883 autem
