4240 6504
413 332 518 387 955

1554 336 1744 393 SECT.
1786 338 1846 392 ll.
1890 367 1957 378 —-—
1997 338 2554 397 MARTYROLOCIA.

3550 347 3651 405 954

1644 449 1869 503 EDITIO
1908 448 2375 506 CULONIENSIS.

409 530 597 587 Albani
628 534 896 603 martyris,
947 534 1035 604 qui
1064 536 1163 589 sub
1197 535 1524 591 Diocletiano
1564 536 1883 604 imperatore
1908 538 1977 592 de
2006 545 2050 598 Α
2083 541 2362 607 percussit,
2411 541 2606 609 pariter
2656 540 2980 597 ceciderunt.
3031 540 3228 598 Passus
3277 552 3361 598 est
3409 558 3528 599 cunt
3584 560 3648 600 eo

408 621 578 675 insula
610 623 799 677 Nausia
830 640 1050 692 pergens
1071 641 1191 678 cum
1224 636 1410 680 sancto
1434 624 1736 682 Theonesto
1764 636 1817 682 et
1840 627 1978 682 Urso

407 710 757 766 Mediolanum
784 714 956 765 venit:
989 714 1214 783 indeque
1234 715 1417 769 exiens
1437 716 1724 770 auxiliante
1754 716 1977 770 Domino

407 807 649 873 pervenit
694 807 758 859 ad
792 805 988 860 Galfias
1009 847 1025 872 ,
1057 808 1229 876 ibique
1277 809 1327 862 in
1359 810 1574 863 servitio
1607 810 1697 863 Dei
1729 824 1971 874 manens,

404 895 467 951 ad
496 896 803 967 martyrium
855 913 948 965 pro
978 901 1189 953 nomine
1237 900 1524 955 Salvatoris
1554 911 1827 969 promptus
1859 899 1973 955 fuit.

406 981 687 1051 Postquam
731 995 905 1040 autem
956 989 1007 1041 in
1049 988 1281 1059 Augusta
1327 990 1536 1043 civitate
1582 991 1765 1043 beatus
1811 991 1975 1045 Ursus

402 1078 713 1146 martyrium
743 1078 965 1146 accepit,
1001 1078 1330 1134 Theouestus
1357 1095 1481 1135 cum
1524 1080 1727 1133 Albano
1758 1081 1973 1151 Mogun-

403 1168 526 1222 tiam
556 1170 824 1237 pervenit;
873 1171 1105 1241 dumque
1135 1173 1202 1227 ibi
1250 1172 1560 1241 praedicaret
1604 1172 1823 1228 verbum
1856 1172 1971 1239 Dei,

400 1258 634 1312 Albanus
649 1259 941 1329 discipulus
959 1262 1074 1329 ejus
1094 1263 1402 1334 martyrium
1425 1263 1676 1330 explevit,
1707 1273 1759 1317 et
1787 1266 1971 1330 sepul-

402 1358 487 1406 tus
502 1360 583 1405 est
601 1351 670 1405 ibi
684 1352 831 1420 juxta
854 1354 1159 1422 prmdictam
1183 1354 1470 1409 civitatem.
1497 1353 1771 1421 Syracusis
1798 1352 1971 1408 natale

398 1451 701 1495 sanctorum
749 1454 1035 1513 martyrum
1072 1442 1194 1497 Ruﬁ
1234 1453 1288 1499 et
1309 1445 1527 1498 Martiae.
1564 1443 1747 1497 Romae
1771 1452 1969 1498 sancta:

399 1528 679 1584 Demetrias
704 1531 938 1599 virginis,
965 1548 1080 1601 qua:
1103 1533 1191 1586 fuit
1214 1532 1347 1586 beati
1371 1531 1545 1585 Fausti
1567 1531 1695 1585 lilia.
1713 1532 1835 1585 ΙΙωο
1850 1546 1967 1585 cum

395 1628 520 1674 ante
548 1621 760 1689 impium
782 1621 1046 1679 Julianum
1061 1637 1155 1691 pro
1178 1622 1280 1676 [ide
1302 1621 1496 1676 Christi
1526 1620 1966 1689 introduceretur,

397 1706 451 1761 in
475 1710 804 1766 confessione
827 1714 1069 1781 Spiritum
1099 1714 1306 1766 emisit:
1330 1713 1533 1780 sepulta
1552 1726 1580 1763 a
1601 1711 1752 1765 beato
1768 1710 1969 1766 Joanne

397 1802 736 1874 presbytero,
764 1804 911 1871 juxta
943 1818 1164 1859 matrem
1198 1821 1347 1860 suam
1391 1815 1625 1859 sanctam
1652 1805 1963 1871 Dall‘rosam,

393 1901 447 1946 et
471 1906 709 1947 sororem
734 1892 1027 1959 Viviauam,
1047 1894 1197 1964 juxta
1216 1896 1461 1963 palatium
1482 1894 1795 1947 Luciauum.

467 1983 528 2037 Ε.
558 1983 599 2037 Χ
633 1984 874 2040 Ksuan.
900 1984 1060 2041 Juut.
1100 2015 1171 2030 -—-
1210 1987 1264 2040 lu
1299 1986 1563 2040 Britannia
1588 1984 1755 2040 sancti
1788 1985 1966 2040 Albini

388 2075 661 2143 martyris,
693 2077 779 2145 qui
804 2086 1040 2143 tempore
1076 2076 1381 2132 Diocletiani
1426 2076 1479 2131 in
1510 2075 1811 2131 Verulamio
1833 2075 1965 2130 civi-

394 2170 518 2229 tate,
551 2174 667 2231 post
706 2166 925 2221 verbera
973 2177 1027 2222 et
1054 2177 1311 2221 tormenta
1342 2167 1533 2222 acerba
1580 2167 1752 2233 capite
1783 2165 1965 2235 plexus

391 2265 491 2313 est.
534 2255 637 2312 Sed
664 2258 754 2313 illo
798 2259 849 2312 in
881 2268 1071 2313 terram
1100 2260 1343 2326 cadente,
1392 2258 1530 2314 oculi
1561 2259 1676 2327 ejus
1725 2258 1811 2325 qui
1843 2272 1962 2310 eum

2082 632 2239 684 etiam
2272 645 2406 685 unus
2447 631 2513 685 de
2535 632 2807 699 militibus,
2854 648 2919 688 eo
2946 634 3083 704 quod
3109 649 3228 689 eum
3256 634 3421 690 ferire
3448 636 3649 705 jussus,

2080 723 2345 777 noluerit:
2390 722 2571 777 divino
2600 724 2781 794 utique
2818 727 3133 795 perterritus
3177 728 3435 782 miraculo
3476 747 3487 781 :
3530 729 3650 796 quia

2080 814 2287 868 viderat
2308 814 2516 869 beatum
2536 824 2818 885 martyrem
2837 817 2935 870 sibi
2957 816 3080 870 dum
3102 817 3166 872 ad
3179 832 3432 872 coronam
3454 830 3647 889 marty-

2076 905 2138 960 rii
2164 913 2488 974 properaret,
2504 906 2707 959 alveum
2730 907 2900 960 amnis
2923 907 3215 973 interpositi
3239 908 3441 962 orando
3472 916 3648 961 trans-

2076 997 2355 1050 meabilem
2378 996 2693 1051 reddidisse.
2720 996 2772 1049 lu
2797 996 3008 1051 civitate
3030 998 3223 1051 Nolana
3244 998 3543 1067 Campania:
3568 1015 3655 1053 na-

2079 1085 2180 1138 tale
2194 1086 2359 1138 sancti
2376 1084 2576 1138 Paulini
2593 1085 2827 1154 episcopi
2839 1085 3236 1150 etconiessoris,
3258 1086 3326 1141 de
3340 1103 3445 1156 quo
3462 1087 3651 1141 beatus

2076 1173 2361 1242 Gregorius
2401 1176 2453 1229 in
2480 1175 2617 1229 libro
2666 1175 2997 1244 Dialogorum
3044 1187 3246 1233 narrat.
3296 1177 3362 1232 Et
3388 1178 3652 1247 depositio

2073 1264 2208 1319 beati
2225 1262 2417 1318 Nicetes
2435 1263 2760 1320 Romatianae
2771 1265 2995 1319 civitatis
3009 1267 3263 1334 episcOpi,
3284 1278 3335 1321 et
3352 1268 3646 1322 Consortiae

2073 1352 2308 1421 virginis.
2335 1354 2583 1423 Etpassio
2616 1364 2921 1410 sanctorum
2958 1355 3139 1410 decem
3181 1355 3402 1411 millium
3443 1367 3647 1427 marty-

2071 1458 2210 1497 rum.

2142 1536 2202 1591 F.
2232 1537 2299 1591 IX
2330 1537 2567 1593 KALEND.
2597 1536 2755 1591 Juut.
2790 1563 2859 1580 ο-
2882 1536 3065 1591 Natale
3086 1535 3303 1591 Joannis
3326 1538 3641 1608 presbyteri,

2044 1643 2226 1702 _quem
2256 1630 2453 1697 impius
2480 1628 2719 1683 Julianus
2765 1628 3055 1682 tuauditum
3104 1629 3186 1681 via
3221 1628 3421 1682 Salaria
3465 1638 3646 1685 vetere

2071 1727 2191 1771 ante
2235 1718 2576 1773 simulacrum
2619 1718 2748 1772 solis
2790 1717 3041 1772 decollari
3090 1719 3373 1786 prasccpit;
3423 1718 3645 1787 ejusque

2072 1823 2265 1876 corpus
2293 1824 2323 1861 a
2366 1810 2520 1862 beato
2558 1808 2854 1863 Concordio
2904 1809 3212 1878 presbytero
3261 1810 3544 1865 collectum
3591 1818 3646 1865 et

2000 1890 2045 1949 Β
2075 1898 2335 1965 sepultum
2364 1908 2447 1951 est
2468 1899 2616 1965 juxta
2647 1899 2869 1953 concilia
2900 1910 3210 1968 martyrum.
3258 1898 3408 1967 Apud
3440 1899 3645 1954 Britan-

2072 1989 2212 2043 niam
2243 1999 2438 2042 sancta
2467 1987 2754 2042 Ediltrudis
2784 1987 2999 2056 virginis
3027 1998 3081 2043 et
3104 1989 3318 2055 reginae,
3343 1988 3497 2056 cujus
3527 2004 3645 2043 cor-

2068 2091 2167 2147 pus
2193 2090 2313 2130 cum
2345 2075 2585 2130 undecim
2608 2076 2760 2129 anuis
2782 2084 2926 2130 esset
2951 2076 3212 2142 sepultqu
3230 2112 3244 2136 ,
3280 2075 3643 2145 incorruptum

2068 2168 2336 2221 inventum
2360 2176 2460 2219 εει.
2513 2167 2575 2219 Et
2604 2165 2777 2233 vigilia
2810 2165 2975 2218 sancti
3008 2164 3228 2218 Joannis
3262 2165 3533 2241 Baptista}.

2141 2254 2209 2308 (ἶ.
2243 2254 2353 2308 Vlll
2386 2254 2624 2309 ΚΑιεΜ).
2657 2253 2814 2309 Juut.
2847 2282 2915 2293 —
2953 2254 3211 2307 Nativitas
3257 2256 3393 2308 beati
3423 2253 3643 2310 Joannis

1627 2349 1850 2403 EDITIO
1892 2347 2391 2402 BOLLANDIANA.

459 2439 549 2492 εξ.
572 2468 642 2478 -
664 2439 706 2492 Χ
737 2439 871 2493 ΚΜ..
906 2440 958 2494 In
991 2439 1256 2493 Britannia
1313 2439 1367 2495 S.
1404 2448 1429 2476 ἰ
1463 2438 1650 2493 Albani
1682 2437 1951 2508 martyris.

391 2529 614 2584 Additur
645 2532 693 2582 iu
724 2532 786 2583 A.
818 2548 828 2582 :
860 2545 978 2583 cum
1012 2530 1127 2582 aliis
1157 2531 1473 2599 octingentis
1517 2529 1781 2597 octoginta
1813 2538 1955 2584 octo.

394 2621 494 2688 Qui
524 2631 758 2691 tempore
810 2621 1119 2675 Diocletiani
1168 2622 1502 2689 imperatoris
1550 2620 1603 2675 in
1656 2620 1960 2675 Verulamio

397 2713 646 2777 civitate,
698 2722 815 2782 post
867 2715 1085 2768 verbera
1143 2724 1195 2767 et
1236 2723 1495 2767 tormenta
1540 2712 1728 2768 acerba
1786 2713 1960 2777 capite

396 2805 579 2870 plexos
608 2815 689 2858 est
721 2823 733 2858 :
759 2806 848 2858 sed
878 2805 967 2858 illo
991 2804 1040 2858 in
1067 2814 1259 2858 terram
1286 2804 1529 2869 cadente,
1565 2803 1700 2856 oculi
1732 2803 1845 2870 ejus
1867 2802 1955 2871 qui

388 2909 510 2949 eum
540 2894 795 2962 percussit
821 2896 1015 2963 pariter
1040 2894 1361 2949 ceciderunt.
1386 2892 1675 2965 (Hactenus
1704 2893 1747 2946 A
1780 2890 1817 2955 ).
1837 2893 1960 2947 Pas-

389 3002 483 3042 sus
530 2996 612 3042 est
656 3002 774 3041 cum
824 2989 912 3042 illo
943 2991 1099 3043 etiam
1135 3004 1269 3044 unus
1319 2990 1384 3043 de
1415 2990 1694 3053 militibus,
1720 3004 1783 3042 eo
1817 2989 1953 3051 quod

392 3091 512 3131 eum
546 3076 899 3146 ferirejussus
930 3079 1155 3132 noluerit
1180 3095 1193 3132 :
1222 3079 1403 3133 divino
1436 3080 1614 3147 utique
1647 3080 1954 3143 perterritus

392 3169 666 3235 miraculo,
694 3173 814 3239 quia
844 3171 1050 3224 viderat
1075 3171 1283 3223 beatum
1333 3182 1616 3240 martyrem
1675 3170 1796 3231 sibi,
1828 3172 1951 3222 dum

2065 2438 2143 2491 dit
2180 2438 2356 2490 omnia
2387 2451 2504 2505 quae
2534 2435 2760 2489 habebat
2784 2444 2837 2490 et
2878 2436 3022 2491 dedit
3051 2438 3364 2505 pauperibus
3397 2455 3409 2491 ;
3445 2439 3638 2496 deinde

2063 2531 2343 2597 episcOpus
2375 2529 2544 2581 factus
2577 2537 2777 2582 tantum
2810 2527 3006 2582 virtute
3059 2530 3403 2596 multiplicata
3436 2531 3485 2583 in
3519 2545 3640 2600 gra-

2068 2621 2256 2673 liarum
2309 2618 2629 2673 charismata
2680 2621 3023 2688 resplenduit,
3086 2633 3136 2673 ιιι
3181 2622 3232 2674 in
3273 2622 3416 2675 obitu
3447 2638 3544 2676 suo
3578 2624 3635 2678 8.

2063 2709 2349 2764 Martinum
2403 2721 2457 2764 et
2509 2710 2568 2763 S.
2621 2708 2925 2764 Januarium
2989 2712 3293 2778 episcopum
3362 2712 3635 2780 Italicum,

2079 2802 2382 2869 priusquam
2428 2802 2675 2869 spiritum
2731 2802 2996 2866 redderet,
3029 2803 3299 2870 corporeis
3320 2804 3485 2857 oculis
3506 2819 3637 2857 con-

2078 2891 2425 2960 templarctur
2460 2908 2471 2944 :
2507 2890 2650 2958 prius
2699 2894 2839 2944 enim
2862 2906 2926 2945 eo
2957 2893 3023 2946 de
3061 2894 3160 2945 hoc
3212 2893 3406 2947 mundo
3446 2892 3636 2963 migra-

2065 2991 2274 3036 verunt.

2134 3075 2226 3127 9.3.
2275 3105 2343 3113 —
2392 3075 2457 3128 IX
2510 3073 2639 3127 KAL.
2684 3074 2737 3129 S.
2772 3074 2795 3111 ἀ
2842 3076 3129 3129 Εάίιῑτιιάιη
3197 3075 3290 3146 [γ.
3338 3085 3383 3128 et
3414 3075 3496 3140 C.,
3532 3078 3637 3131 Eli-

2066 3164 2304 3237 drudas]
2371 3168 2586 3232 virginis
2648 3177 2701 3219 et
2766 3170 2958 3235 regina:
3012 3170 3063 3221 in
3110 3168 3378 3221 Britannia
3423 3185 3437 3220 :
3488 3168 3637 3236 cujus

390 3260 458 3318 ad
486 3274 734 3315 coronam
765 3259 1006 3330 martyrii
1047 3269 1373 3329 properaret,
1422 3261 1628 3314 alveum
1672 3261 1841 3313 amnis
1873 3260 1954 3313 iu-
1987 3250 2033 3314 C
2064 3274 2257 3325 corpus
2279 3276 2397 3313 cum
2430 3259 2671 3313 undecim
2713 3258 2867 3312 anuis
2923 3266 3067 3312 esset
3114 3259 3406 3326 sepultum,
3458 3259 3635 3311 incor-

393 3352 629 3421 terpositi
652 3353 852 3407 orando
876 3352 1296 3407 transmeabilem
1323 3353 1635 3406 reddidisse.

466 3444 677 3501 Addunt
704 3446 765 3498 V.
790 3456 842 3499 et
870 3446 929 3499 C.
963 3462 975 3498 :
1002 3444 1206 3498 Etcum
1233 3461 1297 3499 eo
1314 3446 1400 3498 alii
1430 3460 1651 3498 numero
1673 3445 1959 3511 ambigenti

390 3516 657 3581 Octoginta
691 3531 874 3569 novem
908 3517 1057 3582 positi
1091 3516 1139 3569 itt
1190 3516 1529 3570 Cathalacum
1561 3532 1577 3568 :
1604 3530 1828 3580 quorum
1863 3532 1957 3566 no-

395 3583 535 3638 tnina
569 3586 759 3651 scripta
809 3596 927 3640 Sunt
957 3585 1006 3636 in
1045 3586 1176 3637 libro
1225 3586 1365 3638 vita).
1400 3590 1492 3639 Ast
1545 3586 1601 3636 Β.
1641 3586 1907 3652 przrmittit
1942 3603 1953 3637 :

396 3653 451 3711 Ιιι
501 3655 812 3707 Alexandria
860 3655 1073 3709 civitate
1129 3655 1299 3708 natale
1331 3654 1387 3709 8.
1424 3655 1572 3717 Ruli;
1604 3668 1657 3707 et
1693 3656 1865 3706 natale
1898 3656 1955 3707 S.

392 3725 574 3777 Jacobi
606 3726 852 3791 apostoli,
885 3736 931 3777 et
960 3728 1130 3777 natale
1159 3736 1460 3779 sanctorum
1484 3723 1508 3759 ι)
1542 3726 1681 3777 inille
1703 3726 1959 3791 quadr'u-

389 3810 437 3859 ιιι
461 3796 530 3865 uti
578 3797 859 3865 octoginta.
894 3793 1185 3865 (illactenus
1220 3794 1330 3865 L.).
1373 3796 1460 3863 B.,
1514 3794 1568 3848 In
1600 3794 1809 3847 civitate
1829 3795 1957 3847 Nola

392 3864 563 3921 natale
594 3863 647 3919 S.
679 3875 700 3903 ο
737 3864 937 3918 Paulini
959 3864 1210 3932 episcopi.

463 3955 646 4011 Florus
675 3956 727 4009 iu
756 3957 817 4010 A.
851 3955 914 4009 Τ.
963 3955 1047 4020 L.,
1079 3956 1273 4010 Eodem
1304 3954 1389 4009 die
1416 3954 1617 4009 Nolano
1639 3955 1795 4019 (deest
1820 3956 1960 4009 locus

388 4045 443 4106 iu
474 4046 584 4123 A.),
615 4045 873 4118 depositio
900 4047 960 4109 S.
991 4046 1193 4108 Paulini
1237 4047 1471 4123 episcopi
1526 4057 1578 4108 et
1612 4047 1954 4118 confessoris,

390 4145 482 4214 qui
510 4146 662 4203 valde
684 4146 831 4202 dives
859 4156 915 4201 et
935 4148 1172 4215 locuples
1198 4148 1263 4201 ad
1287 4148 1503 4203 verbum
1533 4147 1741 4202 Domini
1770 4148 1955 4202 vendi-

2068 3359 2275 3418 ruptutu
2328 3350 2597 3403 inventum
2645 3357 2749 3403 est.
2820 3348 2886 3402 Et
2932 3349 3107 3418 vigilia
3155 3348 3215 3403 S.
3270 3347 3488 3402 Joannis
3535 3348 3634 3400 Ba-

2064 3441 2256 3507 ptistzn.

2139 3531 2222 3595 B.,
2270 3530 2322 3582 lu
2377 3538 2400 3565 θ
2446 3530 2747 3584 Nicomedia
2797 3528 2975 3597 passio
3020 3538 3321 3583 sanctarum
3368 3530 3628 3598 virginum

2064 3600 2245 3663 Pistis,
2276 3599 2475 3665 ilelpis,
2509 3612 2559 3653 et
2588 3599 2776 3667 Agapze
2809 3601 2991 3653 matris
3036 3615 3239 3666 earum,
3271 3601 3542 3669 Capitonis
3576 3612 3632 3656 ct

2066 3671 2293 3723 aliorum
2322 3672 2654 3737 septuaginta
2683 3679 2737 3722 et
2757 3682 2899 3724 octo.

2133 3761 2223 3813 94.
2246 3789 2315 3799 —
2334 3758 2446 3812 Vlll
2478 3758 2611 3812 Kac.
2646 3759 2896 3812 Nativitas
2920 3758 3268 3813 Praccursoris
3294 3758 3521 3812 Domini.

2138 3849 2327 3903 Florus
2355 3852 2406 3901 in
2431 3853 2496 3902 A.
2525 3849 2586 3901 Τ.
2624 3849 2706 3910 L.,
2737 3848 2934 3902 Eodem
2958 3848 3044 3902 die
3075 3849 3310 3918 Augusta
3342 3847 3630 3902 Veromau-

2064 3941 2289 3995 duorum
2322 3942 2373 3994 in
2404 3941 2568 3994 ﬂuvio
2596 3942 2861 4005 Someuaz,
2901 3939 3139 3993 inventio
3166 3940 3233 3993 ab
3263 3940 3484 3993 Eusebia
3516 3955 3635 3993 cor-

2066 4034 2209 4107 poris
2241 4032 2301 4092 B,
2331 4032 2348 4069 τ
2376 4030 2607 4097 Quintilii
2634 4033 2900 4100 martyris,
2927 4030 3203 4099 insigniter
3227 4030 3448 4098 probati.
3475 4028 3632 4101 [Per-

2065 4133 2138 4203 git
2187 4131 2275 4202 'l‘.]
2319 4129 2447 4184 Nam
2500 4128 2686 4182 eadem
2733 4135 2993 4193 matrona,
3025 4123 3210 4195 angelo
3250 4121 3540 4189 revelaute,
3565 4119 3630 4176 ad

1795 4253 1994 4311 SMITH
2033 4244 2258 4303 NOTAE.

391 4352 696 4421 martyrium
730 4367 824 4419 pro
854 4352 1065 4404 nomine
1097 4352 1290 4403 (Lhrisu
1327 4359 1617 4417 promptus.
1664 4350 1947 4416 Postquam

387 4440 567 4481 autem
600 4423 649 4475 in
678 4424 904 4489 Augusta
935 4422 1145 4507 Civilal'e
1178 4423 1236 4476 ii.
1268 4426 1429 4507 ursus
1460 4421 1767 4499 martyrium
1798 4434 1951 4499 acce-
1983 4448 2032 4507 υ

393 4497 488 4561 pit,
519 4494 846 4546 'l‘lteoncstus
891 4507 1008 4544 cum
1059 4492 1261 4561 Albano
1307 4491 1625 4561 Alogutitiam
1677 4489 1952 4556 pervenit;

391 4558 622 4629 (linoque
668 4561 737 4613 ibi
772 4561 1080 4625 prtcdicaret
1113 4560 1325 4613 verbum
1359 4559 1447 4611 Dei
1482 4558 1715 4611 Albanus
1747 4568 1954 4628 marty-

392 4628 545 4685 rium
573 4631 833 4699 explevit,
889 4639 944 4685 et
980 4632 1215 4696 sepultus
1255 4638 1334 4683 est
1375 4629 1442 4681 ibi
1478 4628 1623 4699 justa
1657 4628 1951 4699 _civitatem.

394 4697 659 4768 lulianus,
688 4701 929 4753 Nomen.
961 4701 1031 4752 De
1059 4712 1295 4763 tempore
1321 4697 1557 4768 martyrii
1582 4697 1734 4762 hujus
1767 4712 1955 4768 magna

390 4783 475 4826 est
512 4766 654 4824 inter
684 4772 967 4835 scriptores
998 4770 1246 4822 varietas.
1289 4767 1461 4833 Aliqui
1500 4782 1565 4822 ex
1604 4782 1784 4819 errore
1819 4766 1958 4832 judi—

395 4852 578 4894 rautcs
611 4842 749 4894 hunc
780 4857 880 4892 non
917 4840 1075 4894 alium
1108 4854 1224 4891 08st:
1250 4838 1316 4890 ab
1339 4838 1541 4889 Albano
1573 4846 1956 4904 protomartyre

394 4911 680 4974 Britanno,
709 4926 915 4972 passum
956 4910 1192 4961 referunt
1235 4907 1557 4972 temporibus
1600 4906 1953 4959 Diocletiani:

390 4993 575 5033 contra
624 4995 750 5033 vero
773 4981 882 5044 alii,
913 4989 966 5031 ut
998 4979 1182 5031 l‘etrus
1213 4980 1277 5032 de
1307 4976 1478 5030 Natal.
1512 4993 1564 5041 χ,
1604 4978 1692 5039 97,
1719 4985 1773 5028 et
1803 4975 1954 5029 Gale-

390 5051 579 5112 sinius,
612 5050 735 5102 dum
764 5060 921 5117 agunt
944 5048 1007 5101 de
1038 5049 1339 5101 'I‘ltconesto
1369 5050 1484 5111 ejus
1533 5046 1769 5117 martyrii
1808 5046 1957 5098 socio

390 5120 478 5175 die
500 5121 568 5173 ’50
590 5114 1160 5187 Οριιηιηίειημοτὶὺιιη
1208 5119 1411 5170 Damasi
1444 5117 1508 5166 ali
1538 5114 1749 5187 Arrianis
1790 5132 1958 5187 neca-

393 5201 503 5245 tum
532 5185 824 5248 ailirtnant;
868 5185 1077 5241 diverse
1108 5192 1173 5240 ab
1199 5188 1277 5240 bis
1307 5186 1551 5240 omnibus
1600 5186 1873 5253 Sigebert.
1906 5185 1954 5237 iu

390 5257 592 5314 Chron.
639 5259 762 5313 dum
805 5259 994 5312 Albani
1045 5267 1100 5311 et
1145 5259 1405 5312 sociorum
1455 5252 1764 5325 martyrium
1798 5252 1958 5310 refert

390 5331 677 5396 contigisse
700 5344 838 5381 anno
870 5326 995 5381 425.

1029 5406 1081 5452 et
1102 5396 1368 5451 sociorum
1412 5395 1670 5466 martyrio
1703 5395 1823 5450 vide
1853 5394 1957 5450 Βωο

392 5466 472 5523 (ιω
506 5468 641 5522 Ilisl.
671 5469 887 5529 I‘ICt'l.,l,
914 5469 967 5520 ’7.

465 5537 491 5576 δ
518 5538 571 5591 Μ
580 5539 662 5591 ille
687 5540 1187 5608 quadringentorum.
1217 5534 1469 5608 Samaria;
1496 5544 1795 5608 sanctorum
1826 5531 1958 5608 1480

394 5605 831 5676 ηκιτιγηιιιίευιι
887 5606 1124 5661 (.‘osrohe
1173 5620 1295 5673 rege
1350 5605 1672 5676 Persarum;
1703 5605 1789 5673 qui
1820 5605 1957 5672 passi

391 5686 515 5732 sunt
535 5675 679 5731 circa
704 5693 788 5732 an.
819 5678 940 5732 6H.
978 5679 1240 5731 BARUNIUS
1268 5690 1317 5725 tu
1346 5675 1496 5731 Mart.

473 5760 493 5786 ε
526 5747 756 5802 Paulini.
818 5746 1104 5816 Burdegala
1155 5744 1443 5799 Galliarum
1493 5741 1687 5812 oppido
1725 5743 1953 5799 oriundi.

2064 4335 2371 4392 Therasiam
2419 4333 2504 4387 hic
2552 4332 2775 4385 similem
2824 4330 2924 4383 sibi
2958 4328 3178 4382 sortitus
3210 4338 3289 4382 est
3322 4328 3625 4398 oonjugem.

2062 4409 2190 4463 Cum
2216 4405 2552 4457 szuvientium
2585 4402 2937 4453 Vaudaloruzu
2984 4410 3227 4464 tempore
3267 4398 3455 4452 fuisset
3486 4401 3627 4456 Italia

2064 4480 2112 4531 in
2143 4474 2444 4538 Campania:
2478 4473 2712 4535 partibus
2762 4473 3053 4532 devastata,
3082 4470 3332 4536 multique
3361 4473 3629 4525 essentde

2062 4549 2157 4601 hac
2191 4560 2326 4601 tetra
2363 4544 2411 4595 in
2439 4544 2665 4596 Africam
2722 4541 2970 4601 traducti,
3014 4540 3258 4592 Paulinus
3305 4552 3399 4591 Sua
3452 4542 3624 4593 omnia

2059 4619 2278 4685 captivis
2303 4626 2355 4667 et
2384 4613 2699 4685 pauperibus
2723 4611 2966 4685 largitus.
2990 4608 3059 4685 _F.t
3091 4624 3209 4661 cum
3248 4607 3376 4660 nihil
3410 4608 3630 4665 haberet
3668 4660 3677 4664 .

2058 4679 2283 4755 amplius
2312 4683 2451 4750 quod
2485 4684 2654 4755 daret,
2688 4682 2839 4755 vidua
2866 4679 3094 4747 quadam
3138 4688 3352 4755 rogante
3386 4686 3443 4729 ttt
3473 4696 3625 4755 pecu-

2060 4746 2163 4811 nia'
2201 4746 2362 4811 tilium
2421 4753 2664 4811 redimat,
2714 4765 2772 4803 se
2803 4746 2970 4813 ipsum
3004 4762 3096 4811 pro
3136 4761 3199 4798 eo
3231 4746 3540 4799 redimendo
3568 4754 3619 4802 in

2059 4830 2329 4880 servitium
2380 4821 2554 4881 dedit;
2581 4830 2633 4872 et
2683 4818 2836 4871 horto
2866 4815 3161 4869 excolendo
3198 4830 3413 4881 cperant
3456 4819 3622 4882 dedit,

2058 4896 2227 4950 donec
2258 4907 2376 4949 cum
2411 4890 2588 4941 multis
2618 4888 2736 4940 aliis
2771 4902 2925 4939 litanti
2975 4887 3166 4936 missus
3197 4890 3259 4936 aut
3290 4901 3500 4951 gregem
3536 4903 3623 4940 re-

2058 4966 2175 5018 diit.
2207 4962 2348 5017 Obiit
2377 4958 2434 5013 8.
2475 4959 2722 5012 Paulinus
2746 4959 3025 5022 cpiscuipus
3076 4955 3241 5006 [iusso
3282 4966 3335 5009 et
3365 4956 3627 5010 Antiocho

2059 5050 2196 5086 Cass.
2232 5034 2327 5085 hoc
2356 5038 2435 5083 est
2461 5030 2599 5081 circa
2648 5022 2734 5079 an.
2774 5027 2896 5078 43L
2947 5025 3143 5080 Sumus
3174 5035 3303 5078 tom.
3338 5023 3421 5077 lll.
3455 5025 3630 5079 Pauli-

2060 5119 2158 5157 nus
2188 5104 2285 5155 sub
2316 5098 2608 5155 Gunthario
2641 5114 2761 5166 rege
2815 5096 3164 5166 \‘andaloruiu
3209 5097 3449 5159 captivus
3480 5112 3629 5148 Inan-

2059 5176 2147 5234 sit,
2179 5190 2281 5225 nou
2306 5172 2403 5223 sub
2430 5169 2657 5232 Alarico,
2695 5165 2752 5220 ut
2794 5168 3079 5221 Balduiuus
3129 5165 3179 5217 in
3232 5167 3413 5219 Schol.
3448 5168 3627 5233 Optat.

2058 5244 2327 5309 cogitavit.

2129 5305 2153 5349 ἦ
2185 5310 2492 5363 Ediltrudae.
2537 5308 2611 5363 De
2642 5307 2738 5361 hac
2778 5306 2897 5360 vide
2948 5305 3118 5358 Beda:
3174 5306 3317 5360 Eccl.
3365 5306 3495 5360 llist.
3551 5320 3630 5377 tv,

2060 5383 2147 5437 19.
2189 5383 2278 5434 ~21).

2132 5424 2154 5488 ἶ)
2189 5450 2508 5503 Nicomedia.
2569 5447 2745 5513 Pistis,
2798 5447 2961 5515 lilpis,
2997 5446 3190 5514 Agapa:
3219 5452 3272 5499 et
3318 5446 3499 5500 nutris
3530 5462 3623 5502 ea-

2059 5538 2173 5577 rum
2200 5522 2432 5587 8ορὶιίςυ.
2465 5519 2704 5571 Νυτκεκ.

2138 5592 2149 5629 ί
2186 5586 2432 5657 Quiutim‘.
2469 5588 2542 5641 De
2574 5589 2728 5654 hujus
2753 5587 2991 5654 passione
3022 5586 3140 5639 vide
3184 5602 3308 5640 xxxi
3361 5587 3633 5647 Octobris.

2063 5662 2188 5733 Ejus
2208 5656 2401 5730 corpus
2431 5667 2697 5727 repertum
2723 5668 2805 5713 est
2833 5658 2972 5711 circa
2998 5674 3083 5709 an.
3111 5656 3232 5711 542.
