4240 6500
631 333 734 392 955

1385 332 1586 388 nepa:
1630 329 2082 388 VENERABILIS
2121 331 2269 388 ore.
2299 333 2474 390 rans
2497 335 2584 389 tv.
2625 364 2694 377 -.
2733 291 3112 389 ιιιετυιιιω.

3797 339 3900 395 956

1898 444 2121 500 EDI'I‘IU
2161 444 2623 501 COLONHCNSIS.

621 538 874 606 Baptistae
902 539 1242 606 prtecursoris
1270 538 1500 605 Domini,
1533 538 1804 594 Zacharize
1835 550 1883 594 et
1931 539 2198 592 Elisabctli
2230 543 2279 599 Α
2311 549 2429 608 post
2475 541 2746 595 innumera
2799 556 2917 610 qua:
2967 543 3298 610 perpetravit
3339 543 3496 601 bona.
3549 558 3584 597 a
3624 542 3905 599 Rauciano

626 629 743 691 lilii,
776 630 864 698 qui
892 628 1091 696 Spiritu
1131 638 1315 682 sancto
1341 630 1580 696 repletus
1617 629 1792 683 adhuc
1835 631 1884 682 in
1914 639 2069 682 utero
2099 643 2209 682 ma-

628 720 725 771 tris
750 733 882 783 ευςιι,
909 719 971 772 ad
995 719 1148 773 lsrael
1177 719 1528 783 confortatus,
1547 721 1746 788 Spiritu
1763 718 2014 789 agebatur
2041 719 2091 772 in
2118 718 2210 772 de-

627 812 802 874 sertis,
835 811 1058 865 vestitus
1090 811 1208 878 pilis
1239 812 1589 875 camelorum,
1617 811 1816 864 habens
1837 823 2026 864 zonam
2060 810 2212 878 pelli-

628 917 773 956 ceam
801 903 942 956 circa
976 903 1181 958 lumbos
1210 919 1337 959 suos
1361 921 1375 969 ;
1427 919 1546 959 esca
1577 913 1752 959 autem
1781 904 1894 973 ejus
1919 914 2032 957 erat
2063 904 2211 958 locu-

628 1001 732 1059 sta,
761 1002 813 1046 et
835 993 938 1048 mel
966 994 1215 1048 silvestre
1239 995 1450 1048 edebat.
1474 1011 1574 1048 xxx
1607 997 1779 1049 aetatis
1807 1000 1965 1057 ann'o,
1997 997 2212 1062 quinto-

627 1082 836 1138 decimo
866 1098 1008 1138 anno
1038 1084 1247 1152 imperii
1272 1085 1483 1153 Tybcrii
1508 1085 1735 1139 Cmsaris
1756 1127 1774 1153 ,
1805 1101 1926 1139 cum
1956 1101 2215 1154 prizcura-

627 1184 714 1232 tor
743 1187 886 1234 esset
910 1180 959 1232 in
983 1177 1164 1233 Judaea
1183 1179 1403 1245 Pilatus,
1428 1179 1646 1247 jamque
1668 1196 1886 1250 regnum
1910 1179 2213 1233 Judtcorunt

630 1272 682 1325 in
708 1280 934 1337 quatuor
955 1271 1281 1340 principatus
1305 1280 1450 1326 esset
1471 1271 1718 1336 divisum,
1747 1272 1892 1326 venit
1921 1273 1971 1324 in
2001 1287 2214 1327 omnem

629 1365 898 1430 regionem
928 1363 1174 1418 Jordanis
1199 1406 1212 1427 ,
1246 1365 1546 1434 praidicans
1597 1365 1918 1432 baptismum
1954 1365 2218 1432 paeniten-

631 1456 718 1509 tia:
744 1456 793 1508 iu
816 1456 1183 1511 remissionem
1219 1470 1579 1524 peccatorum.
1613 1457 1795 1511 Romae
1825 1457 1988 1522 Fisci,
2019 1457 2215 1521 Luciae,

629 1562 750 1601 cum
780 1547 896 1602 aliis
924 1548 1111 1616 viginti
1140 1547 1369 1601 duobus.
1389 1547 1776 1617 Augustuduno
1800 1547 2060 1617 depositio
2090 1563 2217 1602 san-

630 1639 698 1693 cti
728 1635 1010 1706 Simplicii.

703 1735 770 1788 Α.
805 1734 893 1788 Vll
943 1734 1186 1788 KALEND.
1220 1732 1381 1789 Jun.
1437 1765 1504 1774 —
1546 1735 1696 1802 Apud
1756 1733 1999 1788 Berteam
2047 1735 2218 1788 sancti

634 1823 949 1894 Sosipatris,
984 1826 1224 1894 discipuli
1255 1825 1420 1879 sancti
1456 1825 1600 1879 Pauli
1623 1824 1870 1884 apostoli.
1912 1824 2063 1893 Apud
2096 1825 2216 1880 Ale-

2313 631 2508 687 comite
2539 647 2818 701 percussus
2847 633 3021 700 gladio
3073 635 3318 698 migravit
3350 634 3414 688 ad
3449 635 3750 692 Christum.
3789 636 3902 690 Bo-

2315 739 2417 778 maa
2439 723 2614 778 Lucitn
2639 723 2877 793 virginis,
2903 739 3021 777 cum
3048 723 3169 777 aliis
3191 725 3374 792 viginti
3397 725 3624 790 duobus,
3648 739 3701 782 et
3727 729 3904 782 Acria:

2317 817 2480 884 regis.
2511 815 2908 869 Thessalonicae
2951 824 3282 879 sanctorum,
3331 817 3515 886 Bigati,
3563 818 3815 886 Lantani,
3850 830 3906 874 et

2315 905 2570 959 dormitio
2599 903 2767 957 sancti
2798 904 3017 957 Joannis
3050 905 3421 974 Evangelistm.

2388 996 2446 1050 Β.
2483 996 2545 1049 Vl
2594 995 2831 1050 KALEND.
2862 995 3022 1052 Juut.
3055 1026 3124 1035 —
3162 997 3347 1049 Romae
3376 996 3600 1053 Joannis
3648 1008 3704 1052 et
3752 999 3900 1055 Pauli

2320 1087 2566 1151 fratrum,
2597 1101 2819 1154 quorum
2854 1086 3054 1153 primus
3103 1087 3439 1152 prmpositus,
3493 1090 3763 1143 secundus
3793 1090 3903 1158 pri-

2323 1177 2576 1232 micerius
2605 1176 2702 1230 fuit
2725 1176 3052 1230 Constantia:
3081 1177 3319 1244 virginis,
3370 1178 3490 1234 lilize
3538 1179 3902 1235 Constantini.

2319 1271 2420 1337 Qui
2447 1285 2567 1323 cum
2597 1268 2740 1322 omni
2771 1269 2858 1322 die
2887 1277 3087 1321 turmas
3113 1269 3535 1324 Christianorum
3568 1283 3902 1334 recreareut.

2321 1377 2386 1417 ex
2414 1362 2495 1417 his
2524 1361 2738 1428 opibus,
2771 1375 2903 1430 quas
2931 1361 3292 1415 sacratissima
3342 1362 3490 1432 virgo
3537 1363 3735 1417 Christi
3774 1365 3906 1418 reli—

2319 1461 2541 1522 querat,
2576 1451 2816 1521 pervenit
2866 1449 2967 1504 hoc
2997 1451 3061 1505 ad
3092 1451 3398 1516 Julianum;
3444 1454 3531 1521 qui
3566 1454 3737 1506 misso
3765 1453 3906 1507 Ter-

2321 1545 2562 1601 renti'ano
2589 1544 2762 1610 campi
2795 1542 3017 1596 ductore
3043 1581 3059 1606 ,
3091 1543 3225 1596 intra
3259 1541 3471 1596 domum
3505 1545 3776 1612 propriam
3807 1544 3909 1598 de-

2320 1636 2496 1691 collati
2540 1645 2704 1698 sunt;
2753 1633 2842 1700 qui
2891 1642 3067 1686 tamen
3119 1643 3296 1701 postea
3341 1633 3674 1688 Christianus
3725 1634 3909 1689 factus

2322 1737 2422 1782 est.
2477 1726 2674 1781 Eodem
2706 1725 2794 1778 die
2821 1723 2992 1778 sancti
3035 1724 3286 1789 Quadrati
3332 1726 3693 1794 apostolorum
3733 1726 3907 1780 disci-

2325 1819 2455 1890 puli,
2487 1818 2573 1886 qui
2607 1817 2658 1870 in
2691 1815 2864 1870 locum
2894 1815 3033 1867 beati
3085 1815 3252 1870 Publii
3305 1815 3632 1870 Athenarum
3660 1816 3909 1884 episcopi

635 1915 912 1968 xandri‘am
943 1916 1108 1968 sancti
1139 1914 1394 1969 Gallicani
1428 1915 1698 1984 martyris,
1722 1916 1808 1984 qui
1842 1929 1934 1981 per
1960 1915 2215 1982 praedica-
2245 1898 2292 1956 Β
2323 1912 2682 1972 substituitur.
2715 1917 2769 1962 et
2801 1906 3089 1962 Ecclesiam
3134 1906 3318 1974 grandi
3371 1917 3574 1962 terrore
3603 1906 3914 1977 dispersam.

638 2007 846 2064 tionem
870 2006 1092 2062 Joannis
1122 2016 1176 2062 et
1206 2006 1352 2062 Pauli
1379 2007 1443 2061 ad
1477 2006 1632 2061 iidem
1674 2006 1868 2060 Christi
1899 2021 2210 2075 conversus,

2326 2005 2432 2058 ﬁde
2454 2012 2507 2056 et
2537 1997 2794 2053 industria
2822 1998 3183 2068 congregavit.

1892 2095 2118 2151 EDITIO
2157 2091 2652 2154 BOLLANDIANA.

636 2198 830 2257 pagum
878 2193 931 2239 et
981 2184 1155 2239 locant
1185 2183 1440 2251 ﬂuminis,
1476 2184 1562 2238 tibi
1608 2186 1779 2254 ipsum
1829 2199 2020 2254 corpus
2068 2188 2222 2240 annis

635 2279 1018 2348 quinquaginta
1049 2281 1289 2348 quinque
1313 2279 1580 2349 jacucrat,
1620 2281 1880 2347 pervenit,
1915 2290 2221 2349 praaconata

638 2367 882 2422 oratione
917 2384 929 2420 :
963 2370 1026 2420 ad
1057 2382 1116 2422 se
1147 2378 1359 2422 ventum
1393 2369 1556 2423 nimio
1582 2371 1812 2423 candore
1841 2378 1895 2425 et
1925 2373 2089 2424 odore
2119 2371 2223 2425 fra-

635 2461 810 2530 granti
843 2462 984 2516 nulla
1021 2463 1226 2518 macula
1273 2471 1578 2532 Corruptqu
1619 2464 1856 2530 suscepit
1888 2482 1899 2517 :
1931 2465 2223 2534 volensque

637 2570 758 2608 eum
786 2555 1098 2609 Vermandis
1120 2556 1317 2623 Oppido
1343 2557 1596 2624 sepelire,
1631 2566 1828 2610 tantam
1857 2558 1944 2612 sui
1971 2557 2220 2627 ponderis

633 2647 1025 2717 gravitudinem
1057 2649 1224 2714 dedit,
1251 2660 1303 2702 ut
1345 2649 1411 2703 de
1459 2649 1598 2710 loco,
1623 2665 1780 2719 quem
1810 2665 1907 2705 suo
1935 2665 2218 2706 consecra-

635 2749 788 2794 verat
811 2742 1098 2810 sanguine,
1126 2743 1326 2796 moveri
1372 2743 1598 2797 ulterius
1631 2759 1735 2796 non
1787 2751 1988 2811 posset.
2033 2743 2223 2798 Inven-

639 2834 764 2890 lrici.
781 2849 907 2890 vero
928 2850 1039 2890 suae
1064 2851 1158 2905 pro
1176 2836 1447 2890 beneﬁcus
1470 2836 1720 2890 exhibitis
1745 2836 1921 2889 lumen
1941 2835 2218 2901 amissum;

635 2935 690 2979 et
713 2924 980 2991 omnibus,
1027 2940 1164 2996 quos
1209 2926 1396 2980 eadem
1450 2928 1578 2980 hora
1611 2927 1717 2981 illic
1763 2926 1986 2996 contigit
2017 2928 2218 2996 venite,

639 3017 859 3086 pristina
895 3028 975 3072 est
1004 3018 1208 3073 reddita
1233 3021 1453 3074 sanitas.

713 3107 772 3162 Β.
820 3109 881 3161 C.
942 3109 1028 3173 V.,
1082 3108 1262 3162 Roma:
1294 3106 1389 3163 88.
1449 3109 1594 3174 Sisti,
1631 3109 1858 3164 Luceire.
1907 3110 2072 3175 B.C.,
2105 3125 2224 3167 cum

639 3177 759 3252 aliis
786 3179 967 3252 viginti
997 3179 1222 3252 duobus.
1254 3182 1316 3252 Α.
1347 3180 1410 3234 Τ.
1442 3180 1501 3252 ι..
1539 3181 1621 3243 8.,
1659 3181 2042 3252 Angostoduno
2065 3185 2226 3252 depo-

637 3247 761 3303 sitio
781 3249 840 3304 S.
872 3259 898 3286 ο
929 3250 1183 3314 Simplicii
1216 3251 1450 3320 episcOpi
1476 3266 1528 3305 et
1553 3247 1902 3307 confesSoris.

708 3341 798 3396 25.
821 3369 892 3382 ——
913 3341 998 3398 VII
1031 3341 1164 3397 ΚΑΙ..
1194 3341 1355 3396 Vacat
1381 3343 1557 3397 Bmda.

720 3433 806 3501 0.,
834 3433 1185 3506 Pyrrliiln-roa
1212 3435 1238 3474 ιι
1277 3435 1588 3504 Sosipatris,
1620 3437 1869 3497 discipuli
1903 3438 2047 3492 Pauli
2095 3452 2227 3505 apo-

645 3506 788 3579 stoli.
832 3505 891 3579 ς).
943 3505 1040 3579 _V.,_
1079 3506 1374 3579 Lamplani,
1432 3508 1716 3579 Salunicm
1750 3507 1858 3579 [C.,
1908 3508 2225 3579 l.a|unica-.],

646 3575 1133 3649 flateeitevirginis
1155 3588 1206 3630 et
1235 3581 1456 3649 Accegaa
1489 3579 1625 3648 regis
1649 3575 2005 3649 [V.,Arceg:e
2025 3575 2219 3649 [linat].

641 3642 730 3703 Ι...
757 3645 942 3718 Natale
989 3646 1230 3718 S._Lucae
1255 3642 1471 3718 virginis
1503 3642 1574 3700 etv
1593 3642 1761 3701 Αὐεθῖ
1784 3642 2069 3718 τεςὶεόιιιιι
2099 3642 2220 3702 aliis

641 3729 855 3769 novem.
880 3715 944 3768 A.
973 3716 1137 3782 et1‘.,
1173 3717 1226 3770 ln
1260 3716 1642 3772 Thessalonica
1695 3715 1911 3772 civitate
1953 3721 2130 3775 natale
2157 3720 2217 3774 8.

2328 2181 2506 2238 Luciaa
2534 2179 2774 2245 virginis.
2801 2177 2869 2232 Et
2895 2178 3070 2232 natale
3086 2178 3142 2231 8.
3170 2180 3399 2249 Agapiti.
3421 2179 3508 2242 A.,
3533 2180 3596 2234 Et
3622 2181 3682 2235 8.
3709 2183 3910 2237 Aman-

2331 2254 2388 2308 tii
2443 2253 2700 2320 episcopi.
2747 2249 3045 2303 Translatio
3069 2251 3108 2320 d7
3133 2249 3284 2316 Eligii
3331 2261 3383 2304 et
3413 2252 3702 2305 Vindiciani
3731 2254 3906 2318 primo

2327 2319 2589 2384 loco.’T.,
2618 2320 2812 2373 Eodem
2842 2321 2928 2373 die
2953 2321 3011 2389 8.
3039 2330 3062 2356 ε
3099 2319 3356 2374 Liethuini
3419 2322 3647 2389 episcopi
3679 2331 3733 2375 et
3772 2336 3908 2378 con-

2328 2392 2571 2455 fessoris,
2608 2401 2658 2444 et
2693 2389 2856 2444 Aucei
2880 2388 3018 2456 regis
3041 2404 3158 2442 cum
3206 2390 3323 2442 aliis
3353 2403 3493 2444 octo.
3541 2388 3623 2454 8.,
3657 2391 3709 2444 In
3740 2392 3912 2448 Thes-

2327 2464 2565 2522 salonica
2598 2457 2871 2527 Lamplani
2900 2469 2948 2512 et
2981 2459 3180 2528 Bigitti.
3220 2461 3272 2512 In
3327 2459 3608 2515 Gettclaico
3637 2462 3814 2517 natale
3842 2464 3904 2519 S.

2333 2537 2352 2577 ῐ
2390 2531 2614 2587 Amandi
2637 2530 2977 2584 coniessoris.

2399 2620 2494 2676 26.
2523 2650 2593 2661 -—
2615 2618 2687 2673 Vl'
2707 2619 2837 2672 ΚΑΙ..
2874 2617 2986 2671 Bon
3008 2633 3053 2672 ω
3082 2618 3179 2673 SS.
3213 2628 3237 2666 ε
3268 2618 3487 2673 Joannis
3509 2630 3561 2674 et
3589 2619 3751 2687 Pauli,
3775 2637 3908 2691 quo-

2330 2729 2448 2769 rum
2497 2713 2699 2782 primus
2755 2711 3092 2780 prmpositus,
3145 2710 3411 2765 secundus
3450 2713 3780 2782 primicerius
3811 2713 3912 2768 fuit

2331 2803 2660 2859 Constantia:
2690 2803 2910 2868 virginis
2938 2801 3058 2854 illia:
3082 2802 3415 2857 Constantini
3449 2821 3462 2856 :
3489 2807 3572 2874 qui
3605 2815 3782 2873 postea
3807 2807 3910 2862 sub

2331 2895 2544 2951 Juliano
2593 2895 2908 2963 martyrium
2955 2893 3146 2959 rapitis
3196 2893 3525 2949 abscissione
3579 2906 3906 2960 meruerunt,

2335 3000 2430 3055 per
2459 2983 2840 3039 Terentianum
2881 2983 3329 3051 campiductorem
3365 3001 3376 3038 :
3408 2985 3494 3054 qui
3526 2983 3714 3040 deinde
3751 2986 3910 3041 Chri-

2333 3077 2538 3132 stianus
2573 3073 2742 3127 factus
2773 3083 2872 3127 est.

2402 3167 2634 3222 Additur
2663 3165 2714 3218 in
2745 3165 2811 3221 1’.
2839 3175 2889 3220 et
2919 3163 2977 3218 L.
3006 3179 3036 3218 a
3070 3163 3227 3218 Floro
3250 3174 3301 3217 ιιι
3325 3163 3641 3233 opinamur:
3671 3164 3765 3219 llic
3786 3179 3908 3219 eum

2334 3257 2600 3327 quoddam
2648 3256 2848 3309 idolum
2899 3255 2949 3308 in
3005 3255 3232 3322 quodam
3283 3253 3399 3308 loco
3445 3253 3814 3323 confregisset,
3858 3257 3908 3310 in

2334 3349 2574 3417 ejusdem
2606 3347 2734 3401 idoli
2762 3347 2871 3400 basi
2899 3346 3162 3410 residens,
3185 3355 3238 3401 et
3269 3345 3487 3402 verbum
3518 3347 3749 3400 divinum
3774 3361 3911 3414 pra:-

2333 3442 2540 3505 dicans,
2565 3439 2633 3494 ab
2662 3439 2851 3493 incolis
2881 3437 2981 3492 loci
3014 3439 3154 3492 illius
3185 3437 3354 3493 imbre
3386 3437 3614 3508 lapidum
3646 3437 3909 3502 obruitur,

2333 3547 2388 3591 et
2415 3537 2492 3590 sic
2522 3534 2760 3605 martyrii
2789 3533 2956 3603 gloria
2981 3541 3288 3587 Coronatur.

2403 3647 2544 3701 ldem
2578 3646 2628 3698 in
2661 3645 2722 3698 Α.
2755 3644 2820 3698 Τ.
2857 3644 2940 3710 ι...
2968 3643 3087 3712 Ipso
3107 3643 3195 3698 die
3234 3643 3381 3712 apud-
3426 3643 3762 3697 \'alentianas
3791 3657 3912 3711 pas-

2330 3738 2408 3792 sit)
2429 3743 2486 3792 S.
2520 3738 2544 3774 ιι
2571 3737 2732 3793 Salvii
2762 3737 3001 3806 episcopi
3044 3746 3096 3791 et
3145 3736 3415 3806 martyris.
3466 3735 3554 3799 T.,
3585 3735 3671 3804 qui
3701 3751 3790 3804 pro
3813 3750 3910 3789 no-

2024 3830 2232 3887 SMlTll
2273 3831 2502 3888 NOTAS.

716 3927 740 3953 ⁴¹
775 3918 1051 3991 δὶῃιριὶεἱὶ.
1079 3919 1267 3988 -—-Qui
1293 3921 1551 3976 successit
1596 3921 1887 3991 Egemouio
1935 3922 1986 3974 in
2011 3922 2222 3987 episco-

643 3998 770 4072 patu
802 3989 1103 4072 A'Eduepsiz
1139 3991 1310 4044 lloruit
1340 4002 1521 4072 autent
1551 3989 1882 4072 temporibus
1928 3992 2224 4072 Constantii

641 4060 801 4131 itnp.,
839 4060 1180 4131 interluilque
1209 4079 1308 4116 una
1338 4078 1456 4116 curn
1490 4064 1547 4117 8.
1593 4065 1834 4116 δεμ-δυο
1882 4061 2110 4116 concilio
2133 4063 2229 4115 (Σο⁴

643 4130 870 4185 loniensi
893 4140 1076 4185 contra
1098 4130 1426 4198 Euphratem
1455 4131 1692 4200 ejusdem
1726 4133 1872 4188 urbis
1913 4132 2228 4199 episcopum

641 4217 780 4272 anno
807 4203 914 4256 546
957 4203 1246 4257 celebrato.
1281 4203 1354 4257 De
1386 4205 1488 4256 hoc
1533 4204 1650 4258 vide
1695 4204 1843 4272 plura
1896 4203 2034 4268 apud
2061 4203 2223 4272 Greg.

643 4270 848 4341 Turno.
877 4271 968 4324 lib.
997 4272 1062 4325 de
1093 4273 1239 4327 Glur.
1263 4272 1508 4326 Confess.
1533 4288 1650 4341 cap.
1674 4270 1763 4336 7‘6,
1794 4275 1884 4338 77,
1907 4274 1998 4326 78.

716 4338 1079 4412 ιξδοσξινωήε.
1115 4344 1264 4408 Apud
1290 4343 1475 4412 Pyrrhi
1507 4338 1771 4398 Bormam.
1798 4345 1945 4396 lluiic
1966 4343 2226 4410 Origenes

642 4411 694 4462 in
727 4409 896 4476 Epist.
928 4413 993 4464 ad
1029 4411 1184 4465 ltom.
1215 4415 1286 4465 ait
1318 4409 1620 4466 ordinatum
1677 4413 1842 4467 fuisse
1882 4409 2228 4466 Thessaloni-

2412 3998 2436 4026 ε
2459 3989 2736 4046 Lietbnini.
2771 3992 2824 4045 Si
2855 3991 2940 4045 hic
2969 3991 3037 4044 sit
3087 3991 3225 4044 idem
3257 4005 3396 4062 cum
3431 3989 3664 4062 Lenuino
3693 3991 3911 4062 presby-

2337 4069 2473 4122 tero,
2494 4077 2558 4115 ex
2589 4062 2879 4129 Anglorum
2903 4077 3060 4130 gente
3081 4060 3338 4114 oriundus
3361 4069 3464 4126 est,
3491 4075 3539 4113 et
3564 4061 3628 4115 de
3655 4071 3789 4115 terra
3811 4060 3907 4114 sua

2338 4133 2521 4185 exiens
2548 4135 2698 4198 petiit
2727 4131 3026 4200 Trajectum
3065 4149 3077 4184 ι
3105 4141 3158 4185 et
3180 4146 3208 4184 a
3236 4131 3296 4185 S.
3329 4130 3586 4200 Gregorio
3631 4133 3908 4200 episcopo,

2337 4216 2457 4255 cum
2490 4201 2546 4256 8.
2585 4201 2890 4257 Marcellino
2916 4203 2981 4255 ad
3011 4201 3194 4256 lselam
3223 4200 3440 4254 ﬂuvium
3477 4202 3526 4253 in
3580 4200 3912 4254 Transisela-

2339 4287 2529 4324 nortnn
2564 4283 2736 4340 partes
2765 4273 2957 4326 missus
2984 4271 3316 4340 prredicavit;
3348 4281 3464 4340 post
3487 4274 3768 4326 multorum
3797 4280 3910 4325 tan-

2336 4341 2456 4394 dem
2488 4339 2889 4398 conversionem
2920 4339 3219 4396 acrlabores
3246 4341 3380 4394 obiit
3422 4339 3739 4404 Daventriae,
3776 4350 3828 4394 et
3855 4341 3908 4396 in

2335 4412 2627 4468 catltedrali
2661 4414 2887 4468 ecclesia
2915 4413 3183 4480 depositus
3215 4411 3328 4464 l‘uit.
3385 4410 3505 4464 Dies
3557 4411 3908 4480 depositionis

643 4455 1222 4552 censentepiscopum,
1259 4484 1382 4536 licet
1411 4483 1712 4536 Dorotheus
1756 4487 1805 4536 in
1856 4483 2056 4552 Synop.
2107 4499 2227 4536 eum
2266 4455 2312 4515 θ
2337 4455 2639 4537 celebratur
2695 4455 3122 4538 xttvNoven'ibris
3150 4499 3162 4534 :
3192 4481 3552 4534 translationis
3598 4455 3701 4535 ἀν
3745 4481 3908 4536 Junii.

641 4549 850 4672 scillisse
878 4550 1041 4606 lcouii
1072 4561 1369 4621 asseve:et,
1403 4563 1455 4607 et
1486 4554 1647 4607 luisse
1683 4569 1844 4606 unum
1876 4549 1938 4608 es
1972 4554 2038 4605 72
2067 4553 2228 4607 disci-

641 4633 712 4672 nu
739 4635 802 4672 IS.

641 4633 802 4688 puns.

719 4689 989 4747 °Luceiw.
1034 4691 1226 4748 Luceia
1282 4697 1426 4763 virgo
1474 4701 1528 4749 et
1567 4695 1794 4748 Auccias
1843 4693 2090 4746 dominus
2113 4693 2229 4760 ejus

644 4763 954 4836 [corporalis
1007 4763 1191 4836 llotnte
1242 4764 1557 4836 martyrium
1589 4765 1729 4834 passi
1751 4776 1873 4817 snnt
1901 4767 2230 4836 temporibus

641 4831 980 4889 Dioeletiani.
1009 4835 1133 4890 llaec
1152 4831 1617 4904 llon'iaua'originis
1639 4839 1708 4891 ab
1734 4836 1929 4890 Auceia
1978 4831 2230 4889 barbato-

645 4918 762 4976 rtitti
798 4917 920 4976 rege
949 4913 1099 4974 capta
1132 4916 1185 4960 et
1213 4908 1264 4960 in
1292 4910 1510 4974 patriatn
1541 4907 1656 4976 ejus
1679 4907 1904 4960 adducta
1931 4917 2032 4958 est.
2058 4907 2227 4976 Quam

643 4973 770 5026 dum
803 4973 1062 5029 barbarus
1114 4973 1312 5032 violare
1357 4979 1520 5032 vellet
1548 4973 1818 5030 {audiens
1865 4976 1934 5028 ab
1977 4991 2038 5029 ea
2090 4975 2228 5042 qum]

647 5042 815 5124 Deum
852 5044 1088 5124 haberet
1134 5062 1386 5114 sponsum
1417 5049 1535 5115 ejus
1585 5047 2222 5124 dellorationisultorem,

641 5115 889 5167 estintuit
936 5123 992 5169 et
1043 5131 1358 5172 reverenter
1414 5135 1529 5173 eain
1579 5121 1844 5170 ttat-tavit.
1878 5117 2039 5183 tlujus
2069 5119 2227 5170 etiam

645 5185 896 5257 precibus
946 5186 1086 5241 idem
1121 5202 1212 5241 rex
1247 5189 1448 5257 pluries
1479 5189 1546 5241 dc
1597 5188 1710 5241 suis
1757 5187 1999 5240 hostibus
2045 5187 2228 5257 trimu-

642 5255 842 5322 phavit,
878 5259 1228 5326 quamobrem
1249 5255 1322 5312 ad
1355 5259 1623 5314 Christum
1653 5272 1944 5312 conversus
1967 5256 2223 5325 virginem

639 5328 972 5382 manumisit.
1017 5328 1145 5383 Dum
1195 5340 1370 5384 autem
1426 5330 1511 5382 illa
1541 5330 1606 5381 ad
1651 5337 1872 5394 patriam
1917 5327 2091 5380 redire
2121 5329 2230 5380 Vt'l-

639 5395 732 5463 let,
789 5397 904 5467 ipse
946 5401 1176 5454 Anceias
1218 5403 1431 5454 deserto
1483 5414 1645 5464 regno
1697 5400 1948 5466 virginem
2005 5398 2228 5452 Romam

639 5480 812 5534 usque
844 5482 1058 5523 secutus
1089 5479 1191 5534 est,
1228 5470 1316 5524 tibi
1340 5473 1500 5524 ambo
1524 5469 1698 5537 gladio
1730 5473 1852 5522 ezesi
1883 5475 2028 5521 sunt.
2058 5467 2226 5520 Pizrn.

643 5552 708 5589 ne
741 5539 945 5593 NATAL.
982 5541 1113 5595 Male
1141 5543 1336 5595 dic.tur
1364 5542 1465 5595 hoc
1499 5543 1614 5594 loco
1645 5539 1811 5596 Lucia
1831 5538 2231 5593 Thessalonicae

641 5621 817 5674 posui.

713 5674 741 5749 τι
783 5677 940 5748 Eligii
985 5690 1030 5733 et
1095 5681 1408 5734 l'indiciani.
1444 5681 1592 5749 l'lligii
1641 5681 1904 5747 depositio
1930 5679 2230 5734 celi-bratur

641 5745 893 5804 Kalendis
921 5751 1225 5806 Decembris
1254 5769 1263 5805 :
1310 5745 1598 5808 VindiCiaui
1636 5745 1810 5808 autem
1834 5767 1862 5805 ν
1883 5750 2003 5808 ldus
2034 5750 2224 5806 Martii.

2335 4553 2586 4607 MOLANUS
2615 4554 2681 4607 de
2705 4556 2800 4608 SS.
2842 4553 3023 4620 Belgii.
3059 4551 3279 4606 Culmus
3299 4555 3427 4605 Sen.

2408 4621 2425 4660 ῐ
2456 4626 2694 4676 Amandi.
2723 4624 2774 4677 In
2799 4623 3104 4678 Gemelaico
3130 4638 3249 4676 cum
3282 4622 3628 4677 Domnoleno.
3651 4621 3907 4677 Μοιηυε

2333 4693 2384 4746 iu
2421 4694 2645 4748 Usuard.
2687 4694 2963 4748 Ferrarius
2992 4707 3086 4748 eos
3116 4692 3287 4762 pridie
3312 4701 3592 4756 memorat,
3613 4704 3667 4747 et
3715 4692 3908 4747 Lemo-

2332 4765 2460 4818 vicis
2491 4779 2674 4830 passos
2706 4764 2912 4817 scribit.

2405 4842 2429 4877 ὅ
2460 4833 2680 4888 Joannis
2733 4847 2779 4887 et
2825 4834 2999 4888 Pauli.
3069 4833 3141 4886 De
3184 4833 3263 4888 his
3292 4833 3414 4888 vide
3441 4834 3593 4903 plura
3622 4833 3676 4887 in
3699 4832 3909 4901 Adone,

2333 4904 2585 4969 Nmketo,
2621 4906 2761 4958 l'etr.
2791 4905 2858 4958 de
2890 4903 3060 4959 Natal.

2404 4977 2432 5012 ιι
2465 4974 2647 5030 Salvii.
2688 4975 2931 5042 Episcopi
2966 4972 3400 5041 Engolismensis,
3431 4975 3518 5044 qui
3541 4973 3610 5028 de
3632 4973 3908 5041 Aquitania

2334 5046 2636 5113 Spargendo
2667 5045 2812 5099 verhi
2843 5045 2933 5098 Dei
2976 5044 3199 5103 semina,
3249 5052 3489 5110 pervenit
3540 5060 3658 5098 cum
3691 5060 3794 5098 uno
3819 5058 3912 5098 co-

2334 5119 2465 5171 mite
2495 5118 2725 5184 Supcrio
2747 5119 2810 5168 ad
2840 5118 3111 5169 civitatem
3147 5113 3507 5178 Valcncenas;
3543 5127 3595 5169 et
3643 5117 3719 5169 ire
3745 5115 3910 5167 voluit

2332 5187 2626 5240 Condattnn
2672 5187 2734 5238 ad
2782 5190 3085 5240 etenobium
3132 5185 3188 5237 Β.
3240 5185 3440 5240 Marizc.
3473 5186 3529 5240 In
3580 5188 3694 5254 ipso
3735 5194 3914 5238 autem

2334 5258 2545 5322 itinere,
2567 5258 2621 5310 in
2650 5257 2769 5309 villa
2797 5271 2874 5315 sc.
2904 5271 3022 5324 qua:
3053 5255 3246 5309 dicitur
3283 5255 3599 5319 Beviticum,
3626 5271 3655 5308 a
3679 5254 3907 5324 quodam

2335 5337 2562 5396 tyranno
2613 5323 2932 5396 Winegario
2953 5325 3104 5395 jussu
3156 5326 3357 5380 domini
3387 5330 3467 5380 sui
3515 5325 3824 5395 Winegardi
3855 5323 3908 5376 in

2332 5399 2512 5466 capite
2540 5401 2711 5451 securi
2745 5411 3050 5466 percussus,
3076 5411 3194 5466 cum
3220 5397 3524 5463 supradicto
3545 5399 3913 5450 comite'mar-

2336 5464 2530 5536 tyrium
2561 5464 2869 5532 suhiitIQui
2894 5467 3051 5520 ambo
3075 5464 3125 5520 in
3152 5467 3360 5520 stabulo
3386 5466 3642 5521 reconditi
3667 5475 3784 5533 post
3808 5474 3913 5518 tres

2331 5552 2500 5591 annos
2531 5539 2856 5592 revelatione
2877 5538 3055 5591 divina
3082 5537 3149 5592 ab
3171 5538 3488 5603 imperatore
3508 5539 3699 5592 Carolo
3725 5537 3910 5602 Magno

2334 5609 2554 5674 inventi,
2587 5617 2642 5663 et
2672 5609 2722 5661 in
2756 5609 2872 5662 loco
2900 5607 2985 5662 ubi
3019 5621 3162 5661 nunc
3211 5608 3475 5675 prioratus
3523 5615 3606 5662 est
3633 5606 3690 5660 S.
3726 5605 3910 5670 Salvii,

2333 5680 2527 5747 sepulti
2559 5687 2703 5732 sunt.
2733 5678 3108 5734 Monasterium
3131 5687 3215 5731 est
3242 5685 3388 5729 extra
3433 5678 3758 5731 Valencenas
3784 5677 3916 5729 dim-

2335 5750 2470 5805 cosis
2497 5749 2930 5819 Cameracensis,
2967 5749 3055 5805 ubi
3083 5749 3196 5804 dies
3227 5749 3467 5819 martyrii
3495 5749 3916 5805 rcculitur'sexto
