4240 6544
590 347 694 405 9ῖ9
1273 341 1476 398 ΒΕΒΕ
1511 338 1957 398 VENERABILIS
1994 341 2142 397 Ol’l‘.
2186 344 2264 398 PA

1343 341 1476 398 ΖΒΕ
1511 338 1957 398 VENERABILIS
1994 341 2142 397 Ol’l‘.
2186 343 2361 398 PARS
2401 343 2490 398 ιν.
2531 369 2596 383 -—
2639 341 3017 397 HISTORICA.

1807 451 2030 509 EDlTlO
2069 453 2512 509 COLONIENSIS

596 557 696 611 sim
738 554 1028 615 damnavit,
1089 557 1144 604 et
1185 543 1578 603 sanctissimum
1627 545 1908 600 concilium
1946 545 2165 599 Cbalce-
2194 551 2241 609 Α
2270 555 2504 614 sumpta,
2533 558 2564 599 e
2589 546 2746 599 terris
2790 545 3035 614 migravit
3073 545 3138 599 ad
3167 546 3380 602 caelum.
3415 547 3682 616 Lugdune
3720 548 3882 604 Gal-

598 648 839 702 donense
867 657 958 697 sua
991 640 1242 695 industria
1266 637 1575 707 congregari
1618 636 1763 690 fecit.
1819 635 1917 689 Hic
1962 635 2165 690 consti-
2271 635 2356 686 liae
2401 633 2567 686 Sancti
2617 633 2800 687 Irenasi
2833 634 3097 701 episcopi,
3130 635 3218 704 qui
3250 649 3368 688 cum
3399 637 3550 690 omni
3577 638 3690 694 fere
3713 639 3878 693 civi-

604 736 704 792 tuit
734 737 864 789 intra
891 731 1153 786 actionem
1201 729 1382 783 dicere
1433 737 1677 782 sanctum
1722 725 2065 789 sacriﬁcium,
2113 734 2166 780 et
2274 734 2278 773 ι

2274 724 2395 777 tatis
2437 737 2548 777 suae
2599 723 2792 791 popqu
2838 721 3072 792 glorioso
3113 733 3396 779 coronatus
3434 734 3518 780 est
3563 729 3871 800 martyrio,

608 824 918 881 mortar-ham
949 837 1051 875 non
1081 821 1319 888 accipere
1350 819 1591 872 velamen
1620 817 1808 885 capitis
1830 817 2166 870 benedictum
2273 815 2374 868 sub
2420 813 2618 869 Severo
2666 814 2928 883 principe,
2952 814 3295 883 sepultusque
3323 831 3352 869 a
3385 815 3643 872 Zacharia
3697 835 3878 888 μιαι-

603 917 670 969 ab
691 913 962 982 episcopo,
985 911 1082 964 nisi
1110 909 1251 977 prius
1275 907 1489 976 probata
1516 906 1656 960 illius
1688 907 1960 974 virginitas
1989 905 2165 959 fuerit.
2276 905 2464 975 bytero
2506 907 2556 958 in
2593 915 2778 974 crypta
2825 903 3059 959 basilicae
3108 905 3245 959 beati
3289 907 3508 962 Joannis
3554 910 3823 980 Baptistae
3845 954 3869 980 ,

603 1003 753 1071 Apud
804 998 1176 1055 Alexandriam
1206 1005 1512 1051 sanctorum
1545 1006 1838 1066 martyrum
1875 995 2167 1058 Plutarchi,
2275 997 2376 1052 sub
2404 997 2578 1050 altari.
2613 997 2679 1050 Et
2709 996 2882 1064 vigilia
2913 997 3275 1064 apostolorum
3310 999 3449 1054 Petri
3487 1011 3541 1054 et
3572 1002 3744 1056 Pauli.

606 1091 813 1157 Set-eui,
839 1090 1123 1154 Eraclidis,
1150 1089 1373 1153 llerois;
1416 1087 1542 1141 item
1574 1086 1786 1150 Sereni,
1825 1084 2166 1148 Potamienm,
2348 1087 2414 1140 Ε.
2479 1086 2545 1140 ΙΙΙ
2592 1085 2828 1141 ΚΑιιιΜι.
2875 1085 3032 1142 Juut.
3083 1087 3264 1143 Romae
3305 1091 3484 1146 natale
3531 1103 3864 1148 sanctorum

606 1182 891 1250 Marcellae,
924 1179 1344 1244 Catechuminze,
1379 1177 1553 1241 "crte,
1596 1175 1822 1241 Nomiar,
1855 1175 2168 1243 baptismum
2277 1174 2643 1243 apostolorum
2678 1175 2820 1230 Petri
2867 1185 2923 1230 et
2965 1175 3133 1243 Pauli,
3166 1177 3255 1243 qui
3288 1179 3426 1246 passi
3463 1189 3589 1233 sunt
3614 1181 3716 1234 sub
3744 1182 3872 1236 Ne-

609 1273 844 1344 martyrii
892 1279 1220 1326 consecuta.
1273 1269 1414 1324 Inter
1463 1281 1598 1336 quos
1646 1266 1914 1334 pratcipue
1959 1265 2173 1320 emicuit
2279 1279 2432 1328 rone,
2467 1265 2628 1318 Basso
2674 1274 2728 1321 et
2775 1265 2949 1321 Tusco
2999 1269 3322 1323 consulibus.
3376 1271 3564 1328 Petrus
3609 1274 3870 1328 secundo

606 1363 910 1417 Potztmiena
954 1362 1125 1431 virgo,
1160 1375 1278 1430 qua:
1311 1369 1428 1429 post
1460 1359 1771 1415 innumeros
1809 1371 2008 1426 agones
2051 1371 2174 1410 cum
2280 1353 2485 1409 Claudii
2513 1369 2676 1419 anno,
2717 1365 2831 1424 post
2859 1359 3221 1426 episcopatum
3253 1361 3632 1417 Antiochensis
3664 1365 3868 1418 Eccle-

611 1454 898 1509 venerabili
948 1463 1124 1506 matre
1184 1452 1462 1516 Marcella,
1522 1449 1660 1519 ignis
1713 1449 1986 1518 suppliciis
2042 1462 2172 1502 con-
2283 1445 2398 1509 site,
2445 1454 2496 1498 et
2543 1445 2971 1512 praedicationem
3021 1447 3366 1517 dispersionis
3412 1467 3593 1507 eorum
3640 1459 3731 1524 qui
3781 1457 3868 1508 de

1843 1539 2066 1594 EDITIO
2109 1534 2600 1592 BULLANDIANA.

691 1640 751 1692 A.
781 1635 845 1689 Τ.
879 1634 965 1695 l...
995 1634 1046 1687 In
1073 1631 1389 1687 Alexandria
1420 1631 1517 1684 SS.
1549 1637 1571 1664 ⁸
1594 1629 1778 1684 Sereni
1807 1640 1860 1683 et
1888 1627 2176 1682 Theodori.
2289 1626 2540 1693 martyrio
2571 1627 2806 1680 coronati
2835 1635 2977 1681 sunt.

617 1705 806 1791 9-2!"
851 1705 1022 1791 Μείτέ
1049 1701 1321 1791 φίῗέηιίῖηὲὲξ,
1353 1701 1570 1791 Ρὲἶίῗὲῗι
1599 1696 2179 1791 ἺΨἾΕΒΞιῩῘΞδθῖἿἮ·
2215 1737 2263 1791 n
2315 1785 2325 1791 ,
2363 1715 2620 1783 ιιοηεῑοτει
2667 1717 2947 1791 utriusque-
2981 1717 3148 1789 θιοείει
3180 1717 3246 1774 ab
3284 1728 3464 1791 etymo
3493 1723 3722 1780 nominis
3753 1727 3867 1782 ini—

619 1777 672 1860 ιε·
706 1775 1018 1860 Meg-amitis
1049 1771 1672 1860 ιξξξιξιιξ,ξ8;,ἕς[ξξιιῖξξ
1705 1767 1998 1860 Ῑιξςιζίξίζτῖ·
2044 1766 2181 1837 Lus-
2215 1766 2263 1799 "
2292 1766 2738 1860 ιιιιῖἕιιιιξρηιῖςξ
2759 1766 3248 1860 ⁷ιιξι’ὑὲῦιιῖἑ”ἶ’πῇἠῖςᾷ
3286 1766 3861 1860 ὗῗᾷἱῖωῖῶὶῖιῖἶιὶιέῗ

616 1847 764 1907 anno
787 1843 968 1897 Gutum
999 1843 1170 1896 "atate
1201 1840 1291 1895 se
1327 1841 1528 1893 ιετειιωί
1556 1853 1676 1893 cum
1703 1837 1822 1893 aliis
1847 1852 1964 1892 sex.
2289 1837 2425 1932 at..."
2452 1862 2505 1908 et
2530 1837 3309 1932 aitat...t..;.'t.‘,;g;gtatott.:;.,'
3330 1837 3861 1932 ξιεέίιῐεῑῑέεῆίίέῗιῖίέ

2291 1924 2573 1994 assignatis
2602 1935 2689 1979 aut
2710 1927 3039 1994 assignandis
3065 1924 3315 1994 inscripta
3335 1931 3446 1983 istis
3475 1924 3663 1986 similia
3691 1950 3710 1987 :
3740 1946 3859 1988 tum

2290 1999 2410 2064 quia
2459 1997 2524 2049 ad
2570 1996 2740 2050 llrda:
2779 2005 2868 2048 aut
2899 1997 3038 2050 Flori
3087 2008 3262 2053 textus
3299 2001 3676 2056 discernendos
3721 2005 3864 2058 nihil

2294 2065 2509 2129 iaciunt,
2543 2075 2650 2119 tum
2681 2066 2798 2134 quia
2831 2066 2953 2120 alibi
3005 2068 3178 2121 obvia.
3229 2070 3311 2129 Β..
3358 2070 3422 2122 Et
3453 2073 3622 2126 natale
3648 2072 3708 2128 S.
3744 2074 3856 2128 No-

696 2167 871 2221 Addit‘
903 2166 1090 2221 Florus
1130 2165 1181 2218 in
1229 2164 1294 2218 Τ.
1325 2171 1379 2218 et
1406 2162 1494 2229 L.,
1527 2163 1626 2228 Qui
1652 2161 1802 2231 jussu
1835 2159 2060 2217 Neronis
2093 2159 2190 2214 im-
2780 2151 2896 2231 culi?
2927 2138 3694 2231 ᾖ¹ί¹ῗη¹¹ᾞξξῖ⁵¹³ξίῗ,ῗῗρῳῖἕῗῗηθ
3719 2153 3856 2199 "cm

2293 2207 2630 2271 martyribus.
2689 2207 2773 2270 (3.,
2826 2208 2890 2260 Et
2935 2207 2959 2243 ι¹
3010 2207 3233 2263 aliorum
3285 2207 3649 2267 peccaturi"
3704 2231 3856 2269 Inar-

622 2259 886 2331 pr-ratoris
911 2257 1097 2311 Petrus
1120 2254 1487 2322 cruciﬁxione,
1517 2252 1711 2308 Paulus
1732 2251 1921 2322 capitis
1943 2251 2192 2320 plexione
2292 2251 2490 2343 ξῇξίιῶξ

1990 2360 2191 2419 SMlTll
2229 2359 2459 2418 ΝΟΤᾸΕ.

3756 343 3890 396 εὶοϋ

690 1964 782 2088 ἓξ).
897 1963 956 2018 ιιι
984 1961 1118 2022 ΚΜ..
1158 1959 1339 2015 Romze
1382 1957 1573 2014 natalis
1615 1957 1972 2029 apostolorum
1996 1959 2018 1990 ε
2048 1955 2189 2012 Petri

743 2052 806 2088 an
829 2051 865 2088 I.

618 2047 670 2089 et
699 2047 865 2089 Paul].

701 2471 726 2499 α
760 2462 958 2516 Serem'.
993 2458 1143 2524 Apud
1175 2457 1370 2512 Euseb.
1414 2455 1556 2510 Eccl.
1600 2455 1737 2509 llist.
1763 2469 1834 2519 vt,
1872 2455 1927 2514 5.
1966 2453 2190 2508 duorum

630 2536 946 2587 Serennrnm
972 2530 1168 2583 mentio
1198 2530 1282 2582 lit:
1308 2542 1530 2592 quorum
1556 2526 1692 2580 alter
1720 2540 1809 2589 per
1840 2526 2034 2592 ignem,
2060 2525 2195 2578 alter

637 2618 730 2670 [ιι-ι’
760 2602 1166 2670 decollationem
1197 2597 1507 2670 martyrium
1537 2595 1841 2670 cnomplevit:

708 2670 735 2709 δ
768 2669 971 2724 Iremrt'.
1006 2670 1102 2724 llic
1147 2668 1244 2721 fuit
1285 2662 1498 2719 natione
1545 2663 1779 2718 Graecus.
1827 2664 2014 2718 Narrat
2055 2662 2194 2716 enim

628 2741 716 2796 vir
742 2753 956 2796 sanctus
984 2741 1034 2792 in
1067 2738 1281 2806 cpistola
1315 2738 1379 2790 ad
1408 2733 2200 2806 Floriaunm,cujuslragmenf-

635 2821 746 2868 tum
775 2813 965 2864 recitat
993 2802 1270 2869 Eusebius,
1304 2823 1354 2858 se
1381 2820 1592 2875 puerum
1615 2805 1803 2875 adhuc,
1835 2803 1917 2856 vel
1945 2812 2000 2854 ut
2030 2802 2199 2869 loqui-

637 2890 724 2935 tur
749 2882 800 2932 in
827 2894 988 2946 opere
1036 2877 1286 2946 adversus
1327 2876 1576 2936 haereses,
1622 2874 1684 2946 in
1723 2876 1883 2937 prima
1925 2888 2015 2946 sua
2051 2878 2204 2946 (etate

640 2941 986 3020 Polycar‘p‘tm‘t
1025 2948 1131 3014 jam
1165 2945 1316 3020 valde
1347 2958 1524 3020 senem
1551 2941 1797 3020 audiisse,
1822 2952 1872 3020 et
1901 2941 1968 2992 ab
1997 2955 2061 2994 eo
2091 2942 2203 3004 pri-

642 3011 766 3073 mis'
787 3011 1101 3072 Chiistiana:
1144 3014 1413 3078 rel’gionis
1459 3011 1732 3078 praeceptis
1773 3011 2028 3064 imbutum
2061 3025 2201 3064 esse.

642 3093 772 3141 t'um
805 3096 977 3139 autem
1013 3085 1328 3152 Polycarpus
1351 3083 1658 3150 martyrium
1690 3081 1908 3152 subierit
1930 3095 2069 3152 anno
2095 3081 2200 3132 cir-

642 3158 776 3213 citer
812 3154 935 3220 166,
972 3171 1072 3208 non
1104 3150 1282 3224 procul
1312 3169 1339 3204 a
1373 3167 1496 3206 vero
1515 3151 1910 3224 aberravimus,
1953 3150 1996 3203 si
2029 3159 2207 3203 natum

644 3229 901 3282 lrenmum
926 3219 929 3220 ν
951 3219 1185 3279 dicamus
1237 3240 1376 3276 anu)
1402 3221 1613 3289 circiter
1646 3219 1764 3274 MO.
1791 3223 2051 3287 Quantum
2082 3229 2214 3272 tem-

645 3304 787 3366 poris
830 3300 878 3349 in
930 3298 1142 3348 Urit-nte
1183 3305 1421 3366 versatus
1468 3292 1657 3356 fuerat,
1700 3289 2216 3366 Ettcclllllllls-Velyl'l‘

653 3359 748 3422 bus
776 3366 876 3420 dici
923 3382 1025 3420 non
1058 3372 1249 3434 potest.
1285 3363 1413 3434 illud
1444 3371 1674 3434 certum,
1708 3361 1970 3434 lreuatum
1999 3362 2048 3413 in
2078 3359 2218 3413 (lal-

647 3439 746 3492 lias
788 3438 1101 3506 proiectum,
1156 3433 1465 3506 Lugdunum
1514 3433 1738 3506 venisse,
1772 3433 1989 3506 quando
2014 3445 2159 3492 vero,
2187 3443 2217 3482 a

653 3502 867 3571 quo,'et
893 3522 994 3575 qua
1022 3507 1299 3575 (ιρι-θείους
1329 3505 1520 3575 missus
1548 3502 1724 3575 fuerit,
1769 3505 2028 3575 incertum
2060 3515 2219 3566 pror-

649 3593 761 3632 sus.
807 3584 871 3630 Α.
913 3571 970 3630 S.
1013 3575 1238 3627 Pothino
1274 3572 1607 3643 Lugdunensi
1639 3571 2218 3643 episcopoordiuatum

655 3647 818 3701 fuisse
873 3651 1265 3715 presbyterum,
1318 3637 1381 3715 et?
1415 3637 1745 3715 _llierenymi
1794 3637 1970 3715 vlt-bis
2023 3637 2220 3694 inferre

650 3719 820 3771 licet:
869 3708 988 3768 eum
1034 3708 1174 3766 enim
1223 3711 1426 3765 Pothini
1474 3708 1708 3778 episcopi
1741 3711 2100 3780 presbyterum
2129 3723 2220 3760 vo-

652 3796 758 3839 rat.
791 3785 956 3851 Quam
999 3783 1246 3850 Irtnclare
1289 3794 1484 3851 autem
1510 3794 1568 3833 se
1614 3780 1838 3851 gesserit
1868 3778 1918 3832 in
1951 3778 2220 3851 presbyte-

654 3847 967 3917 ratufsatis
1001 3847 1236 3919 probant
1289 3865 1349 3903 ea
1400 3849 1615 3919 quibus
1641 3850 1884 3916 pietatem
1926 3847 2044 3916 ejus
2070 3863 2220 3919 com-

653 3923 904 3979 mendant
948 3917 1237 3986 martyrum
1279 3917 1710 3988 Lugdunensium
1747 3923 1907 3972 verba
1935 3918 2222 3989 apudlﬁu-

662 3995 773 4048 sel).
806 4009 856 4057 v,
886 3992 940 4058 4,
981 3991 1032 4044 in
1062 3991 1124 4044 iis
1149 4005 1277 4058 quas
1303 3987 1382 4043 adi
1399 3989 1740 4043 Eleutherum
1771 3987 2222 4058 papatn'scribunt

661 4065 920 4133 epistolis,
952 4077 1082 4131 quas
1106 4057 1674 4133 perl'ereudas‘lrenaao
1693 4060 2046 4133 tradiderunt.
2071 4057 2223 4112 Circa

663 4129 866 4188 initium
906 4129 1294 4200 persecutionis
1323 4130 1422 4184 sub
1446 4129 1510 4182 Μ.
1544 4129 1758 4184 Aurelio
1789 4130 2063 4200 Antonino
2085 4142 2225 4200 niur-

662 4214 752 4259 tuo
792 4196 1018 4258 Pothino
1062 4205 1333 4270 epistopo,
1376 4201 1476 4252 hoc
1506 4209 1586 4270 est
1612 4214 1751 4252 armo
1779 4197 2139 4270 circiter_l77,
2175 4196 2226 4250 in

661 4275 776 4342 t-jus
817 4275 991 4327 locum
1033 4267 1107 4324 SI
1139 4267 1369 4324 Iri-naeus
1418 4269 1733 4322 substitutus
1780 4278 1880 4342 est,
1912 4278 1964 4342 et
1992 4267 2174 4321 Roma:
2200 4283 2228 4319 a

667 4337 728 4396 li.
755 4344 1039 4396 Eleuthero
1063 4350 1438 4401 consecratus;
1469 4348 1624 4405 atque
1648 4346 1705 4390 ut
1727 4337 2046 4404 provinciam
2072 4351 2229 4406 quam

662 4421 848 4466 nactus
877 4421 959 4463 est
991 4409 1178 4464 melius
1210 4420 1446 4472 ornaret,
1489 4408 1643 4462 nullis
1674 4409 1940 4463 laboribus
1972 4407 2228 4476 pepercit,

2239 3117 2286 3181 C

2296 2452 2494 2534 [incum
2521 2472 2534 2520 ;
2566 2471 2669 2510 non
2692 2471 2818 2512 vero
2844 2471 2982 2534 anno
3008 2457 3096 2524 67,
3120 2459 3224 2520 vel,
3249 2461 3389 2528 quod
3418 2462 3556 2534 idem
3577 2470 3678 2528 est,
3700 2463 3859 2534 juxta

2295 2522 2600 2590 Barouium,
2660 2542 2799 2580 anno
2844 2525 2955 2581 69:
2987 2522 3105 2580 eum
3132 2568 3148 2591 ,
3196 2522 3591 2586 ut'communis
3640 2522 3860 2587 traditio

2301 2592 2430 2656 fert,
2463 2595 2670 2676 Nerone
2699 2607 2960 2662 praesente
2973 2599 3130 2720 (passi
3179 2600 3389 2662 fuerint,
3439 2611 3495 2654 et
3531 2605 3736 2668 qutdetn
3769 2604 3865 2658 die

2303 2663 2374 2720 29
2403 2665 2543 2718 Junii
2571 2681 2585 2720 :
2618 2681 2723 2720 (tuo
2754 2676 2925 2720 tamen
3013 2682 3060 2720 te
3102 2681 3241 2720 anno
3287 2668 3350 2720 67
3393 2670 3648 2720 Neronem
3693 2673 3862 2720 ltoma

2303 2663 2543 2734 29AJunii
2571 2681 2585 2729 ;
2618 2681 2723 2734 quo
2754 2676 2925 2720 tamen
2973 2663 3060 2720 die
3102 2681 3241 2720 anno
3287 2668 3350 2720 67
3393 2663 3648 2724 Neronem
3693 2673 3862 2724 [lonia

2305 2732 2542 2807 abfuisse
2591 2732 2743 2807 plane
2796 2745 3023 2790 certum.
3073 2735 3320 2790 Secundo
3361 2755 3461 2792 non
3490 2752 3603 2807 post
3632 2742 3864 2796 reditum

2307 2803 2529 2858 Neronis
2551 2820 2611 2857 ex
2644 2806 2880 2867 Oriente,
2909 2807 3001 2858 sed
3033 2818 3313 2874 antequam
3346 2808 3396 2860 in
3428 2803 3691 2863 Orientem
3722 2813 3863 2864 Nero

2309 2874 2756 2948 proficisceretur,
2804 2875 3020 2929 eosdem
3065 2878 3289 2948 occisos.
3322 2879 3433 2930 Non
3463 2881 3674 2934 deluere
3700 2881 3861 2934 etiam

2312 2943 2398 3010 qui
2430 2943 2819 3015 “existimarint
2872 2943 3194 3015 martyrium
3256 2949 3440 3000 horum
3498 2951 3863 3015 apostolorum

2311 3028 2405 3066 vm
2430 3012 2546 3065 Kal.
2576 3013 2745 3082 Martii
2774 3014 3050 3081 accidisse,
3082 3015 3220 3082 quod
3265 3017 3327 3068 ad
3375 3012 3613 3072 eamdem
3641 3020 3777 3072 diem
3812 3021 3865 3072 in

2317 3081 2806 3154 LaterculodSylvii
2857 3085 3060 3150 legatur
3100 3081 3111 3134 ἐ
3155 3082 3414 3154 Depositt‘o
3465 3088 3568 3142 SS.
3631 3086 3769 3140 Petri
3821 3099 3869 3142 et

2318 3152 2511 3216 Pauli;
2544 3152 2733 3213 quibus
2759 3169 2822 3205 ex
2850 3154 3024 3206 verbis
3054 3152 3296 3217 intulere,
3330 3156 3538 3210 Petrum
3565 3167 3619 3213 et
3645 3159 3860 3211 Paulum

2312 3237 2417 3277 non
2451 3237 2504 3275 ιιι
2533 3221 2645 3275 Kal.
2677 3221 2866 3293 Julias,
2911 3237 3006 3276 seu
3035 3224 3120 3293 die
3163 3223 3232 3279 20
3277 3223 3440 3288 Junii,
3473 3243 3575 3293 quo
3600 3227 3861 3291 coluntur,

2316 3307 2499 3357 passos
2530 3307 2671 3354 esse,
2701 3291 2795 3345 sed
2824 3294 2910 3346 die
2941 3307 3032 3345 vm
3081 3292 3197 3346 Kal.
3247 3291 3709 3352 Martias—Verum
3735 3311 3868 3349 vana

2318 3363 2430 3416 haec
2473 3362 2658 3414 illatio.
2701 3361 3002 3430 Autiquitus
3027 3362 3168 3416 enim
3199 3363 3354 3416 sicuti
3383 3375 3431 3417 et
3463 3381 3602 3419 nunc
3632 3382 3721 3420 vui
3748 3366 3864 3419 Kal.

2317 3431 2558 3493 Martias,
2591 3431 2842 3484 cathedra
2892 3432 2949 3486 S.
2991 3431 3129 3485 Petri
3167 3433 3458 3488 Antiochia:
3484 3438 3866 3490 celebrabatur.

2320 3502 2374 3554 lu
2407 3502 2644 3572 Indiculo
2662 3501 3013 3572 depositionis
3041 3513 3330 3572 martyrum
3357 3505 3494 3570 apud
3529 3506 3863 3567 Bucherinm,

2318 3587 2383 3624 eo
2423 3573 2509 3625 die
2549 3570 2772 3638 legitur:
2802 3571 2994 3624 Natale
3040 3570 3271 3624 Petri'de
3299 3572 3566 3627 Cat/tedra.
3615 3576 3868 3641 Reliquias

2319 3652 2495 3714 autem
2541 3650 2848 3714 sanctorum
2899 3641 3082 3714 iisdem
3129 3643 3502 3714 smpediehus,
3548 3645 3635 3714 qui
3683 3646 3864 3714 horum

2322 3713 2524 3766 natales
2557 3709 2930 3784 erant,_lact:e.
2957 3713 3131 3784 Quare
3162 3709 3227 3784 et}
3262 3712 3535 3766 Latercqu
3561 3709 3751 3784 Sylvii,
3781 3717 3865 3766 ubi

2320 3784 2384 3836 ad
2434 3796 2523 3834 vttt
2568 3778 2684 3833 Kal.
2731 3781 2885 3834 Mart.
2921 3782 3143 3850 legimus
3189 3781 3570 3848 depo~itionem
3601 3778 3698 3838 SS.
3732 3784 3867 3836 Petri

2321 3861 2376 3906 et
2407 3851 2574 3913 Pauli,
2620 3851 2957 3917 intelligimus
3008 3858 3192 3903 horum
3236 3853 3479 3920 reliquias
3508 3855 3592 3906 die
3616 3869 3718 3920 quo
3756 3854 3858 3918 jam

2324 3923 2513 3994 Petrus
2539 3920 2834 3976 Antiochiae
2857 3920 3149 3984 colebatur,
3177 3925 3452 3994 translatas
3483 3921 3659 3978 fuisse.
3684 3922 3870 3977 Trans-

2326 3992 2582 4046 lationem
2624 3997 2764 4045 enim
2811 4003 3115 4045 sanctormn
3165 3992 3507 4056 depositioitis
3555 3996 3763 4048 nomine
3807 3993 3872 4046 ab

2325 4061 2552 4130 antiquis
2585 4077 2726 4124 sgepe
2748 4077 3079 4130 expressam,
3117 4063 3354 4129 pluribus
3376 4065 3629 4131 exemplis
3648 4072 3870 4117 constat.

2327 4132 2416 4188 Sic
2449 4147 2588 4185 anno
2619 4131 2743 4196 258,
2781 4132 2994 4199 quando
3025 4133 3082 4186 S.
3116 4134 3296 4185 Sistns
3339 4133 3606 4186 Romanus
3653 4133 3870 4200 pontilex

2330 4202 2639 4257 eorumdem
2702 4202 3060 4267 apostolorum
3130 4217 3350 4267 corpora
3415 4204 3478 4255 ad
3534 4204 3871 4256 Catacumbas

2333 4271 2624 4326 transferre
2664 4271 2848 4338 voluit,
2883 4287 2988 4325 non
3017 4272 3176 4324 alium
3206 4273 3345 4325 diem
3373 4272 3532 4340 elegit
3559 4288 3713 4341 quam
3743 4273 3872 4325 vice-

2332 4346 2522 4397 simum
2572 4357 2771 4394 nonum
2818 4343 3013 4394 mensis
3055 4341 3195 4393 Junii
3223 4356 3406 4395 eorum
3439 4344 3594 4395 natali
3631 4342 3870 4401 dicatum,

2336 4425 2391 4465 ut
2421 4413 2673 4464 discimus
2701 4426 2766 4465 ex
2800 4412 3010 4464 laudato
3041 4410 3312 4465 lndiculo:
3348 4427 3403 4465 ιιι
3443 4411 3562 4466 Kal.
3591 4409 3715 4464 Julii
3746 4408 3873 4462 Petri

666 4481 947 4535 haereticos
997 4479 1156 4533 verbo
1186 4487 1240 4533 et
1267 4479 1476 4546 scriptis
1504 4478 1789 4542 relutavit,
1823 4482 1873 4532 in
1904 4483 2098 4532 unione
2131 4478 2225 4532 Ec-
2262 4479 2388 4538 Din
2434 4483 2784 4546 Catacumbas,
2833 4490 2881 4535 et
2927 4479 3078 4533 Pauli
3130 4481 3381 4545 Ostiense,
3433 4481 3592 4535 Tusco
3635 4491 3682 4534 et
3727 4479 3870 4532 Busta

665 4553 946 4606 ralesiarum
1001 4550 1358 4610 resarcienda,
1417 4551 1714 4616 praesertim
1759 4553 1809 4600 in
1861 4550 2224 4615 componenda

673 4621 915 4677 Paschali
963 4625 1347 4681 controversia,
1406 4618 1686 4684 plurimum
1743 4620 2230 4685 laboravitzenque

670 4693 882 4746 nomine
938 4691 1208 4745 Victorem
1263 4690 1558 4743 lioruanum
1617 4691 1915 4758 pontilicetn
1974 4689 2227 4741 Ecclesiis

671 4763 916 4818 Asiaticis
970 4759 1251 4814 anathema
1294 4770 1566 4830 parantem
1619 4775 1711 4826 per
1761 4759 1962 4812 litteras
2016 4758 2232 4830 pacilice

673 4834 965 4886 admonuit.
1016 4832 1155 4886 Ubiit
1194 4831 1364 4898 capite
1411 4836 1681 4882 truncatus
1723 4833 1822 4883 sub
1868 4829 2234 4895 persecutione

671 4904 958 4957 Severiana
987 4917 1128 4954 anno
1152 4899 1277 4954 “202)..
1314 4900 1401 4953 Coi
1422 4916 1514 4966 pus
1548 4899 1664 4966 ejus
1693 4899 1932 4967 Gregorii
1960 4899 2233 4951 Turonen-

670 4974 743 5026 sis
772 4982 928 5025 aetate
963 4973 1013 5025 in
1042 4984 1220 5039 crypta
1262 4970 1491 5025 basilicae
1525 4970 1581 5022 ll.
1608 4971 1826 5025 Joannis
1853 4971 1948 5022 sub
1971 4967 2119 5021 altari
2149 4982 2237 5020 se—_

677 5043 878 5110 pultum
929 5043 1268 5109 quiescebat;
1330 5040 1397 5092 ab
1443 5055 1547 5092 uno
1589 5040 1800 5108 quidem
1841 5041 2004 5092 latere
2037 5039 2236 5110 Epipo-

676 5106 843 5174 ditnn,
876 5106 1080 5164 ab'alio
1110 5125 1235 5163 vero
1265 5106 1627 5164 Alexandrum
1663 5110 1885 5162 habens.
1927 5110 2028 5161 Sed
2060 5106 2237 5160 Calvi-

679 5185 830 5238 nistze
884 5196 1024 5234 anno
1074 5178 1232 5244 156:2,
1283 5189 1438 5246 capto
1494 5180 1767 5247 Lttgdnno,
1819 5177 2012 5231 amenti
2064 5177 2240 5230 lurore

683 5252 888 5317 perciti,
913 5254 971 5303 S.
999 5253 1246 5320 martyris
1277 5252 1576 5316 sepulcrum
1606 5251 1743 5320 [aede
1768 5249 2124 5320 violaverunt;
2147 5262 2238 5300 os-

679 5325 930 5391 sibnsque
960 5318 1254 5391 dissipatis,
1288 5320 1474 5385 capitis
1501 5319 1769 5391 cranium,
1799 5318 1851 5370 ιιι
1875 5318 2045 5391 media
2073 5319 2239 5384 platea

681 5389 902 5460 turpiter
948 5390 1237 5459 projectum
1287 5391 1463 5460 tandin
1509 5390 1696 5456 jacuit,
1743 5389 1911 5441 donec
1941 5390 2068 5460 hinc
2090 5403 2243 5453 erep-

682 5459 791 5516 tum
845 5464 1004 5516 hodie
1059 5461 1295 5528 Lugduni
1360 5459 1603 5526 religiose
1654 5468 1976 5512 asservatur.
2039 5459 2240 5528 "sunt

683 5534 966 5598 MASSUET,
1025 5527 1254 5586 secunda
1314 5531 1612 5584 dissertatio
1672 5532 1867 5596 praevia
1937 5530 1988 5582 in
2059 5527 2245 5583 hermi

681 5605 864 5656 libros.

754 5675 777 5701 °
811 5670 972 5725 Petri.
1006 5671 1066 5724 lli
1109 5671 1245 5738 passi
1284 5680 1404 5723 sunt
1447 5683 1587 5722 anno
1629 5667 1823 5724 Christi
1857 5669 1944 5733 65,
1980 5668 2151 5723 Nerva
2194 5678 2249 5722 et

688 5739 910 5796 Vestino
951 5757 1114 5806 coss.,
1169 5751 1222 5794 nt
1270 5742 1463 5809 legitur
1493 5742 1540 5793 in
1571 5739 1820 5810 Catalngo
1850 5750 2087 5796 veterqu
2120 5754 2249 5807 pon-

2331 4569 2462 4606 coss.
2512 4559 2638 4616 Quae
2683 4554 2840 4606 verba
2878 4552 3163 4604 llucherius
3194 4566 3298 4604 non
3345 4552 3642 4620 intelligens
3666 4552 3716 4603 in
3749 4565 3871 4620 mar-

2331 4625 2453 4692 gine
2483 4622 2555 4675 ait
2583 4636 2722 4675 coss.
2775 4623 2938 4674 fuisse
2990 4623 3218 4686 luxatns,
3270 4618 3554 4690 persuasus
3597 4621 3679 4688 agi
3719 4620 3786 4692 ibi
3812 4618 3869 4692 de

2335 4689 2430 4750 SS.
2466 4693 2826 4761 apostolorum
2855 4694 3132 4760 martyrio,
3161 4689 3285 4744 cum
3319 4705 3493 4744 tamen
3521 4705 3699 4744 sermo
3727 4691 3791 4761 sit
3815 4689 3871 4740 de

2335 4760 2681 4816 translatione
2736 4762 2823 4815 die
2875 4775 3060 4814 eorum
3115 4762 3274 4814 natali
3330 4764 3487 4814 facta.
3551 4760 3872 4815 Clarissimus

2335 4833 2655 4887 Pearsonius
2681 4833 2731 4884 in
2765 4831 3056 4884 Annalibus
3087 4830 3410 4898 Cyprianicis
3434 4833 3496 4883 ad
3522 4845 3609 4883 an.
3638 4829 3762 4892 εδδ,
3785 4841 3874 4894 quo

2334 4904 2539 4956 Tuscus
2578 4911 2631 4955 et
2684 4903 2877 4954 Bassus
2915 4915 3056 4953 coss.
3109 4899 3280 4969 fuere,
3323 4902 3613 4966 existimat,
3664 4902 3758 4954 alia
3802 4900 3876 4950 die

2336 4972 2434 5027 SS.
2467 4971 2824 5038 apostolorum
2869 4972 3180 5038 martyrium
3229 4972 3503 5035 accidisse,
3559 4972 3659 5024 alia
3710 4983 3873 5021 eorum

2339 5043 2766 5104 translationem,
2817 5043 3055 5107 hancque
3083 5050 3320 5095 secutam
3353 5052 3532 5108 postea
3562 5055 3681 5094 esse
3709 5039 3876 5091 solent-

2339 5118 2556 5165 nitatem
2609 5122 2660 5164 et
2688 5108 2904 5171 festum,
2944 5119 2998 5164 et
3041 5120 3164 5163 ante
3208 5110 3625 5164 Pseudo-Isidori
3666 5119 3874 5169 aetatem,

2339 5194 2393 5236 et
2439 5180 2601 5235 Gesta
2649 5180 2966 5247 pontilitalia
3015 5181 3177 5246 edita,
3225 5181 3484 5234 natalibus
3515 5184 3704 5234 horum
3734 5179 3873 5231 alium

2341 5253 2480 5304 diem
2529 5251 2877 5318 assignatum,
2931 5249 3088 5317 idque
3133 5267 3198 5304 ex
3245 5253 3410 5319 Sylvii
3454 5251 3730 5305 Laterculo
3763 5262 3876 5302 con-

2341 5331 2507 5376 stare.
2564 5322 2669 5376 Sed
2725 5321 2920 5374 lallitur
2971 5326 3050 5374 vir
3103 5321 3707 5375 eruditissimuszb'ixto
3758 5320 3877 5370 enim

2344 5393 2589 5457 sedente,
2624 5390 2763 5442 Petri
2791 5399 2844 5444 et
2877 5389 3021 5444 l’auli
3060 5391 3317 5458 reliquiae,
3349 5406 3468 5459 quae
3493 5402 3643 5444 antea
3675 5390 3726 5442 in
3759 5389 3880 5441 Vati-

2346 5475 2477 5514 cano
2507 5471 2663 5529 atque
2693 5459 2922 5512 Ostiensi
2970 5463 3404 5526 asservabantur,
3456 5464 3519 5515 ad
3553 5461 3878 5514 Catacumbas

2348 5531 2615 5584 translata:
2661 5541 2785 5582 sunt
2825 5531 2911 5582 die
2947 5529 3016 5598 29
3047 5531 3211 5594 Junii,
3253 5548 3356 5598 quo
3385 5547 3566 5585 eorum
3598 5530 3879 5584 solemnitas

2348 5599 2614 5671 celebrari
2653 5599 2808 5652 solita
2852 5608 2954 5653 est.
2993 5590 3121 5654 Vide
3151 5590 3297 5669 plura
3326 5603 3467 5670 apud
3499 5603 3620 5671 Pagi
3648 5615 3782 5656 anno
3807 5598 3878 5663 li'l,

2349 5677 2478 5724 sect.
2507 5669 2561 5733 5,
2592 5670 2643 5724 4.

2421 5736 2446 5775 ιι
2475 5741 2726 5792 Aliorum.
2762 5738 2821 5793 Ili
2849 5740 3026 5794 liorua:
3057 5741 3192 5807 passi
3222 5755 3360 5796 sum.
