4240 6476
317 326 418 383 961

1446 321 1635 376 SECT.
1681 321 1741 375 ll.
1782 351 1849 361 --
1891 317 2451 373 MARTYROI.“GI.~\.

3472 316 3577 370 969.

1600 434 1826 486 EDITIO
1863 432 2324 487 COLONIENSIS.

317 527 724 581 circumcisione
769 524 1124 589 credideram,
1170 526 1221 577 in
1266 523 1454 583 Ponto,
1494 523 1715 586 Galatia,
1752 522 1889 591 Cap-
1922 531 1969 586 Α
2072 520 2133 576 F.
2157 520 2739 575 PanithamJttLtt.
2765 520 2964 575 Eodem
2988 533 3145 584 anno,
3167 533 3271 588 quo
3290 533 3473 586 passus
3491 524 3577 572 est

324 620 568 689 padocia,
621 620 740 670 Asia
772 625 826 669 et
856 615 1097 685 Bithynia
1145 616 1207 668 ad
1252 614 1660 683 expugnandum
1708 613 1894 667 Simo-

328 724 449 762 nem
481 720 690 774 magum
723 704 941 756 Romam
976 705 1167 757 missus
1193 714 1297 769 est,
1324 704 1505 770 ibique
1535 702 1715 770 viginti
1741 704 1895 770 quin-

328 811 432 863 que
484 809 652 846 annos
702 793 1008 845 cathedram
1061 792 1444 845 sacerdotalem
1490 792 1680 857 tenuit,
1732 804 1897 858 usque

324 887 390 939 ad
440 886 678 938 ultimum
729 899 924 937 annum
974 882 1225 947 Neronis,
1279 897 1305 933 a
1356 897 1461 951 quo
1509 881 1699 935 aflixus
1748 881 1896 935 cruci

327 974 586 1045 martyrio
616 982 698 1027 est
724 983 1033 1037 coronatus,
1084 975 1256 1040 capite
1296 974 1361 1026 ad
1408 984 1603 1027 terram
1637 987 1812 1038 verso,
1846 981 1900 1028 et

331 1068 382 1119 in
413 1066 638 1119 sublime
670 1064 890 1132 pedibus
933 1063 1178 1127 elevatis,
1228 1078 1476 1117 asserens
1521 1078 1580 1117 se
1627 1063 1899 1132 indignum

327 1155 417 1224 qui
464 1153 859 1221 crucifigeretur
905 1162 957 1205 ut
1009 1153 1261 1205 Dominus
1309 1168 1457 1206 suus.
1509 1153 1758 1219 Sepultus
1806 1168 1898 1205 au-

333 1261 439 1305 tem
486 1258 569 1305 est
612 1248 663 1302 in
709 1249 897 1303 eadem
952 1250 1083 1302 urbe
1127 1249 1177 1301 in
1230 1248 1522 1315 Vaticano,
1569 1248 1719 1317 juxta
1760 1248 1900 1302 viam

332 1342 730 1411 Triumphalcm
758 1382 773 1406 ,
815 1342 904 1409 qui
950 1341 1111 1394 totius
1151 1341 1297 1394 orbis
1337 1349 1620 1393 veneratur
1665 1339 1906 1393 celebra-

334 1442 496 1489 tione.
558 1434 653 1488 llic
711 1434 974 1487 ordinavit
1029 1432 1164 1485 duos
1226 1433 1545 1499 episcopos,
1608 1430 1794 1484 Linum
1852 1440 1905 1484 et

336 1528 566 1590 Cletum,
596 1529 682 1591 qui
716 1525 1120 1592 praesentialiter
1145 1539 1302 1579 omne
1334 1524 1688 1576 ministerium
1721 1538 1905 1577 sacer-

333 1617 509 1672 dotale
560 1617 610 1668 in
663 1617 792 1669 urbe
825 1615 988 1668 Roma
1038 1615 1232 1683 ponttlo
1280 1615 1360 1667 vel
1410 1612 1906 1680 supervenientibus

333 1706 639 1760 exhiberem
665 1722 679 1765 ς
712 1704 824 1775 ipse
855 1721 982 1759 vero
1013 1704 1241 1758 orationi
1285 1716 1339 1759 et
1386 1703 1749 1774 praedicationi
1779 1719 1905 1772 ope-

335 1814 449 1853 ram
480 1799 657 1853 dabat.

1998 613 2285 678 Dominus,
2325 622 2534 667 constat
2575 612 2791 666 Paulum
2822 611 2887 665 ad
2926 610 3083 664 fidem
3120 610 3354 664 venisse.
3382 610 3575 663 Paulus

1997 720 2207 775 quoque
2227 715 2346 773 post
2368 706 2664 773 passionem
2692 704 2899 757 Domini
2923 704 3177 758 vicesimo
3201 701 3385 769 quinto
3407 715 3571 764 anno,

1998 797 2049 850 id
2083 805 2181 859 est,
2208 797 2441 850 secundo
2472 796 2715 859 Neronis,
2736 805 3013 863 postquam
3037 810 3062 846 a
3093 793 3386 849 Jerusalem
3410 804 3577 860 usque

2001 886 2262 956 Illyricum
2312 887 2532 955 replevit
2567 885 2907 955 Evangelium
2939 885 3158 946 Christi,
3207 885 3425 937 Romam
3454 884 3572 936 vin-

2000 990 2117 1033 ctus
2157 980 2349 1032 missus
2378 988 2478 1041 est,
2508 990 2562 1033 et
2583 979 2721 1031 sicut
2769 977 2882 1046 ipse
2919 977 2969 1030 in
3007 978 3233 1030 secunda
3264 976 3485 1044 cpistola
3512 973 3578 1027 ad

2001 1074 2335 1128 Timetheum
2362 1073 2566 1136 scribit,
2589 1071 2844 1124 liberatus
2871 1070 2937 1124 de
2958 1084 3054 1123 ore
3077 1069 3266 1131 leonis,
3304 1065 3576 1133 videlicet,

2005 1165 2326 1219 ferocissimi
2356 1164 2710 1232 persecutoris
2737 1161 2978 1227 Neronis,
3009 1159 3348 1227 Evangelium
3379 1157 3576 1211 Christi

2007 1255 2059 1308 in
2118 1255 2424 1309 Occidentis
2471 1268 2681 1323 quoque
2733 1253 2970 1320 partibus
3018 1249 3346 1319 praedicavit.
3399 1246 3467 1302 Et
3497 1248 3582 1299 hic

2007 1359 2134 1414 ergo
2186 1355 2375 1414 quarto
2418 1345 2627 1398 decimo
2676 1344 2901 1397 Neronis
2930 1355 3093 1405 anno,
3127 1340 3314 1394 eodem
3363 1337 3449 1391 die
3476 1351 3584 1404 quo

2010 1440 2224 1514 Petrus,
2258 1440 2442 1493 Romae
2484 1454 2579 1507 pro
2613 1437 2826 1492 Christo
2875 1435 3051 1504 capite
3082 1442 3375 1493 truncatur,
3405 1426 3586 1496 sepul-

2012 1539 2205 1599 tusque
2252 1539 2334 1583 est
2384 1530 2436 1583 in
2484 1531 2567 1582 via
2616 1526 2875 1587 Ostiensi,
2922 1539 3065 1577 anno
3119 1532 3235 1590 post
3287 1519 3589 1588 passionem

2012 1618 2224 1673 Domini
2272 1618 2540 1671 tricesimo
2579 1616 2828 1685 septimo.
2862 1614 2991 1667 Item
3026 1610 3347 1665 beatissima;
3375 1607 3589 1661 Lucium

2011 1707 2294 1776 discipula:
2342 1707 2732 1774 apostolorum,
2782 1713 2836 1758 ct
2884 1701 3195 1757 Lemovicas
3242 1700 3414 1754 sancti
3456 1698 3593 1751 Mar-

2015 1795 2153 1848 tialis
2181 1796 2418 1863 episcopi
2460 1804 2509 1848 et
2557 1792 2902 1849 confessoris.
2956 1791 3011 1846 ln
3054 1790 3344 1861 Agrippina
3372 1798 3587 1842 saneto-

1954 1879 1998 1938 Β
2025 1898 2138 1937 rum
2167 1883 2433 1953 Asclyppi,
2464 1882 2746 1954 Pamphili.

1609 1977 1835 2031 EDITIO
1875 1974 2383 2033 BOLLANDIANA.

410 2073 499 2127 30.
526 2102 595 2112 —
620 2070 659 2125 Il
688 2069 819 2124 Κλι..
858 2052 1017 2123 vacat
1058 2069 1234 2123 Baeda.

414 2164 600 2220 Florus
628 2164 676 2215 in
712 2163 777 2216 Α.
815 2162 877 2215 Τ.
910 2163 949 2215 ι.
980 2205 993 2225 ,
1031 2161 1342 2215 Lemovices
1389 2160 1605 2214 civitate
1652 2158 1916 2226 depositio

341 2266 366 2291 ει
402 2253 650 2309 Martialis
686 2250 940 2321 episcopi,
970 2250 995 2287 ιι
1023 2251 1113 2319 qui
1168 2250 1263 2303 fuit
1308 2264 1443 2303 unus
1488 2250 1555 2304 de
1586 2254 1918 2320 septuaginta

338 2346 565 2398 duobus.
598 2344 661 2398 Τ.
694 2343 776 2404 1..,
816 2346 903 2409 qui
951 2358 978 2394 a
1024 2342 1254 2396 Romana
1315 2343 1444 2395 urbe
1492 2357 1519 2395 a
1574 2343 1631 2397 Β.
1686 2345 1840 2398 Petro
1870 2346 1919 2399 in

345 2437 543 2491 Callias
574 2437 782 2497 missus,
818 2437 869 2489 in
903 2436 1032 2489 urbe
1064 2435 1404 2490 Lemovicina
1438 2436 1728 2504 praedicare
1759 2454 1917 2492 exor-

344 2543 438 2583 sus
481 2535 595 2590 est;
646 2527 947 2595 eversisque
992 2527 1395 2582 simulacrorum
1440 2528 1629 2583 ritibus
1658 2571 1671 2593 ,
1718 2530 1918 2595 repleta

2011 2072 2121 2143 jam
2199 2071 2330 2125 urbe
2399 2070 2488 2123 Dei
2554 2065 2909 2130 credulitate,
2980 2064 3224 2133 migravit
3281 2079 3310 2118 a
3368 2067 3590 2121 saeculo.

2093 2165 2157 2218 Α.
2192 2162 2280 2223 Τ..
2313 2160 2613 2229 Andcgavis
2634 2158 2850 2212 civitate
2876 2156 3164 2229 translatio
3180 2157 3418 2223 corporis
3441 2162 3462 2188 ε
3495 2159 3593 2229 Al-

2021 2236 2131 2289 bini
2182 2232 2414 2300 episcnpi
2465 2225 2519 2282 et
2561 2229 2912 2300 confessoris.
2940 2226 3026 2300 γ..
3072 2225 3097 2264 d
3127 2225 3591 2300 Commemoratio.

2024 2303 2111 2363 C.,
2169 2296 2448 2356 Natale‘S.
2501 2300 2644 2351 Pauli
2694 2298 2938 2365 apostoli.
2991 2298 3076 2360 C.,
3129 2296 3191 2349 Et
3241 2299 3412 2349 natale
3462 2297 3587 2364 SS.,

2032 2382 2053 2401 “
2085 2372 2370 2434 Timothei,
2402 2367 2590 2431 Zotici,
2627 2366 2830 2420 Pamfli.
2873 2367 2960 2429 B.,
2994 2366 3300 2418 Lemovicas
3329 2367 3596 2429 depositio

2027 2441 2084 2497 S.
2118 2442 2365 2497 Martialis
2394 2439 2625 2506 episconi
2659 2447 2711 2489 et
2745 2436 3088 2488 confessoris.
3135 2435 3433 2505 Andegavis
3461 2437 3595 2491 civi-

2030 2520 2136 2566 tate
2168 2509 2440 2566 translatio
2470 2508 2705 2578 corporis
2733 2507 2788 2560 S.
2821 2506 2993 2560 Albini
3024 2506 3277 2574 episcopi.

1716 2621 1923 2676 SMITII
1962 2623 2187 2680 NOTAE.

418 2716 441 2743 η
484 2706 758 2760 Martialis.
793 2707 890 2773 Qui
923 2707 1181 2773 intetfuit,
1208 2718 1263 2761 ut
1296 2707 1483 2773 fertur,
1514 2709 1637 2763 dum
1672 2707 1914 2765 Christus

345 2776 485 2832 5000
529 2777 767 2848 homines
809 2778 1016 2831 satiaVit
1058 2793 1118 2831 ex
1153 2782 1383 2846 quinun
1426 2779 1653 2848 panibus
1698 2791 1752 2831 et
1788 2783 1917 2832 duo-

266 2862 269 2865 ‘
348 2849 444 2899 hos
494 2847 757 2915 piscibus;
806 2858 864 2918 et
899 2864 1016 2901 cum
1052 2850 1287 2904 incauta
1339 2847 1499 2918 pedes
1526 2850 1914 2917 discipulorum

346 2918 547 2988 abluit;
584 2926 699 2985 post
729 2917 1029 2985 passionem
1063 2920 1119 2971 Β.
1154 2921 1309 2972 Petro
1342 2917 1593 2985 adhaesit,
1646 2934 1768 2973 cum
1814 2936 1917 2988 quo

351 2986 404 3039 in
442 2986 735 3051 Galilaeam,
767 2988 1120 3053 Antiochiam,
1155 3001 1207 3042 et
1240 2989 1459 3042 Romam
1490 2989 1783 3056 profectus,
1820 2986 1916 3044 fuit

348 3059 414 3109 ah
435 3057 620 3110 eodem
671 3058 952 3125 cpiscnpus
1000 3059 1294 3122 ordinatus,
1330 3070 1383 3112 et
1421 3060 1487 3111 ad
1521 3061 1913 3125 praedicandum

2097 2724 2119 2751 ο
2150 2710 2339 2765 Albini.
2372 2710 2575 2777 Corpus
2597 2708 2714 2776 ejus
2753 2706 3015 2773 Sepultum
3069 2705 3164 2758 fuit
3206 2715 3258 2760 et
3284 2705 3585 2775 aliquandiu

2016 2781 2182 2850 jacuit
2217 2784 2266 2834 in
2310 2776 2519 2834 basilica
2573 2779 2630 2833 S.
2678 2778 2817 2831 Petri
2862 2776 3298 2850 Andegavensis:
3330 2779 3420 2829 sed
3462 2777 3585 2850 inde

2025 2847 2129 2905 non
2174 2853 2340 2905 multo
2379 2859 2497 2917 post
2540 2850 2608 2901 ab
2660 2848 2910 2913 Eutropio
2950 2847 3071 2917 ejus
3108 2860 3416 2900 sui-cessore
3445 2854 3497 2917 et
3528 2847 3589 2903 S.

2025 2922 2292 2977 Germano
2340 2916 2623 2974 Parisiensi
2658 2919 2882 2985 aliisque
2927 2916 3337 2984 provincialibus
3381 2916 3594 2984 episco-

2022 2994 2125 3060 pis,
2178 2996 2229 3045 in
2276 2991 2579 3059 basilicam,
2628 3000 2896 3060 questum
2942 2987 3063 3040 divo
3108 2985 3376 3040 Germano
3429 2987 3591 3060 ᾼΙιὶεδ

2020 3057 2315 3115 ὲίοιιοιειιςί
2366 3076 2518 3113 sacra
2560 3068 2695 3119 erat,
2727 3057 2794 3109 ab
2847 3071 2910 3109 eo
2959 3071 3087 3109 vero
3139 3066 3375 3122 tempore
3428 3057 3594 3122 ipsius

347 3128 399 3200 in
440 3125 661 3200 Galliam
710 3120 835 3200 cum
858 3120 1086 3181 'duobus
1143 3120 1484 3200 presbyteris,
1523 3120 1819 3200 'Alpiniano
1864 3140 1918 3183 et
1947 3120 1990 3181 C
2021 3133 2187 3185 sancti
2214 3130 2465 3183 antistitis
2494 3130 2708 3181 nomine
2737 3141 2799 3179 ac
2829 3120 3345 3200 tituloceleberrima
3368 3120 3593 3194 exstitit,

348 3196 760 3249 Aostrirliuiauo
789 3198 1055 3251 directus:
1086 3214 1190 3264 quo
1220 3199 1269 3251 in
1300 3196 1493 3252 itinere
1527 3214 1618 3264 per
1649 3199 1913 3252 Etruriam

343 3275 398 3318 et
428 3267 671 3319 'l‘usciam
722 3269 1005 3332 transiens,
1041 3268 1263 3322 traditur
1289 3280 1342 3322 et
1370 3268 1522 3322 Senis
1551 3279 1602 3322 et
1638 3270 1758 3321 (-olli
1794 3269 1916 3322 Val-

344 3336 556 3388 diseuse
606 3337 811 3403 aliquos
856 3338 919 3388 ad
975 3338 1129 3391 fidem
1181 3339 1535 3393 convertisse.
1582 3340 1650 3391 At
1688 3339 1913 3392 Calliam

345 3404 619 3471 profectus
671 3406 965 3460 Lemovicis
1013 3408 1229 3473 quidem
1265 3408 1528 3476 praecipue
1559 3412 1779 3462 verbum
1811 3424 1912 3461 an-

344 3480 626 3546 nuntiatot,
686 3485 739 3529 et
787 3477 986 3544 primus
1016 3478 1210 3531 ibidem
1244 3480 1528 3546 episcopus
1558 3480 1790 3531 resedit:
1820 3478 1912 3531 sed

347 3545 543 3597 dicitur
586 3546 741 3597 etiam
786 3547 925 3613 quod
979 3545 1337 3611 Auiciensem,
1373 3548 1788 3612 Rutheneusetu,
1816 3551 1915 3601 Ar-

347 3628 684 3680 verncnsem,
715 3616 1117 3683 tllitniatensem,
1145 3620 1547 3683 llitttricensem,
1572 3618 1911 3681 Tolosanam,

347 3691 402 3755 et
450 3685 582 3737 alias
631 3688 863 3739 i-rexerit
904 3690 1235 3754 episcopales
1285 3688 1571 3742 Ecclesias.
1628 3689 1679 3740 lu
1719 3689 1913 3755 quibus

352 3754 481 3805 locis
510 3756 749 3808 diversas
776 3758 1035 3810 exstruxit
1081 3760 1133 3809 in
1185 3759 1437 3813 honorem
1480 3758 1590 3820 Dei,
1623 3758 1680 3809 Β.
1714 3754 1912 3822 Moriar,

349 3824 406 3875 S.
443 3824 718 3891 Stephani,
749 3840 809 3877 ac
837 3826 895 3880 S.
934 3826 1072 3879 l‘etri
1098 3828 1361 3893 basilicas,
1405 3840 1456 3882 et
1489 3827 1913 3892 praedicationem

347 3908 498 3946 suam
530 3896 798 3947 miraculis
825 3896 1173 3951 confirmavit.
1206 3899 1438 3951 Tandem
1463 3900 1611 3951 senio
1641 3897 1915 3950 confectos

348 3962 400 4036 in
435 3978 566 4036 pace
591 3965 787 4036 quievit
815 3980 954 4017 anno
978 3966 1180 4020 Domini
1212 3966 1302 4031 74,
1338 3978 1576 4036 tempore
1606 3966 1913 4035 Vespasiani

346 4032 592 4096 Augusti,
622 4035 956 4101 episeopatus
985 4050 1163 4090 autem
1192 4040 1271 4090 sui
1297 4036 1387 4101 28,
1420 4032 1471 4091 et
1503 4032 1800 4091 Lemovicis
1833 4052 1917 4091 se-

350 4104 655 4176 pultus_est.
679 4103 899 4176 Culmus
926 4106 1073 4171 Ssx,
1107 4108 1270 4161 Ρετιι.
1307 4123 1373 4161 ns
1401 4108 1603 4162 NATAL.
1637 4105 1917 4176 Insigniter

344 4180 492 4251 errat
520 4170 806 4251 Gregorius
831 4174 1027 4228 'l‘orou.
1180 4192 1217 4242 ι,
1405 4179 1494 4251 50,
1523 4179 1643 4251 dum
1675 4170 1918 4251 tempore

347 4239 491 4315 Decii
537 4239 664 4309 imp.
690 4258 827 4315 eum
876 4259 994 4297 cum
1026 4247 1141 4300 aliis
1169 4239 1257 4315 qui
1289 4239 1395 4301 illic
1438 4239 1832 4313 describuntur,
1866 4248 1915 4299 ia

346 4308 547 4364 Gallias
586 4308 791 4366 venisse
825 4324 1068 4367 testatur.

418 4379 444 4416 δ
480 4379 647 4435 Verba
677 4385 766 4451 qui
797 4386 893 4453 [uit
925 4401 1011 4439 tm.
1042 4387 1104 4439 de
1128 4385 1270 4456 Sept.
1304 4387 1358 4439 ά.
1393 4400 1502 4442 om.
1534 4386 1596 4440 Τ.
1622 4387 1683 4441 L.

2021 3203 2328 3255 translatum
2378 3203 2491 3264 fuit,
2542 3213 2603 3250 ac
2652 3199 2702 3249 in
2744 3212 2804 3249 ea
2852 3195 3092 3262 ejusdem
3139 3195 3369 3248 basilica:
3417 3207 3592 3263 parte,

2018 3288 2135 3340 qua:
2166 3270 2431 3325 confessio
2484 3266 2804 3340 appellatur,
2835 3265 3281 3340 collocatum._i3x
3317 3264 3592 3340 Breviario

2019 3333 2312 3395 titouastico
2358 3341 2415 3393 S.
2469 3333 2640 3390 Albini
2693 3336 3090 3400 Andegavensis
3141 3333 3283 3388 edito
3326 3348 3355 3385 a
3406 3333 3590 3389 Mabil-

2023 3412 2131 3465 Ion.
2184 3406 2557 3463 saeculutSS.
2617 3405 3079 3458 Benedictinorum
3139 3404 3480 3457 Mabillonins
3537 3404 3592 3459 in

2018 3482 2171 3536 Notis
2197 3481 2383 3533 scribit
2414 3479 2549 3531 hanc
2571 3473 2970 3529 translationem
2992 3474 3274 3541 contigisse
3298 3487 3439 3528 anno
3464 3472 3591 3538 556,

2019 3552 2100 3605 Vel
2133 3550 2257 3611 555,
2290 3564 2395 3618 quo
2425 3546 2719 3618 Germanos
2753 3543 3069 3597 Parisiacam
3098 3541 3447 3618 sedem_iniit,
3475 3555 3594 3618 post

2021 3635 2119 3675 sex
2163 3611 2331 3672 annos
2369 3633 2527 3686 quam
2577 3611 2800 3686 Albinus
2850 3626 3093 3668 mortuus
3122 3611 3383 3686 estafuit
3408 3622 3461 3686 et
3488 3614 3593 3686 alia

2021 3691 2297 3744 translatio
2352 3680 2507 3755 hujus
2556 3685 2723 3740 sancti
2779 3684 2910 3735 facta
2956 3699 3095 3737 anno
3142 3680 3282 3737 “28
3320 3680 3589 3755 _Kalendis

2020 3761 2216 3824 Martii,
2265 3761 2380 3828 ipso
2422 3752 2513 3812 die
2560 3756 2771 3810 scilicet
2814 3769 2919 3821 quo
2966 3755 3227 3823 depositio
3284 3752 3399 3820 ejus
3443 3753 3595 3807 celes

2020 3832 2224 3886 bratur.

2091 3900 2118 3940 ἀ
2171 3898 2608 3954 Commemorutio.
2686 3896 2812 3960 Qum
2864 3892 3023 3948 hodie
3074 3892 3412 3957 celebratur,
3471 3891 3591 3962 quin

2022 3971 2211 4026 festum
2259 3970 2535 4035 utriusque
2564 3966 2789 4035 apostoli
2817 3967 3003 4035 eadem
3039 3965 3122 4017 die
3156 3964 3325 4030 quoad
3362 3962 3595 4016 officium

2023 4058 2128 4096 non
2159 4049 2363 4108 poterat
2389 4033 2668 4108 celebrari,
2700 4033 2795 4108 sed
2821 4034 2953 4085 alter
2982 4036 3215 4108 ipsorum
3246 4040 3454 4086 careret
3474 4036 3596 4084 olli-

2021 4113 2105 4167 cio
2134 4105 2389 4178 singulari
2428 4124 2442 4172 ;
2498 4106 2761 4178 ordinavit
2811 4108 2965 4173 igitur
3011 4105 3298 4178 Gregorius
3346 4116 3498 4178 papa,
3542 4108 3601 4152 ut

2022 4183 2134 4250 ipsa
2163 4169 2249 4233 die
2277 4195 2378 4248 qua
2411 4169 2553 4244 passi
2589 4169 3317 4250 fuerantl'ie‘retsoleiunitas
3346 4169 3510 4235 Petri,
3542 4178 3598 4223 et

2023 4242 2265 4315 sequenti
2295 4242 2383 4302 ilic
2413 4242 2858 4302 commemoratio
2887 4242 3055 4297 Pauli.

2098 4311 2120 4352 θ
2149 4320 2421 4374 Timothei.
2457 4316 2520 4372 lli
2546 4317 2686 4387 passi
2718 4324 2843 4370 sunt
2868 4316 2918 4368 itt
2948 4315 3143 4367 Africa.
3172 4311 3421 4369 NOTKER.

346 4520 3596 4547 Μ

1704 4635 2156 4717 JULIUS.

1594 4792 1818 4848 EDITIO
1856 4794 2319 4849 COLONIENSIS.

1018 4879 1273 4946 JULIUS,

731 4972 891 5026 Habet
920 4974 1026 5026 dies
1056 4990 1179 5039 xxx,
1213 4974 1386 5026 [unum
1411 4989 1547 5027 xxx.

421 5063 485 5119 C.
526 5065 760 5119 KALEND.
802 5065 962 5119 Juut.
1009 5066 1061 5119 lu
1104 5075 1289 5119 monte
1321 5065 1429 5119 llor
1457 5066 1722 5133 depositio
1754 5068 1929 5119 Aaron

1956 4890 2010 4949 ι)
2035 4884 2351 4939 sacerdotis.
2396 4883 2597 4937 Eodem
2629 4882 2714 4937 die
2743 4883 2974 4936 Turonis
3004 4891 3201 4936 sancta:
3250 4880 3601 4953 Monegundis

2036 4976 2275 5043 virginis.
2328 4975 2547 5028 Vienuw
2586 4976 2725 5029 beati
2760 4975 2990 5039 Martini,
3025 4975 3164 5029 tertii
3192 4975 3426 5043 ejusdem
3456 4977 3603 5031 urbis

2038 5064 2297 5134 episc0pi,
2330 5064 2395 5117 ad
2430 5064 2697 5133 praefatam
2738 5065 2919 5117 urbem
2959 5066 3026 5119 ab
3057 5067 3312 5134 apostolis
3345 5067 3518 5119 missi.
3549 5064 3601 5120 lu

1613 5156 1837 5212 EDITIO
1874 5156 2377 5212 BOLLANDIANA.

421 5246 471 5300 1.
496 5274 565 5285 -
591 5244 876 5300 ΚιιιεΝυιε.
915 5245 1074 5299 Vacat
1108 5244 1286 5300 Ba-da.

422 5339 611 5393 Florus
655 5339 706 5392 in
747 5343 812 5394 A.
842 5339 903 5392 Τ.
937 5339 1022 5405 L.,
1056 5337 1236 5391 Romae
1280 5337 1457 5392 natale
1483 5346 1780 5392 sanctarum
1814 5339 1920 5392 vir-

345 5431 525 5503 ginum
554 5430 580 5459 “
614 5428 779 5497 Fidei,
829 5429 952 5498 Spei
992 5439 1047 5483 et
1089 5428 1366 5494 Caritatis,
1400 5437 1454 5482 et
1499 5429 1709 5498 Sephite
1742 5431 1925 5483 matris

345 5525 608 5593 ipsarum.
639 5521 870 5591 Quarum
900 5521 1087 5586 prima,
1126 5537 1243 5574 cum
1275 5521 1553 5575 duodecim
1584 5531 1730 5576 esset
1758 5535 1923 5575 anuo-

2035 5260 2172 5309 rum,
2203 5245 2353 5311 jussu
2406 5244 2619 5299 Adriani
2669 5246 2828 5299 nimia
2879 5246 3024 5300 crede
3069 5257 3315 5310 mactata,
3345 5247 3608 5300 mamilla-

2036 5350 2152 5389 rum
2202 5334 2526 5389 abscissione
2568 5336 2817 5400 iacerata,
2856 5336 3127 5390 ctaticulte
3156 5338 3509 5405 superposita,
3546 5336 3601 5390 in

2032 5423 2301 5495 sartagine
2333 5424 2592 5492 deposita,
2645 5426 2710 5479 ad
2764 5426 3005 5479 ultimum
3054 5425 3228 5495 gladio
3275 5427 3452 5495 punita
3495 5434 3600 5482 est.

2034 5519 2273 5575 Secunda
2316 5521 2511 5590 quippe
2540 5520 2627 5574 diu
2656 5520 2831 5575 nervis
2877 5527 3121 5588 contusa,
3172 5520 3224 5574 in
3262 5518 3436 5591 ignem
3470 5532 3602 5589 pro-

1719 5616 1922 5670 SMITII
1962 5614 2192 5671 ΝΟΤιἘ.

421 5721 441 5745 ιι
479 5708 646 5765 Fidei.
694 5707 785 5762 liae
823 5708 873 5762 in
906 5705 1208 5763 Nicomedia
1255 5719 1427 5774 passa:
1470 5706 1713 5761 dicuntur
1758 5722 1913 5776 supra
1953 5708 2093 5762 Junii
2127 5706 2210 5761 die
2239 5721 2386 5759 χχιιι.
