4240 6468
343 326 449 379 9‘35

1476 325 1669 379 SEC'l'.
1717 325 1778 377 ll.
1829 353 1889 363 -—
1931 321 2489 376 MAR'I'YliOLOGLL

3514 320 3620 377 966

1620 436 1849 490 EDITIO
1889 435 2355 490 COLONIENSIS.

336 527 480 582 cmsi.
514 524 749 595 Corpora
781 540 965 580 eorum
1006 525 1157 579 beata
1208 524 1403 580 Lucina
1434 526 1673 595 collegit,
1707 538 1759 580 et
1791 541 1913 580 cum
1948 530 1990 585 Α
2026 540 2143 592 tina:
2170 526 2221 579 in
2245 526 2386 593 regia
2415 525 2543 578 urbe
2567 524 2835 578 celebrata
2861 533 2961 589 est,
2985 525 3072 579 tibi
3098 524 3332 579 damnati
3363 535 3485 579 sunt
3508 526 3616 595 Cy-

342 616 668 671 aromatibus
698 615 943 684 sepelivit
973 602 1024 669 in
1064 616 1266 684 praedio
1294 630 1415 670 suo.
1444 616 1575 670 ltem
1605 625 1914 671 sanctorum

340 716 630 778 martyrum
658 749 671 772 ,
723 707 1007 761 Aristionis
1028 750 1041 773 ,
1086 706 1452 762 Crescentiani
1479 746 1496 773 ,
1551 707 1871 778 Eutychiani
1901 749 1917 773 ,

343 798 565 864 Urbani,
596 797 804 863 Vitalis,
829 796 989 859 Ju-ti,
1023 796 1359 862 Felicissimi,
1388 797 1602 859 Felicis,
1633 799 1843 852 Marcia:
1866 807 1919 854 et

343 892 730 959 Simphorosae,
759 890 847 958 qui
878 904 1077 964 omnes
1103 890 1239 960 apud
1280 889 1623 957 Campaniam
1664 891 1920 962 martyrio

334 980 573 1035 coronati
602 989 745 1034 sunt.

408 1075 466 1127 Β.
524 1071 561 1125 V
603 1071 735 1125 Non.
781 1069 942 1125 JULII.
992 1070 1188 1126 Leonis
1252 1086 1425 1139 paptc,
1457 1071 1545 1138 qui
1574 1071 1710 1126 sedit
1738 1072 1921 1127 Romae

332 1176 546 1217 menses
576 1162 783 1215 decem.
821 1160 914 1214 Hic
952 1162 1426 1227 eloquentissimus
1457 1171 1510 1214 et
1538 1160 1733 1215 divinis
1765 1162 1914 1216 Scri-

337 1252 506 1321 pturis
556 1249 883 1304 sufficienter
922 1252 1212 1303 instructus
1254 1249 1372 1314 fuit,
1408 1252 1592 1303 Graeca
1629 1250 1920 1319 batiuaque

334 1343 510 1413 lingua
539 1340 800 1396 eruditus.
832 1339 927 1393 Hic
951 1351 1190 1394 sanctam
1228 1352 1437 1394 sextam
1476 1341 1737 1409 synodum
1772 1340 1918 1406 fecit,

2036 632 2149 682 rus,
2177 615 2417 684 Sergius,
2446 615 2726 679 llunorius,
2756 615 3013 685 Pyrrhus,
3042 616 3255 680 Paulus,
3278 617 3489 683 Petrus,
3513 618 3615 673 Ma-

2032 709 2270 776 charins,
2295 707 2621 774 Stephanus,
2654 706 3041 777 Polycllronius
3086 718 3147 762 et
3191 724 3361 763 novus
3404 710 3614 775 Simon,

2029 800 2117 869 qui
2152 814 2307 854 unam
2331 801 2654 853 voluntatem
2683 807 2738 853 et
2764 801 3129 866 Operationem
3156 802 3205 855 iu
3231 801 3456 855 Domino
3484 803 3611 857 Jesu

2030 892 2243 947 Christo
2286 892 2665 961 praedicabant.
2714 892 2866 958 Apud
2922 892 3179 946 Edessam
3214 894 3611 960 Mesopotamiae

2041 984 2319 1037 translatio
2355 982 2593 1052 corporis
2628 982 2797 1035 sancti
2829 982 3047 1036 Thomas
3077 984 3323 1050 apostoli.
3357 984 3617 1040 Cursarem

2045 1071 2198 1125 Ponti
2249 1071 2424 1125 natale
2470 1071 2638 1125 sancti
2690 1068 2933 1139 Gregorii
2981 1070 3214 1139 episeOpi
3246 1082 3298 1125 et
3340 1077 3614 1143 martyris,

2014 1154 2015 1157 “
2042 1163 2183 1217 beati
2200 1162 2533 1219 Athenodori
2556 1164 2792 1231 episcopi
2819 1163 3023 1227 fratris,
3040 1164 3129 1232 qui
3153 1166 3356 1219 orando
3372 1176 3617 1236 stagnum

2039 1254 2305 1322 quoddam
2335 1254 2602 1308 convertit
2630 1255 2682 1308 in
2706 1255 3021 1308 siccitatem.

2102 1341 2164 1397 C.
2207 1343 2271 1397 IV
2316 1342 2450 1398 Non.
2483 1344 2641 1398 Jucn.
2693 1346 2843 1399 Oscze
2893 1354 2948 1399 et
2998 1345 3176 1414 Aggai
3210 1348 3612 1416 prophetarum.

1636 1448 1859 1503 EDITIO
1898 1450 2395 1506 BOLLANDIANA.

333 1542 402 1593 ab
417 1538 780 1593 lncarnatione
800 1536 1009 1591 Domini
1027 1536 1920 1607 octingentesimoquinquagesimo

334 1611 588 1663 secundo.
621 1608 702 1669 Β..
734 1609 962 1661 Turonis
990 1608 1252 1674 depositio
1282 1608 1338 1659 S.
1376 1614 1400 1640 υ
1431 1605 1779 1676 Monegnndte
1808 1610 1921 1664 vir—

333 1681 492 1750 ginis.
532 1681 613 1739 L.,
647 1680 671 1715 δ
705 1678 944 1731 visitatio
991 1679 1045 1730 υ.
1083 1678 1259 1731 Maria:
1290 1676 1528 1745 virginis.

407 1772 593 1826 Florus
622 1771 671 1823 in
703 1770 767 1823 A.
801 1770 865 1823 T.
900 1770 984 1836 L.,
1019 1768 1246 1823 Turonis
1295 1769 1352 1824 S.
1383 1767 1729 1838 Moncgnndis
1756 1811 1770 1835 ,
1804 1786 1922 1838 qua:

333 1866 537 1919 duabus
567 1862 775 1915 filiabus
798 1860 1003 1925 orbata,
1032 1870 1211 1931 spreto
1235 1860 1328 1914 viri
1355 1860 1646 1925 consortio,
1670 1860 1733 1913 ad
1766 1860 1921 1914 Citri-

335 1967 479 2011 stum
506 1953 837 2016 convolavit;
866 1951 1017 2019 cujus
1048 1967 1230 2005 amore
1257 1951 1307 2004 in
1342 1965 1499 2019 parva
1532 1951 1720 2004 cellula
1759 1966 1816 2003 se
1843 1965 1921 2005 re-
1958 1966 1999 2025 Β

332 2048 555 2101 eludens
586 2045 778 2098 ibidem
810 2059 997 2112 magna
1051 2042 1239 2097 enituit
1285 2043 1604 2097 abstinentia
1639 2052 1690 2097 et
1721 2054 1842 2095 ante
1870 2051 1923 2097 et

337 2148 460 2206 post
491 2135 768 2189 transitum
802 2133 1141 2187 multitudine
1172 2134 1569 2187 miraculorum.

408 2227 451 2281 5η
489 2256 557 2267 ——
587 2227 624 2279 V
658 2227 855 2280 Nonas.
896 2226 1196 2279 Transiatio
1244 2227 1299 2279 8.
1334 2224 1554 2279 Thomm
1601 2224 1825 2295 apostoli
1870 2224 1920 2279 in

343 2331 366 2359 ο
406 2323 602 2374 Ιδιιθεςει
632 2337 692 2374 cx
726 2321 891 2373 India.

408 2413 619 2467 Addidit
652 2414 733 2476 8.,
763 2413 849 2480 qui
881 2412 975 2464 fuit
1009 2427 1190 2479 passus
1218 2412 1267 2465 in
1306 2413 1446 2467 India
1484 2429 1555 2468 xtl
1587 2413 1702 2467 Kal.
1726 2412 1924 2468 Janua-

332 2484 421 2538 rii.
454 2487 516 2537 Δ.
544 2484 607 2534 Τ.
638 2484 718 2548 Ιη,
755 2484 807 2535 111
837 2484 1151 2536 Alexandria
1185 2484 1356 2538 natale
1387 2482 1486 2538 SS.
1513 2484 1758 2548 Menelai,
1789 2484 1921 2535 Ant-

335 2556 496 2625 Lnnnii
528 2552 1005 2625 [ιηΑΑτιιιιιοιιεξ]
1050 2564 1108 2625 et
1140 2553 1347 2625 Cyrilli.
1372 2555 1495 2625 Β.ζ
1518 2554 1571 2606 In
1604 2553 1922 2625 Alexandria

332 2622 600 2691 Triponis,
639 2623 887 2680 Menelai.
934 2622 1142 2690 Cyrilli,
1190 2622 1417 2690 Juliani,
1459 2623 1923 2692 Constantinopoli

333 2694 616 2758 I'Itti'etnim,
652 2694 833 2757 Aeaci,
870 2693 1148 2748 Demetrii.

403 2785 457 2838 4.
492 2813 563 2824 —
611 2784 674 2837 IV
722 2784 918 2838 Nonas.
962 2784 1192 2839 'l‘uronis
1239 2786 1514 2839 translatio
1564 2784 1623 2840 8.
1654 2785 1680 2820 ⁴¹
1716 2784 1925 2839 Martini

329 2872 677 2940 confessoris,
714 2876 795 2929 vel
828 2875 1091 2929 ordinatio
1116 2876 1454 2946 episcopatus
1486 2876 1622 2945 ejus,
1652 2891 1747 2931 seu
1769 2876 1924 2932 dedi-

335 2966 474 3018 catio
504 2964 733 3018 basilica:
769 2965 953 3033 ipsius.

406 3054 595 3109 Florus
642 3056 692 3108 in
722 3055 787 3109 A.
818 3056 882 3111 Τ.
917 3055 1004 3121 L.,
1056 3056 1239 3110 Romae
1287 3057 1461 3112 natale
1496 3066 1518 3094 ε
1550 3056 1698 3121 Zom,
1749 3057 1927 3112 uxoris

336 3146 622 3201 Nicostrati
674 3147 964 3217 (Hactenus
997 3146 1114 3215 L.),
1147 3162 1265 3216 quin
1295 3149 1567 3202 nimietate
1595 3147 1925 3216 (egritudinis

333 3254 430 3293 sex
458 3240 610 3293 annis
640 3247 807 3305 muta,
843 3250 897 3293 et
924 3254 951 3291 a
985 3238 1040 3292 Β.
1073 3238 1391 3293 Sebastiano
1420 3250 1600 3293 curata
1625 3279 1640 3302 ,
1668 3240 1925 3294 Christia-

337 3331 664 3399 nissimaque
710 3328 896 3386 etfecta
929 3347 941 3382 :
969 3329 1094 3384 dum
1147 3329 1197 3384 in
1248 3331 1407 3384 natali
1440 3331 1804 3399 apostolorum
1855 3331 1918 3383 ad
1950 3324 1998 3387 C

2038 1542 2425 1595 confessionem
2458 1543 2515 1594 Β.
2551 1543 2689 1596 Petri
2720 1553 2932 1610 oraret,
2963 1544 3028 1599 ab
3058 1544 3427 1603 insidiantibus
3456 1563 3615 1620 paga-

2031 1629 2115 1683 nis
2140 1640 2375 1684 arctatur
2406 1630 2719 1698 duciturque
2747 1633 2810 1685 ad
2847 1642 3129 1700 patronum
3163 1638 3393 1706 regionis
3428 1640 3445 1678 ί
3474 1642 3617 1694 Nau-

2032 1720 2319 1783 machium,
2355 1734 2408 1775 et
2435 1722 2769 1790 compellitur
2793 1722 2975 1777 Martis
3004 1727 3322 1793 statunculo,
3347 1730 3485 1798 quod
3511 1732 3622 1786 illio

2036 1814 2229 1880 stabat,
2260 1815 2431 1870 thuris
2474 1826 2677 1885 guttam
2730 1818 3034 1873 incendere.
3072 1818 3359 1888 (Hactenus
3404 1821 3497 1892 A.)
3527 1823 3619 1878 Illa

2034 1906 2149 1959 hate
2187 1906 2431 1961 deridens
2461 1906 2512 1961 in
2538 1909 2775 1961 custodia
2822 1910 3196 1964 obscurissima
3230 1912 3490 1967 mittitur:
3522 1913 3613 1967 ubi

2029 2010 2124 2065 per
2153 1997 2386 2066 quinque
2416 1998 2548 2064 dies,
2599 2013 2697 2053 nec
2728 1999 2905 2053 lumen
2938 2000 3145 2063 videns,
3187 2018 3285 2058 nec
3314 2006 3489 2059 cibum
3523 2021 3619 2077 po-

2028 2099 2245 2158 tumque
2275 2091 2563 2160 aecipiens,
2615 2092 2682 2145 ah
2715 2094 2984 2149 inclusere
3033 2097 3353 2155 minabatur.
3406 2100 3622 2156 Transi-

2028 2181 2198 2251 tisque
2227 2181 2422 2236 diebus
2452 2198 2544 2237 sex
2572 2182 2714 2252 jnssa
2742 2193 2825 2238 est
2853 2199 2880 2236 a
2902 2185 3042 2239 collo
3070 2195 3125 2239 ct
3152 2189 3353 2255 capillis
3382 2190 3433 2244 in
3464 2192 3622 2247 arbo-

2027 2289 2138 2327 rem
2168 2274 2435 2328 excelsam
2465 2275 2739 2344 suspendi,
2774 2283 2827 2328 et
2856 2280 3038 2331 subter
3067 2276 3267 2333 funmm
3297 2296 3361 2334 ex
3395 2284 3623 2352 sterqui-

2028 2361 2158 2418 linio
2204 2363 2441 2419 adhiberi
2474 2383 2486 2417 :
2516 2365 2568 2421 in
2599 2381 2698 2430 qua
2749 2382 3010 2435 suspensa
3056 2370 3107 2424 in
3131 2371 3472 2429 confessione
3517 2376 3621 2430 Do-

2027 2452 2154 2507 mini
2186 2452 2365 2508 emisit
2392 2455 2661 2523 Spiritum.
2717 2455 2879 2526 Cujus
2912 2474 3103 2528 corpus
3138 2472 3507 2533 persecutores
3528 2482 3623 2521 au-

2027 2545 2258 2600 ferentes
2285 2559 2414 2601 saxo
2441 2547 2759 2617 ligaverunt,
2814 2556 2870 2604 et
2897 2548 3106 2605 Tiberis
3151 2553 3303 2609 alveo
3349 2556 3624 2613 immerse-

2030 2646 2174 2703 runt,
2204 2637 2483 2695 dicentes:
2519 2640 2595 2696 Ne
2625 2640 2915 2697 Christiani
2969 2643 3019 2696 id
3068 2644 3289 2713 tollant,
3340 2657 3394 2702 et
3426 2648 3624 2719 faciant

2030 2734 2172 2787 illam
2203 2734 2303 2788 sibi
2339 2734 2516 2791 deam.
2552 2736 2819 2805 Scriptum
2850 2738 2900 2790 in
2931 2738 3095 2806 gestis
3128 2738 3187 2791 Β.
3220 2737 3545 2793 Sebasdani.

2101 2868 2163 2940 (ἶ.
2199 2867 2283 2928 ν..
2321 2868 2389 2921 Et
2417 2869 2593 2922 natale
2623 2868 2680 2924 S.
2713 2878 2737 2915 ε
2771 2869 3019 2940 Lauriani
3053 2885 3300 2940 martyris
3347 2869 3499 2938 cujus
3527 2884 3619 2925 ea-

2031 2949 2125 3012 put
2153 2938 2201 3012 in
2227 2940 2413 3012 Spains
2440 2951 2701 3012 portatum
2715 2952 2799 3012 Δεδει
2828 2938 2909 3012 lC.
2932 2938 3471 3012 liispalim‘portatum
3493 2940 3622 3012 est],

2030 3009 2123 3062 st-d
2157 3011 2218 3061 Α.
2254 3009 2316 3061 'l‘.
2348 3024 2409 3061 ac
2440 3010 2524 3074 L.,
2560 3008 3059 3063 Bituricas'civitate
3092 3013 3264 3079 passio
3290 3010 3345 3065 8.
3375 3008 3623 3067 Lauriaiii

2034 3080 2316 3148 martyris;
2370 3078 2522 3146 cujus
2552 3091 2710 3147 caput
2760 3080 2810 3133 in
2847 3080 3151 3145 Hispaniam
3204 3089 3464 3148 portatum
3509 3093 3613 3137 est.

2034 3149 2117 3212 8.,
2155 3147 2206 3201 In
2235 3147 2431 3219 Sirmia
2458 3148 2727 3202 Sabhatia:
2776 3150 3038 3203 Innocens
3087 3147 3213 3202 cuni
3241 3150 3360 3203 aliis
3384 3152 3620 3219 triginta.

2034 3219 2281 3273 ltetiricio
2308 3218 2522 3273 civitate
2551 3222 2725 3274 natale
2770 3220 2827 3276 8.
2863 3219 3107 3273 Lauriani
3138 3221 3371 3289 episcopi
3402 3218 3626 3277 etimar-

2033 3289 2187 3359 tyris.

1751 3425 1959 3482 SMlTll
2001 3425 2231 3481 NOTAE.

425 3531 447 3556 ι·
479 3519 836 3590 Μοηεθιιηιίιε.
870 3518 1000 3590 Qua:
1028 3517 1181 3573 vidua
1214 3517 1333 3582 fuit,
1362 3516 1922 3590 sed_sanmimonialis,

344 3602 400 3647 et
420 3593 489 3645 ob
516 3591 565 3644 id
589 3587 1049 3660 virginisnomine
1079 3595 1389 3643 hortor-amr.
1436 3587 1749 3660 Carnotenm
1778 3587 1925 3660 urbis

340 3662 445 3715 fuit
486 3656 752 3728 indigena.
793 3658 1049 3714 Cellulam
1091 3673 1264 3714 autem
1310 3674 1458 3712 suam
1502 3656 1829 3725 relinquens,
1876 3658 1928 3711 in

345 3747 469 3799 qua,
503 3740 777 3799 postquam
816 3738 962 3784 esset
998 3728 1205 3783 filiabus
1240 3730 1458 3797 privata,
1494 3729 1779 3781 solitariam
1822 3730 1931 3795 egit

353 3804 538 3861 vitam,
577 3803 641 3854 ad
671 3802 911 3854 Turones
952 3814 1010 3853 se
1055 3800 1299 3863 contulit,
1331 3799 1415 3851 ubi
1461 3800 1509 3851 in
1539 3812 1699 3865 parva
1739 3799 1926 3853 cellula

345 3888 465 3939 quae
506 3873 601 3923 fuit
642 3873 691 3923 in
732 3871 959 3924 ecclesia
982 3870 1039 3924 S.
1064 3870 1268 3923 Martini
1300 3883 1491 3936 paucas
1514 3868 1765 3939 colligens
1810 3884 1927 3921 mo-

346 3935 542 3995 naehas
586 3941 774 3993 durum
818 3942 939 3993 vine
980 3954 1191 3993 cursum
1232 3935 1477 3992 inStituil.
1523 3935 1681 4005 Greg.
1722 3939 1922 3993 'l‘uron.

351 4011 480 4063 Vita:
509 4014 649 4064 l'atr.
685 4025 801 4076 cap.
826 4010 914 4063 19.
946 4009 1174 4076 Sepulta
1221 4020 1303 4063 est
1343 4010 1392 4063 in
1435 4009 1659 4062 ecclesia
1701 4009 1758 4062 8.
1787 4009 1924 4062 Petri

342 4083 613 4153 puellaris,
642 4080 864 4153 ubiejus
886 4081 1205 4153 reliquimin
1237 4081 1399 4153 theca
1434 4081 1664 4147 pretiosa
1706 4092 1928 4153 sei-vane

338 4149 465 4204 sunt
505 4153 569 4205 ad
606 4167 696 4204 an.
724 4150 884 4215 1562,
909 4165 1014 4219 quo
1050 4150 1340 4204 Calviniani
1383 4151 1614 4203 furentes
1654 4165 1769 4203 eam
1799 4149 1927 4202 diri-

364 4235 592 4277 lllﬂl‘llll'o

382 4241 444 4274 n.
554 4241 592 4277 I.

342 4241 374 4291 ν
413 4241 736 4346 ξΓψέδὶιαιίο.
772 4290 895 4345 litec
936 4291 1145 4358 Quidem
1190 4290 1499 4345 solentnitas
1522 4288 1587 4341 ab
1617 4288 1829 4343 Urbano
1855 4289 1922 4342 Vl

342 4364 602 4429 ἰιικιίῑιιιὲι,
642 4372 695 4417 et
733 4378 762 4415 a
797 4361 1060 4416 Bonifacio
1104 4360 1175 4414 IX
1215 4365 1525 4415 conﬁrmata
1567 4370 1622 4414 et
1663 4362 1923 4426 pubicata

337 4443 445 4487 est.

421 4516 442 4542 ε
478 4502 694 4556 Edessa.
741 4504 792 4556 In
836 4519 935 4571 qua
978 4501 1192 4557 civitate
1233 4502 1503 4570 egregium
1548 4501 1799 4568 templum
1844 4509 1928 4555 est

344 4574 405 4629 S.
433 4574 651 4627 Thalnae
692 4574 948 4637 dicatum,
994 4575 1285 4641 crebraque
1330 4574 1601 4624 hominum
1647 4572 1928 4623 multitudo

347 4660 415 4699 eo
457 4655 671 4713 propter
714 4646 812 4698 loci
854 4654 1188 4697 sanctitatem
1236 4642 1508 4713 conﬂuant.
1561 4644 1807 4713 Socrates
1856 4657 1927 4708 ιν,

355 4711 687 4775 “(Susum
720 4730 793 4778 vr,
830 4714 914 4767 18.
956 4713 1082 4767 Vide
1124 4713 1258 4766 infra
1287 4711 1405 4780 ejus
1437 4711 1573 4764 diem
1606 4712 1855 4764 natalcm.

428 4786 453 4825 ἀ
485 4786 718 4838 Martini.
758 4785 911 4837 Juxta
948 4783 1105 4852 Greg.
1138 4785 1340 4838 'l‘uron.
1376 4783 1509 4834 llist.
1545 4798 1594 4843 κ,
1626 4782 1713 4835 51.
1748 4781 1929 4834 Marti-

352 4871 453 4909 nus
491 4857 629 4909 sedit
667 4868 836 4908 annos
875 4854 965 4915 :16,
1003 4868 1213 4906 menses
1243 4854 1297 4914 4,
1329 4854 1443 4906 dies
1472 4853 1561 4906 27.
1612 4853 1742 4904 Cum
1777 4853 1932 4917 igitur

356 4929 416 4981 S.
445 4927 695 4979 Martinus
722 4927 809 4980 die
837 4940 890 4979 XI
921 4925 1178 4978 Novemb.
1212 4925 1315 4976 400
1343 4925 1582 4990 spiritum
1617 4922 1725 4976 Deo
1757 4924 1932 4976 reddi—

356 5000 514 5060 derit,
544 4996 882 5050 manifestum
911 5006 993 5048 est
1017 4996 1133 5062 ejus
1160 4995 1545 5048 ordinationem
1579 5009 1773 5045 annum
1803 4994 1930 5057 5η,

351 5068 601 5136 diemque
628 5082 694 5120 xv
724 5064 921 5120 mensis
944 5065 1110 5130 Junii,
1141 5068 1226 5132 qui
1263 5064 1600 5117 Dominicalit
1630 5075 1764 5136 erat,
1802 5062 1932 5136 inci-

353 5133 529 5191 disse.’
574 5136 886 5193 Celebrat.r
933 5139 1145 5201 quidem
1193 5139 1306 5190 dies
1352 5137 1467 5201 ejus
1508 5133 1854 5187 ordinationis
1884 5149 1932 5187 Iv

352 5208 531 5262 Nonas
555 5208 700 5272 Julii,
735 5220 785 5260 ut
820 5215 1012 5273 praeter
1042 5207 1405 5260 'l‘nronensem
1454 5218 1515 5269 lt,
1542 5207 1624 5266 14,
1661 5207 1800 5256 varia
1833 5206 1931 5255 du-

349 5289 474 5334 cent
503 5277 894 5349 Martyrologia.
933 5280 1123 5331 Verum
1172 5278 1307 5349 sicut
1337 5276 1602 5349 ordinatio
1645 5279 1710 5349 S.
1733 5275 1929 5349 Basilii,

347 5367 469 5417 qnze
495 5346 729 5404 cumdie
764 5346 849 5403 xiv
883 5349 1083 5402 mensis
1111 5349 1253 5401 Junii
1295 5347 1347 5401 in
1384 5346 1574 5399 tabulis
1604 5346 1934 5417 ecclesiasti-

345 5414 425 5474 cis
454 5421 754 5489 copulatur,
786 5435 853 5475 eo
884 5421 969 5473 die
998 5428 1208 5486 peracta
1236 5434 1355 5489 _non
1391 5428 1492 5482 est,
1534 5418 1610 5470 sic
1655 5430 1754 5469 nec
1801 5414 1937 5469 ordi-

348 5494 498 5544 natio
525 5486 585 5545 S.
610 5491 821 5545 Martini
852 5491 944 5544 die
996 5505 1044 5543 Iv
1078 5486 1278 5542 mensis
1303 5489 1447 5542 Julii.
1483 5490 1729 5542 'lestatur
1756 5496 1934 5540 autem

345 5561 677 5616 Turonensis
728 5562 818 5615 lib.
854 5576 889 5625 I,
941 5560 1007 5613 de
1053 5560 1321 5613 miraculis
1371 5560 1427 5610 S.
1460 5558 1670 5612 Martini
1729 5572 1847 5626 cap.
1880 5556 1935 5623 t5,

345 5648 490 5686 anno
522 5631 611 5697 64,
647 5643 765 5700 post
813 5634 1089 5683 transitum
1137 5630 1194 5700 S.
1230 5629 1461 5700 Martini,
1516 5630 1746 5700 idecque
1794 5643 1937 5700 anno

346 5704 549 5758 Christi
574 5698 667 5757 Mil
704 5702 855 5771 juxta
889 5698 1315 5771 supputationem
1344 5698 1613 5771 Gregorii,
1647 5716 1767 5771 «pne
1798 5699 1935 5754 hanc

346 5776 612 5846 epocham
652 5769 720 5829 ab
764 5790 901 5828 anno
931 5773 1031 5828 597
1072 5770 1303 5841 deducit,
1338 5769 1618 5827 Turoni‘cac
1658 5769 1802 5829 sedis
1840 5795 1933 5839 ca.

2036 3516 2279 3570 thedratn
2315 3516 2627 3586 Perpetuam
2677 3521 2921 3573 sortitum
2972 3533 3110 3583 esse,
3162 3528 3215 3573 et
3263 3520 3514 3587 reliquias
3552 3522 3613 3580 S.

2040 3587 2251 3640 Martini
2304 3588 2355 3641 in
2406 3589 2650 3657 ampliori
2702 3592 2929 3659 templo,
2960 3606 3116 3659 quam
3168 3592 3216 3642 id
3245 3592 3382 3657 quod
3420 3593 3623 3651 Bricius

2036 3667 2442 3731 construxerat,
2460 3658 2709 3731 honorari
2745 3658 2997 3715 voluisse.
3033 3659 3310 3713 Basilicam
3357 3662 3533 3731 itaque
3565 3666 3617 3720 in

2039 3727 2294 3801 honorem
2338 3728 2397 3783 S.
2430 3730 2633 3782 Martini
2666 3731 2972 3793 aedificavit,
3003 3742 3056 3784 et
3089 3731 3293 3784 vicinos
3340 3727 3620 3801 epist-Opus

2035 3812 2098 3851 ac
2124 3797 2342 3852 ahhates
2391 3804 2726 3865 convocavit,
2759 3811 2814 3853 ut
2851 3818 2966 3854 eam
3018 3804 3067 3855 in
3099 3801 3344 3856 Kalendis
3375 3797 3499 3857 Julii
3526 3797 3620 3859 de-

2035 3867 2339 3940 dicaret,et
2371 3870 2422 3922 in
2454 3872 2695 3924 eamdem
2728 3871 2785 3926 S.
2813 3871 3018 3926 Martini
3072 3874 3322 3940 reliquias
3362 3875 3619 3929 transfer-

2034 3949 2149 4002 ret;
2182 3938 2273 4009 sed
2314 3954 2435 3991 cum
2472 3950 2610 3993 terra
2669 3958 2687 3990 ι
2726 3956 2843 4009 qua:
2884 3957 3045 4009 super
3103 3938 3342 3995 sanctum
3384 3956 3495 3997 crat
3537 3954 3620 4000 tu-

2041 4025 2059 4057 (
2108 4008 2309 4061 mulum
2335 4010 2490 4062 ell'odi
2522 4026 2625 4062 non
2656 4020 2853 4076 posset,
2877 4008 3001 4064 dicit
3034 4012 3079 4065 ei
3116 4027 3247 4065 uans
3278 4026 3340 4065 ex
3373 4014 3616 4077 clericis.

2041 4095 2058 4127 ι
2105 4080 2304 4149 sciatis,
2337 4080 2457 4143 quia
2491 4089 2610 4147 post
2639 4085 2737 4133 hoc
2769 4081 2999 4134 triduum
3034 4082 3223 4135 natalis
3256 4082 3613 4149 Episvaipatns

2040 4166 2058 4198 ι
2104 4147 2219 4217 ejus
2258 4164 2376 4202 esse
2418 4160 2792 4211 consueverat,
2841 4162 2893 4204 ct
2937 4153 3152 4205 l‘ursitan
3204 4153 3254 4204 in
3300 4153 3394 4204 hae
3433 4147 3518 4206 die
3559 4170 3616 4209 se

2038 4236 2056 4268 ι
2107 4218 2373 4271 transferri
2416 4219 2612 4274 debere
2640 4236 2732 4273 vos
2775 4222 3046 4284 admonet,
3088 4239 3106 4272 ι
3154 4234 3208 4274 ιιι
3241 4220 3405 4275 refert
3434 4223 3611 4277 Turo-

2035 4288 2213 4341 nensis
2245 4291 2359 4342 loco
2389 4289 2617 4355 laudato,
2650 4294 2733 4359 qui
2766 4291 2911 4344 addit
2939 4294 3006 4344 ita
3039 4293 3231 4345 factum
3267 4293 3451 4348 fuisse.
3484 4295 3609 4349 llaec

2035 4361 2309 4412 translatio
2355 4361 2545 4413 accidit
2590 4375 2729 4413 anno
2767 4362 2880 4427 n.3,
2915 4365 3000 4427 qui
3033 4364 3354 4417 centesimus
3399 4373 3515 4418 erat
3543 4367 3611 4420 ab

2034 4431 2148 4497 ejus
2178 4430 2529 4484 ordinatione.
2567 4430 2689 4497 Pagi
2722 4448 2860 4485 anno
2890 4432 3013 4495 (fit,
3050 4448 3119 4497 νι,
3153 4445 3257 4487 etc.

2108 4508 2131 4537 ο
2161 4498 2300 4553 Ζοιῐῖο
2338 4501 2410 4553 De
2449 4517 2508 4556 ea
2544 4501 2833 4566 Usuardus,
2871 4505 3003 4569 Ado,
3038 4504 3189 4557 Binil
3240 4518 3463 4572 suppos.
3520 4504 3620 4560 Ba-

2036 4586 2130 4624 ron
2157 4586 2217 4622 us
2245 4586 2305 4623 ac
2336 4574 2509 4625 caeteri
2543 4589 2729 4626 omnes
2754 4586 2915 4639 agunt
2949 4576 3219 4639 postridie.

2114 4645 2131 4683 ι’
2166 4640 2560 4695 Ναιιηιαειιὶιιηι.
2600 4644 2779 4697 Meiius
2811 4644 3168 4704 Naurnachias,
3200 4652 3256 4696 ut
3282 4643 3534 4699 scribitur
3563 4646 3617 4701 in

2036 4710 2182 4764 Actis
2232 4714 2290 4766 8.
2322 4713 2619 4765 Sebastiani
2669 4730 2695 4764 a
2732 4714 2984 4765 Bullando
3033 4730 3097 4766 xx
3147 4713 3378 4766 Januarii
3429 4715 3606 4769 editis.

2039 4781 2103 4832 lit
2135 4783 2308 4843 plures
2344 4784 2557 4847 quidem
2611 4783 2818 4835 fuerunt
2850 4783 3186 4836 Naurn.tclti:e
3222 4784 3272 4835 in
3316 4785 3478 4849 urbe;
3511 4785 3615 4839 Do-

2035 4853 2236 4903 mitiani
2288 4855 2502 4919 regione
2544 4852 2598 4915 9,
2649 4854 2767 4904 alia:
2810 4852 2894 4913 15,
2927 4855 3043 4906 dote
3080 4854 3169 4914 14,
3202 4854 3603 4912 'I‘ranstiberim.

2038 4921 2103 4973 Et
2136 4920 2391 4973 Duronius
2420 4937 2559 4974 anno
2585 4925 2711 4985 :86,
2742 4938 2887 4975 num.
2920 4922 3005 4988 l5,
3056 4924 3155 4977 hoc
3204 4930 3351 4977 trans
3376 4924 3612 4979 Tiberii“

2034 5003 2238 5060 gestum
2290 5003 2493 5058 censet,
2535 5003 2589 5046 et
2635 5009 2767 5044 nova
2822 5008 3038 5047 munera
3094 5005 3216 5046 tunc
3254 4994 3411 5046 certis
3460 4995 3613 5060 locis,

2034 5061 2191 5114 certis
2236 5063 2542 5115 hominibus
2572 5064 2634 5115 ad
2678 5062 3022 5131 inquire-idm
3051 5065 3386 5117 Christianos
3419 5065 3613 5118 distin-

2034 5140 2117 5185 cta
2153 5148 2164 5183 :
2198 5133 2276 5186 sic
2308 5143 2362 5185 ut
2391 5134 2480 5187 uni
2522 5150 2583 5187 nr
2607 5139 2666 5188 .is
2708 5136 2906 5202 regioni
2952 5137 3127 5203 plures
3165 5146 3339 5187 essent
3376 5137 3609 5202 praefecti

2039 5205 2268 5283 patroni,
2293 5203 2382 5283 qui
2412 5204 2601 5273 singuli
2630 5207 2679 5258 in
2710 5216 2859 5274 parte
2890 5205 2987 5259 sibi
3018 5204 3327 5261 emcredtta
3361 5214 3374 5256 t
3402 5204 3613 5259 hristta-

2038 5288 2134 5325 nos
2165 5276 2512 5340 inquirerent.

2111 5353 2135 5389 κ
2168 5342 2696 5415 Lam-iani_.Joannes
2729 5345 2942 5400 Vasams
2983 5348 3034 5399 in
3065 5345 3326 5400 Chronico
3355 5346 3618 5415 llispanire

2035 5414 2101 5466 ad
2134 5429 2330 5466 annum
2359 5413 2486 5479 5H,
2522 5418 2634 5469 lucc
2664 5419 2820 5470 habet
2855 5435 2865 5468 :
2902 5417 3014 5469 Hoc
3044 5427 3268 5481 tempore
3297 5419 3382 5482 qui
3411 5413 3472 5468 de
3498 5434 3617 5469 san-

2036 5487 2128 5537 ctis
2162 5483 2432 5554 Hispania
2461 5488 2791 5554 scripserunt,
2828 5491 3081 5540 memoria:
3113 5488 3352 5538 mandunt
3388 5485 3446 5539 Β.
3476 5487 3614 5539 Lau-

2040 5571 2251 5608 reanum
2288 5555 2642 5627 Hispalenscm
2678 5560 3135 5627 archiepiscopum,
3169 5556 3371 5610 natione
3401 5555 3612 5610 Parma-

2039 5628 2195 5690 nium,
2224 5627 2388 5679 missis
2414 5645 2446 5680 a
2474 5626 2641 5680 Totiln
2666 5626 2857 5680 Ariano
2883 5638 3001 5681 tunc
3030 5631 3081 5679 in
3118 5626 3266 5680 Italia
3295 5628 3616 5697 Οεινοςιοιιιίι

2037 5699 2316 5765 imperante
2335 5699 2422 5766 qui
2446 5698 2607 5765 ipsum
2630 5701 2934 5765 occiderent,
2966 5700 3133 5767 angeli
3163 5700 3425 5751 (idtnonitu
3454 5701 3503 5750 in
3537 5700 3617 5751 ul-

2047 5788 2277 5837 ιιοοηειιηι
2319 5769 2500 5825 exime
2544 5772 2796 5836 exsilium,
2827 5786 2885 5826 ac
2914 5782 3101 5842 septem
3143 5780 3255 5840 post
3285 5772 3455 5843 annis,
3485 5770 3616 5839 ejus-
