4240 6506
642 309 747 365 U67

1434 300 1633 355 ΒΕῡιΕ
1680 299 2129 353 VENEl‘iABllJS
2168 294 2315 353 ΟΡΡ.
2361 297 2535 353 PARS
2578 298 2663 353 IV'.
2707 328 2773 337 —
2816 296 3191 355 IIISTORICA.

3823 299 3937 354 968

1918 414 2146 467 EDITIO
2184 414 2647 470 COLONIENSIS.

653 516 886 573 Turonis
927 510 1205 567 ιηηειθιίο
1233 508 1400 561 saucii
1431 507 1638 560 Martini
1669 507 1904 575 episcopi
1930 517 1984 562 et
2012 507 2223 561 confes-
2250 512 2300 566 Α
2325 521 2445 575 quae
2485 508 2617 573 ripis
2651 506 2820 560 Rheni
2854 505 3089 560 ﬂuminis
3116 508 3386 589 contigua,
3420 509 3667 579 Trigoria
3702 528 3927 568 nuncu-

658 610 818 669 soris,
870 611 925 659 et
974 601 1240 655 ordinatio
1291 599 1627 666 episcopatus
1675 599 1810 664 ejus,
1862 606 1915 651 et
1966 598 2228 652 dedicatio

655 697 887 753 basilica:
919 694 1106 760 ipsius.
1139 690 1194 744 In
1230 690 1402 742 Africa
1436 690 1603 742 sancti
1635 688 1952 742 .lucundiani
1981 691 2229 759 martyris

656 787 707 839 in
755 800 897 838 mare
950 782 1131 836 mersi.
1182 778 1338 849 Apud
1391 779 1644 833 Sirmium
1696 780 1874 833 natale
1918 790 2228 834 sanctorum

663 873 990 936 Innocentii,
1046 871 1333 937 Sabbatize,
1378 885 1495 921 cum
1542 869 1659 921 a‘iis
1705 869 1939 936 triginta.
1986 870 2040 923 In
2088 870 2231 923 Bitu-

663 969 769 1020 rica
796 966 1009 1020 civitate
1038 962 1215 1017 natale
1244 961 1412 1015 sancti
1448 959 1692 1012 Lauriani
1737 960 2008 1030 martyris,
2049 970 2104 1014 et
2139 959 2231 1014 de-

661 1058 857 1128 positio
887 1055 1055 1111 sancti
1089 1053 1282 1108 Dalrici
1314 1052 1548 1121 ερίδςονί
1582 1059 1636 1103 et
1663 1051 2011 1105 confessoris.
2226 1102 2235 1109 ,

732 1149 794 1202 D.
857 1147 921 1200 Ill
952 1147 1082 1199 Non.
1134 1143 1290 1198 JULii.
1332 1142 1485 1210 Apud
1533 1142 1739 1212 Syriam
1791 1142 1963 1195 sancti
2013 1141 2227 1196 Domitii

661 1240 932 1310 martyris,
963 1237 1049 1307 qui
1083 1236 1363 1289 virtutibus
1403 1235 1517 1287 suis
1559 1234 1721 1287 multa
1755 1235 1944 1289 incolis
1976 1234 2232 1288 beneficia

663 1337 897 1399 prmstat.
935 1329 1115 1380 Romae
1144 1325 1316 1379 natale
1347 1334 1544 1377 sancire
1576 1323 1718 1389 Zom,
1759 1324 1946 1378 uxoris
1978 1325 2114 1378 beati
2146 1324 2234 1377 Ni-

656 1419 872 1474 coStrati
919 1418 1185 1483 martyris,
1237 1430 1357 1485 qua:
1384 1415 1449 1468 ad
1480 1414 1876 1469 confessionem
1921 1415 2059 1469 beati
2085 1416 2229 1470 Petri

660 1509 887 1579 apostoli
917 1510 1040 1563 dum
1072 1516 1281 1570 oraret,
1313 1522 1342 1560 a
1373 1507 1592 1577 paganis
1623 1516 1843 1576 arctata,
1875 1507 2029 1561 ducta
2057 1518 2138 1563 est
2166 1508 2232 1562 ad

664 1612 943 1672 patronum
987 1598 1355 1662 Naumacbi.c,
1389 1615 1416 1651 a
1449 1615 1551 1665 quo
1586 1600 1812 1665 primum
1844 1601 1894 1654 in
1925 1602 2230 1654 custodiam

663 1692 1099 1747 obscurissimam
1147 1700 1312 1753 trusa,
1362 1698 1413 1741 et
1456 1703 1548 1755 per
1593 1688 1708 1741 dies
1738 1704 1826 1741 sex
1858 1688 2003 1743 omni
2043 1690 2233 1745 solatio

672 1783 810 1837 lucis
836 1791 891 1837 et
920 1782 1089 1835 victus
1133 1780 1392 1844 fraudata,
1435 1781 1662 1848 septimo
1693 1780 1776 1834 die
1806 1780 2018 1834 demum
2042 1797 2072 1835 a
2096 1782 2235 1837 collo

2333 603 2505 665 patur,
2538 605 2697 664 atque
2727 596 2794 649 ad
2824 596 3102 650 dimc‘sim
3146 598 3373 666 pertinet
3421 600 3803 669 Trevirorum,
3852 606 3925 659 ibi

2334 687 2446 741 Deo
2485 688 2649 742 libere
2679 690 2881 742 servire
2911 688 3123 757 delegit,
3155 705 3319 757 usque
3345 692 3396 744 in
3428 694 3587 746 finem
3618 696 3743 750 vita:
3770 713 3917 754 sua.

2331 778 2516 833 Romae
2557 779 2730 833 natale
2772 780 2939 832 sancti
2990 780 3336 849 Tranquilliiii
3388 786 3682 854 martyris,
3746 792 3922 856 patris

2331 877 2637 922 sanctorum
2681 869 2840 923 Marci
2883 878 2936 923 et
2966 869 3311 934 Marcelliani,
3359 874 3447 940 qui
3478 876 3541 925 ad
3571 878 3920 941 praedicaiio-

2333 976 2454 1013 nem
2506 960 2643 1013 beati
2697 961 2993 1017 Sebastiani
3042 962 3264 1016 credens
3295 964 3345 1016 in
3387 964 3671 1020 Dominum
3724 968 3916 1024 Jesum

2333 1049 2631 1115 Christum,
2659 1051 2746 1105 die
2776 1062 3082 1106 octavarum
3114 1056 3478 1121 apostolorum
3508 1058 3633 1111 dum
3668 1063 3735 1112 ad
3765 1062 3915 1117 beati

2343 1142 2489 1197 Pauli
2516 1142 2910 1198 confessionem
2942 1154 3141 1213 oraret,
3172 1155 3347 1201 tentus
3376 1162 3405 1200 a
3434 1151 3654 1219 paganis
3680 1167 3744 1204 ac
3773 1154 3919 1221 lapi-

2334 1231 2491 1286 datus
2514 1233 2825 1303 martyrium
2858 1236 3263 1289 consummavit.

2408 1322 2467 1375 F.
2510 1322 2644 1377 Non.
2676 1322 2834 1376 qui.
2878 1324 3062 1377 Romae
3102 1325 3374 1380 beatorum
3400 1335 3713 1397 martyrum,
3748 1329 3917 1385 Nico-

2337 1414 2487 1467 strati
2530 1415 2893 1482 primisciiiiii,
2932 1414 3136 1470 Claudii
3168 1422 3685 1485 commentariensis,
3719 1423 3917 1476 Casto-

2337 1511 2399 1564 rii
2438 1510 2719 1580 Victorini,
2751 1511 3130 1581 Simplioriani,
3164 1528 3298 1582 quos
3328 1513 3513 1568 beatus
3556 1516 3917 1573 Sebastianus

2338 1603 2557 1657 credere
2572 1604 2835 1657 Christum
2866 1604 3062 1667 docuit,
3095 1614 3147 1658 et
3176 1614 3390 1658 sanctus
3416 1605 3738 1675 Polycarpus
3765 1623 3916 1676 pres-

2340 1692 2497 1764 byter
2545 1693 2851 1763 baptizavit.
2902 1694 2998 1760 Qui
3045 1710 3163 1747 cum
3206 1710 3425 1764 corpora
3463 1707 3765 1749 sanctorum
3810 1713 3917 1765 per

2343 1798 2437 1835 ora
2460 1783 2706 1837 Tiberina
2742 1784 3035 1851 requirunt,
3073 1784 3199 1836 lenti
3231 1793 3372 1849 sunt,
3409 1794 3461 1836 et
3489 1784 3550 1836 ad
3580 1785 3736 1837 lirhis
3765 1801 3913 1851 pra:-

668 1883 723 1928 et
761 1890 789 1927 a
833 1872 1038 1942 capillis
1085 1874 1134 1925 in
1177 1887 1402 1939 corpore
1441 1886 1718 1939 suspensa,
1772 1873 2009 1927 adhibito
2050 1874 2234 1927 subter
2270 1872 2313 1933 Β
2346 1871 2541 1926 fectum
2571 1872 2828 1939 perducti.
2868 1874 2992 1926 Erat
3018 1873 3157 1926 enim
3185 1873 3341 1941 judex
3378 1872 3657 1935 Fabianus,
3693 1875 3783 1940 qui
3810 1888 3915 1927 eos

668 1964 815 2021 fumo
855 1966 905 2018 in
947 1964 1285 2018 confessione
1316 1963 1520 2016 Domini
1554 1963 1734 2016 emisit
1763 1963 2033 2030 spiritum.
2071 1965 2127 2018 In
2157 1964 2240 2020 Si-

669 2056 792 2110 cilia
840 2054 1015 2108 natale
1067 2053 1357 2123 Agathonis
1404 2060 1458 2105 ct
1500 2052 1787 2122 Tripbiiim.
1818 2053 1881 2107 Et
1912 2053 1965 2108 in
1998 2055 2237 2121 'l‘homis,

669 2147 879 2214 Marini,
912 2148 1171 2202 Theodoti
1202 2156 1255 2201 et
1285 2144 1566 2214 Sodcplize.

735 2241 799 2295 E.
844 2240 993 2294 Pam.
1042 2239 1173 2294 Non.
1220 2238 1378 2291 JULii.
1433 2236 1578 2291 Isaia:
1606 2247 1657 2289 et
1686 2236 1799 2291 Joel
1840 2239 2237 2307 prophetarum,

671 2342 726 2386 et
770 2342 954 2387 octava
1009 2316 1411 2400 apostolorum,
1469 2338 1522 2381 ct
1576 2330 1775 2396 primus
1828 2329 1963 2382 beati
2014 2331 2238 2399 apostoli

670 2424 817 2478 Pauli
863 2423 1101 2492 iugessus
1136 2422 1185 2475 in
1218 2422 1398 2474 urbem
1433 2420 1652 2473 Romam
1697 2435 1837 2473 anno
1878 2423 2110 2475 secundo
2140 2422 2241 2476 Ne-

680 2514 847 2567 ronis.
902 2513 1027 2565 Item
1075 2512 1335 2580 depositio
1380 2510 1515 2563 beati
1563 2507 1751 2562 Coaris
1781 2511 2119 2573 confessoris,
2152 2511 2240 2580 qui

674 2600 730 2656 in
781 2602 1045 2670 provincia
1098 2600 1391 2668 Aquitania:
1438 2611 1620 2664 ortus,
1675 2602 2002 2666 t‘emporibus
2058 2602 2241 2656 llilde-

671 2692 804 2745 berti
838 2693 973 2759 regis
1004 2690 1353 2755 Francorum,
1386 2692 1563 2744 statim
1594 2692 1660 2743 ah
1692 2690 1911 2744 infantia
1947 2694 2241 2759 veruscul-

665 2792 749 2836 tor
770 2782 865 2838 Dei
896 2784 1007 2835 fuit.
1045 2781 1141 2836 llic
1171 2782 1507 2851 postmodum
1540 2781 1609 2834 ibi
1641 2784 1913 2849 presbyter
1944 2797 2010 2835 co
2026 2797 2242 2836 nsecra-

673 2887 779 2940 tus,
825 2878 1046 2944 patriam
1091 2884 1444 2943 parentesque
1479 2872 1734 2937 deseruit,
1769 2883 1821 2926 et
1868 2873 1916 2926 in
1950 2875 2235 2939 provincia,

2350 1964 2658 2018 hortabatur
2684 1966 2747 2019 ad
2778 1964 3205 2026 sacrificandum,
3258 1980 3350 2032 per
3395 1966 3574 2018 decem
3604 1965 3717 2018 dies
3748 1965 3915 2018 minis

2351 2072 2445 2111 eos
2474 2059 2817 2112 ethlandiiiis
2868 2072 3066 2125 agens,
3119 2069 3168 2110 et
3222 2057 3418 2111 nullum
3478 2061 3685 2124 penitus
3737 2058 3915 2123 potuit

2346 2164 2705 2203 commovere.
2741 2147 2887 2201 Tunc
2917 2147 3041 2201 fecit
3068 2148 3131 2201 de
3160 2149 3235 2201 eis
3264 2146 3653 2214 suggestionem
3679 2146 3914 2209 impera.

2351 2242 2554 2294 toribus
2596 2242 2792 2309 quique
2838 2240 3045 2309 jussere
3075 2255 3166 2294 eos
3197 2241 3349 2293 tertio
3372 2240 3621 2308 torqueri.
3668 2238 3915 2306 Cumque

2352 2332 2494 2384 nulla
2547 2331 2751 2385 ratione
2797 2330 3055 2395 compulsi
3105 2329 3219 2383 cedi
3239 2338 3375 2391 rent,
3421 2328 3690 2396 jusserunt
3726 2340 3823 2380 eos
3852 2328 3912 2379 in

2347 2437 2495 2474 mare
2528 2421 2827 2490 praecipites
2857 2421 3004 2473 dare.
3039 2420 3312 2473 Immensis
3342 2421 3517 2487 itaque
3547 2418 3728 2471 arctati
3769 2433 3907 2483 pons

2347 2514 2587 2577 dcrihus,
2623 2514 2790 2582 pelagi
2821 2513 3066 2568 ﬂuctibus
3092 2513 3195 2567 dati
3224 2521 3366 2576 sunt,
3402 2520 3458 2566 ut
3486 2512 3535 2565 in
3568 2512 3682 2565 loco
3710 2512 3913 2565 mundo

2355 2603 2489 2657 inter
2520 2619 2685 2672 aquas
2711 2619 2961 2659 coronam
3011 2606 3246 2671 martyrii
3288 2604 3639 2656 celebrarent.
3688 2602 3742 2653 In
3784 2602 3913 2655 Ale-

2354 2695 2571 2746 xaiidria
2613 2697 2779 2749 sancti
2823 2694 3066 2761 Panieiii,
3098 2696 3193 2748 viri
3230 2691 3523 2764 apostolici.
3560 2693 3770 2744 Viennae
3806 2692 3913 2743 Eo-

2349 2785 2456 2837 oldi
2484 2787 2745 2853 episcopi.
2787 2788 2915 2840 Item
2964 2788 3015 2840 in
3064 2785 3377 2839 Alexandria
3424 2784 3594 2836 natale
3638 2782 3906 2847 Parnieni,

2352 2876 2518 2929 Eracli
2548 2920 2562 2943 ,
2619 2878 2782 2945 Elite,
2827 2879 3121 2947 Apollonii,
3172 2876 3376 2943 Auovi,
3444 2885 3501 2930 et
3543 2874 3762 2928 aliorum
3811 2873 3908 2927 de—

1916 2961 2139 3017 EDlTlO
2182 2963 2673 3022 BOLLANDIANA.

740 3056 793 3111 5.
826 3086 898 3097 —
934 3055 997 3111 111
1027 3054 1222 3108 Nonas.
1264 3052 1424 3107 Vacat
1455 3052 1630 3106 Baeda.

741 3148 828 3211 D.,
860 3146 1008 3217 Syria
1032 3146 1085 3201 S.
1112 3153 1143 3217 ξι
1174 3146 1356 3217 Donati
1388 3144 1652 3215 martyris.
1695 3144 1874 3217 Romae
1900 3144 1925 3183 ι’
1953 3144 2074 3199 Zoze
2106 3162 2237 3200 uxo-

670 3221 743 3272 ris
768 3215 1068 3272 Nicostrati.
1098 3215 1160 3268 C.
1194 3215 1292 3281 V.,
1329 3216 1381 3268 In
1431 3217 1605 3269 Sicdia
1658 3215 1974 3285 Agathonis.
2011 3217 2238 3285 Triphoo

674 3232 743 3272 ris
768 3230 1068 3272 Nicostrati.
1098 3230 1160 3268 ι..
1201 3230 1292 3281 v.,
1330 3230 1381 3268 In
1431 3230 1605 3269 blCllla
1658 3230 1696 3269 Α
1738 3230 1974 3277 atnoiiis.
2011 3230 2237 3285 'Iripnoo

674 3293 775 3352 nis,
811 3288 1077 3343 Feraioris
1104 3285 1393 3357 [Feratoris
1423 3286 1473 3357 in
1504 3287 1611 3338 solo
1641 3230 1746 3357 εξ,
1785 3287 2089 3357 Theodosii.
2138 3290 2237 3342 Sc-

670 3359 908 3412 cuiidini.
941 3362 1001 3411 A.
1024 3357 1087 3409 Τ.
1121 3358 1203 3418 L.,
1235 3357 1287 3408 lii
1310 3356 1488 3409 Tomis
1511 3357 1719 3409 civitate
1750 3356 1921 3409 natale
1943 3357 2036 3411 SS.
2062 3357 2236 3409 Theo-

670 3428 781 3483 doti
809 3438 860 3482 et
893 3428 1195 3482 Secundini.
1250 3430 1310 3479 A.
1347 3426 1432 3490 '1‘.,
1469 3425 1522 3477 In
1558 3426 1870 3479 Alexandria
1914 3428 1971 3481 S.
2002 3426 2234 3493 Arpotis.

669 3498 734 3552 T.
764 3498 821 3551 L.
857 3498 939 3560 Β..
972 3498 1025 3550 In
1055 3495 1227 3551 Sic.lia
1275 3496 1445 3562 passio
1474 3496 1572 3549 SS.
1600 3495 1888 3564 Agathonis
1937 3512 1983 3550 ei
2014 3497 2240 3562 Triplio-

672 3568 772 3623 nis.
807 3568 890 3630 8.,
925 3568 976 3621 In
1003 3566 1184 3619 Tomis
1212 3566 1486 3627 Stratoris,
1512 3565 1774 3620 Theodori
1797 3607 1811 3629 ,
1846 3566 2104 3632 llodolite,
2137 3570 2244 3621 Se-

672 3637 910 3692 cundini.
946 3636 999 3689 In
1029 3635 1350 3689 Alexandria
1387 3636 1619 3703 l‘lrpOiis.

744 3733 796 3781 b.
824 3728 962 3783 -11
991 3726 1187 3781 Noxss.
1232 3738 1251 3765 ε
1284 3725 1431 3780 Isaiae
1481 3726 1750 3796 propheta:
1797 3736 1849 3782 et
1879 3735 2077 3783 octavae
2116 3742 2248 3797 apo-

673 3821 954 3875 stolorum.

2266 3060 2309 3118 C
2342 3058 2405 3110 ad
2461 3063 2485 3092 ο
2512 3058 2902 3112 confessionem
2948 3058 3009 3111 Β.
3066 3057 3210 3111 Pauli
3241 3056 3579 3121 accessisset,
3628 3069 3907 3124 perpessus

2349 3147 2584 3212 insidias,
2613 3157 2788 3203 lentus
2842 3159 2890 3202 et
2937 3163 2965 3201 a
2999 3148 3188 3216 populo
3218 3146 3492 3212 lapidatus,
3543 3157 3780 3199 mortuus
3803 3155 3906 3209 est,

2345 3251 2641 3306 corpusque
2666 3239 2780 3306 ejus
2810 3237 3062 3292 Tiberino
3105 3238 3293 3305 giirgiti
3344 3237 3716 3305 mancipatum.
3767 3236 3908 3292 Scri-

2348 3336 2494 3397 ptum
2536 3330 2586 3383 in
2614 3329 2775 3399 gestis
2807 3330 2863 3383 B.
2899 3329 3216 3384 Sebastiani.

2422 3421 2504 3483 8.,
2538 3420 2590 3472 In
2620 3421 2771 3490 Syria
2803 3419 2989 3484 Zutici,
3024 3419 3266 3482 Amandi,
3297 3418 3514 3473 Arteris.
3551 3418 3907 3487 Augnsiiduno

2348 3490 2613 3558 depOsitiu
2641 3495 2695 3546 S.
2731 3492 2934 3545 Leontii
2963 3492 3218 3557 episcopi.
3251 3493 3305 3542 In
3336 3491 3649 3542 Alexandria
3687 3492 3905 3551 Artboti,

2350 3560 2480 3614 Zeti.
2516 3562 2573 3613 Β.
2607 3560 2693 3626 L.,
2730 3563 2793 3613 Et
2822 3563 2871 3613 in
2900 3562 3061 3629 Biiiga
3091 3563 3264 3615 natale
3300 3562 3356 3614 S.
3394 3558 3411 3597 ί
3446 3560 3628 3615 Coaris
3657 3558 3741 3629 [Β.
3772 3560 3911 3614 Cao-

2350 3628 2443 3698 fis]
2473 3632 2811 3685 confessoris.

2424 3726 2475 3778 7.
2499 3754 2567 3763 —
2588 3724 2774 3778 NONIS.
2810 3724 2968 3778 Vacat
2997 3724 3171 3777 Bieda.

2425 3815 2484 3867 C.
2533 3815 2590 3868 Β.
2626 3814 2713 3882 V.,
2757 3815 2808 3866 In
2860 3814 3168 3869 Alexandria
3222 3813 3502 3868 Partlieiuii
3529 3854 3543 3876 ,
3576 3811 3765 3866 Eraclii
3799 3808 3907 3883 [B.,

2357 3883 2693 3972 Apollu‘iiii'j‘,
2725 3885 2897 3972 .Publ-ii
2927 3900 3044 3972 cuin
3090 3884 3413 3972 aliii.deC0lll
3436 3884 3463 3972 I[
3611 3882 3833 3972 novem]
3860 3891 3912 3960 et

682 3952 1139 4074 ιίηῖ,’ῐ›ὲιῖξίεξῖιίἶζ
1164 3952 1357 4071 ιέέιὲἷὲὶ
1380 3952 1963 4057 εῐὶςζρξῗεῖᾇῐζὲἷιριῖεξηε
1980 3952 2251 4071 ζ’ᾇξξὲἫιὲ-
2358 3955 2806 4095 ῖῖ¹⁰·,ίζ;έζίοξῖ”
2828 3956 3191 4079 ἀξιέζξῗῖξζῇ

2434 4065 2471 4091 ⁸9
2781 4067 2794 4091 ν
2928 4093 2947 4095 _

2358 3967 2497 4009 octo.
2533 3959 2593 4005 Α.
2627 3957 2689 4007 'l‘.
2722 3955 2806 4017 L.,
2855 3959 2905 4006 In
2948 3956 3262 4009 Alexandria
3309 3952 3482 4008 natale
3511 3954 3609 4009 SS.
3644 3952 3909 4019 Apollonii

2363 4024 2471 4095 [L.,
2501 4023 2758 4094 Heraclei]
2781 4067 2794 4091 ,
2828 4023 2974 4095 Helei
3015 4037 3067 4079 ei
3097 4024 3332 4095 Parmeni
3358 4063 3371 4086 ,
3405 4023 3651 4095 hactenus
3680 4028 3763 4084 Α..
3794 4036 3910 4095 cuiu

677 4096 861 4151 ctrinis
889 4096 951 4151 Β.
1002 4096 1299 4153 Sebasuani
1331 4095 1825 4151 Christianissimus
1846 4096 2063 4152 effectus
2084 4140 2099 4161 ,
2128 4097 2254 4151 dum
2361 4092 2481 4150 aliis
2510 4092 2893 4149 noienideciiu.
2927 4093 3008 4159 B.,
3037 4097 3099 4148 Et
3123 4094 3243 4147 alibi
3268 4092 3575 4157 Alexandri,
3607 4092 3909 4146 l’artiininii.

2058 4188 2263 4245 SMITH
2303 4186 2530 4241 NOTAE.

695 4286 805 4334 dem
829 4279 1010 4333 Totin
1036 4281 1245 4347 imperio
1290 4280 1342 4331 in
1374 4276 1596 4333 Francia
1625 4281 1786 4347 capite
1818 4289 2127 4333 truncatum.
2161 4277 2259 4330 Ca-
2366 4276 2507 4344 quod
2536 4274 2672 4344 apud
2704 4276 2916 4331 Graecos
2958 4277 3300 4346 martyrium;
3352 4278 3586 4345 quamvis
3629 4291 3728 4329 non
3777 4277 3911 4330 idem

683 4361 770 4417 put
807 4350 1058 4412 Hispalim
1089 4352 1335 4412 delatum,
1368 4351 1620 4402 civitatem
1652 4352 1821 4402 multis
1859 4350 2256 4411 calamitatibus,
2292 4397 2337 4417 η
2370 4362 2586 4412 prorsus
2613 4348 2749 4413 apud
2778 4348 2917 4411 illos,
2950 4348 3035 4417 qui
3064 4348 3201 4412 apud
3233 4362 3349 4411 nos,
3380 4362 3561 4401 earum
3589 4362 3772 4398 vocum
3798 4364 3915 4400 sen-

679 4397 864 4487 ;uibus
892 4397 984 4470 [ioc
1016 4427 1119 4470 toto
1150 4397 1406 4484 septen'nio
1438 4419 1772 4485 laboraverat,
1807 4421 2101 4472 asseruisse.
2129 4397 2258 4470 Cur:
2292 4397 2338 4456 D
2364 4397 2454 4468 sus
2492 4417 2579 4467 sit.
2615 4397 2742 4469 Nam
2789 4397 2981 4472 Gril‘,Ci'
3006 4397 3243 4485 martyrii
3275 4397 3506 4487 nomine
3550 4431 3914 4485 nonnunquam

689 4504 784 4556 pus
822 4506 850 4539 a
885 4489 941 4540 Β.
971 4489 1195 4541 Eusebio
1238 4489 1528 4540 Arelatensi
1578 4490 1826 4555 episcopo
1878 4490 1926 4541 in
1972 4488 2254 4550 Hilarensi,
2366 4494 2527 4538 totam
2563 4488 2836 4541 Basilicam
2886 4487 3205 4556 martyribus
3234 4486 3461 4539 dicatam
3510 4490 3788 4554 appellant.
3823 4487 3911 4539 La-

690 4561 803 4625 lege
849 4558 1158 4611 Bituriccnsi
1212 4567 1265 4610 et
1300 4557 1533 4625 intellige
1574 4559 1774 4611 nonde
1817 4558 1925 4622 ipsa
1956 4557 2253 4624 Metropoli,
2367 4557 2458 4608 tini
2491 4571 2617 4609 vero
2647 4569 2845 4623 partem
2888 4566 3088 4609 tantum
3129 4558 3269 4609 illam
3314 4557 3366 4609 in
3407 4558 3647 4617 ecclesia,
3680 4558 3762 4608 ubi
3794 4573 3917 4609 con-

684 4630 777 4683 Seil
806 4630 872 4683 de
901 4628 999 4681 alia
1032 4643 1149 4697 qua:
1179 4626 1469 4687 Vastinuiu,
1505 4627 1666 4680 Valan
1697 4628 2006 4695 appellatur,
2041 4630 2261 4681 civitate
2364 4626 2488 4679 (ἥκω
2528 4636 2650 4679 sunt
2692 4626 2927 4693 reliquias
2969 4626 3066 4678 sub
3109 4626 3283 4688 altari,
3318 4642 3417 4677 non
3460 4628 3626 4694 ipsam
3666 4627 3914 4688 integram

689 4699 773 4767 pie
826 4703 1112 4767 sepultum.
1165 4697 1292 4764 Ejus
1341 4697 1514 4767 passio
1562 4698 1885 4751 describitur
1934 4700 2071 4766 apud
2121 4697 2256 4750 Phil.
2364 4697 2643 4767 ecclesiam
2718 4697 2987 4765 appellant
3057 4698 3465 4751 confessionem.
3550 4698 3811 4750 Banoaius
3866 4697 3914 4749 in

693 4765 897 4836 Labhe,
929 4769 1059 4823 Bibl.
1092 4766 1224 4822 Nov.
1256 4778 1383 4819 toni.
1410 4765 1472 4827 ll,
1501 4783 1552 4835 p.
1575 4768 1703 4830 Ml,
1734 4768 1822 4833 qui
1847 4768 1920 4820 ait
1951 4765 2260 4836 persecuto-
2365 4766 2525 4836 notis.

688 4857 798 4893 rein
834 4834 1077 4893 Lauriani
1123 4840 1293 4905 potius
1337 4834 1616 4890 dicendum
1648 4839 1879 4908 Agitant.
1913 4834 1999 4904 qui
2053 4849 2175 4891 tunc
2208 4837 2258 4890 iii
2440 4834 2458 4871 τ
2492 4834 2692 4908 Gauris.
2746 4835 2800 4888 In
2852 4849 2985 4904 pago
3030 4834 3376 4908 Trevirensi._
3409 4835 3509 4902 Qui
3539 4837 3609 4908 ‘in
3656 4835 3916 4908 provincia

688 4911 942 4977 Hispania
971 4909 1303 4976 Wescgoiliis
1337 4919 1578 4974 pra-erat,
1614 4905 1766 4974 quam
1797 4908 2046 4960 Totilam.
2156 4976 2165 4977 ί
2367 4906 2668 4974 Aquitania:
2696 4912 2865 4970 ortus,
2914 4905 3239 4977 temporibus
3264 4905 3552 4960 llildeberti
3596 4910 3730 4975 regis
3759 4906 3915 4958 Fran-

766 4976 802 5013 αί
823 4980 1030 5035 Donati.
1078 4978 1295 5031 Rectius
1325 4979 1554 5041 ltoniiiii,
1586 4988 1639 5029 ut
1675 4988 1933 5030 teSiaiitur
1964 4976 2259 5039 Usuardiis,
2365 4990 2549 5029 corum
2586 4979 2802 5041 patriam
2837 4986 3184 5042 parentesque
3208 4976 3465 5040 deseruit,
3498 4987 3551 5031 et
3580 4979 3630 5030 in
3662 4977 3915 5044 provincia

694 5050 832 5112 Ado,
861 5053 1137 5112 llarouius,
1187 5049 1252 5099 de
1283 5047 1564 5115 quotircg.
1593 5047 1792 5100 'l'uruii.
1825 5051 1892 5100 de
1921 5045 2098 5100 Gloria
2128 5062 2265 5101 inar-
2366 5060 2484 5112 quac
2535 5046 2718 5098 Rheno
2768 5045 2969 5098 ﬂumini
3019 5050 3285 5112 contigua,
3326 5047 3563 5114 Trigoria
3610 5047 3914 5114 appellatur,

694 5134 886 5191 tyruin,
906 5136 941 5184 ι,
969 5120 1090 5191 100.
1124 5118 1269 5191 Hunc
1297 5117 1552 5191 Baronius
1582 5117 1759 5191 nescio
1788 5132 1887 5185 qua
1916 5118 1982 5171 de
2011 5133 2167 5172 causa
2195 5116 2264 5172 ab
2364 5126 2537 5191 atque
2573 5118 2635 5167 ad
2666 5116 2921 5191 dimi-eain
2955 5118 3186 5182 pertinet
3208 5116 3574 5191 l‘revirorum,
3611 5119 3716 5191 Deo
3744 5118 3917 5168 deser-

694 5186 817 5255 isto,
843 5206 998 5257 quem
1032 5188 1315 5253 Gregorius
1350 5189 1543 5257 laudat,
1579 5187 1871 5254 distinguit.
2366 5186 2478 5257 vire
2510 5186 2765 5257 decrevit.
2804 5186 3175 5257 Episcopatum
3208 5186 3573 5241 Trevireiisem
3613 5188 3708 5239 sibi
3739 5200 3917 5252 magna

764 5265 790 5298 δ
822 5255 949 5313 ibid.
980 5259 1119 5313 Zoaz.
1153 5258 1227 5311 De
1256 5271 1314 5309 ea
1348 5255 1514 5323 pridie
1540 5258 1809 5324 agebatur.
2367 5255 2615 5308 instantia
2646 5257 2901 5318 oblatum,
2935 5256 3125 5308 nedum
3157 5259 3437 5319 recusavit,
3469 5260 3559 5309 sed
3592 5273 3656 5309 ne
3684 5256 3748 5309 ad
3779 5257 3917 5308 illum

770 5345 790 5371 ο
822 5330 997 5386 Isaiae.
1029 5333 1125 5395 Qui
1156 5327 1253 5382 sub
1280 5328 1517 5379 Manassc
1547 5342 1667 5393 rege
1697 5338 1872 5379 sectus
1904 5326 1951 5377 in
1983 5325 2115 5379 duas
2144 5341 2264 5395 par—
2368 5326 2666 5395 traheretur
2717 5328 2928 5387 invitus,
2983 5342 3011 5375 a
3044 5325 3153 5378 Deo
3202 5327 3424 5380 obtinuit
3472 5328 3602 5379 intra
3648 5326 3917 5379 terminum

696 5411 775 5455 tes
801 5393 1068 5462 occubuit,
1094 5399 1436 5466 sepultusque
1462 5405 1544 5450 est
1569 5398 1666 5448 sub
1691 5412 1888 5465 quercu
1916 5397 2079 5466 llogel
2105 5393 2261 5465 juxta
2365 5393 2435 5446 20
2467 5395 2670 5447 ὀίω-ων
2700 5396 2780 5447 sui
2811 5410 3048 5466 corporis
3076 5394 3415 5449 stilutionem.
3458 5398 3658 5463 Corpus
3685 5407 3853 5449 autem
3886 5411 3913 5445 a

697 5474 973 5525 tiansituni
1003 5464 1278 5535 aquarum.
1327 5467 1607 5520 Damnatis.
2006 5464 2017 5466 ’
2110 5464 2125 5535 ί
2223 5533 2234 5535 Α
2367 5465 2571 5535 duobus
2601 5464 2923 5533 presbyteris
2965 5468 3123 5518 sociis
3169 5480 3300 5527 suis,
3329 5478 3382 5520 et
3423 5470 3488 5518 ab
3518 5468 3636 5518 aliis
3667 5468 3918 5528 sepultum

770 5544 795 5582 d
833 5533 1190 5609 Trauquilliui.
1221 5538 1349 5591 Vide
1374 5539 1503 5591 Acta
1530 5535 1824 5592 Sebastiani
1856 5536 1994 5607 apud
2022 5533 2259 5589 Bollaiid.
2368 5533 2467 5609 ᾖιίι
2511 5536 2573 5609 in
2597 5536 2794 5609 eadem
2814 5536 3223 5609 ecclesia_quam
3276 5535 3387 5603 ipse
3416 5536 3767 5609 :edilicavcrat
3794 5550 3920 5587 anno

699 5612 784 5664 die
814 5627 879 5662 xx
910 5600 1170 5663 Januarii.
1892 5600 1908 5607 ’
2369 5600 2576 5657 Domini
2605 5601 2728 5656 600.
2763 5603 2928 5659 [θετῆ.
2958 5618 3022 5660 ns
3051 5600 3191 5661 Nam

2369 5600 2576 5657 Domini
2605 5601 2728 5656 600.
2763 5603 2928 5659 Perii.
2958 5618 3022 5660 ns
3051 5600 3259 5662 NATAL.
3293 5600 3447 5662 Cum.
3477 5608 3602 5660 Sen.

771 5691 793 5715 ε
825 5682 1221 5744 (.‘oujessimimi.
1263 5678 1540 5733 Confessio
1579 5677 1713 5747 apud
1746 5677 1958 5735 Latinos
1990 5675 2127 5731 idem
2160 5683 2259 5739 est,

765 3911 953 3965 Florus
992 3909 1043 3964 in
1074 3914 1137 3967 A.
1168 3910 1230 3964 T.
1262 3910 1322 3963 L.
1343 3951 1357 3976 ,
1388 3909 1569 3965 Roma:
1612 3911 1785 3979 passio
1832 3911 1889 3966 S.
1918 3909 1943 3948 ά
1970 3913 2248 3982 Tranquil-
