4240 6516
348 348 450 407 969

1468 350 1656 407 SECT.
1701 351 1761 405 ΙΙ.
1801 382 1870 395 -
1910 352 2464 407 MARTYROLOGIA.

3473 344 3571 401 970

1621 462 1844 516 EDITIO
1882 462 2345 519 COLONIENSIS.

343 563 458 605 cem
488 560 541 606 et
568 566 777 607 novem.
823 550 1020 605 Eodem
1072 551 1153 603 die
1197 554 1362 605 sancti
1394 550 1657 607 Wilibaldi
1702 551 1910 607 confes-
1935 572 1981 626 Α
2013 555 2180 608 saneti
2231 553 2459 608 Zenonis
2498 556 2765 626 martyris,
2797 566 2852 611 et
2874 555 3097 608 aliorum
3128 554 3310 608 decem
3346 551 3566 608 mil.iuin

344 655 501 695 80118.

414 729 479 785 G.
525 731 630 786 Vlll
677 731 794 787 lous
838 734 996 787 Juut.
1038 732 1093 786 In
1141 748 1271 803 pago
1322 736 1579 797 Austrim,
1636 742 1690 786 et
1735 744 1908 788 caStro

345 822 557 876 nomine
580 821 917 890 Wirciburg,,
923 825 1069 892 juxta
1092 823 1303 877 Menum
1331 824 1542 878 ﬂuvium
1574 825 1697 888 sito,
1732 825 1907 878 natale

292 964 295 965 ,
344 914 510 967 sancti
540 912 734 967 Kifiani
776 914 1046 982 martyris,
1096 922 1151 968 et
1194 914 1417 968 duorttm
1464 914 1725 967 sociorum
1772 917 1910 982 ejus,

344 1002 429 1071 qui
471 1003 538 1055 ab
577 1002 822 1057 Hibernia
872 1003 1152 1057 Scotorum
1185 1004 1352 1057 insula
1390 1004 1679 1068 venientes,
1715 1019 1908 1059 nomen

343 1088 538 1144 Christi
584 1092 635 1145 in
684 1092 952 1161 praedictis
981 1094 1113 1147 locis
1145 1094 1586 1162 praedicaverunt,
1635 1097 1807 1164 ibique
1841 1097 1910 1163 ob

343 1182 581 1236 veritatis
626 1183 1020 1237 confessionem
1056 1185 1153 1237 sub
1183 1187 1410 1252 quodam
1439 1186 1616 1252 judice
1640 1189 1908 1242 Gozberto

344 1275 593 1329 trucidati
637 1286 781 1339 sunt,
830 1286 884 1329 et
930 1275 1109 1329 multis
1159 1288 1337 1345 postea
1377 1278 1543 1347 signis
1572 1280 1680 1333 veri
1710 1279 1907 1334 Christi

343 1376 602 1435 martyres
630 1379 749 1421 esse
777 1366 1103 1421 claruerunt.
1136 1365 1191 1419 lu
1226 1366 1503 1421 Palaestina
1538 1370 1711 1423 natale
1737 1370 1906 1424 Sancti

340 1456 605 1525 Procopii,
649 1457 736 1525 qui
768 1473 795 1510 a
824 1456 1066 1525 Nicopoli
1115 1457 1308 1512 ductus
1347 1456 1668 1526 Caesaream,
1706 1460 1773 1514 ad
1800 1461 1907 1526 pri-

340 1564 480 1603 mam
532 1550 934 1618 responsionum
983 1549 1382 1609 conﬁdentiam.
1428 1551 1562 1604 irato
1591 1550 1771 1621 judice
1800 1552 1905 1605 Fa-

339 1640 515 1706 biano,
547 1642 717 1709 capite
745 1655 914 1695 caesus
942 1649 1044 1695 est.
1078 1640 1232 1707 Apud
1277 1638 1452 1693 Asiam
1488 1641 1745 1696 minorem
1776 1656 1905 1695 san-

337 1739 540 1783 ctorum
595 1729 797 1799 Aquilae
840 1738 896 1784 et
942 1729 1199 1784 Priscilla:
1245 1730 1428 1783 uxoris
1481 1730 1618 1799 ejus,
1673 1746 1896 1800 quorum

339 1815 506 1872 Lucas
535 1818 585 1871 in
617 1818 835 1872 Actibus
864 1818 1230 1885 apostolorum
1264 1819 1523 1872 meminit.

2013 643 2358 698 ducentorum
2383 654 2436 699 et
2470 645 2646 700 trium.
2681 646 2735 700 In
2756 646 2970 701 civitate
2997 644 3139 713 'l‘yro
3168 643 3341 698 natale
3366 654 3575 699 sancto-

2016 749 2132 787 rum
2163 735 2453 788 Anatboliat
2481 744 2534 789 et
2563 738 2807 795 Attdat-is.
2859 738 2955 788 sub
3014 734 3173 789 Decio
3227 734 3571 803 imperat0rc.

1990 819 2226 886 Quorum
2255 823 2537 877 Auatliolia
2578 838 2699 877 cum
2726 827 2918 877 multos
2956 824 3005 877 in
3042 825 3239 879 Piceno
3259 824 3454 893 oppido
3487 826 3572 878 itt-

1998 911 2203 977 ftrmos,
2228 911 2489 966 Innaticos
2512 929 2574 968 ac
2600 914 2961 969 dazmoniacos
3006 927 3267 982 curasset,
3300 916 3456 969 ducta
3476 925 3581 980 cst,

1988 1004 2210 1076 jubente
2242 1007 2604 1076 Faustiuiano,
2651 1009 2717 1062 ad
2768 1009 3033 1063 civitatem
3062 1010 3283 1080 Tyrum,
3327 1019 3382 1065 et
3410 1008 3585 1063 diver-

1999 1096 2077 1148 sis
2134 1097 2402 1166 plagarum
2444 1098 2730 1168 generibus
2775 1108 3004 1164 vcxata;
3060 1099 3249 1154 deinde
3289 1114 3409 1152 cum
3467 1113 3583 1151 scr-

1996 1197 2155 1255 pente
2177 1200 2285 1245 tota
2311 1200 2467 1246 nocte
2499 1192 2723 1257 inclusa,
2755 1191 2884 1245 nihil
2920 1192 3042 1246 laesa
3070 1194 3387 1261 est,quinet
3410 1191 3579 1259 ipsmn

1993 1277 2246 1347 Marsum,
2275 1281 2361 1351 qui
2389 1294 2689 1350 serpentem
2723 1285 3023 1346 dimiserat,
3045 1286 3259 1339 nomine
3290 1285 3582 1339 Audacem.

2006 1377 2166 1418 mane
2205 1378 2235 1417 a
2273 1379 2369 1418 suo
2412 1377 2662 1433 serpente
2706 1363 3093 1430 devorandum,
3141 1364 3354 1435 eripuit,
3405 1374 3461 1419 et
3504 1369 3569 1419 ad

2004 1453 2270 1510 Christum
2318 1457 2745 1529 martyriumque
2788 1459 3075 1513 convertit.
3130 1456 3260 1513 Nam
3292 1459 3404 1526 ipse
3452 1466 3571 1526 post

2006 1544 2119 1600 haec
2143 1548 2211 1600 ob
2238 1546 2629 1603 confessionem
2686 1548 2923 1603 veritatis
2963 1549 3017 1604 in
3057 1547 3348 1605 custodiam
3390 1548 3568 1612 datus,

2004 1653 2104 1693 nec
2133 1653 2281 1693 mora
2312 1638 2523 1705 capitali
2552 1641 2812 1694 sententia
2841 1647 2924 1695 est
2951 1650 3258 1695 coronatus.
3291 1640 3405 1708 ipsa
3436 1655 3570 1707 quo-

2004 1746 2108 1804 que
2136 1732 2281 1798 virgo
2316 1731 2514 1787 Christi
2561 1730 3012 1798 transverberata,
3045 1746 3163 1786 cum
3192 1739 3358 1783 staret
3385 1740 3573 1782 exten-

2004 1826 2083 1879 sis
2132 1826 2375 1879 manibus
2403 1824 2455 1878 in
2486 1826 2747 1891 oratione,
2798 1825 2867 1877 ita
2916 1832 2975 1878 ut
3017 1837 3115 1893 per
3158 1823 3401 1876 dextrum
3434 1821 3574 1874 Iulus

412 1910 477 1965 A.
518 1908 605 1964 Vll
638 1907 753 1965 lous
792 1910 954 1966 JULIl.
995 1906 1181 1963 Roma:
1224 1908 1291 1963 ad
1338 1908 1553 1964 Guttam
1602 1921 1902 1966 manantem
1934 1904 2212 1983 Bgladius
2262 1914 2495 1981 missus,
2545 1928 2638 1983 per
2683 1913 2960 1968 sinistrum
3009 1912 3200 1978 exiret,
3243 1910 3446 1978 sepulta
3490 1917 3573 1962 est

903 2006 910 2014 ’
1582 2019 1805 2075 EDITIO
1846 2021 2344 2078 BOLLANDIANA.

339 2129 426 2192 D.,
462 2126 777 2198 Alexandria
808 2124 874 2198 S._
898 2135 924 2163 ι
946 2126 1184 2198 Panteni.
1213 2126 1412 2198 Romae,
1443 2136 1729 2198 martyrum
1758 2126 1783 2166 δ
1807 2128 1901 2182 Ni-

335 2199 550 2252 costrati
571 2239 586 2264 ,
623 2196 813 2260 Primi,
843 2196 1064 2262 Sesinii,
1096 2206 1118 2235 α
1142 2195 1342 2250 Claudii
1370 2195 1897 2263 commentariensis,

336 2268 559 2322 Castorii
584 2308 601 2333 ,
636 2267 927 2325 Victorini.
974 2265 1341 2335 Symphoriani
1368 2306 1383 2331 ,
1424 2280 1557 2335 quos
1609 2269 1663 2318 ll.
1704 2267 1902 2322 Sebas-

337 2340 510 2391 tianus
550 2338 772 2408 credere,
814 2334 1084 2389 Christum
1126 2335 1342 2401 docuit,
1389 2344 1444 2391 et
1481 2334 1539 2391 S.
1573 2336 1898 2408 Polycarpus

337 2409 609 2478 presbyter
640 2407 941 2475 baptizavit.

407 2495 687 2552 8.—\llll
742 2494 880 2550 lous.
927 2494 1111 2551 Natale
1150 2491 1439 2565 dProcopii
1486 2495 1537 2550 in
1586 2494 1896 2565 Palaestina,

334 2588 422 2657 qui
454 2588 522 2643 ab
544 2587 855 2658 Scytbopoli
886 2587 1073 2641 ductus
1099 2586 1413 2652 thsaream,
1437 2587 1503 2643 ad
1531 2590 1754 2656 primam
1785 2605 1899 2646 res-

337 2679 651 2749 ponsionum
684 2679 798 2748 ejus
826 2678 1198 2735 conﬁdentiam
1230 2677 1366 2734 irato
1394 2679 1577 2735 Judice
1610 2682 1897 2750 Flaviano,

332 2769 504 2837 capite
531 2781 701 2822 caesus
726 2777 825 2822 est.

408 2856 491 2920 8.,
546 2855 781 2925 Augusta
810 2854 1211 2911 Virmandorum
1262 2858 1496 2914 inventio
1543 2857 1782 2925 corporis
1833 2859 1892 2915 S.

339 2924 1048 2997 {QuintiliiimartyrisLEt
1095 2927 1222 2983 alibi
1268 2928 1475 2997 Agresti
1503 2969 1517 2993 ,
1561 2928 1796 2986 Primuli.
1842 2931 1900 2985 In

335 2994 490 3051 Nicen
521 2994 767 3060 Sostrati,
799 2994 998 3050 Eradii.

404 3083 552 3167 9:—
576 3084 681 3167 VII,
715 3084 851 3142 lous.
884 3086 940 3141 In
987 3085 1198 3142 civitate
1248 3086 1445 3159 'Tyraa
1496 3087 1590 3162 [V.
1624 3080 1799 3144 Torta.
1836 3089 1900 3144 Τ.

332 3166 531 3249 Tityro.
566 3175 629 3230 L.
658 3166 861 3249 Tiriaz],
891 3178 1066 3234 natale
1096 3178 1197 3235 SS.
1227 3178 1520 3235 Auatholia:
1561 3189 1615 3236 et
1670 3182 1901 3237 Audacis

1997 2131 2099 2187 sub
2131 2130 2289 2186 Decio
2321 2132 2670 2202 imperatore;
2695 2146 2919 2201 quorum
2950 2131 3251 2197 Anatholia,
3284 2149 3401 2188 cum
3429 2137 3565 2188 mul-

1999 2226 2083 2274 tos
2134 2220 2186 2274 in
2233 2220 2424 2276 Piceno
2474 2221 2751 2287 inﬁrmos,
2801 2222 3061 2277 Innaticos
3108 2238 3169 2277 ac
3214 2226 3567 2278 daemoniacos

1997 2322 2274 2376 curasset;
2314 2311 2469 2366 ducta
2499 2323 2579 2367 est
2611 2312 2828 2383 jubente
2861 2312 3164 2368 Festiniano
3198 2314 3261 2368 ad
3294 2314 3564 2369 civitatem

1998 2401 2169 2472 Tyras,
2198 2412 2250 2457 et
2274 2402 2497 2456 diversis
2529 2403 2796 2473 plagarum
2824 2404 3107 2471 generibus
3129 2415 3335 2458 vexata.
3361 2404 3565 2460 Deinde

1999 2509 2121 2549 cum
2168 2501 2419 2565 serpente
2470 2504 2575 2547 tota
2626 2504 2779 2549 nocte
2825 2494 3024 2549 inclusa
3053 2534 3068 2558 ,
3100 2493 3227 2548 nihil
3277 2495 3400 2549 ltesa
3443 2508 3564 2550 est:

1999 2584 2124 2655 quin
2154 2596 2207 2640 et
2237 2587 2407 2655 ipsum
2441 2584 2762 2648 ministrum,
2792 2586 2880 2652 qui
2912 2596 3209 2654 serpentem
3242 2586 3559 2652 immiserat,

2002 2678 2214 2732 nomine
2241 2676 2536 2743 Audacem,
2563 2690 2717 2729 mane
2743 2692 2769 2729 a
2800 2690 2897 2730 suo
2928 2686 3176 2743 serpente
3203 2677 3561 2731 devorandum

2000 2768 2216 2837 eripuit,
2243 2778 2297 2824 et
2322 2769 2389 2823 ad
2409 2770 2607 2825 Christi
2630 2770 2936 2840 martyrium
2964 2771 3239 2827 convertit.
3271 2770 3561 2844 (Hactenus

2006 2865 2097 2933 A.)
2127 2864 2255 2918 Nam
2285 2865 2396 2933 ipse
2426 2873 2545 2932 post
2591 2867 2691 2918 hoc
2719 2864 2788 2918 ob
2825 2865 3208 2920 confessionem
3242 2867 3479 2922 veritatis
3511 2867 3561 2920 in

2005 2954 2302 3011 custodiam
2331 2956 2505 3015 datus.
2547 2969 2643 3009 nec
2671 2969 2845 3021 mora,
2875 2954 3086 3024 capitali
3117 2956 3376 3010 sententia
3406 2972 3563 3011 coro-

2009 3056 2164 3102 natus
2209 3056 2309 3102 est.
2342 3046 2456 3116 Ipsa
2500 3062 2707 3115 quoque
2740 3046 2897 3116 Virgo
2930 3047 3124 3101 Christi
3170 3048 3344 3118 gladio
3391 3058 3564 3103 trans~

2008 3140 2284 3195 verberata
2313 3147 2398 3194 est
2419 3180 2432 3205 ,
2465 3152 2586 3192 cum
2625 3145 2792 3192 staret
2818 3137 3050 3193 extensis
3078 3139 3320 3194 manibus
3359 3140 3409 3194 in
3437 3154 3562 3191 ora-

408 3370 434 3399 ι
467 3360 699 3416 Panteni.
751 3359 940 3416 Stoicte
991 3368 1149 3414 sectae
1203 3359 1541 3429 philosophi,
1592 3361 1681 3430 qui
1711 3269 2199 3430 ῗῗὶῖεηοᾟῖᾗιι
2227 3357 2347 3430 ldus
2379 3357 2565 3430 ,lulias.
2598 3356 2765 3430 Graeci
2802 3370 3014 3430 quoque
3054 3356 3153 3430 h_oc
3193 3358 3307 3427 ipso
3332 3358 3420 3413 die
3450 3376 3556 3413 me-

332 3434 615 3502 quamdam
666 3441 899 3486 veterem
949 3431 999 3502 in
1048 3432 1361 3485 Alexandria
1406 3431 1885 3502 consuetudinem,

335 3499 426 3558 tibi
451 3518 480 3555 a
512 3503 687 3557 Marco
732 3501 1052 3569 evangelista
1085 3514 1297 3570 semper
1340 3499 1687 3555 ecclesiastici
1739 3500 1891 3556 fuere

334 3573 624 3637 ductores,
678 3580 836 3625 tantm
884 3570 1173 3639 prudentiae
1221 3578 1275 3622 et
1320 3570 1631 3623 eruditionis
1682 3579 1787 3625 tam
1840 3573 1891 3627 in

339 3641 633 3710 Scripturis
661 3641 851 3694 divinis
879 3654 1035 3708 quam
1067 3642 1116 3693 in
1164 3640 1401 3710 sazculari
1437 3641 1727 3694 litteratura
1757 3641 1889 3707 fuit,

339 3722 400 3766 ut
432 3709 483 3764 in
514 3711 712 3765 lndiam
739 3724 973 3780 quoque
996 3720 1210 3780 rogatus
1239 3709 1306 3763 ab
1344 3709 1482 3762 illius
1511 3711 1681 3777 gentis
1707 3711 1892 3780 legatis

340 3794 374 3833 a
427 3780 689 3835 Demetrio
740 3778 1082 3834 Alexandria!
1118 3779 1367 3847 episc0po
1415 3781 1714 3833 mitteretur
1740 3778 1773 3844 ;’
1802 3780 1890 3834 ubi

343 3853 544 3918 reperit
570 3849 1009 3905 Bartholomaeum
1054 3849 1119 3902 de
1163 3850 1437 3903 duodecim
1488 3851 1743 3916 apostolis
1793 3851 1888 3903 ad-

339 3931 555 3975 ventum
584 3920 788 3974 Domini
814 3919 937 3973 Jesu
963 3919 1109 3986 juxta
1138 3918 1362 3971 Matthzei
1386 3918 1723 3988 Evangelium
1758 3934 1893 3987 pm-

337 3992 545 4045 dicasse
567 4030 582 4054 ,
610 3991 746 4057 quod
780 3988 1053 4043 Hebraicis
1079 3989 1266 4042 litteris
1296 3989 1548 4055 scripturn
1571 4030 1584 4051 ,
1617 4000 1892 4044 revertens

337 4060 733 4126 Alexandriam,
757 4074 934 4113 secum
958 4059 1165 4112 detulit.
1194 4058 1380 4111 Docuit
1398 4061 1498 4112 sub
1522 4059 1722 4113 Severo
1748 4060 1893 4125 prin-

336 4131 459 4199 cipe
486 4139 538 4183 et
564 4131 832 4184 Antonino
857 4138 1206 4196 cognomento
1233 4127 1523 4199 Caracalla.
1558 4129 1675 4199 Fuit
1700 4140 1750 4183 et
1770 4130 1894 4184 Cle-

340 4195 536 4284 mentis
577 4195 1520 4286 Alexa‘ttdri'nijprtncepto‘r.nllieron.
1556 4198 1606 4252 iit
1638 4199 1889 4267 Catalogo

334 4270 677 4351 scriptaeccl.
712 4270 901 4350 Euseb.
930 4267 1065 4349 Hist.
1090 4283 1141 4330 v,
1176 4268 1258 4333 l0,
1287 4270 1372 4322 ll.
1788 4340 1795 4349 .

415 4336 768 4393 bNicostrati.
819 4340 982 4391 Mariti
1032 4339 1089 4392 S.
1134 4338 1257 4392 Zona
1284 4377 1297 4400 ,
1331 4353 1447 4405 quac
1493 4351 1648 4403 supra
1698 4338 1891 4390 colitur

330 4424 391 4463 1v
420 4409 552 4463 Non.
585 4406 729 4462 Julii.
780 4408 898 4463 Fuit
947 4418 999 4461 et
1047 4408 1147 4477 hic,
1180 4408 1562 4475 priuiiscrinius
1587 4446 1603 4471 ,
1653 4422 1746 4475 pro
1785 4422 1890 4477 quo

337 4480 476 4535 male
496 4479 742 4533 scribitur
772 4478 949 4543 Primi,
982 4476 1192 4531 Sesittii.

418 4559 440 4588 ε
465 4547 687 4603 Claudii.
714 4548 787 4602 De
814 4548 895 4600 his
923 4548 1165 4600 omnibus
1193 4544 1443 4612 scriptum
1475 4556 1557 4599 est
1581 4545 1631 4598 in
1653 4545 1799 4599 Actis
1825 4546 1885 4601 S.

337 4618 630 4674 Sebastiani
675 4618 812 4685 apud
861 4617 1166 4671 Bollandum
1214 4617 1369 4669 editis
1401 4632 1465 4668 xx
1498 4615 1752 4669 Januarii.
1799 4616 1889 4669 Di-

1994 3432 2219 3486 moriam
2258 3428 2530 3483 celebrant
2578 3428 2751 3495 magni
2801 3428 3047 3496 martyris
3077 3427 3316 3489 Procopii
3345 3468 3360 3487 ,
3393 3439 3448 3481 ut
3479 3434 3557 3482 vi-

1992 3501 2122 3556 dere
2168 3510 2249 3554 est
2299 3498 2352 3551 in
2400 3512 2585 3553 corum
2631 3496 2848 3552 Memno.
2886 3496 3074 3551 Verum
3125 3497 3224 3549 iste
3268 3499 3556 3563 Procopius

1994 3571 2147 3638 longe
2174 3570 2415 3623 diversus
2436 3576 2516 3621 est
2541 3581 2570 3619 a
2600 3576 2812 3633 nostro,
2846 3567 2969 3638 licet
2994 3566 3251 3621 Alliensis
3281 3566 3471 3634 fuerit,
3503 3584 3556 3622 et

1991 3636 2178 3694 eodem
2212 3638 2324 3692 fere
2358 3646 2597 3703 tempore
2626 3638 2915 3706 eademque
2944 3636 2995 3690 in
3028 3638 3240 3691 civitate
3271 3652 3458 3706 passus
3482 3642 3552 3692 sit

1995 3724 2096 3778 qua
2128 3719 2305 3762 noster
2328 3706 2637 3778 Procopius.
2667 3707 2793 3760 Nam
2819 3711 2900 3759 hic
2921 3707 3133 3778 quidem
3156 3719 3355 3772 nOSIer,
3383 3709 3551 3764 lcetur

1992 3776 2149 3848 atque
2178 3777 2439 3848 exorcista
2472 3777 2590 3848 [ηιμ
2619 3785 2674 3848 ut
2707 3785 2927 3848 testatur
2948 3776 3225 3848 Eusebius.
3250 3779 3397 3832 Alter
3424 3795 3548 3834 vero

1994 3845 2082 3902 ille
2108 3888 2123 3912 ,
2164 3850 2267 3901 dux
2310 3846 2407 3900 l‘nit
2448 3846 2682 3916 .Egypti.
2717 3846 2866 3900 Prior
2906 3845 3238 3900 Christianus
3279 3862 3307 3900 a
3351 3864 3554 3914 puero;

1994 3920 2127 3971 alter
2156 3919 2304 3971 initio
2332 3916 2428 3969 fuit
2452 3918 2751 3969 dremmium
2780 3917 2970 3970 cultor.
2998 3916 3189 3970 Noster
3210 3920 3363 3972 nullis
3392 3934 3547 3973 vexa-

1995 3996 2078 4040 tus
2108 3987 2383 4040 tormentis
2411 3985 2582 4051 gladio
2608 3988 2765 4037 vitam
2798 3985 2993 4051 amisit,
3020 3985 3333 4039 brevissimo
3364 3994 3548 4041 inertis

1990 4072 2185 4126 genere
2213 4070 2465 4126 coronam
2490 4055 2730 4126 martyrii
2761 4058 3098 4126 promeritus.
3128 4058 3274 4126 Alter
3304 4071 3429 4110 vero
3455 4058 3547 4110 ille

1990 4124 2241 4180 diuturno
2282 4139 2344 4178 ac
2390 4124 2698 4177 dillicillimo
2752 4125 3004 4192 martyrio
3052 4124 3357 4192 perfunctus
3390 4165 3405 4186 ,
3448 4128 3547 4180 sub

1990 4197 2197 4251 duobus
2226 4194 2523 4249 Palaestina:
2554 4193 2865 4262 prtesidinus
2894 4194 3042 4247 Justo
3067 4204 3119 4246 et
3148 4194 3399 4248 Flaviano
3429 4212 3547 4262 gra-

1990 4267 2204 4319 vissima
2251 4274 2509 4318 tormenta
2556 4265 2822 4315 sustinuit.
2867 4263 3054 4317 Noster
3092 4263 3318 4331 denique
3364 4275 3549 4330 captus

1990 4346 2075 4390 est
2122 4333 2469 4403 Scythmioli,
2519 4342 2676 4400 atque
2726 4335 2848 4387 inde
2899 4333 3194 4387 Caesaream
3253 4334 3546 4389 Palestinze

1992 4406 2307 4474 perductus,
2342 4403 2535 4457 ibidem
2583 4407 2752 4467 capite
2796 4418 2962 4456 czesus
2994 4414 3103 4474 est.
3151 4406 3454 4474 Alterivcro
3495 4407 3546 4458 iu

1990 4473 2227 4545 )Egypto
2254 4476 2666 4545 comprehensus
2686 4512 2700 4535 ,
2735 4474 2786 4526 in
2820 4474 2949 4527 urhe
2985 4473 3260 4527 Plioenices
3292 4473 3547 4529 C:es:ire.-i:

1989 4544 2105 4614 quae
2133 4555 2190 4599 et
2217 4545 2418 4598 Paneas
2444 4544 2584 4596 dicta
2616 4555 2696 4614 est
2722 4584 2737 4608 ,
2770 4548 3078 4614 martyrium
3119 4547 3501 4614 consummavit
3533 4588 3544 4607 ,

1990 4612 2032 4668 si
2063 4614 2330 4668 credimus
2357 4614 2588 4669 Simeoui
2618 4612 3006 4681 Metaplirastte.
3047 4613 3279 4666 Valesius
3309 4614 3358 4665 iu
3400 4612 3545 4666 Notis

338 4690 487 4767 versi
516 4683 730 4767 olunino
753 4696 875 4741 sunt
903 4686 1180 4767 hi_ab.i|lis
1211 4686 1666 4765 martyribus,_qui
1699 4685 1882 4767 iisdem
1915 4708 1964 4767 Ι)
1990 4683 2055 4738 ad
2073 4684 2300 4767 ‘Ett‘tsebii
2325 4683 2839 4767 caputlpraadictuui.

336 4758 641 4812 nominibus
669 4766 792 4810 sunt
827 4756 1094 4824 appellati,
1126 4765 1179 4807 et
1217 4770 1438 4822 quorum
1485 4755 1657 4821 agitur
1700 4756 1888 4809 natalis

338 4827 561 4880 inferius
608 4827 673 4879 ad
719 4841 769 4879 vt
812 4827 933 4881 ldus
960 4825 1213 4879 Novemb.
1264 4834 1418 4894 prout
1459 4824 1667 4879 diversa
1704 4839 1885 4879 eorum

342 4904 470 4951 Acta
500 4896 789 4950 declarant.

412 4966 437 5002 ά
462 4965 721 5035 Procopii.
758 4965 1042 5032 Proc0pius
1068 4964 1224 5035 domo
1252 4963 1345 5018 luit
1375 4964 1651 5029 Alliensis,
1685 4963 1888 5016 habita-

335 5037 410 5090 vit
461 5051 586 5089 vero
629 5034 934 5104 Scythopoli
963 5076 977 5099 ,
1009 5046 1165 5101 atque
1212 5034 1262 5087 in
1310 5050 1370 5087 ea
1421 5036 1547 5088 urbe
1579 5038 1758 5104 lector
1797 5035 1890 5087 fuit

337 5116 497 5174 atque
524 5102 803 5167 exorcista,
823 5102 877 5159 et
899 5118 1075 5158 sacras
1096 5104 1394 5171 Scripturas
1418 5119 1533 5171 qua:
1565 5102 1751 5174 Graeco
1776 5118 1891 5156 ser-

339 5173 498 5230 mune
528 5178 579 5229 in
606 5176 829 5229 etwlesia
858 5175 1184 5241 legebantur,
1216 5175 1499 5227 vernacula
1522 5214 1535 5237 ,
1571 5173 1620 5226 id
1649 5182 1732 5226 est
1757 5175 1887 5242 Syra

337 5248 515 5313 lingua
543 5287 557 5309 ,
592 5245 727 5311 plebi
772 5246 1142 5313 interpretatus
1168 5255 1267 5301 est.
1310 5244 1569 5299 Eusebius
1616 5246 1666 5296 in
1715 5243 1891 5295 libello

336 5319 409 5370 de
425 5312 743 5386 Martyribus
775 5312 1067 5386 Palmstinte
1094 5328 1210 5386 cap.
1238 5329 1275 5381 ι,
1311 5316 1452 5367 hunc
1482 5323 1635 5367 vocat
1663 5313 1887 5380 primum

337 5401 406 5440 ex
448 5380 761 5456 uiart'yribus
790 5380 1121 5456 Palaestinae,
1154 5380 1411 5456 docetque
1438 5397 1558 5437 eum
1591 5391 1886 5456 truncatum

337 5469 459 5510 esse
496 5451 598 5508 die'
622 5466 811 5506 octavo
856 5454 1050 5506 mensis
1094 5452 1230 5505 Desii
1256 5493 1271 5515 ,
1302 5453 1401 5505 huc
1429 5465 1509 5507 est
1532 5492 1548 5517 ,
1581 5462 1637 5505 nt
1667 5451 1885 5505 Romani

336 5528 563 5587 dicunt,
592 5534 713 5576 ante
746 5523 882 5577 diem
911 5522 1191 5586 septimum
1218 5523 1338 5575 ldus
1366 5522 1550 5576 .lunias
1575 5539 1586 5574 :
1615 5520 1888 5589 Inscriptio

336 5592 498 5662 hujus
526 5600 779 5648 Actorum
811 5608 858 5646 tv
890 5593 1067 5662 Nonas
1094 5592 1311 5662 Augusti
1340 5592 1735 5662 natalemdiem
1764 5605 1891 5643 cou-

333 5660 548 5731 sig'nat:
580 5667 707 5718 Acta
752 5662 863 5729 ipsa
896 5660 1072 5731 Nonas
1114 5660 1299 5714 .lulias.
1325 5661 1383 5731 in
1424 5661 1687 5731 omnibus
1714 5671 1889 5712 tamen

335 5729 717 5804 Martyrologiis
769 5730 955 5784 natalis
1003 5735 1062 5782 tt.
1120 5729 1356 5800 Procopii
1407 5729 1760 5789 celebrandas
1812 5739 1892 5783 est

617 5846 885 5906 ΡΑτιιοι..
936 5842 1146 5901 XCIV.

2069 4763 2092 4789 θ
2116 4754 2365 4819 Quintini.
2396 4754 2469 4806 De
2497 4752 2593 4803 hac
2622 4754 2923 4806 inventione
2952 4752 3028 4804 sic
3055 4749 3237 4804 scribit
3265 4751 3447 4804 Petrus
3477 4755 3545 4805 dc

1994 4821 2166 4877 Natat.
2208 4842 2226 4875 ι
2264 4825 2388 4877 Post
2414 4822 2701 4875 decursum
2735 4830 2909 4874 autem
2959 4835 3214 4873 annorum
3247 4822 3378 4885 510,
3421 4824 3545 4876 dum

2002 4910 2022 4944 ι
2058 4908 2250 4961 corpus
2277 4893 2443 4946 sancti
2477 4893 2726 4959 martyris
2748 4892 2937 4944 izerum
2960 4900 3098 4944 esset
3117 4890 3460 4960 incognitum,
3485 4896 3540 4947 ὃ.

2003 4979 2022 5013 ο
2064 4963 2229 5031 Eligio
2270 4962 2607 5015 Noviomeusi
2654 4962 2904 5027 episcopo
2951 4966 3234 5015 revetatnr.
3281 4963 3378 5026 Qui
3424 4972 3543 5029 post

2003 5049 2021 5083 ι
2056 5033 2308 5101 jejunium
2334 5032 2649 5094 triduanum,
2674 5032 2797 5083 dum
2828 5032 2998 5085 locum
3026 5032 3123 5084 sibi
3154 5041 3424 5085 ostensum
3454 5033 3544 5083 uhi

2004 5117 2025 5152 ι
2064 5104 2257 5155 latebat
2281 5102 2536 5155 ell'oderet
2561 5118 2572 5151 :
2598 5111 2750 5154 nocte
2775 5102 2860 5154 lux
2889 5101 2955 5156 de
2984 5105 3118 5156 casio
3146 5110 3286 5155 tanta
3317 5102 3545 5154 circum-

2003 5188 2025 5223 ι
2064 5173 2209 5225 fulsit
2236 5190 2249 5225 :
2280 5183 2334 5224 ut
2364 5174 2477 5224 dies
2517 5183 2628 5223 orta
2655 5185 2683 5222 a
2714 5172 2948 5238 pluribus
2994 5172 3298 5224 crederetur
3325 5187 3340 5225 :
3365 5171 3545 5224 odoris

2000 5258 2019 5293 ι
2057 5258 2265 5310 quoque
2308 5241 2607 5295 suavissimi
2651 5239 2921 5310 ﬂagrantia
2961 5241 3153 5306 erupit.
3182 5239 3388 5305 Corpus
3416 5256 3543 5307 ergo

1998 5329 2016 5361 ι
2053 5313 2223 5379 sancti
2257 5321 2521 5379 repertum
2547 5325 2607 5364 ac
2636 5311 2860 5363 levatum
2888 5312 3177 5365 honorillco
3201 5312 3388 5365 locello
3413 5326 3545 5363 con-

1998 5398 2016 5431 ι
2053 5380 2225 5445 didit,
2274 5384 2656 5448 ecclesiamque
2693 5391 2745 5435 et
2773 5381 3147 5437 monasterium
3190 5380 3386 5435 ibidem
3416 5383 3545 5433 aedi-7

1995 5468 2014 5501 ι
2049 5450 2226 5505 ﬁcavit
2251 5465 2389 5504 anno
2415 5449 2538 5503 657.
2572 5468 2590 5500 ι
3218 5470 3233 5487 κ

2066 5520 2094 5592 ῖ-
2114 5520 2492 5592 Tyrrc._Potius
2520 5520 2715 5575 Thura.
2744 5521 2909 5587 Quam
2957 5520 3174 5592 Dionys.
3220 5520 3549 5592 llaticarnas.

1993 5604 2021 5642 a
2073 5590 2243 5644 Reate
2297 5590 2530 5644 Latinam
2590 5592 2723 5644 viam
2775 5604 2955 5645 versus
3006 5590 3192 5644 stadiis
3242 5590 3310 5644 40
3355 5590 3555 5643 distare

1996 5669 2235 5716 leslatur.

3054 5829 3121 5889 31
