4240 6486
679 316 778 373 971

1458 315 1659 370 BED/E
1700 313 2151 369 νεΜῖιιΑΒιιιδ
2186 312 2339 365 OPP.
2382 308 2555 364 PARS
2598 307 2686 361 IV.
2728 337 2795 348 —
2828 307 3200 365 lllSTOlllCA.

3836 303 3939 364 973

1950 428 2177 485 EDITIO
2214 423 2679 481 COLONIENSIS.

677 538 838 579 mane
882 539 910 578 a
950 523 1151 578 civibus
1195 521 1559 591 Tyricnsibus,
1590 534 1708 589 quae
1743 533 1892 586 passa
1923 529 2003 573 est
2031 517 2254 587 septima
2286 522 2334 578 Α
2364 515 2437 568 ris
2463 522 2518 569 et
2544 512 2737 569 Felicis
2761 513 3164 578 decollatorum,
3218 529 3443 585 quorum
3477 531 3699 587 corpora
3730 520 3940 578 Medio-

687 615 805 668 ltlus
826 614 944 667 Julii
967 631 980 678 ;
1006 613 1189 668 Audax
1218 626 1341 665 vero
1365 612 1485 680 quia
1517 610 1582 662 de
1602 610 1821 664 Oriente
1844 619 1980 675 eral,
1997 608 2065 663 ab
2086 622 2251 664 uxore

683 720 775 760 sua
806 715 857 757 ct
888 704 1006 757 filiis
1036 702 1125 757 illo
1156 703 1443 756 translatus
1468 711 1571 757 est.

753 797 809 849 Β.
856 794 917 849 Vl
952 794 1066 849 Inus
1093 794 1255 849 Juut.
1301 794 1481 848 Romae
1511 802 1712 861 septem
1745 793 1983 857 fratrum,
2019 792 2251 847 filiorum

681 898 877 940 sancite
929 884 1260 939 Felicitatis:
1292 883 1343 937 id
1393 891 1497 949 est,
1552 882 1812 947 Januarii,
1865 881 2080 947 Felicis,
2129 880 2254 935 Phi-

684 975 831 1043 lippi.
878 974 1099 1041 Silvani,
1153 972 1465 1038 Alexandri,
1512 972 1693 1027 Vitalis
1732 982 1786 1027 et
1829 970 2103 1037 Martialis,
2150 972 2251 1026 sub

682 1068 931 1136 prasfecto
957 1066 1101 1118 urbis
1129 1064 1333 1128 Publio,
1362 1073 1598 1132 tempore
1622 1062 1877 1116 Antonini
1907 1062 2185 1131 principis.
2212 1064 2253 1117 Ε

670 1158 871 1225 quibus
892 1156 1177 1211 Ianuarius
1201 1163 1315 1225 post
1342 1154 1565 1208 verbera
1588 1154 1851 1223 virgarum
1878 1162 1931 1208 et
1951 1168 2250 1223 carcerum,

685 1248 968 1314 plumbatis
1010 1247 1217 1301 occisus
1262 1255 1381 1299 est:
1414 1243 1560 1299 Felix
1604 1252 1657 1299 et
1706 1242 1982 1311 Philippus
2026 1242 2252 1298 fustibus

669 1337 1178 1404 ‘tnactati,Silvanus
1206 1336 1500 1406 praecipitio
1525 1335 1874 1402 interemptus
1897 1342 1997 1399 est,
2027 1335 2253 1388 Alexan-

680 1430 798 1497 der,
826 1429 1013 1483 Vitalis
1035 1440 1089 1484 et
1112 1427 1365 1482 Martialis
1387 1424 1596 1495 capitali
1624 1424 1885 1480 sententia
1918 1424 2081 1492 puniti
2105 1432 2251 1478 sunt.

696 1521 751 1576 In
785 1521 959 1577 Africa
989 1519 1163 1574 natale
1193 1527 1494 1574 sanctorum
1543 1516 1806 1582 Januarii,
1850 1516 2061 1581 Marini,
2093 1516 2263 1570 Nabo—

2362 604 2541 659 Ianum
2564 604 2813 659 translata
2841 614 2985 657 sunt.

2431 694 2492 749 C.
2537 695 2575 747 V
2610 694 2728 748 Inus
2756 694 2923 749 Juut.
2954 696 3251 751 Translatio
3279 699 3445 752 sancti
3474 699 3745 756 Benedicti
3772 704 3935 757 abha-

2365 785 2452 839 tis.
2481 786 2761 855 Postquam
2792 786 2958 851 enim,
2987 787 3123 841 sicut
3161 788 3273 855 ipse
3311 788 3491 842 vivens
3522 791 3785 859 praedixit,
3820 810 3935 849 mo.

2364 881 2652 935 nasterium
2706 880 2824 951 ejus
2871 896 2900 935 a
2951 881 3199 951 gentibus
3244 890 3506 936 vastatum
3555 894 3659 950 est,
3709 886 3933 942 Domino

2362 974 2667 1038 revelante,
2699 983 2966 1043 repertum
3019 980 3102 1027 est
3147 987 3340 1041 corpus
3387 975 3535 1044 ejus,
3576 978 3705 1028 etin
3737 976 3933 1033 Gallias

2365 1069 2701 1135 translatum,
2754 1077 2916 1137 atque
2950 1069 3000 1121 in
3031 1070 3355 1123 monasterio
3386 1069 3521 1136 quod
3563 1080 3779 1123 vocatur
3806 1070 3931 1123 Fiu-

2364 1160 2587 1225 riacum,
2618 1158 2885 1226 condigne
2930 1157 3219 1225 sepultum.
3258 1155 3596 1211 Translatum
3623 1167 3705 1212 est
3733 1159 3933 1226 pariter

2362 1250 2520 1305 etiam
2549 1263 2743 1315 corpus
2772 1248 2941 1304 beatae
2982 1247 3350 1310 Scholasticte.
3383 1249 3582 1301 sororis
3607 1248 3744 1316 ejus,
3774 1257 3933 1314 atque

2366 1338 2418 1394 in
2466 1340 2702 1407 partibus
2746 1336 3227 1393 Cenomanensium
3259 1336 3625 1406 religiosorum
3654 1337 3934 1392 devotione

2366 1429 2656 1484 conditum.
2694 1428 2747 1483 In
2777 1429 3026 1483 Armenia
3053 1426 3281 1493 minore,
3311 1428 3525 1482 civitate
3544 1427 3801 1497 Nicopoli,
3837 1444 3934 1483 na-

2369 1524 2473 1576 tale
2505 1533 2811 1576 sanctorum
2857 1533 3176 1591 martyrum,
3208 1519 3443 1575 Januarii
3481 1529 3532 1575 et
3559 1520 3804 1591 Pelagiae,
3843 1521 3934 1589 qui

1960 1606 2189 1660 EDITIO
2229 1607 2733 1665 BOLLANDIANA.

678 1703 864 1768 tione;
897 1702 964 1756 ita
998 1712 1053 1755 ut
1084 1716 1177 1771 per
1205 1700 1450 1755 dextrum
1484 1700 1620 1753 latus
1652 1699 1856 1770 gladius
1889 1699 2082 1753 missus
2105 1740 2120 1765 ,
2161 1714 2255 1769 per
2286 1705 2332 1766 Β
2359 1702 2418 1757 S.
2456 1703 2743 1758 Felicitatis
2769 1745 2784 1769 ,
2817 1703 2867 1757 id
2898 1712 2979 1758 eat
3010 1703 3222 1768 Felicis,
3249 1703 3511 1773 Philippi,
3545 1703 3757 1770 Vitalis,
3791 1705 3933 1760 Mar-

682 1797 957 1850 sinistrum
990 1795 1178 1848 exiret.
1212 1793 1339 1859 Qua:
1385 1808 1537 1862 passa
1582 1802 1664 1847 est
1704 1808 1773 1846 vn
1822 1792 1939 1846 ldus
1969 1791 2132 1857 Julii;
2174 1805 2261 1846 se-

684 1889 825 1957 pulta
853 1897 1028 1941 autem
1057 1901 1211 1939 mane
1237 1901 1264 1937 a
1293 1884 1497 1939 civibus
1518 1884 1865 1953 Tyrensibus.
1895 1883 2079 1937 Audax
2106 1896 2257 1948 vero,

683 1979 771 2046 qui
802 1977 870 2031 ab
898 1976 1119 2031 Oriente
1146 1985 1284 2041 erat,
1319 1974 1387 2027 ab
1418 1989 1581 2028 uxore
1610 1988 1702 2026 sua
1734 1983 1787 2027 et
1818 1974 1938 2027 (iliis
1967 1974 2060 2028 illo
2086 1982 2258 2027 trans-

683 2071 822 2123 latus
852 2078 951 2122 est.
986 2066 1185 2121 Eodem
1217 2067 1301 2120 die
1332 2065 1594 2136 depositio
1632 2064 1690 2121 S.
1726 2066 1783 2119 P.
1816 2065 1880 2120 N.
1915 2074 1938 2099 ³
1969 2065 2220 2135 Ephrem.

757 2161 947 2217 Florus
996 2160 1048 2213 in
1097 2158 1160 2211 Τ.
1211 2167 1263 2212 et
1314 2158 1403 2226 L.,
1448 2156 1504 2212 In
1536 2156 1771 2226 Egypto
1819 2158 1993 2225 passio
2024 2154 2258 2227 bCyrilli

682 2252 923 2323 episcOpi
958 2268 970 2306 :
1004 2252 1091 2321 qui
1143 2260 1383 2318 tempore
1432 2247 1573 2304 Decii
1624 2247 1996 2317 imperatoris,
2040 2247 2259 2317 jubente

676 2345 849 2400 Lucio
873 2344 1032 2408 Duce,
1062 2343 1291 2413 primum
1325 2342 1375 2395 in
1398 2339 1573 2410 ignem
1600 2338 1890 2407 projectus,
1916 2353 2037 2393 cum
2062 2338 2259 2393 illaesus

677 2439 870 2503 exiret,
904 2445 1085 2506 postea
1116 2433 1327 2501 capitali
1359 2430 1618 2487 sententia
1652 2438 1734 2484 est
1760 2430 2067 2485 damnatus.

759 2531 845 2594 A.,
872 2526 1064 2581 Setinis
1092 2524 1150 2580 S.
1185 2534 1208 2563 ο
1237 2523 1434 2594 Eraclii
1456 2523 1687 2591 episcopi
1719 2530 1773 2594 et
1802 2520 2140 2577 confessoris.
2174 2520 2257 2585 Β,

690 2599 873 2652 Roma:
906 2600 1083 2650 natale
1112 2596 1370 2664 virginum
1403 2593 1683 2658 Florianar,
1719 2593 2005 2647 Faustinam

756 2689 841 2743 lO.
867 2716 938 2730 —
973 2684 1035 2741 \‘l
1088 2686 1227 2740 locs.
1270 2683 1452 2739 Romae
1493 2694 1694 2753 septem
1728 2682 1949 2738 fratrum
1977 2721 1992 2747 ,
2027 2681 2255 2736 filiorum

2368 1794 2504 1847 tialis
2529 1832 2544 1856 ,
2590 1791 2915 1859 Alexandri,
2964 1792 3128 1849 Silani
3160 1802 3213 1847 et
3247 1792 3507 1857 Januarii,
3548 1793 3648 1849 sub
3686 1793 3935 1863 pra-fectu

2365 1884 2512 1938 urbis
2543 1884 2727 1939 Publio
2754 1925 2768 1946 ,
2803 1893 3043 1950 tempore
3073 1884 3324 1938 Antonini
3363 1884 3633 1954 principis.
3675 1886 3715 1940 Ε
3745 1887 3935 1955 quibus

2364 1976 2647 2031 Januarius
2674 2018 2689 2041 ,
2730 1986 2850 2046 post
2898 1976 3118 2031 verbera
3167 1976 3430 2045 virgarum
3475 1985 3528 2029 et
3555 1991 3824 2031 carcerem
3871 1993 3936 2033 ac

2366 2070 2665 2139 plumbatas
2692 2110 2706 2133 ,
2739 2068 2947 2123 occisus
2976 2076 3077 2123 est.
3109 2067 3256 2122 Felix
3304 2077 3355 2122 et
3396 2068 3665 2136 Philippus
3708 2067 3937 2123 fustibus

2365 2160 2576 2215 mactati
2600 2158 2842 2215 :Silanns
2868 2158 3161 2227 praecipitio
3189 2158 3539 2225 interemptus
3564 2167 3681 2213 est:
3707 2158 3939 2213 Alexan-

2363 2252 2479 2319 der,
2510 2251 2696 2307 Vitalis
2724 2260 2780 2308 et
2808 2250 3057 2306 Martialis
3086 2250 3295 2318 capitali
3327 2251 3585 2305 sententia
3615 2251 3804 2320 puniti.

2436 2362 2520 2425 L.,
2555 2360 2674 2429 Ipso
2715 2359 2803 2415 die
2845 2361 3020 2415 natale
3045 2359 3103 2416 S.
3127 2357 3153 2398 δ
3179 2359 3423 2414 Etthonis
3452 2361 3682 2429 episcopi
3722 2372 3777 2416 et
3803 2376 3932 2417 con-

2362 2433 2599 2485 fessoris.
2631 2432 2691 2484 V.
2718 2431 2802 2495 C.,
2829 2432 3025 2486 Eodem
3049 2432 3134 2485 die
3156 2432 3328 2486 natale
3347 2441 3646 2486 sanctarum
3667 2432 3931 2499 virginum

2366 2512 2397 2585 .9
2418 2501 2641 2643 Ιὲιῗηαι,
2670 2501 2932 2557 Secunda:
2960 2512 3009 2558 et
3036 2501 3337 2557 Fortunata:
3362 2499 3438 2573 [et
3471 2501 3771 2557 Fortunata:
3792 2502 3934 2558 deut

2366 2589 2413 2626 ιη
2490 2615 2495 2620 ι

2360 2589 2413 2626 ιη
2440 2589 2495 2626 ι...

2435 2684 2521 2740 ll.
2548 2715 2618 2725 —-
2638 2684 2776 2740 Inus.
2808 2682 3075 2755 Depositio
3104 2682 3163 2740 S.
3193 2680 3211 2721 ί
3240 2682 3507 2738 Benedicti
3534 2684 3758 2742 abbatis.

2064 2794 2269 2853 SMITH
2308 2797 2534 2854 NOTAE.

751 2902 775 2929 υ
801 2890 1050 2960 Ephrem.
1078 2891 1359 2944 Edessena
1382 2886 1637 2960 Ecclesite
1655 2886 1885 2960 diaconi.
1913 2883 2255 2960 Ejus__nat:_tlis

676 2980 710 3017 a
739 2954 938 3016 Latinis
972 2978 983 3014 |
1016 2958 1324 3021 Februarii,
1359 2974 1386 3010 a
1419 2957 1617 3011 Graecis
1644 2972 1807 3011 xxvttt
1835 2954 2071 3009 Januarii
2102 2956 2246 3011 cele-

684 3038 885 3088 bratur.
912 3033 979 3086 At
1004 3044 1175 3099 neque
1208 3031 1327 3093 hoc,
1362 3043 1535 3096 neque
1564 3026 1656 3081 illo
1685 3026 1768 3081 die
1798 3025 1995 3099 abiisse
2018 3026 2247 3099 videtur.

2360 2887 2540 2948 Italos,
2574 2888 2715 2942 inter
2741 2885 3091 2943 Cassioenses
3117 2896 3172 2943 et
3201 2888 3565 2943 Floriacenses
3595 2891 3884 2948 monachos
3910 2933 3929 2957 ,

2357 2958 2425 3029 de
2452 2958 2757 3029 cominunis
2789 2958 2958 3029 Patris
2993 2961 3257 3012 benedicti
3305 2959 3646 3012 translatione
3687 2964 3932 3029 carperis

2356 3027 2686 3082 intercessit.
2721 3026 2856 3083 Galli
2890 3042 3081 3094 magno
3129 3043 3343 3083 suorum
3388 3039 3442 3082 et
3480 3026 3797 3084 exterorum'
3818 3031 3933 3087 fere

678 3105 811 3158 Nam
844 3118 963 3156 cum
994 3095 1260 3167 Palladius
1288 3100 1337 3152 ei
1366 3095 1690 3170 cotetaneus,
1719 3097 1917 3150 scribat
1934 3095 1997 3170 _in
2029 3095 2251 3170 historia
2277 3098 2323 3161 ο
2356 3099 2592 3170 omnium
2637 3112 2903 3170 consensu
2949 3100 3217 3170 affirmant
3240 3140 3255 3161 ,
3287 3113 3531 3170 eversoa
3565 3098 3932 3170 Langobardi:

676 3174 939 3228 Lattsiaca
968 3187 1086 3236 cap.
1116 3170 1237 3234 l0l,
1261 3185 1380 3223 cum
1413 3182 1555 3223 anno
1587 3168 1793 3235 integro
1821 3167 1977 3236 wgris
2001 3167 2251 3236 curandis

670 3246 899 3298 Edessa:
928 3235 1187 3306 vacasset,
1215 3242 1430 3308 jamque
1459 3240 1667 3308 frugum
1698 3238 1849 3305 copia
1878 3235 2245 3302 Successisset,

676 3316 743 3369 ad
773 3315 959 3369 cellam
991 3326 1282 3375 reversum,
1308 3320 1361 3364 et
1390 3318 1513 3379 post
1540 3323 1775 3363 mensem
1806 3315 2071 3361 mortuum
2104 3322 2247 3372 esse;

668 3386 853 3454 potius
884 3383 1099 3437 ineunte
1124 3390 1389 3454 autumno
1407 3381 1537 3454 ,_vel
1567 3380 1754 3433 saltem
1792 3386 2019 3454 aestate,
2050 3379 2248 3454 etgfor-

678 3448 772 3510 san
821 3457 920 3507 hoc
968 3456 1085 3520 ipso
1128 3452 1218 3506 die
1268 3465 1321 3504 χι
1367 3449 1532 3519 Julii,
1565 3459 1804 3505 mortuus
1836 3448 2000 3504 videri
2046 3449 2246 3516 debet,

676 3540 835 3595 quam
867 3525 1048 3595 media
1072 3524 1284 3595 hyeme.

753 3594 1000 3664 ltCyriili.
1034 3587 1204 3664 Locus
1254 3590 1615 3664 hnjus__san_cti
1665 3588 1974 3664 certaminis
2020 3587 2252 3664 maxime

682 3659 917 3721 incertus
948 3673 1048 3717 est.
1088 3662 1273 3716 Petrus
1306 3662 1372 3716 de
1402 3660 1675 3715 Natalibtts
1701 3675 1823 3714 eum
1852 3660 2074 3713 Romam
2101 3700 2115 3721 ,
2149 3659 2247 3713 Ba-

671 3736 864 3792 ronius
895 3734 1165 3802 Cortynen
1200 3734 1251 3785 in
1278 3732 1458 3796 Creta,
1474 3732 1782 3802 _llrabanus
1810 3744 1937 3782 vero
1964 3738 2019 3783 et
2043 3727 2252 3802 Notice-3

683 3822 773 3859 rus
803 3818 924 3857 cum
976 3796 1155 3857 nostro
1199 3812 1420 3856 auctore
1449 3800 1738 3869 Egyptum
1784 3808 2043 3852 statuunt.
2075 3796 2249 3869 Graeci

687 3875 737 3929 in
771 3873 1065 3943 Menologio
1114 3875 1424 3942 martyrium
1473 3868 1593 3943 ejus
1639 3870 1949 3943 describunt
1989 3869 2090 3923 sub
2118 3868 2251 3943 Dill-

684 3948 915 4001 cletiano
943 3938 1367 3998 consummatum
1412 3959 1423 3993 :
1456 3938 1586 3996 Acta
1616 3949 1790 3995 autem
1820 3938 1937 4007 ejus
1967 3954 2086 4006 qua
2119 3939 2253 3994 reci-

676 4025 763 4071 tat
790 4015 973 4069 Surius
1004 4024 1134 4069 tom.
1170 4012 1233 4067 IV
1265 4014 1364 4066 sub
1397 4013 1555 4067 Decio
1583 4026 1797 4081 passum
1830 4023 1949 4064 esse
1978 4008 2192 4064 ducent.

758 4089 782 4118 ο
813 4084 1030 4141 Eraclii.
1093 4085 1188 4138 llic
1238 4079 1900 4149 Senonensis‘episcopus
1951 4081 2145 4149 colitur
2199 4079 2252 4134 in

685 4156 818 4213 Phil.
854 4157 1032 4210 Labbe
1066 4156 1200 4209 Bibl.
1235 4156 1365 4208 Nov.
1404 4169 1521 4222 pag.
1558 4152 1697 4214 700,
1730 4148 1881 4205 sexto
1927 4150 2051 4205 ldus
2088 4148 2250 4222 Junii.

674 4228 856 4282 llodie
901 4235 1078 4279 autem
1125 4224 1261 4291 apud
1310 4223 1541 4279 Ferrarii
1594 4222 1895 4291 catalogum
1946 4221 2251 4289 generalem

682 4297 983 4354 celebratur
1015 4295 1287 4349 Heraclius
1316 4296 1595 4362 episcopus
1627 4291 1927 4346 Trecensis.

757 4364 1067 4418 dEtt/ionis.
1113 4366 1343 4432 Collegae
1390 4364 1447 4418 S.
1502 4362 1736 4423 Forsan;
1770 4362 2137 4432 venitdautem
2184 4374 2252 4432 ex

682 4436 935 4491 Hibernia
967 4449 1086 4487 cum
1121 4435 1237 4487 aliis
1256 4429 1285 4501 ,⁷
1305 4444 1362 4487 ut
1387 4434 1604 4488 verbum
1641 4433 1729 4501 Itei
1758 4433 1810 4485 in
1839 4429 2024 4501 Galliis
2043 4429 2251 4501 praedi-

876 4478 1087 4570 Q-uie‘v'it
1116 4478 1393 4573 pbétduSEn
1418 4478 1640 4556 multum
1672 4500 1874 4573 fructus
1898 4499 2005 4553 Deo
2032 4478 2250 4573 faceret,
2280 4478 2331 4538 D

687 4577 942 4641 Fisciaci,
977 4570 1129 4629 circa
1148 4570 1387 4629 Avesnas
1416 4573 1742 4641 Hanttonitn,
1778 4571 1831 4625 in
1877 4574 2109 4641 prioratn
2160 4570 2255 4624 tle-

688 4639 949 4716 pendente
979 4660 1007 4698 a
1042 4646 1287 4719 Laetiensi
1317 4644 1555 4719 abbatis;
1585 4640 1679 4719 sed
1699 4652 1832 4719 ante
1858 4639 2060 4719 aliquot
2086 4654 2258 4719 annos

687 4710 972 4772 translatus
1003 4727 1086 4770 est
1115 4716 1306 4770 Lzetias
1329 4760 1343 4785 ,
1377 4715 1465 4769 ubi
1505 4714 1664 4769 hodie
1694 4712 1886 4769 festum
1917 4710 2111 4779 agitur.
2143 4710 2257 4767 Mo-

684 4805 851 4844 usus
884 4790 951 4842 de
974 4787 1071 4842 SS.
1106 4786 1287 4855 Belgii.

761 4864 783 4891 ι’
814 4860 1032 4921 Ruﬁna.
1074 4855 1167 4911 lla:
1197 4852 1399 4912 nobiles
1428 4856 1571 4910 cives
1601 4853 1853 4909 Romana:
1880 4892 1894 4917 ,
1924 4861 2076 4922 patre
2104 4852 2258 4907 Aste-

690 4931 792 4995 rio,
824 4941 993 4983 matre
1024 4928 1235 4982 Aurelia
1265 4927 1425 4982 claris
1453 4936 1584 4980 ortae
1615 4925 1904 4989 natalibus,
1943 4922 2259 4995 Christianae

687 4994 1027 5057 Arntentario
1072 5008 1125 5052 et
1160 4997 1353 5053 \‘erino
1395 4996 1680 5065 gentilibus
1712 4996 1761 5049 in
1797 5010 2021 5060 Sponsas
2050 4994 2259 5065 traditas

686 5082 849 5134 sunt;
893 5084 1027 5137 quas
1071 5083 1191 5121 cum
1238 5064 1419 5136 sponsi
1468 5068 1788 5123 christianas
1836 5064 2255 5137 cognovissent,

690 5136 1010 5196 accusabant
1038 5153 1129 5196 eas
1155 5140 1468 5194 Archesilao
1506 5138 1684 5193 comiti
1710 5176 1725 5198 ,
1757 5136 1845 5204 qui
1878 5152 1969 5204 eas
1996 5150 2116 5188 eum
2147 5136 2259 5189 suis

688 5212 945 5266 militibus
978 5210 1246 5264 insecutus
1296 5209 1541 5262 tnilliario
1570 5208 1637 5261 ab
1671 5209 1801 5261 urbe
1835 5203 1901 5258 14
1943 5206 2107 5260 iit-via
2141 5205 2258 5257 Fla-

690 5282 850 5337 minia
884 5283 1025 5350 ipsas
1048 5283 1222 5349 cepit,
1256 5288 1311 5334 et
1338 5281 1402 5333 ad
1435 5278 1617 5333 urbem
1663 5290 1927 5332 revocans
1972 5275 2129 5329 Junio
2159 5276 2260 5399 $0-

691 5363 816 5399 nam
847 5350 1097 5399 nrtnfeeto
1143 5351 1477 5399 nrmsentavit
1503 5365 1518 5399 :
1550 5348 1638 5399 oui
1670 5349 1721 5399 itt
1761 5347 2129 5399 persecutione
2204 5359 2260 5397 a-

686 5363 816 5406 nato
847 5347 1097 5421 praefecto
1117 5347 1477 5418 praesentat-it
1503 5365 1518 5413 ;
1550 5348 1638 5416 qui
1670 5349 1721 5402 itt
1761 5347 2129 5421 persecutione
2160 5347 2261 5399 Va-

692 5416 876 5478 lerian‘t
925 5431 978 5475 et
1007 5416 1230 5475 Gallieni
1282 5430 1403 5490 post
1447 5421 1550 5473 alta
1599 5428 1861 5490 tormenta
1912 5416 2259 5490 ad__ul_tintutn

691 5493 914 5550 alterum
960 5492 1252 5556 decollari,
1282 5486 1524 5545 'alterius
1570 5489 1831 5543 cervicem
1880 5487 2011 5541 caedi
2058 5486 2253 5555 jussit:

690 5579 911 5629 quarunt
949 5577 1174 5629 corpora
1222 5564 1273 5617 in
1314 5560 1531 5615 basilica
1562 5558 1903 5613 Laterauensi
1934 5570 2100 5626 μορε
2132 5557 2261 5629 bap-

692 5635 949 5687 tisterium
996 5628 1171 5687 debito
1212 5633 1416 5689 honore
1466 5639 1766 5687 servantur.
1808 5629 2007 5684 Sumus
2032 5666 2049 5693 ,
2083 5641 2133 5681 tv
2163 5628 2264 5681 Da-

690 5718 828 5757 t'untt
858 5711 1012 5755 tnart.

771 5771 1092 5827 ‘Benedicti.
1144 5770 1468 5829 Gravissima
1518 5770 1738 5835 qumtio
1787 5768 1971 5827 Gallos
2018 5768 2155 5824 inter
2204 5774 2260 5823 et

2357 3168 2665 3223 Cassinensi
2732 3169 3058 3238 monasterio
3123 3168 3394 3238 Aigulfumr
3445 3168 3625 3222 divino
3681 3168 3927 3238 monitu,

2355 3238 2641 3309 lllummoli
2691 3237 3313 3309 abbatisult‘loriacensis
3376 3237 3573 3307 jussu,
3631 3237 3927 3309 principatu

2352 3307 2646 3363 Cblodovei
2670 3308 2887 3363 secundi
2916 3307 3242 3363 Francorum
3271 3310 3430 3378 regis,
3455 3310 3651 3364 Italiam
3686 3307 3929 3379 petiisse;

2351 3396 2415 3436 ac
2457 3394 2638 3435 sacras
2674 3392 2979 3434 sanctorum
3013 3381 3279 3434 Benedicti
3313 3392 3365 3434 et
3397 3381 3743 3435 Scholasticaa
3799 3385 3935 3438 reli-

2352 3453 2504 3519 quias
2527 3465 2558 3506 e
2582 3449 2870 3507 splittttline
2898 3451 3205 3504 Cassiuensi
3238 3452 3288 3504 in
3320 3450 3646 3504 Gallicanum
3677 3452 3930 3505 Aurelia-

2353 3522 2533 3575 nensis
2578 3522 2689 3584 agri
2738 3520 3041 3575 coenobium
3071 3562 3084 3584 ,
3116 3520 3319 3574 dictum
3373 3520 3667 3574 Floriacutn
3696 3561 3709 3582 ,
3738 3537 3930 3591 aspar-

2354 3600 2536 3655 tasse;
2584 3591 2953 3645 Floriaeenses
2998 3591 3058 3644 S.
3090 3591 3400 3655 Benedicti,
3453 3591 3925 3648 Cenomanneuses

2353 3662 2689 3728 Oppidanos,
2734 3662 2823 3729 qui
2874 3660 3088 3727 Aigulfo
3143 3661 3347 3715 itineris
3394 3662 3523 3715 socii
3572 3660 3817 3728 fuerant,
3859 3664 3922 3718 S.

2352 3731 2700 3786 Scholasticis:
2728 3730 2965 3800 reliquiis
3011 3731 3359 3798 locupletatus
3406 3731 3583 3784 fuisse.
3616 3732 3931 3788 Cassinates

2355 3816 2386 3854 e
2413 3812 2602 3856 contra
2634 3811 2973 3856 externorum
3005 3800 3267 3869 suffragiis
3305 3801 3571 3865 destituti,
3601 3800 3753 3855 divisi
3786 3802 3934 3859 inter

2354 3885 2413 3925 se
2454 3872 2735 3926 sententiis
2762 3910 2777 3933 .
2806 3872 2894 3924 alii
2947 3872 3340 3925 translationem
3389 3871 3691 3937 praadictam
3735 3873 3935 3925 admit-

2357 3950 2473 3995 tunt
2501 3983 2516 4006 ,
2544 3952 2598 3996 at
2631 3942 2940 3995 relationem
2972 3945 3023 3994 itt
3054 3941 3371 3995 Cassiuense
3420 3941 3800 3995 monasterium
3832 3944 3932 3995 ad-

2354 4020 2563 4067 struere
2609 4013 2904 4066 tnoliuntur
2932 4026 2947 4076 ;
2976 4011 3062 4064 alii
3089 4052 3104 4076 ,
3136 4026 3258 4078 pars
3289 4010 3466 4076 utique
3495 4014 3724 4065 maxima
3749 4054 3761 4076 ,
3797 4013 3934 4066 Leo-

2357 4097 2478 4136 nem
2509 4082 2861 4136 Marsicanntn
2911 4082 3239 4135 cardinalem
3287 4081 3588 4136 Ostiensem
3632 4095 3932 4148 sequuntur

2353 4152 2548 4206 ducem
2577 4193 2592 4217 ,
2623 4154 2711 4220 qni
2744 4153 2913 4221 ipsam
2949 4152 3349 4207 translationem
3386 4163 3654 4221 pernegat.
3700 4154 3806 4207 Illis
3836 4169 3936 4205 au-

2359 4232 2461 4275 tem
2491 4264 2505 4285 ,
2532 4224 2620 4291 qui
2672 4222 2770 4275 ltoc
2799 4260 2814 4285 ,
2865 4223 3115 4276 nimirum
3153 4226 3291 4290 quod
3323 4237 3449 4276 vere
3478 4222 3534 4278 S.
3563 4222 3625 4278 P.
3655 4223 3931 4277 Benedicti

2358 4294 2595 4362 reliquiae
2648 4292 2699 4345 iu
2750 4292 2972 4346 Galliam
3024 4300 3288 4346 translat:e
3337 4301 3499 4358 sunt,
3552 4303 3777 4355 tuentur,
3826 4294 3930 4348 hoc

2358 4361 2484 4418 loco
2526 4363 2662 4417 Vett.
2714 4365 2882 4416 Baeda:
2931 4362 3290 4416 teStimunium
3339 4363 3679 4433 suffragatur,
3726 4365 3809 4417 cui
3858 4379 3930 4418 eo

2360 4436 2527 4504 magis
2557 4435 2775 4487 credere
2827 4434 2989 4497 licet,
3023 4433 3163 4500 quod
3216 4436 3294 4486 vir
3322 4432 3658 4487 doetiss’imus
3700 4448 3764 4489 eo
3813 4433 3930 4488 fere

2364 4512 2603 4572 tempore
2632 4504 2810 4557 floruit
2833 4543 2847 4562 .
2876 4519 2981 4572 quo
3012 4504 3125 4557 haac
3155 4504 3427 4557 translatio
3458 4504 3591 4557 facta
3620 4516 3718 4558 eSt.
3749 4504 3921 4571 Quam

2362 4588 2458 4629 nos
2487 4576 2699 4645 quidem
2730 4575 3146 4638 translationem,
3176 4574 3217 4627 is
3244 4574 3630 4642 depositionem
3662 4577 3920 4642 appellat.

2359 4644 2463 4699 Sed
2508 4644 2631 4711 quis
2677 4644 2747 4697 sit
2791 4645 2907 4697 dies
2958 4645 3306 4711 depositionis
3345 4646 3480 4711 apud
3531 4646 3919 4699 ecclesiasticos

2360 4715 2649 4783 scriptores
2678 4723 2874 4769 norunt
2904 4716 2985 4770 vel
3019 4715 3207 4770 leviter
3238 4715 3411 4784 periti.
3464 4714 3662 4783 Nempe
3690 4714 3805 4769 dies
3836 4726 3919 4769 est

2361 4800 2467 4853 quo
2496 4788 2663 4839 sancti
2710 4785 2937 4851 alicujus
2980 4800 3175 4854 corpus
3206 4787 3286 4839 vel
3319 4786 3370 4838 itt
3404 4787 3705 4853 primarium
3751 4795 3923 4837 tumo.

2361 4855 2494 4917 lum,
2526 4857 2606 4909 vel
2637 4865 2755 4924 post
2785 4856 3181 4926 translationem
3213 4856 3440 4926 aliquam
3472 4856 3630 4909 alium
3662 4856 3711 4909 in
3731 4856 3917 4926 lorum

2362 4926 2683 4993 reconditur,
2715 4934 2770 4979 et
2821 4924 3007 4979 Florus
3056 4928 3267 4993 quidem
3302 4924 3455 4980 hanc
3496 4927 3662 4995 ipsam
3711 4925 3927 4992 deposiv

2362 4997 2523 5050 tionis
2554 4998 2824 5049 notionem
2868 4997 2953 5050 hic
2994 4998 3291 5051 luculenter
3314 4998 3563 5065 explicat.
3591 4996 3802 5050 Certum
3843 5004 3929 5049 est

2365 5066 2769 5120 translationem
2821 5067 2963 5121 illam
3011 5068 3315 5123 Cblodnveo
3366 5068 3642 5136 Dagoberti
3696 5068 3803 5117 lilio
3841 5082 3932 5119 re-

2360 5148 2556 5205 gnante
2584 5136 2871 5206 cuntigisse
2897 5178 2912 5204 ,
2946 5151 3050 5191 non
3083 5140 3294 5205 quidem
3327 5139 3592 5206 prioribus
3625 5138 3769 5206 regni
3810 5140 3931 5200 ejus

2362 5210 2561 5288 annis,
2618 5210 2807 5275 quibus
2863 5207 3577 5288 lt‘loriacensis”monaSterii
3617 5207 3755 5288 jacta
3813 5216 3941 5260 sunt

2363 5279 2748 5343 inuitamenta,
2802 5280 2894 5332 sed
2948 5281 3350 5347 posterioribus.
3400 5280 3560 5347 Atqui
3612 5279 3761 5346 juxta
3815 5292 3941 5329 eam

2361 5363 2519 5416 quam
2554 5348 2856 5403 Hadrianus
2891 5349 3126 5402 Valesius
3158 5390 3172 5413 ,
3203 5349 3529 5404 clarissimus
3560 5348 3937 5401 Francicarunt

2363 5434 2544 5473 rerum
2590 5422 2839 5486 scriptor,
2876 5434 3160 5487 regnorum
3212 5419 3490 5487 Dagoberti
3531 5433 3594 5471 ac
3638 5418 3937 5487 Chlodovei

2366 5490 2482 5543 iniit
2511 5504 2574 5544 ac
2601 5485 2861 5544 stabilivit
2891 5485 3173 5555 rationem,
3208 5485 3545 5545 Chlodoveus
3572 5490 3640 5543 ab
3661 5503 3802 5541 anno
3830 5485 3941 5541 658

2360 5559 2428 5612 ad
2455 5559 2561 5613 65f
2607 5561 2759 5630 regni
2804 5562 3037 5616 habenas
3084 5564 3274 5616 tenuit.
3309 5561 3533 5615 Proinde
3578 5559 3939 5630 Floriacensis

2361 5630 2589 5685 ceenobii
2620 5629 2908 5700 primordia
2931 5646 3071 5688 anno
3097 5632 3312 5690 circiter
3332 5630 3460 5700 6M,
3480 5629 3762 5687 translatio
3792 5644 3939 5683 anno

2364 5701 2575 5758 circiter
2600 5699 2706 5757 653
2739 5702 3011 5773 illiganda.
