4240 6492
319 331 424 385 9ῗῦ

1441 325 1632 381 SECT.
1675 323 1734 377 ll.
1776 352 1843 363 -—
1881 314 2445 377 MARTYROLOGH,

3466 322 3528 375 97
3542 322 3559 376 l

1583 434 1811 489 EDITIO
1847 430 2318 489 COLONIENSIS.

309 550 364 606 in
400 551 633 616 equttleo
681 549 894 619 ungulis
940 558 996 604 et
1042 557 1295 605 testarum
1336 547 1646 618 fragmentis
1689 548 1879 603 diebus
1909 548 2155 611 Asancti
2210 544 2315 598 Dii.
2366 544 2547 599 Romae
2591 554 2756 598 sancti
2804 542 2937 599 Cleti
2990 559 3157 613 papa.
3205 545 3293 614 qui
3327 546 3463 600 sedit
3490 547 3557 601 ibi

304 650 535 711 quatuor
558 638 811 703 cruciati,
837 640 1146 711 martyrium
1172 638 1484 705 impleuere.
1521 638 1699 691 Romae
1720 637 1889 693 sancti

303 729 389 787 Pii
422 746 593 802 papa),
645 730 735 802 qui
780 728 917 786 sedit
948 729 999 785 in
1031 731 1338 801 episcopatu
1390 744 1560 784 annos
1600 728 1787 784 decem
1838 734 1892 783 et

294 822 297 823 ⁷
314 835 527 875 novem.

380 911 443 965 D.
487 911 552 965 IV
584 910 701 967 Inus
746 910 910 966 JULtt.
951 910 1100 977 Apud
1124 911 1452 981 Aquilegiam
1500 910 1675 965 natale
1719 910 1890 964 sancti

314 1002 676 1071 Hermagorae,
711 1003 865 1070 primi
893 1002 1131 1071 ejusdem
1163 1002 1392 1056 civitatis
1419 1001 1677 1069 episcopi,
1720 997 1883 1053 disci-

308 1092 421 1161 pttli
459 1091 629 1144 sancti
660 1090 823 1145 Marci
853 1090 1216 1159 evangelistte.
1257 1091 1409 1159 Apud
1448 1091 1681 1161 Cyprum
1712 1090 1886 1144 natale

307 1179 446 1238 beati
479 1179 704 1236 Nasonis
758 1181 960 1251 antiqui
989 1179 1187 1236 Cltristi
1229 1180 1493 1249 discipuli.
1544 1182 1597 1235 In
1639 1180 1883 1234 Caesarea

1995 652 2169 691 annos
2218 635 2520 691 duodecim.
2573 634 2669 690 llic
2718 650 2783 689 ex
2833 644 3097 705 prmccpto
3127 636 3261 690 beati
3295 637 3456 703 Petri,
3487 640 3561 690 vi-

2000 727 2132 796 ginti
2164 727 2398 797 quinque
2440 724 2780 797 presbyteros
2809 726 2860 780 in
2890 727 3021 781 urbe
3068 726 3235 781 Roma
3279 728 3561 789 ordinavit,

1993 817 2081 883 qui
2130 818 2368 887 sepultus
2410 826 2492 871 est
2537 817 2684 884 juxta
2726 831 2916 884 corpus
2947 818 3081 871 beati
3111 817 3272 872 Petri.
3306 817 3560 889 Lugdune
3619 886 3623 891 τ

1995 906 2181 962 Gallia:
2202 906 2466 976 depositio
2483 906 2652 960 sancti
2679 905 2981 960 Juvencioli
3011 908 3265 977 episcopi.
3634 890 3648 955 ’ἶ

2066 997 2129 1052 Ε.
2171 997 2234 1051 lll
2270 989 2581 1052 luus'Juut.
2618 996 2804 1051 Natale
2828 996 2996 1051 sancti
3026 997 3151 1053 Silae
3180 1000 3442 1067 apostoli;
3474 1000 3561 1070 qui
3656 1004 3657 1007 “

1991 1103 2111 1144 cum
2143 1100 2287 1145 esset
2328 1105 2463 1145 unus
2490 1090 2557 1145 de
2592 1089 2777 1159 primis
2822 1088 3102 1153 fratribus,
3137 1100 3190 1145 et
3214 1090 3280 1146 ab
3307 1094 3564 1160 aposwlis

1993 1177 2060 1231 ad
2102 1179 2366 1234 Ecclesias
2411 1179 2643 1251 gentium
2685 1179 3008 1247 destinatus,
3056 1195 3179 1235 cum
3228 1180 3466 1236 Barnaba
3509 1191 3565 1238 et

1553 1268 1777 1323 EDITIO
1818 1266 2319 1324 BOLLANDIANA.

381 1363 569 1418 Florus
601 1367 655 1418 in
696 1365 761 1418 Δ.
806 1363 869 1420 Τ.
910 1362 995 1430 L.,
1025 1364 1323 1419 Translatio
1350 1363 1607 1433 corporis.
1639 1362 1726 1425 T.,
1770 1361 1887 1428 Quo

314 1456 404 1511 die
435 1455 698 1523 pratdictis
728 1457 967 1526 partibus
992 1458 1175 1511 Romae
1206 1457 1446 1511 Floriaco
1473 1466 1553 1510 est
1581 1456 1881 1525 perducms.

309 1550 376 1603 A.
402 1549 493 1614 T.,
535 1549 633 1616 Qui
664 1550 909 1604 maximis
936 1550 1151 1604 elucens
1179 1549 1456 1603 virtutibus
1497 1548 1729 1615 regulam
1761 1562 1879 1601 mo-

316 1640 500 1694 nachis
528 1650 580 1693 et
630 1640 871 1693 ordinem
918 1640 1220 1709 descripsit.
1270 1639 1436 1706 llujus
1480 1638 1649 1691 Vitam
1700 1638 1883 1693 bettus

314 1743 450 1800 papa
477 1728 762 1799 Gregorius
791 1730 930 1798 stylo
958 1729 1284 1784 dilucidavit.
1311 1730 1364 1782 ln
1386 1728 1638 1783 Armenia
1667 1727 1883 1782 civitate

313 1820 552 1889 Nicopoli
587 1821 760 1889 passio
789 1820 885 1875 SS.
918 1829 941 1856 ⁸
965 1821 1196 1874 Januarii
1228 1832 1279 1874 et
1321 1818 1544 1890 Pelagize
1571 1837 1582 1870 :
1606 1818 1696 1888 qui
1738 1826 1879 1872 tanta

314 1919 576 1965 tormenta
608 1909 843 1978 perpessi
889 1920 1053 1977 sunt,
1081 1918 1139 1963 ut
1177 1924 1281 1964 non
1313 1910 1483 1963 solum
1520 1908 1758 1979 ungulis,
1794 1907 1884 1961 sed

316 2002 476 2057 etiam
508 2001 661 2056 testis
691 2015 921 2072 corpora
950 2016 1134 2057 eorum
1178 2016 1345 2071 usque
1373 2000 1426 2056 in
1454 2001 1594 2056 diem
1641 2011 1884 2071 quartum

311 2091 506 2145 laniata
536 2092 663 2146 sint.

389 2180 561 2253 B.,ln
582 2182 1259 2253 ipagum‘Attrelianensvm
1299 2181 1528 2238 invectio
1555 2182 1791 2251 corporis
1820 2181 1877 2238 8.

319 2251 590 2306 Βυιιειιίιτιί
638 2251 843 2305 abbatis
891 2263 945 2306 et
990 2253 1251 2319 depositio
1299 2255 1557 2321 ejusdem.
1614 2254 1696 2313 Ι...
1739 2253 1803 2307 Et
1834 2253 1884 2306 in

316 2337 450 2405 pago
498 2321 817 2405 Pictavens‘i‘
842 2322 907 2405 S._
953 2322 978 2360 ι)
1002 2322 1634 2405 8ςξψίηξιῐηξτιγςίεμο.
1798 2324 1883 2405 ΒΔ,

316 2393 499 2445 Romae
546 2396 720 2462 natale
746 2394 843 2448 88.
891 2393 1142 2461 Leontii,
1188 2392 1481 2462 Stephani,
1516 2393 1765 2448 Mauritii.
1819 2392 1881 2447 Β.

312 2463 459 2516 addit
494 2473 541 2515 et
580 2459 869 2516 Mc-Iitonis.

386 2554 474 2608 l2.
497 2584 567 2596 —
596 2552 660 2607 lV
696 2553 832 2608 lous.
868 2552 1027 2608 Vacat
1059 2555 1237 2609 Dmda.

350 2712 363 2724 .
387 2642 663 2726 D‘.,_.Apnd.
689 2641 1188 2726 Aquileiamnatale
1216 2641 1330 2726 S._"=
1353 2643 1697 2726 llerrpagorm
1729 2645 1891 2715 ipsius

313 2713 547 2840 lciqitatis
585 2713 741 2783 primi
770 2713 1028 2782 episcopi,
1058 2715 1304 2784 discipuli
1352 2714 1407 2770 8.
1464 2713 1625 2768 Marci
1664 2713 1891 2786 evange-

337 2798 383 2839 ιε
407 2801 469 2838 te.

2064 1361 2245 1435 C._\i.,
2280 1364 2333 1417 ln
2370 1363 2635 1435 A_quilegia
2660 1369 2685 1409 d
2719 1364 3020 1435 Fortunati.
3061 1365 3279 1432 Agatltaa
3323 1365 3563 1435 virginis.

1993 1441 2017 1471 ο
2046 1432 2269 1487 Naboris
2299 1445 2346 1485 et
2384 1433 2591 1487 Felicis.
2626 1435 2688 1486 A.
2720 1434 2805 1497 ’l‘.,
2834 1434 2886 1487 In
2933 1433 3109 1487 Sicilia
3153 1436 3324 1488 natale
3355 1432 3429 1488 Sf
3460 1435 3565 1489 Νι-

1989 1503 2133 1557 boris
2161 1514 2212 1556 et
2234 1502 2291 1556 8.
2318 1502 2527 1556 Felicis.
2548 1502 2800 1572 Lugtluno
2826 1502 3007 1556 Gallia:
3031 1504 3290 1570 depositio
3312 1504 3366 1557 S.
3392 1503 3410 1541 τ
3437 1504 3562 1557 Vin-

1987 1572 2144 1626 centii
2172 1572 2428 1639 episcopi.
2459 1571 2545 1635 A.,
2575 1571 2884 1634 Ermagome
2912 1574 3164 1640 episcopi.
3198 1584 3253 1627 et
3286 1574 3560 1629 Fortunati

1987 1642 2215 1695 diaconi.
2244 1642 2306 1694 Τ.
2339 1653 2390 1694 et
2433 1641 2515 1707 L.,
2543 1641 2596 1694 ln
2650 1641 2886 1708 Aquileia
2930 1642 3103 1709 passio
3152 1642 3445 1696 Fortunati.
3496 1642 3557 1696 L.

1989 1711 2074 1776 Β..
2101 1712 2151 1764 ltt
2186 1711 2484 1765 Mediolano
2515 1711 2690 1763 natale
2720 1710 2941 1764 Naboris
2968 1751 2983 1773 ,
3038 1710 3246 1778 Felicis,
3283 1712 3561 1766 Primitivi.

1988 1780 2072 1851 Β..
2106 1782 2158 1835 In
2192 1782 2432 1849 Aquileia
2464 1782 2637 1833 natale
2684 1780 2783 1851 88.
2832 1780 3103 1851 Fortunati
3153 1780 3561 1851 etiArtnngeni.

1918 1878 1967 1939 Β
1994 1850 2248 1923 Lugdune
2269 1850 2450 1906 Gallia:
2472 1850 2729 1918 depositio
2758 1850 2817 1905 S.
2850 1849 3127 1906 Viventioli
3156 1850 3415 1920 episcopi.

2071 1962 2156 2016 l5.
2183 1990 2255 2005 --
2277 1960 2340 2016 lll
2369 1960 2508 2017 lous.
2539 1960 2705 2015 Vacat
2732 1960 2906 2015 Bmda.

2067 2071 2155 2136 D.,
2190 2071 2373 2126 Esdrm
2404 2080 2456 2125 et
2482 2071 2595 2126 Joel
2640 2074 3040 2137 proultetarum.
3074 2074 3135 2128 Et
3162 2074 3296 2143 apud
3330 2075 3559 2131 Africam

1996 2143 2169 2215 natale
2213 2153 2533 2215 sanctarum
2564 2143 2927 2215 confessorum
2958 2153 2983 2191 κ
3015 2144 3231 2213 Eugenii
3280 2144 3558 2215 Carthagi-

1994 2213 2175 2267 nensis
2218 2214 2473 2280 episcopi,
2509 2213 2610 2267 llde
2661 2223 2715 2283 et
2745 2214 3022 2267 virtutibus
3052 2230 3113 2268 ae
3147 2215 3415 2269 miraculis
3444 2213 3560 2283 glo-

1994 2284 2142 2347 riosi,
2171 2291 2223 2334 et
2248 2282 2475 2336 universi
2502 2283 2626 2336 cieri
2653 2282 2890 2351 ejusdem
2922 2284 3192 2340 Ecclesiae.
3221 2284 3277 2337 Β.
3311 2282 3465 2345 C._V.
3492 2287 3560 2340 A.

2080 2352 2246 2426 L.,‘ln
2270 2352 2583 2426 Maeandria
2614 2355 2711 2426 88.
2735 2355 3060 2426 Serapionis,
3086 2354 3559 2426 Melei_[Melei.....

1992 2421 2143 2475 Nasci
2168 2422 2221 2474 in
2250 2423 2357 2474 solo
2384 2419 2465 2491 [3.]
2484 2464 2497 2484 ,
2531 2424 2707 2485 Attali,
2734 2419 2979 2487 Zenonis,
3008 2424 3184 2488 Nasci,
3212 2419 3480 2487 Tropltimi
3508 2437 3564 2479 et

1993 2491 2160 2546 Menei
2212 2492 2507 2560 presbyteri
2540 2508 2555 2546 :
2587 2494 2675 2560 qui
2708 2503 3006 2560 postremus
3028 2495 3177 2549 deest
3203 2495 3254 2547 in
3284 2493 3348 2548 V.
3374 2503 3434 2548 et
3474 2495 3562 2560 (2.,

1993 2562 2080 2616 ubi
2109 2562 2285 2633 etiam_
2317 2577 2419 2633 non
2455 2562 2725 2629 Tropltimi
2766 2564 2856 2617 sed
2897 2563 3199 2633 Tropltima:
3232 2565 3456 2630 legitur;
3511 2575 3569 2618 et

1994 2633 2046 2686 in
2076 2632 2139 2685 A.
2170 2633 2233 2684 'l‘.
2266 2630 2326 2684 L.
2356 2631 2506 2685 deest
2536 2633 2741 2687 Attalus
2788 2650 2801 2686 :
2837 2633 2982 2687 Zeno
3010 2630 3168 2688 etiam
3212 2635 3472 2688 omittitur
3496 2634 3566 2689 ab

1996 2704 2061 2756 A.
2109 2702 2270 2784 Addit
2296 2701 2390 2766 L.,
2434 2703 2498 2757 Et
2535 2703 2585 2757 in
2628 2704 2791 2757 lloma
2829 2702 3137 2772 depositioh
3170 2704 3406 2759 Attacleti
3445 2704 3557 2772 epi-

1996 2786 2163 2839 scopi.

1724 2874 1933 2933 SMlTll
1973 2879 2197 2936 NOTAE.

390 2972 414 3001 ⁸
438 2963 702 3018 Januarii.
733 2963 919 3034 Petrus
948 2962 1014 3018 de
1036 2963 1209 3019 Natal.
1241 2963 1293 3018 in
1319 2963 1566 3034 Catalogo
1594 2979 1642 3030 v,
1668 2963 1756 3031 85,
1787 2967 1883 3021 bos

319 3050 507 3107 passos
535 3050 654 3107 esse
681 3034 781 3107 sub
810 3033 1011 3107 Licinio
1042 3037 1222 3107 refert.

391 3104 659 3158 bSalvini.
715 3103 895 3158 Potius
945 3104 1145 3158 Savini.
1193 3106 1347 3158 Anno
1395 3102 1523 3169 458,
1556 3103 1781 3160 Savinus
1829 3114 1885 3162 et

319 3176 618 3247 Cyprianus
648 3173 841 3247 fratres
864 3215 879 3239 ,
908 3189 938 3229 e
966 3175 1179 3247 civitate
1206 3172 1616 3247 Brixia‘oriundi
1646 3175 1842 3230 milites
1866 3216 1879 3240 ,

320 3242 440 3300 cum
494 3247 545 3299 in
588 3246 884 3310 idolorum,
918 3246 1147 3299 maxime
1181 3259 1303 3297 vero
1352 3242 1584 3312 Dionysii
1612 3247 1842 3300 cultores
1866 3285 1883 3311 ,

326 3327 434 3371 tam
464 3316 739 3370 Brixianos
765 3330 921 3385 quam
951 3314 1637 3385 AmphipolitanosAricinos
1667 3315 1887 3370 invehe-

320 3396 533 3449 rentur,
564 3385 731 3440 vocati
776 3383 828 3439 et
856 3386 1160 3454 interrogati
1201 3395 1324 3439 sunt
1351 3399 1380 3438 a
1417 3383 1628 3439 Ladicio
1660 3400 1886 3455 procon-

320 3459 475 3521 sule;
506 3455 843 3523 postmodum
892 3455 1098 3512 liberati
1128 3457 1192 3509 de
1221 3470 1432 3510 carcere
1458 3498 1473 3523 ,
1520 3468 1572 3508 et
1613 3458 1887 3511 Venientes

321 3542 386 3596 ex
425 3528 570 3581 lt-alia
601 3527 909 3596 Lugdunum
940 3540 1107 3595 usque
1145 3533 1200 3579 et
1224 3525 1645 3579 Antissiodorutn
1667 3566 1684 3593 ,
1717 3528 1803 3581 ubi
1829 3528 1885 3582 8.

324 3595 647 3651 Germanum
667 3607 1018 3650 revertentem
1037 3614 1063 3647 a
1083 3596 1367 3649 Britanniis
1387 3597 1702 3661 inviserunt,
1723 3597 1889 3651 Turo-

324 3672 501 3723 nicutn
533 3681 743 3736 pagunt,
766 3675 1034 3733 postremo
1064 3665 1333 3719 Pictavum
1361 3665 1687 3720 devenerunt
1713 3667 1886 3735 juxta,

326 3738 501 3793 locum
531 3741 621 3806 qui
650 3739 922 3792 dicebatur
963 3736 1379 3806 Conlluentium,
1407 3736 1493 3789 ubi
1523 3737 1713 3790 ﬂuvius
1742 3737 1894 3791 War-

328 3811 509 3873 timpa:
552 3804 607 3860 itt
656 3809 873 3860 lluvium
902 3807 1077 3861 Cresa:
1105 3806 1309 3860 delluit.
1340 3804 1451 3861 lloc
1492 3808 1611 3860 loco
1651 3806 1895 3861 viderunt

330 3876 707 3947 proconsulem
757 3878 1040 3932 Maximum
1088 3875 1428 3947 instigatione
1472 3876 1671 3931 Latlicii
1719 3881 1892 3946 agnati

329 3945 654 4003 commotum
700 3963 817 4001 cum
844 3947 950 4001 200
977 3945 1294 4000 satellitibus
1343 3945 1539 4001 Italicis
1577 3963 1671 4003 eos
1717 3945 1896 4016 perse-

327 4020 648 4088 quentibus.
673 4017 797 4072 lude
828 4017 1555 4088 transmeantesappreltensi
1581 4028 1704 4072 sunt
1737 4034 1893 4088 supra

332 4089 551 4142 ﬂuvium
586 4086 892 4157 Wartimpre
921 4087 971 4142 in
1003 4088 1121 4141 loco
1147 4087 1232 4141 cui
1261 4102 1452 4141 nomen
1482 4088 1767 4153 Cerclteus,
1794 4086 1898 4142 uno

329 4160 579 4213 milliaria
618 4173 647 4211 a
689 4159 809 4211 villa
839 4158 1137 4212 Antiniaco.
1172 4157 1371 4212 Deinde
1417 4159 1628 4213 deducti
1673 4169 1795 4213 sunt
1844 4160 1896 4213 in

334 4229 567 4298 insulam
611 4228 846 4282 lluminis
881 4229 1120 4295 ejusdem
1151 4240 1335 4281 contra
1368 4229 1620 4294 praedium
1651 4230 1789 4298 quod
1820 4230 1899 4282 dt-

330 4302 476 4351 citur
506 4297 692 4353 Psellis
714 4339 728 4364 ,
762 4299 846 4352 ubi
875 4299 936 4353 8.
966 4300 1198 4353 Savmus
1228 4299 1397 4366 capite
1439 4302 1621 4365 plexus
1656 4297 1774 4352 eum
1802 4301 1866 4352 tle
1887 4327 1900 4339 ο

333 4384 450 4423 cem
496 4370 621 4422 viris
648 4408 662 4433 ,
690 4383 823 4438 quos
853 4368 1123 4440 baptizare
1152 4367 1213 4440 ei
1249 4368 1306 4440 in
1335 4370 1664 4440 animoil'nit.
1697 4371 1754 4422 8.
1798 4370 1902 4440 Cy-

338 4442 574 4507 prianus,
604 4449 658 4493 et
684 4437 789 4493 duo
819 4437 1112 4508 presbyteri
1136 4438 1416 4505 Asclepios
1444 4439 1761 4508 ctValerius
1789 4437 1902 4505 ter-

340 4489 487 4563 una;
499 4489 867 4564 mutassetis;
882 4489 1084 4563 Veii-imi
1099 4489 1381 4575 sanan;
1398 4489 1452 4562 et
1477 4489 1899 4577 vestigaret:
1932 4489 1984 4551 D

342 4581 405 4633 de
455 4594 639 4633 eorum
689 4580 968 4642 inanibus,
1017 4578 1250 4633 tulerunt
1296 4592 1489 4646 corpus
1536 4578 1594 4633 S.
1628 4579 1803 4633 Savini
1852 4582 1903 4633 in

341 4659 574 4704 montem
602 4649 800 4705 dictum
832 4651 898 4703 ad
928 4650 970 4704 Τ
975 4663 1347 4717 rescypressos
1372 4687 1386 4712 ,
1417 4649 1504 4703 ubi
1533 4650 1658 4701 olim
1693 4648 1786 4703 fuit
1815 4663 1906 4703 ec-

342 4718 499 4773 clesia
529 4722 586 4773 8.
619 4721 874 4774 V’iuceutii
903 4721 1152 4789 martyris
1174 4758 1189 4783 ,
1221 4717 1529 4772 Wandalica
1574 4730 1752 4787 postea
1790 4735 1908 4784 per-

340 4792 620 4847 secutione
660 4793 870 4844 deserta
894 4828 910 4853 ,
942 4792 996 4844 in
1025 4806 1127 4859 qua
1162 4793 1317 4843 ltodte
1342 4790 1606 4858 sepultum
1637 4790 1693 4842 S.
1725 4790 1905 4844 Sat-ini

334 4875 555 4928 corpus.
583 4864 661 4914 tax
699 4862 837 4915 Vell.
875 4861 1106 4930 Legend.
1139 4859 1354 4913 Lemov.
1386 4860 1523 4927 apud
1558 4861 1698 4913 l’bil.
1732 4862 1909 4914 Labbe

342 4931 481 4984 Bibl.
510 4934 665 4995 Non,
697 4943 828 4985 toni.
856 4930 919 4997 ll,
947 4929 999 5001 p.
1027 4929 1152 4985 665.
1186 4931 1438 4984 llenricus
1466 4930 1760 4984 Ludovicus
1789 4932 1911 4984 Cas-

345 5011 549 5055 tan.rus
582 5002 930 5070 Bupipozwus
950 5000 1007 5057 in
1036 5001 1174 5055 notis
1196 5000 1260 5054 ad
1289 5001 1517 5054 Litanias
1549 5001 1913 5055 l’ictavienses

344 5081 568 5127 testatur
606 5074 663 5127 8.
694 5074 943 5127 Savinum
988 5087 1199 5141 passum
1246 5071 1509 5125 Marciano
1537 5071 1691 5139 imp.,
1718 5072 1808 5141 qui
1848 5071 1915 5125 ab

344 5156 488 5197 anno
513 5144 611 5196 lat
647 5143 714 5198 ad
742 5158 939 5197 annum
968 5143 1069 5196 457
1097 5158 1275 5197 rerum
1305 5146 1501 5211 potitus
1529 5155 1631 5196 est.

421 5222 444 5249 ο
477 5213 827 5284 Hermagorae.
863 5214 1026 5269 Primi
1067 5210 1585 5284 episcopiiAquileie
1613 5226 1641 5264 a
1664 5213 1723 5267 3.
1763 5210 1917 5265 Potio

347 5286 592 5347 apostolo
613 5285 862 5349 ordinati,
885 5286 975 5354 qui
1004 5285 1139 5339 inter
1170 5283 1481 5353 populorum
1510 5286 1918 5337 conversionem

348 5357 418 5405 ab
474 5356 734 5409 idolorum
782 5355 1150 5409 sztcerdotibus
1189 5365 1510 5419 accusatus,
1561 5354 1701 5422 quod
1731 5367 1917 5407 eorum

346 5425 549 5479 cu!tuln
601 5428 942 5491 destrueret,
989 5436 1175 5493 captus
1211 5433 1333 5491 est,
1396 5424 1571 5479 nervis
1613 5438 1821 5488 caesus,
1870 5426 1919 5476 in

347 5501 576 5560 i-quuteo
607 5511 918 5563 suspensus,
963 5494 1229 5565 unguibus
1250 5498 1693 5565 excarniﬁcatus;
1728 5508 1923 5549 articu-

350 5566 489 5619 tibus
518 5567 728 5620 laminis
756 5568 821 5620 ad
849 5568 1011 5620 latera
1032 5567 1288 5634 appositis
1308 5603 1324 5627 ,
1367 5580 1489 5618 cum
1516 5581 1581 5618 eo
1605 5564 1927 5634 ferventiure

346 5636 529 5690 studio
554 5636 821 5690 Christum
850 5626 1215 5699 conﬁteretur,
1258 5637 1308 5688 itt
1354 5650 1625 5689 carcerem
1681 5626 1928 5689 dett-deus

348 5717 429 5757 est
454 5721 470 5770 ;
499 5716 554 5759 at
581 5707 777 5760 lumine
805 5708 1006 5761 caelesti
1057 5706 1173 5761 loco
1214 5705 1496 5768 illustrato,
1546 5707 1712 5758 multo
1764 5709 1929 5773 magis

350 5779 798 5832 convertebantnr
820 5777 1081 5843 inlideles,
1112 5786 1166 5833 et
1187 5776 1331 5831 allati
1384 5775 1577 5830 inlirmi
1608 5775 1931 5830 sanabuntur

1989 2984 2175 3026 omnes
2217 2981 2271 3026 et
2316 2972 2738 3047 baptizabantur.
2791 2976 3013 3047 Quibus
3051 2978 3217 3047 magis
3267 2990 3564 3035 commotus

1994 3055 2210 3124 praises,
2236 3057 2356 3124 eum
2383 3059 2482 3123 una
2498 3060 2631 3124 [cum
2668 3046 2955 3124 Fortuna'o
2988 3046 3210 3105 diacono
3230 3064 3325 3106 suo
3353 3054 3563 3124 capitali

1911 3127 1956 3189 ρ
1988 3112 2246 3189 supplicio
2268 3111 2475 3189 allegit:
2495 3111 2717 3189 Quintius
2743 3117 3015 3189 Sext-mus.

2061 3183 2085 3257 ti
2119 3178 2411 3257 Fortunali.
2440 3182 2743 3257 QuilnitS.
2772 3185 3113 3257 llermagonc
3141 3191 3416 3246 diaconus.

2064 3256 2088 3284 °
2144 3249 2387 3303 Nabon‘s.
2442 3253 2608 3307 llodie
2672 3272 2854 3311 eorum
2913 3249 3188 3313 translatio
3240 3262 3562 3318 celebratur.

1990 3318 2152 3374 Sexto
2180 3323 2320 3375 enim
2367 3320 2487 3377 ltlns
2531 3325 2651 3378 Julii
2701 3340 2819 3380 cum
2872 3326 3124 3381 Januario
3154 3340 3208 3382 et
3258 3331 3462 3387 Marino
3511 3334 3562 3387 itt

1991 3388 2168 3445 Africa
2196 3394 2440 3463 decollati
2480 3406 2623 3463 sunt,
2663 3396 2759 3449 liae
2786 3412 2911 3451 vero
2938 3399 3023 3451 die
3068 3398 3420 3454 Mediolanum
3468 3402 3563 3458 de-

1994 3465 2209 3542 portati.
2242 3462 2459 3542 Netker.
2495 3463 2569 3519 De
2595 3462 2778 3542 eorum
2807 3467 3126 3542 corporibus
3158 3469 3438 3542 Mediolani
3470 3487 3563 3541 po-

1991 3533 2130 3605 sitis,
2160 3542 2217 3586 et
2245 3533 2551 3605 frequenter
2581 3536 2781 3590 visitari
2810 3533 2979 3591 solitis
3005 3578 3018 3599 ,
3048 3538 3155 3605 agit
3202 3538 3450 3595 Paulinus
3472 3533 3483 3541 ’
3506 3543 3561 3597 in

1998 3600 2113 3676 Vita
2137 3600 2527 3676 _S._Atubrosii.
2560 3606 2633 3659 De
2659 3606 2859 3660 eisdem
2892 3600 3212 3676 martyribus
3242 3609 3300 3663 8.
3335 3612 3566 3665 Ambro-

1996 3671 2106 3745 sius
2137 3672 2188 3726 in
2220 3672 2349 3745 Luc.
2385 3674 2519 3728 libro
2548 3689 2639 3738 vn,
2668 3690 2786 3745 cap.
2821 3678 2909 3742 15,
2941 3671 3112 3743 deque
3140 3694 3323 3732 eorum
3353 3681 3564 3735 basilira

1995 3741 2135 3796 idem
2166 3742 2412 3797 Ambros.
2444 3745 2685 3798 meminit
2713 3741 2953 3802 scribens
3000 3741 3064 3799 ad
3115 3747 3468 3806 Mareellinam
3497 3753 3564 3805 de

1995 3811 2299 3866 inventione
2323 3829 2601 3882 corporum
2630 3816 2730 3872 88.
2760 3815 2992 3872 Gervasii
3020 3827 3071 3871 et
3098 3814 3343 3875 Protasii.
3377 3820 3451 3876 De
3483 3822 3566 3877 bis

1997 3882 2115 3935 vide
2144 3891 2198 3935 et
2225 3883 2366 3937 diem
2398 3899 2447 3937 xi
2468 3884 2628 3938 Juan.

2076 3952 2093 3988 ι
2137 3950 2407 4008 Vincentii.
2440 3954 2625 4008 Melius
2656 3969 2783 4007 vero
2805 3995 2821 4020 ,
2854 3963 2988 4009 sicut
3031 3964 3085 4009 et
3133 3956 3270 4011 inl'ra
3300 3961 3568 4019 scribitur.

1998 4019 2283 4095 Viventioli
2316 4039 2331 4077 :
2359 4024 2458 4091 Qui
2489 4025 2547 4079 8.
2575 4019 2833 4093 Lupicino
2872 4026 3147 4093 successit,
3203 4038 3256 4081 et
3298 4030 3447 4095 jtuta
3497 4042 3574 4084 la-

2000 4092 2152 4147 bulas
2203 4094 2573 4163 episcOporum
2606 4092 3036 4163 Lugdunensium
3084 4092 3225 4163 apud
3274 4092 3569 4153 Democha-

2000 4176 2113 4217 rem
2158 4165 2409 4237 antistes_
2434 4163 2669 4237 Lugduni
2702 4166 2841 4218 sedit
2886 4166 3175 4233 vigesimus
3222 4182 3418 4226 nonus.
3478 4170 3583 4237 Qui

1999 4239 2334 4355 etrtempore
2372 4232 2564 4288 Gelasii
2624 4248 2771 4304 papae
2813 4232 3051 4291 interluit
3098 4238 3401 4305 Epaunensi
3441 4232 3576 4295 coit-

2001 4317 2049 4355 ct
2078 4317 2147 4354 to.

2001 4317 2147 4357 ClllO.

2076 4381 2100 4419 ε
2134 4370 2377 4442 Eugetn't'.
2420 4374 2482 4428 lli
2518 4376 2652 4443 passi
2701 4386 2822 4429 sunt
2875 4377 2925 4429 in
2982 4378 3348 4441 persecutione
3370 4378 3581 4434 Vand:t«

2006 4441 2107 4517 lica
2154 4441 2256 4517 sub
2306 4441 2604 4517 llunnrrico
2655 4460 2780 4513 rege
2825 4450 3027 4502 ar-iano.
3057 4448 3168 4512 Qua
3218 4451 3286 4503 de
3334 4465 3584 4517 perseeu-

2009 4514 2149 4568 tione
2174 4514 2331 4587 plene
2359 4516 2465 4584 agit
2488 4516 2664 4570 Victor
2697 4518 2981 4572 Uticensis.
3012 4518 3070 4571 S.
3100 4514 3363 4587 Eugenius
3402 4530 3457 4575 et
3484 4536 3586 4573 sn-

2009 4598 2100 4654 pra
2132 4584 2323 4638 colitur
2369 4590 2495 4641 tltet
2540 4587 2697 4640 Febr.

2080 4649 2108 4725 ἒξ
2142 4654 2393 4707 Anaclelt‘.
2432 4657 2505 4709 De
2534 4671 2640 4725 quo
2672 4659 2722 4710 in
2755 4655 3021 4711 Cltronico
3052 4656 3258 4712 Damasi
3292 4660 3391 4713 ltoc
3435 4660 3590 4714 modo

2009 4722 2204 4791 legitur
2228 4740 2242 4777 :
2272 4722 2735 4794 Anacletus'annis
2757 4727 3345 4787 dumlecim,mensibns
3372 4728 3583 4794 decem,

2010 4794 2196 4847 diebus
2225 4796 2415 4848 tribus.
2465 4793 2585 4847 Fuit
2634 4795 2960 4862 temporibus
3017 4796 3321 4858 Domitiani.
3354 4814 3381 4851 a
3429 4793 3581 4854 Coss.

2014 4862 2311 4917 Domitiano
2350 4879 2383 4917 χ
2420 4874 2474 4919 et
2503 4864 2702 4919 Sabino
2729 4880 2894 4934 usque
2919 4867 3215 4920 Domitiano
3260 4884 3362 4922 xvu
3395 4878 3449 4922 et
3473 4870 3591 4924 Cle-

2013 4943 2214 5005 mente.
2244 4940 2587 4993 Successerat
2616 4936 2793 5005 itaque
2841 4935 2992 4990 Cleto
3042 4951 3183 4990 anno
3213 4936 3302 5003 83,
3334 4955 3438 5005 quo
3487 4940 3589 4993 Do-

2015 5003 2267 5057 mitianus
2298 5018 2375 5065 ts,
2417 5015 2470 5059 et
2501 5004 2667 5059 Rufus
2697 5003 2732 5059 tt
2761 5008 3005 5062 consules
3034 5005 3201 5063 luere.
3242 5010 3293 5062 In
3325 5003 3590 5062 Cltronim

2016 5074 2155 5127 enim
2200 5074 2405 5128 Damasi
2460 5076 2802 5130 Pontilicatus
2853 5078 3175 5131 successoris
3232 5079 3507 5132 inclinatur
3556 5093 3586 5132 a

2016 5145 2349 5211 consulibus,
2382 5147 2469 5212 qui
2503 5155 2619 5214 post
2650 5155 2876 5200 mortem
2914 5147 3210 5203 decessoris
3235 5164 3429 5203 annum
3459 5163 3589 5217 ape-

2020 5228 2194 5291 ruere.
2251 5219 2374 5283 Ejus
2400 5225 2577 5291 autem
2608 5219 2784 5270 obitus
2815 5220 3031 5288 contigit
3062 5233 3202 5271 arum
3231 5220 3321 5284 97$,
3354 5235 3460 5291 quo
3492 5222 3591 5273 llu-

2022 5286 2273 5358 nntianus
2295 5301 2402 5339 xvu
2436 5299 2489 5341 et
2516 5286 2765 5341 Clemens
2800 5286 3135 5358 consulatum
3160 5286 3395 5358 ges-ere;
3426 5290 3592 5345 llodie

2021 5356 2216 5429 colitur
2240 5357 2555 5429 Anacletus;
2585 5359 2678 5429 sed
2711 5358 2824 5411 dies
2853 5358 2905 5411 is
2928 5357 2994 5411 ad
3022 5356 3248 5429 alqui—nn
3280 5363 3395 5428 ejus
3424 5369 3595 5414 trans-

2026 5425 2277 5480 lationem
2338 5426 2511 5495 potius
2564 5427 2899 5491 referendus,
2954 5439 3012 5481 ttt
3058 5425 3127 5483 de
3178 5425 3600 5486 aliis'veteribus

2024 5497 2363 5565 pontiﬁcibus
2415 5498 2828 5551 existimandum
2860 5505 2960 5551 est.
2993 5497 3105 5554 Non
3137 5497 3330 5556 desunt
3359 5503 3456 5556 viri
3505 5501 3604 5555 do-

2026 5567 2272 5631 ctissimi,
2300 5568 2388 5634 qui
2428 5568 2636 5641 Cletum
2677 5578 2730 5621 et
2766 5572 3072 5641 Anacgletum
3105 5584 3208 5624 non
3250 5570 3599 5641 distinguunt.

2024 5640 2084 5689 ‘ct
2125 5648 2287 5690 unum
2316 5639 2667 5706 eamdemque
2696 5652 2816 5692 esse
2861 5639 3123 5693 aflirmant
3169 5652 3197 5695 τ’
3222 5639 3501 5697 Verum—in
3551 5657 3606 5695 re

2032 5707 2232 5761 incerza
2252 5726 2277 5758 a
2297 5708 2562 5761 communi
2593 5708 2844 5776 opinione
2871 5724 2974 5764 non
2998 5711 3392 5767 abscedendum
3416 5723 3513 5769 εει.
3535 5710 3608 5767 De

2033 5780 2093 5834 8.
2121 5778 2270 5833 Cleto
2301 5777 2417 5834 vide
2440 5791 2562 5833 xxvi
2591 5780 2719 5843 Apr.
