4240 6510
657 371 761 429 975

1404 375 1602 429 BEDE
1647 374 2092 430 VENEIiABlLIS
2130 376 2277 430 UPP.
2323 374 2498 429 PARS
2539 375 2625 429 IV.
2665 403 2735 413 —
2772 373 3133 430 IIISTORICA

3806 381 3905 438 976

1892 486 2116 541 EDITIO
2162 486 2632 541 COLONIENSIS.

660 578 819 646 .lnda,
851 586 1027 647 postea
1058 578 1123 631 ab
1163 577 1400 645 apostolo
1433 577 1594 632 Paulo
1620 587 1953 646 assumptus,
1980 576 2235 646 prtedica-
2263 584 2314 639 Α
2342 578 2651 631 discrimine
2698 576 2918 630 liberata
2966 575 3056 629 sit.
3106 574 3285 630 Romae
3336 577 3388 631 in
3432 589 3585 647 portu
3632 580 3902 653 Eutropii,

663 670 822 723 tionis
862 667 1089 722 officium
1132 667 1297 735 gratia
1339 666 1543 721 Domini
1590 667 1779 736 plenus
1808 667 2066 721 instanter
2109 682 2237 720 con-

661 758 962 821 summavit,
1006 764 1165 825 atque
1211 757 1352 822 apud
1398 756 1756 811 Macedoniam
1794 757 1858 810 'in
1904 755 2236 824 passionibus

660 848 769 903 suis
809 846 1076 901 Christum
1116 847 1445 913 clarificans,
1474 846 1812 916 postmodum
1858 846 2136 916 requievit.
2179 845 2235 900 In

663 938 939 992 Antiochia
969 935 1144 1006 passio
1165 946 1363 991 sanctae
1392 937 1695 1006 Margaretze
1720 936 1959 1007 virgipis.

722 1028 789 1082 ιδ.
826 1028 980 1082 Ριιιι).
1013 1028 1131 1084 Inus
1174 1027 1334 1083 Jour.
1383 1028 1533 1096 Apud
1582 1027 1806 1082 Pontum
1845 1028 2019 1083 natale
2058 1028 2225 1083 sancti

663 1117 855 1175 Phoce
885 1118 1120 1187 episcopi
1168 1117 1394 1172 civitatis
1437 1117 1671 1186 Siuopis,
1714 1118 1803 1187 qui
1851 1118 1949 1172 sub
1994 1118 2225 1186 Trajano

659 1209 1014 1276 imperatore,
1066 1207 1311 1275 praefecto
1337 1206 1607 1271 Africano,
1649 1220 1939 1272 carcerem,
1989 1208 2224 1274 vincula,

660 1299 881 1363 ferrum,
912 1296 1084 1367 ignem
1129 1297 1286 1352 etiam
1332 1312 1428 1366 pro
1471 1298 1682 1353 Christo
1729 1299 2038 1367 superavit:
2072 1299 2223 1367 cujus

658 1389 897 1459 reliquiae
936 1389 990 1444 in
1039 1388 1254 1444 basilica
1304 1390 1667 1458 apostolorum
1698 1389 1749 1444 in
1785 1388 1981 1444 Vienna
2011 1389 2227 1444 civitate

667 1481 850 1537 Galliae
891 1481 1170 1538 habentur.
1201 1482 1461 1552 Lugduno
1488 1478 1672 1536 Gallia:
1701 1482 1875 1537 natale
1901 1481 2066 1537 sancti
2090 1481 2229 1537 iusti

661 1574 893 1645 episcopi
921 1582 974 1629 et
1000 1571 1344 1628 confessoris.

735 1666 803 1722 (ἶ.
840 1667 959 1721 lpus
980 1665 1142 1721 Jt'Lit.
1173 1663 1339 1718 Nisibi
1371 1664 1544 1718 natale
1565 1663 1734 1718 sancti
1761 1662 1938 1719 Jacobi
1964 1663 2198 1733 episcoin
2217 1703 2234 1729 ,

674 1770 882 1828 magna:
910 1757 1121 1811 virtutis
1143 1755 1267 1823 viri,
1303 1753 1372 1809 ita
1402 1763 1460 1809 ut
1480 1754 1545 1811 ad
1570 1755 1687 1825 ejus
1718 1769 1899 1825 preces
1925 1770 2068 1821 saepe
2114 1756 2239 1810 urbs

2342 669 2568 721 ZoSima:
2594 678 2640 719 et
2670 668 2890 719 Bonoszn
2918 681 3183 719 sorormn.
3234 668 3288 720 In
3333 668 3649 724 Alexandria
3690 685 3903 727 sancto-

2341 774 2459 813 rum
2509 757 2755 824 Philippi,
2804 755 3057 816 Zenonis,
3094 755 3301 816 Narsei.
3330 766 3385 811 et
3412 758 3666 813 infantum
3698 762 3902 819 decem.

2340 845 2544 900 Eodem
2573 845 2660 899 die
2691 846 2985 899 sublevatio
3025 847 3264 912 corporis
3299 848 3467 900 sancti
3512 848 3719 903 Henrici
3746 853 3907 915 itttpe~

2343 934 2554 987 ratoris.
2603 934 2655 986 In
2689 932 3006 1003 Carthagine
3054 934 3227 987 natale
3280 947 3577 990 sanctorum
3629 940 3903 1006 Florentii,

2339 1023 2568 1080 Catulini
2609 1024 2818 1078 diaconi
2887 1023 3312 1090 Januarii,.luli:e
3355 1037 3409 1080 et
3452 1027 3635 1094 Justar,
3669 1034 3756 1099 qui
3787 1045 3905 1089 sunt

2336 1117 2496 1185 positi
2532 1117 2586 1169 in
2619 1115 2834 1169 basilica
2867 1115 3068 1177 FauSti.
3098 1124 3153 1168 et
3185 1116 3236 1169 in
3265 1115 3461 1171 Sirmio
3489 1121 3778 1190 Agrippini,
3814 1125 3906 1180 Se-

2337 1207 2575 1272 cundini,
2608 1207 2870 1261 Maximini
2918 1206 3172 1261 Martialis
3202 1217 3255 1262 et
3283 1209 3461 1263 Jacobi
3511 1212 3765 1281 episcopi.
3800 1216 3902 1267 Eo-

2338 1300 2458 1354 dem
2489 1300 2575 1353 die
2604 1308 2801 1354 sancta;
2830 1299 3223 1370 Reginswindie
3251 1300 3465 1372 virginis
3488 1342 3505 1368 ,
3555 1314 3608 1358 et
3644 1304 3902 1374 dispersio

2340 1390 2699 1458 apostolorum
2713 1428 2726 1442 .

2414 1482 2477 1534 A.
2514 1478 2649 1533 XVll
2675 1478 2912 1533 Kauean.
2955 1484 3188 1535 Aucusr.
3228 1479 3287 1535 in
3331 1482 3472 1536 Ostia
3522 1486 3691 1540 natale
3739 1490 3907 1544 sancti

2343 1570 2607 1636 llilarini,
2648 1571 2735 1638 qui
2783 1569 2883 1624 sub
2932 1572 3294 1637 persecutione
3341 1572 3531 1627 Juliani
3574 1591 3693 1629 cum
3744 1579 3907 1632 nollet

2346 1661 2674 1724 sacrificare,
2709 1659 2935 1713 fustibus
2956 1674 3127 1714 caesus
3149 1665 3452 1731 martyrium
3484 1666 3724 1732 sumpsit.
3756 1668 3903 1735 Apud

2348 1753 2684 1810 Antiochiam
2726 1751 2897 1825 Syria:
2935 1752 3107 1808 natale
3153 1755 3318 1808 sancti
3374 1754 3641 1811 Eustachii
3671 1758 3907 1826 episcopi

1899 1845 2121 1901 EDITIO
2160 1846 2662 1902 BOLLANDIANA.

737 1938 914 1994 {L—
942 1936 986 1991 Il
1012 1935 1153 1993 IDUS.
1184 1936 1242 1992 S.
1275 1942 1302 1970 ⁸
1329 1934 1520 1990 Phocre
1567 1934 1657 2008 [In
1700 1936 1770 1991 Α.
1801 1935 1867 1992 Τ.
1920 1936 1983 1992 L.
2033 1934 2237 2007 Focati]
2273 1943 2317 2002 Β
2345 1939 2411 1991 ci:

2229 1934 2237 2007 |
2273 1943 2317 2002 Β
2345 1939 2512 2001 cialis,
2541 1946 2595 1989 et
2623 1935 2680 1991 8.
2716 1944 2740 2008 ς
2771 1934 2948 1989 Jacobi
2982 1935 3212 2008 episcopi
3244 1935 3455 2002 Nisibis,
3486 1940 3574 2004 qui
3605 1939 3654 1993 in
3682 1954 3903 2008 c0rpore

665 2031 902 2102 episcOpi
936 2027 1087 2082 Ponti
1115 2044 1127 2080 :
1159 2026 1248 2098 qui
1280 2026 1380 2081 sub
1407 2026 1636 2096 Trajano
1684 2027 2005 2097 imperatore
2036 2068 2052 2093 ,
2100 2043 2240 2097 prie-

667 2122 807 2178 fecto
850 2118 1120 2184 Africano,
1151 2132 1440 2183 carcerem,
1484 2118 1728 2190 ungulas,
1774 2120 2013 2185 ferrum’,
2064 2120 2242 2190 ignem

658 2213 821 2266 etiam
868 2223 963 2280 pro
998 2208 1211 2263 Christo
1240 2208 1539 2276 superavit;
1583 2208 1735 2277 cujus
1778 2208 2017 2278 reliquias
2059 2207 2113 2262 in
2144 2208 2265 2269 Bas

666 2302 815 2358 siiica
863 2300 1220 2372 apostolorum
1279 2300 1332 2356 in
1386 2298 1553 2354 Gallia
1609 2299 1827 2356 civitate
1880 2299 2089 2357 Vienna
2143 2298 2241 2356 ba-

665 2396 876 2453 bentur.

737 2501 823 2559 A.,
852 2494 970 2563 Ipso
998 2494 1084 2550 die
1113 2494 1165 2548 in
1211 2493 1334 2548 villa
1364 2509 1483 2563 qua:
1511 2493 1705 2549 dicitur
1751 2493 1995 2549 Somnias
2024 2492 2241 2562 deposi-

662 2566 735 2621 tio
782 2568 839 2621 B.
888 2565 915 2604 ὶι
950 2564 1208 2620 Vincentii
1252 2564 1384 2632 :qui
1434 2567 1650 2620 monitis
1705 2564 1768 2619 Β.
1804 2564 2051 2619 Autberti
2107 2579 2245 2634 pon-

664 2636 820 2691 tificis
850 2637 1105 2690 mundum
1155 2635 1479 2705 relinquens,
1529 2636 1580 2689 iti
1624 2635 1781 2689 factis
1831 2634 1985 2689 bonae
2013 2649 2243 2705 conver-

664 2706 890 2761 sationis
937 2720 997 2760 se
1041 2703 1322 2761 exercuit.
1350 2705 1448 2769 L.,
1502 2705 1655 2773 Apud
1709 2706 2089 2760 monasterium
2141 2703 2246 2773 8οτ

668 2779 853 2846 negias
906 2775 1106 2846 dictum
1165 2779 1337 2846 natale
1397 2772 1780 2846 S.4Vincentii
1845 2776 2094 2846 abbatis;
2150 2772 2241 2846 qui

662 2842 963 2901 construxit
992 2845 1165 2898 locum
1220 2844 1527 2898 Altimontis
1577 2859 1673 2912 per
1718 2844 1965 2910 angelum
2012 2842 2241 2897 Domini.

658 2915 721 2970 C.
755 2917 853 2981 γ.,
898 2913 1065 2967 Gallia
1095 2913 1268 2983 natale
1296 2913 1353 2983 8.
1381 2923 1404 2952 ε
1434 2913 1571 2969 Justi
1613 2914 1846 2983 episcopi
1876 2924 1929 2968 et
1971 2912 2246 2983 confessae

663 2987 755 3038 ris.
782 2984 846 3039 Β.
866 3024 881 3051 ,
907 2983 1159 3053 Lugduno
1178 2981 1364 3039 Gallia:
1390 2981 1662 3053 depositio
1688 2984 1744 3040 8.
1776 2982 1909 3039 iusti
1940 2991 1992 3039 et
2012 2988 2041 3029 d
2065 2982 2243 3038 Amati

666 3077 1057 3145 episcoporum.

740 3186 1127 3243 15.-1ι)ιιιιιε.
1151 3186 1315 3241 Vacat
1342 3185 1521 3240 Baeda.

733 3296 792 3350 D.
823 3297 905 3359 Β..
929 3306 952 3333 ⁸
974 3296 1142 3368 Cyrici
1168 3305 1223 3353 et
1251 3296 1434 3368 matris
1450 3294 1587 3364 ejus.
1605 3292 2063 3368 B.,.l_u_lit_t:c,qua:
2092 3293 2234 3368 inD.

666 3369 966 3447 scribuntur
1014 3364 1243 3447 rubrica,
1275 3365 1412 3447 quod
1453 3366 1675 3447 _toto.in
1726 3364 2124 3447 Iibello_solui_n
2156 3364 2238 3447 bis

667 3438 929 3505 reperitur
930 3453 964 3519 λ
996 3434 1305 3519 eorunmdetrn
1328 3434 1712 3519 natale-primo.
1735 3436 1893 3519 etiam
1926 3435 2055 3519 loco.
2086 3436 2144 3519 i_n_
2171 3434 2232 3489 Τ.

666 3502 896 3563 notatur.
925 3506 985 3563 C.
1017 3508 1075 3562 V.
1108 3508 1190 3577 S.,
1217 3502 1237 3545 ί
1261 3504 1457 3577 Cyrici,
1489 3504 1736 3575 Philippi,
1762 3505 2076 3575 Secundini,
2101 3506 2237 3559 Mar-

2346 2010 2503 2061 multa
2534 2008 2679 2073 signa
2711 2005 2853 2069 fecit,
2884 2017 2936 2060 et
2963 2021 3140 2059 arcam
3173 2006 3280 2059 Noe
3307 2009 3450 2060 solus
3481 2009 3608 2063 vidit
3654 2010 3703 2063 in
3754 2005 3904 2066 mon-

2345 2089 2395 2131 te
2423 2094 2435 2129 :
2470 2078 2598 2130 nulli
2625 2076 2709 2128 alii
2740 2078 2805 2129 de
2852 2077 2913 2128 iis
2941 2080 3026 2144 qui
3075 2090 3195 2130 cum
3225 2091 3289 2129 eo
3337 2090 3676 2144 perrexerant
3722 2082 3904 2136 videre

2341 2158 2423 2200 est
2453 2145 2887 2215 permissum.T.,
2910 2146 3105 2201 Eodem
3127 2146 3212 2199 die
3226 2148 3282 2199 8.
3301 2146 3326 2182 ιι
3353 2146 3633 2212 Florentii;
3656 2160 3709 2204 et
3727 2150 3785 2204 8.
3814 2152 3899 2206 Ja-

2341 2214 2461 2288 cobi
2486 2215 2744 2288 episcOpi,
2764 2214 2852 2280 L.,
2896 2215 3036 2268 hunc
3065 2216 3349 2284 praesignat
3370 2216 3417 2269 in
3440 2217 3687 2273 Armenia
3726 2229 3780 2274 et
3810 2238 3902 2288 pa-

2344 2286 2474 2361 riter
2504 2286 2858 2361 prosequitur,
2901 2300 2993 2361 per
3022 2301 3188 2361 quem
3233 2287 3508 2361 Dominus
3536 2290 3692 2361 multa
3748 2286 3903 2361 signa

2344 2356 2487 2411 fecit.
2506 2354 2601 2420 78.,
2628 2354 2691 2409 In
2713 2354 3025 2409 Alexandria
3042 2354 3225 2410 natale
3252 2358 3345 2413 88.
3378 2355 3623 2425 Philippi,
3649 2354 3898 2424 Zenonis,

2344 2427 2498 2481 Nasci
2529 2436 2582 2480 et
2610 2425 2795 2479 decem
2826 2440 3089 2496 sororum.
3123 2426 3176 2479 In
3204 2428 3515 2496 Carthagine
3543 2428 3604 2484 S.
3640 2427 3901 2486 Catholini

2343 2498 2577 2571 diaconi.
2609 2496 2802 2571 Divisio
2828 2496 2991 2571 prhna
3022 2494 3211 2571 [prima
3241 2507 3310 2571 est
3353 2494 3536 2571 iri—solo
3558 2499 3651 2571 A.]
3690 2512 3904 2570 aposto-

2347 2568 2515 2624 lorum
2547 2566 2850 2619 duodecim.
2880 2564 2945 2619 Τ.
2994 2564 3140 2619 addit
3186 2567 3253 2618 ad
3300 2564 3696 2634 praedicandam.
3723 2564 3797 2625 Ἀ.
3827 2574 3905 2628 sic

2347 2640 2683 2710 prosequitur
2714 2651 2730 2689 :
2761 2635 2972 2710 quando
3023 2636 3137 2710 ipse
3165 2636 3411 2692 Dominus
3451 2640 3602 2710 Jesus
3628 2653 3748 2695 ante
3785 2658 3905 2710 pas-

2344 2706 2550 2780 sionem
2584 2721 2732 2759 suam
2766 2706 3046 2780 misitheos
3075 2707 3140 2758 ad
3189 2708 3574 2780 praedicandum
3601 2719 3656 2764 et
3677 2706 3906 2780 evange-

2346 2777 2610 2832 lizandum
2639 2790 2862 2846 regnum
2901 2776 3030 2846 Dei,
3053 2777 3361 2843 pra'cipiens
3395 2778 3471 2832 eis
3515 2790 3568 2833 et
3590 2780 3771 2835 dicens
3800 2776 3904 2835 {In

2347 2850 2485 2901 viam
2512 2846 2746 2914 gentium
2772 2860 2839 2898 ne
2867 2845 3127 2908 abieritis,
3150 2854 3205 2901 et
3244 2845 3296 2900 in
3323 2846 3585 2903 civitatem
3614 2851 3911 2905 Samarita-

2347 2932 2532 2972 norum
2564 2931 2633 2970 ne
2655 2915 2997 2979 intraveritis,
3021 2926 3123 2970 etc.

2420 2988 2615 3041 Eodem
2648 2986 2733 3040 die
2784 2985 2971 3039 relatio
3000 2985 3057 3040 8.
3091 2984 3109 3023 ι
3144 2985 3352 3041 Vedasti
3393 2988 3459 3043 de
3505 2988 3724 3046 Belvaco
3767 3006 3909 3047 anno

2346 3056 2791 3124 octingentesimo
2816 3059 3157 3125 nonagesimo
3180 3058 3334 3111 tertio
3362 3059 3642 3114 Dominica:
3662 3062 3911 3117 Incarna~

2350 3128 2527 3183 tionis.
2586 3125 2701 3179 Fuit
2747 3136 2921 3179 autem
2973 3126 3109 3193 apud
3150 3128 3448 3193 pris-dictaui
3494 3130 3671 3184 urbem
3712 3134 3766 3185 in
3819 3148 3911 3186 ec-

2347 3198 2507 3254 clesia
2547 3197 2605 3252 S.
2636 3195 2923 3267 Stephani“
2945 3197 3344 3267 protomartyris
3388 3213 3553 3251 annos
3585 3202 3858 3257 duodecim
3884 3246 3902 3267 ,

2347 3282 2559 3322 menses
2609 3282 2826 3329 novem,
2876 3265 2989 3319 dies
3015 3267 3195 3335 viginti
3239 3265 3373 3321 tres.
3424 3268 3677 3325 Praedicta
3728 3272 3781 3325 in
3820 3265 3895 3325 au

2344 3346 2501 3407 capta
2523 3336 2963 3409 estiﬂierusalem
3006 3336 3076 3389 ab
3119 3341 3352 3392 exercitu
3395 3339 3822 3409 christianorum,
3855 3360 3901 3396 et

2345 3409 2563 3464 liberata
2592 3408 2661 3463 de
2692 3422 2848 3460 manu
2880 3420 3219 3475 paganorum.

2418 3496 2737 3553 l6.—X\lll
2766 3495 2901 3550 ΚΑι..
2930 3496 3166 3563 Aucusr,
3196 3497 3253 3553 In
3274 3498 3417 3555 Ostia
3440 3502 3608 3557 natale
3635 3501 3691 3559 S.
3716 3501 3733 3554 i
3768 3501 3913 3558 ιιίιειο

2067 3593 2273 3650 8ΜΙΤΙΙ
2314 3587 2539 3647 ΝΟΤᾹΞ.

741 3698 766 3727 ⁸
796 3688 1004 3743 ΡΙιοειιν.
1032 3685 1314 3742 Sciendum
1337 3694 1511 3741 autem
1536 3686 1667 3739 duos
1688 3684 1850 3740 fuisse
1872 3685 2074 3740 Phocas
2097 3701 2239 3739 mar-
2270 3706 2277 3714 ·

672 3770 839 3831 tyres,
857 3758 1178 3831 alterumue
1206 3772 1311 3831 quo
1342 3757 1442 3831 hoc
1479 3756 1586 3831 die,
1620 3756 2013 3831 a_|terum_vero
2039 3757 2239 3831 dequo

669 3826 827 3885 tertio
856 3828 1030 3881 Nonas
1066 3826 1236 3881 Martii
1278 3827 1469 3895 agitur.
1504 3828 1598 3879 llic
1624 3826 1692 3878 de
1718 3840 1823 3893 quo
1857 3826 2013 3880 hodie
2042 3826 2236 3895 agitur,

670 3915 733 3952 ex
766 3908 921 3952 nauta
967 3902 1250 3965 episcopus
1279 3896 1445 3951 factus
1476 3895 1571 3950 fuit
1599 3895 1927 3965 Synupensis
1956 3896 2010 3949 in
2048 3897 2236 3961 Ponto,

668 3971 757 4022 ubi
800 3983 985 4038 passus
1015 3977 1119 4031 est,
1147 3975 1200 4022 et
1224 3977 1339 4038 post
1365 3967 1527 4020 multa
1556 3975 1814 4038 tormenta
1838 3969 2037 4038 absque
2066 3967 2239 4034 gladio

664 4036 915 4110 migravit
950 4038 1001 4092 iii
1031 4039 1255 4102 caelum;
1284 4037 1375 4110 ille
1404 4052 1530 4089 vero
1574 4036 2050 4110 hortoruntcultor
2079 4038 2240 4110 fuisse

670 4107 998 4190 perhibetur,
1028 4117 1081 4163 et
1111 4107 1404 4162 Antiochiae
1436 4116 1707 4163 truncatus
1752 4109 1923 4176 capite
1952 4107 2236 4176 complevit

652 4190 997 4234 tmartvrtum.

741 4250 768 4288 ιθ
808 4247 1076 4301 Vincentii.
1106 4247 1391 4302 llannoniae
1417 4247 1648 4313 comitis,
1671 4246 1760 4316 qui
1790 4254 1940 4300 antea
1974 4247 2236 4315 Madelga-

670 4319 781 4372 rius
806 4318 999 4379 dictus,
1030 4326 1083 4370 et
1106 4319 1241 4370 inter
1274 4318 1537 4371 l’alatinos
1570 4316 1709 4386 regis
1756 4317 2074 4370 Francorum
2126 4320 2237 4369 Da-

670 4389 873 4454 gnberti
898 4402 998 4441 non
1020 4388 1233 4440 intimus
1253 4388 1367 4439 fuit.
1391 4387 1755 4440 llabuitetiam
1784 4402 2004 4440 uxorem
2028 4389 2233 4441 beatam

670 4457 1067 4513 Waldetrutlem
1099 4474 1113 4508 :
1145 4458 1422 4524 ipsumque
1453 4471 1543 4509 rex
1578 4456 1757 4509 habuit
1803 4456 1869 4508 ad
1921 4471 2090 4509 annos
2137 4458 2235 4509 ali-

2348 3682 2466 3737 vide
2494 3694 2684 3750 supra;
2718 3678 2886 3735 Grieci
2917 3687 3089 3733 autem
3120 3679 3294 3736 hodie.

2422 3750 2440 3790 τ
2474 3752 2660 3828 Cyrici,
2686 3760 2788 3806 etc.
2808 3751 2993 3828 llinon
3022 3751 3211 3828 eodem
3240 3753 3517 3828 locopassi
3546 3763 3684 3810 sunt.
3714 3754 3775 3812 S.
3808 3757 3913 3828 Cy-

2347 3824 2489 3877 ricus
2519 3821 2659 3877 enim
2705 3838 2825 3876 cunt
2852 3822 3041 3891 Julitta
3064 3821 3248 3887 Tarsi;
3283 3824 3549 3891 Philippus
3596 3828 3647 3879 in
3680 3821 3911 3881 Alenn-

2347 3896 2493 3954 dria;
2540 3892 2872 3948 Secundinus
2901 3903 2954 3945 et
3001 3890 3248 3946 Martialis
3296 3895 3345 3947 in
3374 3890 3565 3950 Sirmio
3596 3906 3650 3951 et
3677 3897 3909 3953 Jacobus

2346 3963 2511 4018 Nisibi
2543 3964 2803 4030 prmcipue
2830 3961 3096 4015 coluntur.
3131 3964 3352 4018 "IEBON.
3387 3976 3538 4017 niart.

2419 4043 2445 4082 ι
2465 4031 2664 4105 (ρεοὺί.
2700 4032 2944 4099 Episcopi
2977 4032 3192 4097 Nisibis,
3209 4037 3288 4105 vel
3309 4036 3661 4090 Antivcliimin
3690 4037 3911 4105 Mygdo-

2346 4104 2454 4159 nia.
2487 4101 2585 4155 Hic
2615 4118 2750 4155 unus
2780 4117 2844 4155 ex
2878 4117 3093 4156 numero
3115 4106 3211 4155 su'h
3230 4104 3542 4159 Maximiano
3571 4101 3909 4173 persecutore

2342 4175 2701 4229 confessorum
2748 4172 2861 4237 fuit,
2906 4181 2963 4247 et
3014 4188 3196 4247 eorum
3237 4175 3411 4242 quiin
3451 4172 3653 4229 Nicaina
3704 4181 3911 4247 synodo

2344 4247 2659 4298 Arianorum
2685 4243 3082 4310 perversitatem
3114 4244 3426 4297 damnarunt
3450 4264 3462 4307 ;
3492 4243 3907 4301 iiiteri‘uit'etiam

2343 4316 2676 4368 Antiocheno
2710 4314 2931 4366 concilio
2990 4326 3084 4380 pro
3128 4315 3402 4368 catholicis
3448 4327 3627 4369 contra
3657 4318 3908 4372 Arianos.

2344 4384 2579 4438 Mortuus
2608 4392 2691 4437 est
2732 4383 3023 4436 Constantii
3072 4386 3414 4449 temporibus,
3464 4393 3518 4438 et
3546 4387 3682 4438 intra
3726 4404 3910 4442 muros

2346 4455 2493 4508 urbis
2534 4455 2794 4507 Nisibente
2822 4456 3076 4520 sepultus.
3106 4453 3408 4507 Gennadius
3436 4456 3502 4508 de
3541 4455 3728 4509 illustr.
3760 4461 3908 4513 blecl.

671 4540 799 4597 quot
830 4526 1089 4581 Hibernia:
1112 4519 1721 4597 gubernatorempnde
1753 4534 1934 4597 postea
1967 4527 2016 4577 in
2041 4527 2237 4579 Gallias
2266 4519 2315 4578 D
2342 4523 2539 4597 Script.
2568 4526 2783 4597 cap_._rl.
2810 4519 3084 4597 Quomodo
3119 4536 3292 4578 autem
3324 4523 3407 4577 hic
3434 4525 3532 4590 vir,
3565 4528 3758 4593 Sapore
3786 4543 3909 4595 rege

672 4593 901 4662 rediens,
944 4597 1163 4650 adduxit
1207 4610 1384 4649 secum
1428 4595 1521 4649 88.
1550 4593 1847 4657 Foilanum,
1881 4593 2148 4649 Fursaeum
2188 4609 2242 4652 et

670 4670 804 4723 alios
853 4669 971 4721 fidei
1005 4666 1396 4733 prmdicatores.
1446 4666 1685 4719 Autberti
1735 4665 1982 4728 consilio,
2025 4667 2238 4720 militari

671 4739 878 4808 cingulo
904 4739 1108 4799 relicto,
1132 4740 1195 4789 ad
1219 4738 1496 4808 Samliratn'
1528 4738 1577 4789 in
1604 4735 1885 4808 municipio
1907 4736 2045 4803 quod
2070 4737 2243 4790 Mons-

672 4806 810 4863 altus
857 4811 1066 4872 dicitur,
1102 4807 1477 4861 monasterium
1522 4806 1855 4868 construxit,
1896 4816 1948 4859 et
2002 4808 2241 4874 pluribus

671 4880 821 4933 annis
852 4878 1163 4947 regulariter
1192 4875 1349 4940 vixit;
1381 4892 1486 4945 quo
1514 4876 1700 4943 etejus
1733 4877 1980 4944 exemplo
2000 4878 2085 4929 alii
2116 4893 2241 4943 per-

660 4959 947 5012 rexerunt,
980 4950 1270 5002 Ansbertus
1316 4949 1516 5001 scilicet
1557 4947 1999 5013 ltothomagensis
2030 4948 2239 5014 episco-

673 5036 771 5086 pus
794 5019 983 5072 ettsilio
1011 5019 1357 5086 proscriptus,
1374 5027 1437 5070 et
1463 5016 1550 5069 alii
1596 5017 1685 5069 Dei
1708 5014 1913 5071 famuli.
1940 5016 2243 5072 A‘Sdilicavit

671 5089 831 5142 etiam
877 5086 1129 5155 Soncgias
1181 5087 1508 5150 emnobium,
1561 5087 1610 5157 in
1658 5100 1766 5154 quo
1814 5088 2071 5157 reliquum
2122 5088 2241 5141 vita:

671 5169 869 5212 sancta:
899 5159 1067 5223 duxit,
1095 5167 1148 5212 et
1169 5159 1470 5210 terminavit
1498 5158 1548 5207 in
1594 5156 1836 5222 Domitio,
1866 5165 1921 5210 et
1950 5158 2240 5225 depositio-

672 5244 794 5282 nem
853 5229 1086 5295 accepit,
1138 5228 1431 5295 claruitque
1485 5226 1755 5278 miraculis
1797 5231 1939 5280 circa
1996 5242 2083 5279 an.
2136 5226 2261 5281 640.

672 5300 891 5353 GBINIUS
911 5300 1183 5352 SENBNSIS.
1216 5298 1466 5351 MuLANUS
1503 5298 1570 5349 de
1594 5295 1690 5349 SS.
1725 5296 1907 5363 Belgii.

750 5380 771 5408 ο
804 5369 960 5423 Justi.
995 5370 1196 5422 Colitur
1222 5370 1306 5421 hic
1328 5383 1361 5421 ιι
1402 5365 1751 5435 Septembris,
1780 5380 1886 5433 quo
1910 5365 1999 5420 die
2027 5366 2156 5421 obiit
2178 5367 2235 5421 in

672 5439 920 5510 mgygto,
954 5437 1487 5510 ubianachoreticam
1509 5438 1794 5510 egitvitam
1829 5450 1843 5487 :
1878 5435 2034 5491 hodie
2062 5446 2236 5493 autem

674 5505 986 5577 Lugdunum
1014 5509 1247 5575 gloriose
1270 5509 1552 5560 translatus
1576 5505 1952 5577 est.__No'rua.

743 5574 985 5633 ιιἈηιαιὶ.
1017 5574 1118 5643 Qui
1146 5578 1359 5631 Amicus
1387 5578 1581 5631 dicitur
1609 5590 1638 5627 a
1669 5574 1905 5629 Notkero
1940 5586 1992 5629 et
2022 5577 2073 5629 in
2118 5578 2240 5632 Ilie-

676 5651 984 5718 ronymiano
1023 5648 1419 5719 Martyrologio.
1449 5648 1579 5715 Quis
1606 5646 1689 5699 hic
1714 5647 1803 5714 sit,
1837 5660 1941 5699 non
1970 5649 2096 5700 satis
2119 5662 2236 5702 cer-

670 5727 786 5773 tum
819 5726 919 5771 est.

804 5787 989 5855 L'yrici.
1019 5785 1093 5842 De
1124 5787 1204 5843 his
1235 5787 1402 5843 Latini
1434 5797 1590 5857 agunt
1614 5802 1702 5842 ιιί
1730 5785 1893 5852 Junii,
1916 5802 2073 5858 quem
2098 5789 2236 5843 dicm

2346 4594 2624 4648 Persarum
2660 4593 2860 4645 Nisibin
2891 4593 3165 4646 obsidione
3216 4605 3521 4660 premente,
3563 4610 3679 4649 eam
3720 4593 3903 4649 urbem

2364 4666 2595 4718 irecibus
2628 4666 2949 4715 incolumem
2981 4674 3231 4727 servavit,
3262 4667 3400 4732 legas
3428 4668 3563 4731 apud
3590 4666 3906 4719 'lheo.ioreii

2394 4734 2479 4791 ist.
2511 4748 2568 4801 ιι,
2618 4734 2708 4788 50.
2742 4733 2909 4785 Graeci
2938 4748 3059 4786 eum
3105 4736 3283 4788 colunt
3309 4735 3474 4804 pridie
3524 4735 3740 4789 Kalend.
3794 4739 3907 4791 No-

2343 4809 2517 4860 vemb.
2552 4808 2602 4856 in
2627 4804 2942 4872 Mcnologio.

2414 4873 2439 4911 ιι
2467 4872 2737 4926 Florentii.
2772 4875 2865 4926 llic
2896 4889 3078 4941 passus
3098 4885 3179 4930 est
3207 4888 3325 4929 cum
3357 4874 3630 4929 Catholino
3648 4875 3899 4943 diacono,

2343 4946 2430 5013 qui
2462 4944 2616 5011 paulo
2643 4944 2865 4997 inferius
2886 4956 3231 5013 memoratur,
3255 4947 3565 5014 Carthagine
3596 4946 3647 4999 in
3672 4945 3909 5001 Wanda-

2347 5017 2443 5069 lica
2478 5016 2868 5081 persecutione.
2894 5016 2987 5069 Hic
3018 5015 3103 5069 ille
3133 5017 3465 5080 Catholinus,
3490 5030 3581 5069 seu
3606 5017 3904 5082 Catulinus,

2343 5086 2395 5140 in
2422 5084 2574 5153 cujus
2604 5084 2809 5136 laudem
2850 5085 2907 5139 8.
2950 5087 3295 5153 Augustinum
3327 5096 3599 5139 tractatum
3633 5088 3903 5149 habuisse,

2342 5156 2524 5209 scribit
2567 5154 2774 5208 Possid.
2806 5157 2858 5209 in
2904 5155 3140 5209 lndiculo
3180 5171 3228 5209 c.
3263 5155 3315 5209 9.
3350 5155 3507 5209 Positi
3556 5165 3677 5209 sunt
3724 5168 3907 5210 autem

2342 5226 2395 5279 hi
2427 5227 2477 5279 in
2520 5223 2733 5279 basilica
2766 5224 2973 5291 FauSti,
3006 5227 3156 5291 cujus
3185 5226 3421 5281 meminit
3462 5228 3646 5280 concil.
3680 5226 3909 5279 Cartha-

2339 5298 2449 5365 gin.
2485 5296 2536 5350 in
2583 5296 2880 5363 principio,
2925 5308 2978 5350 et
3032 5298 3223 5349 concil.
3271 5297 3502 5349 African.
3533 5298 3746 5363 capitul.
3811 5295 3901 5349 ii.

2346 5366 2523 5421 Victor
2547 5369 2670 5417 item
2693 5366 2761 5419 de
2789 5366 3159 5431 persecutione
3189 5365 3514 5431 Wandalica,
3544 5366 3632 5419 lib.
3664 5382 3720 5420 ιι.

2420 5434 2434 5473 ί
2478 5433 2706 5488 Vedastt'.
2736 5436 2809 5488 De
2841 5438 2942 5489 alia
2975 5439 3315 5490 translatione
3345 5436 3463 5490 Vide
3485 5452 3533 5489 vi
3560 5438 3733 5490 Nullas
3752 5435 3908 5494 Julii.

2340 5534 2347 5537 λ
2412 5508 2429 5557 ι
2473 5504 2716 5559 Uilan'm'.
2748 5505 3009 5560 Monachi.
3054 5509 3149 5572 Qui
3181 5509 3245 5560 de
3268 5507 3478 5559 civitate
3524 5506 3688 5559 Aretii
3716 5510 3905 5559 oriun-

2338 5576 2440 5631 dus
2478 5590 2596 5629 cum
2641 5576 2796 5628 beato
2827 5575 3029 5629 Donato
3057 5578 3310 5643 episcopo
3337 5584 3391 5630 et
3436 5587 3667 5645 martyre
3703 5578 3911 5629 dudum

2340 5646 2946 5710 babuitcommercium,
2975 5655 3029 5700 et
3064 5647 3283 5713 pluruno
3334 5661 3433 5699 una
3480 5661 3599 5699 cum
3646 5646 3736 5698 illo
3786 5648 3915 5699 fecit

2339 5717 2609 5769 miracula.
2646 5715 2885 5768 Posthmc
2914 5718 2963 5769 in
2990 5718 3203 5769 civuate
3233 5716 3458 5769 Ostiensi
3480 5717 3699 5783 degens,
3741 5713 3914 5768 Galli-

2338 5801 2527 5842 canuni
2559 5796 2846 5854 martyrem
2880 5802 2941 5842 co
2973 5788 3271 5841 venientem
3314 5786 3567 5859 suscepit,
3596 5798 3647 5839 et
3671 5790 3723 5840 in
3752 5785 3914 5841 Citri-
