4240 6514
424 326 525 380 977

1535 326 1723 384 SEiLT.
1764 325 1825 380 Il.
1864 355 1932 365 —
1973 326 2537 383 M‘AIiTYRULOGlA-.,

3556 335 3657 391 973

1668 433 1891 489 Ευιτιο
1927 434 2389 492 COLONIENSIS.

426 534 479 580 et
504 526 840 590 conlessoris,
868 526 952 594 qui
984 529 1087 580 sub
1107 532 1414 580 Lonstantto
1454 527 1687 593 principe
1708 526 1775 581 ob
1800 528 1983 583 catho-
2010 531 2062 589 Α
2154 523 2219 582 C.
2250 525 2340 580 XV
2385 526 2623 581 Kaceno.
2671 526 2902 583 Auousr.
2962 531 3112 599 Apud
3158 531 3524 600 Carthaginem
3562 550 3658 589 na-

428 616 581 670 licam
611 616 765 670 fidem
798 617 849 670 in
878 614 1271 686 Trajanopolim
1303 619 1571 672 civitatem
1604 618 1846 674 Thracia:
1873 620 1988 689 pul-

429 720 519 760 sus
551 706 757 767 exsilio,
788 707 982 761 ibidem
1017 708 1296 776 requievit.

498 802 558 855 Β.
598 801 716 856 XVI
760 802 998 857 Ksuwn.
1042 804 1275 858 Aucusr.
1336 802 1389 858 In
1445 802 1763 874 Carthagine
1822 804 1993 861 natale

431 900 728 947 sanctorum
773 892 1186 960 Scillitanorum,
1236 892 1286 948 id
1319 906 1421 959 est,
1461 894 1696 963 Sperati.
1732 896 1991 963 Narthali,

435 981 660 1050 liythini,
710 982 963 1047 Bethurii,
1016 983 1229 1049 Felicis,
1256 984 1507 1054 Aquilini.
1542 986 1764 1054 Lctacii,
1797 986 1994 1041 Janua-

431 1074 546 1135 rim,
583 1073 890 1135 Generosm,
943 1073 1141 1137 Befficc,
1194 1075 1406 1129 Donata:
1459 1085 1511 1131 et
1551 1076 1841 1140 Secundae,
1893 1077 1993 1132 sub

432 1164 717 1216 Saturnino
762 1163 1034 1231 praefecto,
1078 1165 1163 1232 qui
1208 1176 1323 1232 post
1355 1166 1577 1233 primam
1604 1166 1992 1221 confessionem

432 1253 628 1306 Christi
674 1253 725 1306 in
768 1267 1035 1307 carcerem
1066 1254 1233 1318 missi,
1276 1264 1328 1309 et
1356 1255 1406 1307 in
1436 1254 1574 1322 ligno
1592 1253 1811 1318 confixi,
1840 1269 1996 1309 mane

434 1345 606 1412 gladio
650 1342 899 1395 decollati
944 1352 1085 1396 sunt.
1135 1342 1328 1397 [lorum
1378 1344 1609 1411 reliquiae
1637 1358 1757 1397 cum
1787 1343 1997 1397 ossibus

434 1434 569 1488 beati
600 1432 867 1501 Cypriani,
894 1442 943 1486 et
968 1434 1137 1500 capite
1165 1435 1329 1486 sancti
1363 1433 1694 1486 Pantaleonis
1723 1434 1994 1504 martyris,

432 1538 496 1579 ex
542 1524 711 1579 Africa
742 1526 793 1579 in
820 1525 1018 1580 Gallias
1051 1522 1345 1586 translatas,
1399 1532 1716 1577 venerantur
1758 1523 1996 1589 Lugduni

434 1617 485 1670 in
531 1617 745 1670 basilica
796 1615 933 1672 beati
973 1615 1190 1670 Joannis
1231 1612 1505 1684 Baptistae,
1540 1623 1595 1669 et
1623 1614 1791 1668 sancti
1818 1614 2003 1671 Alexis

433 1708 778 1763 confessoris.
905 1710 910 1716 “

2099 617 2205 671 tale
2234 625 2431 671 sanctae
2453 617 2757 687 Gundenes,
2786 635 2904 687 quae
2936 620 3214 678 Plautiano
3241 635 3293 678 et
3316 623 3439 678 Zeta
3468 641 3658 679 consu—

2096 706 2233 762 libus
2264 748 2280 773 ,
2346 708 2495 777 jussu
2562 709 2731 763 llufini
2795 713 3137 779 proconsulis,
3219 724 3404 784 quater
3426 716 3654 772 diversis

2096 798 2424 864 temporibus
2452 799 2662 867 equulei
2684 802 2995 857 extensione
3018 814 3202 859 vexata
3226 844 3241 866 ,
3266 816 3319 860 et
3348 808 3654 876 ungularum

2102 888 2364 943 horrenda
2398 890 2717 945 laceratione
2739 892 2965 947 cruciata
2996 936 3011 959 ,
3050 897 3279 950 carceris
3304 896 3463 952 etiam
3495 914 3657 967 squa-

2098 979 2215 1034 lore
2259 979 2557 1036 diutissime
2583 982 3129 1048 alﬂicta,-novissime
3172 988 3344 1057 gladio
3372 1003 3507 1043 caesa
3551 1001 3651 1045 est.

2094 1070 2243 1139 Apud
2301 1072 2563 1126 civitatem
2610 1073 2917 1128 Metensium
2965 1077 3135 1131 sancti
3175 1079 3373 1132 Arnolfl
3416 1082 3650 1149 episcopi

2095 1171 2147 1216 et
2175 1162 2514 1231 confessoris,
2553 1165 2640 1233 qui
2691 1166 2969 1222 sanctitate
3013 1177 3066 1223 et
3112 1169 3484 1225 miraculorum
3530 1188 3653 1241 gra-

2100 1252 2168 1305 tia
2194 1253 2431 1319 illustris,
2460 1257 2785 1312 eremiticam
2809 1259 2966 1313 vitam
2998 1259 3224 1330 diligens
3268 1262 3421 1316 beato
3443 1263 3546 1315 fine
3577 1279 3658 1319 re-

2098 1344 2313 1413 quievit.
2369 1345 2435 1401 Et
2483 1348 2654 1403 sancti
2702 1349 2918 1405 Materni
2973 1353 3202 1423 episcopi
3251 1364 3302 1409 et
3340 1355 3657 1411 confessoris

2099 1434 2416 1489 Mediolano.

2174 1523 2233 1577 D.
2268 1523 2383 1578 XIV
2410 1525 2644 1580 linear».
2695 1528 2931 1585 Aueusr.
2962 1530 3111 1598 Apud
3135 1530 3455 1586 Thebaidam
3494 1531 3656 1588 sancti

2104 1613 2273 1668 Patris
2305 1617 2469 1669 nostri
2498 1617 2728 1682 Arsenii,
2759 1618 2826 1673 de
2857 1634 2960 1687 quo
2991 1621 3042 1673 in
3073 1621 3249 1674 verbis
3275 1622 3547 1675 seniorum
3574 1636 3659 1676 re-

2108 1704 2318 1769 fertur,
2386 1706 2504 1774 quia
2551 1719 2763 1777 propter
2808 1708 3245 1764 redundatinnem
3309 1710 3657 1780 lacrymarum

1658 1796 1885 1853 EDITIO
1925 1795 2419 1852 BOLLANDIANA.

435 1893 567 1956 rini;
598 1890 685 1960 qui
729 1888 830 1943 sub
853 1888 1221 1958 persecutione
1249 1885 1463 1954 Juliani,
1491 1901 1610 1941 eum
1641 1887 1804 1941 nollet
1831 1886 1992 1941 sacri-
2024 1885 2070 1944 Β
2105 1954 2133 1960 _
2164 1886 2232 1960 C._
2258 1885 2316 1960 _V.
2337 1926 2376 1960 ,__
2407 1886 2823 1960 Autissiodorof
2858 1888 3138 1960 Theodosii
3187 1891 3442 1959 episcopi.
3476 1891 3563 1956 ν..
3598 1891 3661 1945 Et

436 1985 618 2049 ficare,
648 1982 873 2037 fustibus
898 1996 1065 2034 caesus
1094 1980 1401 2051 martyrium
1438 1980 1679 2050 sumpsit.

506 2078 567 2132 C.
596 2075 683 2137 V.,
716 2073 771 2142 In
816 2073 1093 2127 Antiochia
1133 2071 1435 2127 Theodosii.
1488 2069 1999 2142 EustasiifEustasii

437 2147 573 2200 abest
601 2162 631 2197 α
657 2141 780 2215 V.],
816 2144 1068 2213 Dionysii.
1104 2142 1186 2215 L_.,
1209 2142 1450 2215 lp_so_die
1483 2141 1593 2215 ξς.
1630 2150 1654 2215 τ
1688 2141 1899 2194 Monulli
1947 2149 2003 2195 et

439 2215 680 2270 Gundnlli
703 2208 1093 2281 episcoporum.
1124 2211 1213 2275 T.,
1244 2212 1440 2267 Eodem
1465 2211 1553 2266 die
1591 2208 1847 2281 adventus
1880 2226 2000 2264 cor-

441 2287 583 2356 poris
612 2285 671 2341 S.
702 2280 941 2338 Cassiani
972 2282 1205 2356 episcopi
1235 2282 1287 2336 in
1320 2281 1558 2356 basilica.
1601 2280 1833 2356 Quintini
1865 2296 2003 2333 mar-

440 2350 590 2427 iyris,
616 2357 785 2427 signis
818 2363 871 2427 et
912 2351 1292 2427 miraculorum
1321 2350 1602 2427 virtutibus
1650 2350 1878 2419 gloriose
1908 2364 2001 2404 co-

440 2419 719 2481 riiscantis
752 2425 815 2479 Et
838 2419 939 2479 SJ’
976 2420 1171 2476 Bertini
1189 2435 1377 2489 corpus
1406 2419 1717 2474 transfertur
1737 2428 1791 2474 et
1819 2434 2006 2474 recon-

440 2501 598 2551 ditur.
632 2496 723 2561 B.,
762 2494 818 2548 In
864 2492 1103 2547 Caesarea
1131 2491 1329 2561 natale"
1351 2490 1448 2545 SS.
1494 2490 1667 2561 Pauli_
1680 2499 1738 2561 et
1769 2501 1790 2529 ο
1817 2489 2005 2561 Mam-

443 2568 615 2621 metis.
654 2558 720 2621 Et
752 2564 925 2619 natale
953 2572 1258 2617 sanctorum
1293 2559 1601 2627 Valentinaa,
1626 2558 1850 2627 Theoni,
1885 2558 2007 2615 Dio-

441 2639 615 2691 cletis.

514 2728 688 2784 I7.—
711 2724 827 2780 XVI
854 2723 987 2779 KAL.
1024 2722 1077 2776 ln
1121 2720 1436 2791 Carthagine
1472 2720 1905 2787 Scillidanorum,
1953 2717 2005 2773 id

442 2827 543 2883 est,
594 2816 873 2881 Marcialis,
924 2813 1085 2869 Cithii
1136 2812 1231 2887 [ο.
1282 2811 1445 2881 Urit],
1481 2812 1743 2874 Veslurii,
1797 2810 2004 2876 Felitis,

444 2908 695 2978 Aquilini,
724 2906 1004 2971 Lactantii,
1032 2902 1290 2970 Januarii,
1308 2902 1559 2958 Generosi
1574 2901 1657 2974 [A.
1676 2900 2007 2973 Generosa],

444 3001 617 3055 Vesta:
646 2998 732 3072 [Β.
762 2997 960 3069 Vastis]
983 3038 999 3062 ,
1033 2997 1247 3052 Donata:
1278 3005 1331 3050 et
1379 2996 1659 3065 Secunda,
1702 2999 1801 3051 sub
1826 2995 2010 3051 Satur.

444 3093 570 3147 nino
616 3090 906 3163 praefecto;
946 3088 1034 3159 qui
1063 3098 1179 3156 post
1225 3088 1446 3157 primam
1474 3087 1669 3142 Christi
1722 3087 2011 3143 confessio-

443 3196 565 3237 nem
595 3182 645 3236 in
675 3194 941 3236 carcerem
973 3177 1119 3234 missi
1140 3187 1194 3235 et
1222 3177 1275 3233 in
1304 3178 1443 3249 ligno
1468 3176 1707 3233 cruciﬁxi
1729 3218 1748 3247 ,
1796 3179 1849 3233 in
1878 3179 2009 3234 mari

445 3273 618 3343 gladio
662 3272 902 3329 decollati
939 3279 1083 3326 sunt.

2030 3257 2087 3321 C

2101 1954 2162 2009 S.
2208 1956 2379 2027 Alesii
2420 1956 2471 2009 in
2496 1958 2647 2027 _Ap...
2684 1958 2740 2011 Et
2775 1958 3004 2012 Marime.
3062 1963 3121 2013 A.
3152 1954 3345 2027 T.'L.,
3369 1954 3575 2015 ’Βοιηώ
3600 1963 3660 2017 S.

2105 2034 2128 2063 ο
2157 2025 2336 2148 aleris
2384 2024 2722 2083 confessoris.
2762 2027 2845 2095 B.,
2875 2027 3169 2085 Mediolano
3198 2024 3374 2087 natale
3421 2031 3479 2089 S.
3529 2030 3661 2085 Mar-

2105 2110 2159 2148 cc
2208 2112 2242 2148 ι.

2100 2110 2242 2150 CCIII.

2176 2187 2261 2242 I8.
2290 2215 2359 2226 —
2378 2186 2471 2242 XV
2500 2186 2632 2243 Κιιι..
2662 2188 2846 2245 Natale
2870 2192 2928 2246 S.
2962 2187 2983 2228 ί
3008 2190 3212 2246 Amulli
3241 2190 3588 2248 confessoris.

2175 2277 2337 2333 Addit
2363 2277 2553 2332 Florus
2582 2278 2635 2333 in
2665 2282 2729 2335 A.
2759 2279 2822 2334 Τ.
2856 2279 2943 2347 L.,
2974 2278 3135 2349 Cujus
3157 2280 3267 2335 vita
3299 2280 3543 2335 maxima:
3572 2296 3665 2337 ex-

2102 2370 2237 2426 stitit
2265 2369 2584 2426 sanctitatis.

2175 2461 2396 2516 Notatur
2435 2469 2607 2514 autem
2658 2460 2709 2514 in
2758 2461 2849 2525 A.,
2900 2460 2953 2515 In
3004 2461 3190 2517 Galliis
3229 2461 3374 2518 Silva
3421 2461 3657 2529 Aqtiilina
3709 2454 3727 2465 ’

2105 2531 2386 2614 ριιεέἰιξυδ.
2416 2530 2880 2614 Arnum-episcopi
2924 2548 2935 2582 :
3060 2532 3135 2614 Τ..
3158 2546 3305 2614 vero,
3344 2532 3547 2614 Eodem
3576 2534 3661 2611 die

2106 2599 2160 2656 in
2191 2600 2359 2670 Gallia
2389 2599 2598 2655 civitate
2625 2601 2779 2654 Metis
2807 2602 3066 2668 depositio
3103 2603 3160 2656 S.
3193 2601 3395 2655 Arnulli
3426 2603 3658 2670 episcopi

2104 2682 2160 2727 et
2189 2669 2507 2726 confessoris
2536 2689 2548 2723 :
2575 2681 2657 2723 ast
2678 2671 2728 2723 iii
2762 2671 2821 2725 Ii.
2847 2687 2948 2741 non
2977 2680 3270 2741 praenotata
3302 2673 3417 2724 loco
3445 2669 3588 2723 solus
3614 2672 3661 2722 ei

2105 2741 2258 2813 datur
2289 2741 2472 2795 titulus
2500 2742 2762 2811 martyris.
2795 2742 2855 2794 C.
2892 2740 2997 2813 ν..
3025 2741 3204 2813 Rome
3231 2750 3255 2785 κ
3286 2741 3659 2813 Symphorosm

2107 2810 2290 2865 matris
2318 2818 2521 2877 septem
2551 2824 2940 2877 germanrrum.
2975 2812 3033 2864 Β.
3063 2810 3203 2864 addit
3237 2810 3447 2864 nomina
3480 2822 3531 2863 et
3554 2812 3665 2863 elo-

2105 2881 2388 2950 giuniqnaa
2426 2882 2556 2933 infra
2598 2880 2821 2951 Videat"
2864 2879 2980 2951 Kal.
3021 2882 3109 2943 A.,
3156 2884 3363 2933 Sancta:
3408 2880 3664 2951 Symphoa

2109 2949 2244 3004 rosae
2267 2966 2386 3003 cum
2416 2958 2619 3017 septem
2665 2949 2802 3003 liliis.
2839 2951 2919 3012 Β..
2961 2950 3027 3016 In,
3059 2951 3221 3003 Ponto
3258 2949 3514 3004 Amantius
3542 2952 3666 3002 civi-

2110 3028 2236 3100 tate,
2272 3019 2500 3086 Pontini,
2545 3019 2776 3085 Fdantii,
2810 3019 3043 3075 Heliana:
3073 3020 3312 3089 virginis,
3356 3021 3533 3075 Maria:
3559 3020 3665 3073 vir~

2108 3104 2265 3160 ginis.

2184 3182 2265 3236 19.
2294 3208 2353 3222 -
2394 3178 2505 3235 XIV
2552 3178 2687 3235 Κιι..
2735 3179 2786 3236 S.
2845 3178 2903 3236 P.
2947 3177 3005 3235 Ν,
3040 3176 3065 3217 δ
3100 3180 3328 3249 Arsenii,
3373 3180 3439 3237 de
3466 3195 3569 3252 quo
3616 3179 3667 3236 in

1808 3360 2008 3419 SMI'I‘II
2048 3357 2275 3415 NOTAE.

449 3457 519 3511 sti
568 3455 670 3511 fide
719 3454 1065 3510 conﬁrmavit.
1096 3454 1291 3522 Captus
1339 3452 1567 3523 denique
1593 3467 1623 3507 τι
1650 3451 2007 3523 Quadratiano

450 3526 675 3595 prscside
702 3525 756 3579 in
800 3526 943 3579 Ostia
972 3527 1178 3595 occisus
1223 3531 1323 3578 est.
1358 3522 1498 3595 Petr.
1528 3523 1794 3595 deiNatal.
1841 3522 2006 3577 Baro-

451 3594 570 3651 nios
607 3610 732 3650 vero
759 3595 812 3649 in
844 3596 994 3648 Mart.
1025 3594 1100 3647 ait
1124 3597 1262 3647 hunc
1301 3594 1467 3649 Aretii
1510 3595 1561 3647 in
1591 3594 1780 3647 Tuscia
1813 3601 2009 3663 marty-

452 3668 586 3720 rium
637 3665 943 3732 sumpsisse,
971 3673 1023 3718 et
1060 3678 1253 3733 corpus
1297 3663 1415 3734 ejus
1452 3664 1518 3719 ad
1564 3664 1708 3719 Ostia
1755 3663 2007 3718 Tiberina

455 3738 761 3791 translatum
792 3734 971 3789 fuisse.

528 3812 555 3840 ⁸
580 3805 847 3873 Monulphi
896 3814 939 3857 et
994 3805 1305 3873 Gondulplti.
1341 3805 1413 3857 Ex
1457 3803 1647 3870 quibus
1675 3802 2009 3870 Monnlphus,

458 3876 594 3929 filius
620 3875 753 3939 regis
783 3876 1006 3929 Dionati.
1035 3880 1182 3945 Apud
1211 3873 1682 3945 Legiamcondidit
1720 3874 2011 3945 oratorium

459 3947 555 4001 SS.
576 3944 780 3998 Cosmte
796 3957 849 3998 et
868 3942 1129 4010 Damiani;
1152 3957 1206 4000 et
1222 3944 1445 4013 Trajecti
1464 3944 1515 3996 in
1540 3944 1790 3997 honorem
1814 3943 1872 3998 S.
1892 3942 2011 3997 Ser-

458 4016 580 4069 varii
618 4014 948 4081 magnificum
979 4019 1224 4084 templum
1255 4015 1529 4075 exstruxit,
1563 4013 1651 4067 ubi
1683 4015 1903 4067 clericos
1933 4013 2015 4067 in-

459 4084 645 4140 stituit.
671 4084 766 4148 Qui
798 4095 1067 4152 postquam
1092 4083 1235 4140 circa
1266 4085 1332 4141 59
1349 4099 1517 4139 annos
1532 4083 1759 4153 Trajecti
1790 4084 2016 4137 resedis-

459 4166 560 4221 set,
592 4154 781 4207 ibidem
818 4155 869 4207 in
899 4155 1082 4209 eadem
1113 4156 1333 4211 coclesia
1355 4156 1581 4207 animam
1625 4159 1730 4207 Deo
1757 4154 2011 4219 reddidit,

460 4235 512 4279 et
536 4226 768 4291 sepultus
795 4234 878 4277 est
906 4241 1045 4279 anno
1073 4228 1280 4279 circiter
1321 4226 1445 4278 600.
1486 4226 1541 4278 S.
1574 4232 1748 4278 autem
1779 4222 2014 4277 Gondnl-

461 4296 597 4418 RIIIIIS
646 4293 744 4347 fuit
782 4294 930 4374 ducis
981 4296 1332 4363 Lotharingia:
1376 4296 1531 4358 ﬁlius,
1572 4304 1625 4347 et
1669 4293 1893 4373 'l'rajecti
1953 4292 2017 4345 ad

516 4379 665 4418 osam
709 4374 951 4418 nutritus.
987 4367 1105 4418 Post
1152 4366 1210 4418 S.
1237 4364 1572 4418 Monulnhum
1618 4375 1671 4417 et
1716 4364 2017 4418 'l‘raiecten-

516 4379 665 4419 osam
709 4369 951 4419 nutritus.
987 4367 1105 4419 Post
1152 4366 1210 4419 S.
1237 4364 1572 4430 Monulphum
1618 4375 1671 4417 et
1716 4364 2019 4431 'l‘rajecten-

464 4452 577 4489 sem
623 4445 675 4489 et
711 4435 752 4487 Τ
757 4450 1067 4503 ungrensem
1103 4436 1387 4489 Ecclesiam
1423 4434 1698 4499 septennio
1743 4435 1927 4503 rexit,
1967 4442 2021 4485 ει

467 4505 711 4571 migravit
759 4502 841 4558 ex'
874 4505 971 4557 hoc
1021 4506 1216 4558 srcculo
1261 4505 1398 4558 circa
1429 4518 1621 4554 annum
1647 4504 1781 4566 607,
1835 4502 2019 4555 eodem

466 4576 588 4628 anni
610 4576 694 4627 die
720 4590 822 4642 quo
857 4576 1243 4639 prardecessor;
1275 4575 1358 4628 cui
1381 4573 1539 4627 etiam
1574 4587 1662 4639 par
1695 4572 1916 4642 meritis,
1943 4581 2025 4625 est

402 4666 410 4673 ·
468 4641 805 4712 coasepultus
838 4645 888 4697 in
938 4646 1111 4698 medio
1157 4646 1395 4699 ecclesias
1441 4643 1497 4696 S.
1527 4642 1772 4697 Servatii.
1802 4641 2021 4695 Gnisius

466 4717 734 4770 SENENSIS.

543 4784 569 4822 δ
604 4784 814 4840 Bertim’.
841 4784 1010 4839 Verba
1062 4792 1185 4837 sont
1239 4781 1351 4836 haec
1393 4780 1584 4835 Molmi
1634 4782 1684 4833 in
1740 4779 2024 4832 additioni-

472 4855 573 4907 bus
600 4856 664 4907 ad
692 4854 981 4907 Ustiardum
1014 4872 1025 4906 :
1058 4851 1372 4907 Monasterio
1413 4853 1580 4904 Sithiu
1611 4850 1669 4904 S.
1703 4849 1867 4903 Patris
1899 4849 2024 4901 Ber-

472 4925 567 4978 tini
597 4939 785 4989 corpus
815 4944 839 4975 a
872 4925 928 4977 Il.
976 4923 1243 4991 Folqnano
1271 4920 1603 4983 transfertur,
1627 4930 1680 4973 et
1726 4919 1916 4991 recond
1943 4929 2025 4971 tur

476 5010 614 5045 anno
639 4992 760 5047 846.
796 4995 866 5046 De
888 4994 991 5047 alia
1027 4989 1369 5047 translatione
1398 4992 1551 5057 hujus
1595 4990 1762 5044 sancti
1798 4989 1917 5041 vide
1945 5004 2026 5041 su-

476 5064 906 5186 pri'iiiiiiiiiem.
942 5129 1106 5200 Hujus
1143 5132 1438 5202 passionem
1470 5128 1909 5202 prodigio,_qii_am
1941 5140 2028 5180 ve-

480 5203 620 5257 ritati
643 5203 950 5257 similiorem
982 5196 1299 5271 explicatam
1347 5201 1523 5271 viduas
1546 5198 1683 5271 apud
1716 5196 2026 5271 Nrotltertnn.

550 5272 576 5309 ά
605 5272 896 5326 Theodosii.
930 5275 1002 5326 De
1029 5265 1126 5325 hoc
1172 5273 1248 5324 sic
1277 5270 1518 5323 scribitur
1563 5269 1611 5321 in
1646 5265 1786 5321 Phil.
1838 5266 2033 5320 Labbei

478 5344 615 5397 Bibl.
649 5343 779 5396 Nov.
812 5353 937 5396 tum.
968 5342 1015 5407 I,
1052 5358 1101 5408 p.
1129 5342 1232 5395 M8
1261 5358 1273 5393 :
1302 5358 1320 5390 ι
1348 5337 1675 5393 Theodosius
1703 5338 1840 5391 sedit
1867 5349 2035 5388 annos

487 5432 507 5465 ε
548 5414 600 5475 8,
629 5415 741 5465 dies
762 5412 852 5475 25,
876 5426 930 5466 et
971 5412 1120 5483 hodie
1149 5411 1278 5464 obiit
1308 5418 1518 5475 peracto
1545 5408 1663 5483 vitae
1690 5421 1800 5460 sua:
1830 5415 2034 5483 tempo-

489 5502 509 5533 ι
551 5498 606 5536 re
633 5482 702 5538 70
745 5494 797 5535 et
827 5483 859 5536 5
901 5482 1091 5542 annis,
1135 5495 1331 5547 proque
1368 5491 1480 5531 suae
1528 5476 1718 5530 merito
1747 5476 2039 5547 sanctitatis

490 5573 508 5605 ι
550 5555 774 5606 nobilem
803 5554 851 5604 in
882 5551 1101 5606 ecclesia
1132 5551 1191 5602 Β.
1238 5545 1484 5603 Germani
1511 5549 1724 5601 sortitus
1755 5556 1834 5599 est
1863 5545 2039 5609 sepul-

492 5644 508 5673 ι
549 5634 737 5676 turam.
767 5622 885 5676 Fuit
912 5632 1082 5673 autem
1109 5618 1430 5687 temporibus
1464 5616 1733 5687 Bonil‘acii,
1764 5624 1818 5669 et
1840 5615 2034 5667 Mercu-

493 5712 511 5744 r
550 5694 612 5745 rii
634 5695 720 5759 qui
751 5704 802 5745 et
829 5693 1057 5745 Joannes
1084 5686 1295 5742 vocatus
1322 5698 1422 5750 est,
1455 5701 1617 5759 usque
1643 5686 1713 5759 ad
1734 5688 2031 5759 Agapitum,

494 5782 511 5815 ο
552 5755 840 5832 imperante
885 5763 946 5815 Ju
968 5761 1176 5814 .tiniano
1205 5763 1455 5822 Augusto,
1491 5756 1771 5825 Lampadio
1800 5755 2033 5810 consule.

2115 3468 2135 3503 ι
2176 3449 2478 3505 Invenimus
2506 3459 2556 3504 et
2586 3448 2722 3504 hunc
2749 3456 2984 3502 sanctum
3009 3447 3175 3503 virum
3209 3450 3509 3505 interfuisse
3542 3469 3672 3507 con.

2113 3538 2134 3573 ι
2170 3523 2292 3575 cilio
2322 3522 2711 3587 episcoporum,
2744 3519 2885 3588 quod
2913 3528 3085 3572 actum
3116 3529 3280 3573 estex
3308 3521 3455 3586 jussu
3484 3521 3672 3577 Clodo-

2116 3608 2137 3644 ι
2172 3593 2253 3644 vei
2286 3592 2452 3658 Magni
2486 3592 2807 3644 Francorum
2857 3589 2995 3658 regis
3042 3588 3180 3659 apud
3228 3590 3661 3647 Aurelianensem

2115 3674 2135 3712 ο
2177 3660 2361 3715 Gallia:
2390 3662 2674 3714 civitatem.
2714 3674 2734 3709 s

2184 3742 2207 3768 ο
2228 3732 2414 3784 Alexis.
2449 3730 2564 3784 Filii
2597 3728 2940 3797 Euphemiani
2969 3729 3229 3783 senatoris
3254 3739 3305 3784 et
3325 3730 3539 3800 Aglaizc.
3571 3732 3669 3796 Qui

2112 3802 2280 3870 prima
2321 3811 2471 3854 nocte
2500 3800 2816 3868 nuptiarum,
2848 3814 3036 3865 sponsa
3084 3801 3298 3863 intacta,
3330 3817 3359 3855 e
3388 3802 3545 3855 domo
3570 3817 3661 3856 sua

2111 3872 2421 3936 abscedens,
2452 3885 2513 3923 ac
2563 3879 2677 3936 post
2723 3872 2929 3939 longam
2958 3872 3427 3937 peregrinationem
3469 3873 3536 3926 ad
3568 3872 3667 3926 Ur-

2112 3942 2231 3997 bem
2258 3942 2491 4006 rediens,
2516 3940 2699 3993 decem
2738 3950 2791 3994 et
2818 3948 3019 4005 septem
3049 3954 3213 4010 annos
3263 3949 3507 4010 tanquam
3546 3957 3669 4008 ege-

2114 4027 2213 4066 nus
2260 4012 2311 4063 in
2360 4012 2517 4062 domo
2567 4017 2779 4081 paterna
2829 4018 3069 4081 receptus
3117 4008 3382 4073 hospitio,
3427 4012 3667 4081 incogni-

2114 4095 2200 4134 tus
2238 4082 2429 4134 mansit
2462 4096 2476 4131 :
2517 4078 2607 4132 sed
2661 4087 2776 4145 ροςι
2824 4078 3023 4147 obitum
3049 4118 3063 4140 ,
3106 4089 3157 4130 et
3215 4093 3343 4133 voce
3395 4095 3486 4147 per
3523 4078 3669 4134 urbis

2116 4150 2379 4204 Ecclesias
2405 4148 2579 4201 audita
2609 4190 2623 4212 ,
2680 4157 2733 4201 et
2772 4146 2968 4211 scripto
3005 4161 3100 4198 suo
3123 4148 3329 4214 agnitus
3352 4190 3368 4213 ,
3399 4146 3673 4203 Innocen-

2118 4230 2191 4274 tto
2223 4221 2278 4284 l,
2313 4218 2557 4287 pontifice
2584 4219 2833 4279 maximo,
2881 4217 2946 4269 ad
2992 4216 3267 4287 ecclesiam
3325 4220 3379 4272 S.
3415 4220 3667 4273 Bonifacii

2116 4285 2324 4343 summo
2375 4289 2573 4341 honore
2618 4287 2822 4340 delatus
2866 4294 2966 4338 est.
3008 4285 3209 4340 Glaruit
3236 4289 3375 4343 circa
3416 4305 3505 4344 an.
3536 4289 3665 4345 588.

2116 4360 2287 4415 Ρετιι.
2319 4374 2387 4413 bl
2412 4360 2729 4412 NATALIBUS.

2194 4428 2213 4469 ί
2260 4431 2529 4497 Arnulphi.
2563 4428 2711 4481 Metis
2747 4426 2798 4480 in
2826 4424 2990 4479 Gallia
3109 4427 3364 4497 Arnulphi
3406 4429 3663 4496 episcopi,

2119 4501 2205 4573 qui
2236 4495 2492 4573 clarys'in
2520 4499 2710 4573 palatio
2742 4498 2904 4564 regis,
2927 4506 2981 4573 et
3011 4495 3520 4573 Pipino‘Brabantizc
3548 4495 3673 4552 duci

2119 4567 2313 4623 chartis
2338 4567 2450 4633 fuit,
2487 4580 2535 4621 et
2559 4572 2624 4621 ah
2647 4583 2710 4620 eo
2737 4582 2764 4619 a
2791 4567 3012 4620 secretis
3039 4567 3303 4621 adhibitus
3327 4584 3342 4632 ;
3368 4568 3518 4635 cujus
3544 4584 3671 4621 con-

2123 4642 2241 4693 silio
2284 4641 2509 4691 maxime
2558 4638 2771 4705 Pipiuus
2808 4636 3184 4689 delectabatur.
3242 4637 3452 4700 Papone
3496 4648 3669 4691 autem

2056 4731 2104 4791 υ
2128 4708 2346 4787 IIctensi
2377 4710 2621 4791 episcopo
2644 4708 2912 4783 defuncto,
2938 4705 3249 4791 JArnulphus
3280 4706 3474 4791 invitus
3506 4712 3675 4786 praeli-

2132 4782 2266 4832 citur
2298 4796 2308 4829 :
2343 4773 2568 4842 at_post
2607 4791 2773 4827 annos
2801 4773 3099 4842 quindecim
3141 4777 3470 4828 eremiticatn
3507 4773 3675 4828 ivitam

2130 4847 2301 4911 duxit,
2332 4856 2385 4899 et
2411 4848 2539 4900 obiit
2565 4859 2704 4896 anno
2732 4844 2855 4905 6w,
2883 4857 3180 4912 corpusque
3208 4844 3329 4899 inde
3369 4846 3546 4900 Metim
3577 4845 3675 4898 de.

2130 4917 2316 4971 latum.
2344 4916 2554 4975 Sumus,
2587 4924 2711 4965 tom.
2741 4913 2823 4965 IV.

2204 4995 2229 5053 ξ
2272 4985 2650 5053 Symp/turam.
2678 4985 2749 5035 De
2772 4986 2851 5033 his
2874 4981 2991 5035 vide
3013 4979 3144 5053 infra
3168 4998 3254 5037 im
3282 4982 3436 5053 hujus
3457 4983 3672 5036 mensis.

2203 5051 2234 5092 ιι
2272 5051 2486 5106 Arsem'i.
2538 5056 2715 5104 Romae
2761 5053 2899 5111 nati;
2946 5053 3033 5119 qui
3072 5052 3250 5118 etiam,
3295 5051 3568 5118 postquam
3614 5054 3676 5104 ad

2135 5125 2245 5193 ipsa
2273 5124 2424 5193 adyta
2453 5124 2707 5176 doctrina;
2733 5130 2783 5174 et
2808 5121 3183 5193 philosophiae
3207 5136 3260 5175 et
3287 5138 3451 5175 sacrae
3474 5137 3679 5189 proces-

2134 5191 2313 5257 sisset,
2344 5191 2372 5243 ξι
2416 5192 2649 5245 Romana
2700 5192 2930 5243 Ecclesia
2976 5191 3224 5243 diaconus
3273 5196 3539 5245 ordinatus
3578 5205 3678 5245 est.

2136 5265 2419 5331 I‘Ostquarn
2463 5270 2636 5315 autent
2685 5260 3012 5331 Theodosius
3060 5273 3174 5327 post
3211 5263 3476 5317 Valentem
3518 5264 3682 5325 impe-

2136 5329 2293 5386 rium
2321 5333 2656 5397 suscepisset,
2689 5329 2939 5383 Gratiano
2981 5329 3300 5397 imperatore
3344 5340 3399 5384 et
3446 5331 3682 5384 Romano

2138 5402 2362 5471 praesule
2388 5401 2661 5463 suadente,
2700 5399 2951 5471 Arsetiius
2982 5400 3174 5471 invitus
3213 5407 3276 5453 ad
3307 5399 3678 5471 Constantino-

2140 5469 2297 5541 polim
2332 5471 2595 5537 profectus
2624 5479 2724 5531 est,
2756 5478 2811 5522 et
2836 5469 3117 5541 Theodosii
3157 5470 3353 5525 liberos
3397 5470 3679 5524 Arcadium

2142 5539 2197 5596 et
2244 5540 2532 5595 Honorium
2576 5540 2779 5607 accepit
2806 5539 3120 5591 erudiendos
3170 5556 3182 5591 :
3227 5550 3281 5595 et
3317 5555 3436 5595 cum
3468 5550 3681 5607 propter

2136 5612 2384 5677 delictum
2413 5610 2672 5674 quoddam
2701 5610 2987 5661 admissmn
3017 5609 3191 5675 ﬂagris
3220 5611 3499 5665 Arcadium
3528 5610 3680 5663 casti-

2143 5690 2333 5750 gasset,
2365 5695 2390 5730 a
2420 5681 2688 5750 spathario
2722 5678 2928 5750 Arcadii
2962 5690 3191 5732 monitus
3219 5692 3321 5745 est,
3351 5682 3489 5748 quod
3521 5683 3687 5736 Arca—

2143 5747 2258 5806 dius
2286 5766 2404 5805 cum
2452 5752 2562 5803 neci
2591 5749 2717 5803 dare
2760 5747 3039 5803 meditatus
3066 5760 3145 5805 est
3182 5768 3193 5803 :
3238 5747 3493 5808 Arsenius
3521 5754 3679 5825 igitur
