4240 6456
653 288 755 349 979

1391 288 1587 342 Βευῶ
1632 284 2073 340 \‘ENEltABlLIS
2108 282 2256 337 Ol’l’.
2299 282 2474 336 PARS
2514 282 2601 337 IV.
2643 311 2709 324 -—
2746 283 3116 341 IIISTORICA.

3781 282 3892 338 980

1910 391 2130 449 EDITIO
2164 388 2628 446 COLONIENSIS.

650 489 953 559 tergendam
983 488 1248 543 sudarium
1278 500 1491 556 semper
1513 486 1567 541 in
1598 487 1716 540 sinu
1751 485 1831 538 vel
1857 485 1907 538 in
1931 499 2087 537 manu
2118 482 2214 535 ha~
2250 482 2293 539 Α
2323 491 2412 534 est
2440 480 2621 535 Justus
2648 523 2663 547 ,
2696 496 2887 550 qntque
2916 497 3034 536 cum
3063 478 3218 535 beato
3250 482 3489 547 Matthia,
3525 491 3577 535 ut
3607 498 3889 539 numerum

651 583 843 637 buerit.
892 580 1041 645 Apud
1087 579 1392 646 Hispaniam
1442 577 1494 631 in
1522 576 1742 630 civitate
1793 574 1993 643 Ilispali
2042 572 2215 626 natale

651 681 950 727 sanctarum
985 668 1150 724 Justm
1176 678 1231 722 et
1261 668 1483 730 Rullum,
1515 682 1634 733 qua:
1662 681 1689 717 a
1727 664 2050 733 Diogeniano
2075 678 2214 731 prie-

651 765 763 820 side
800 761 1219 831 comprehensae,
1253 759 1460 828 equulei
1492 760 1805 811 exten~ione
1823 766 1875 811 et
1903 756 2210 825 ungularum

650 854 934 908 laniatione
980 861 1183 905 vexata:
1211 858 1373 915 sunt;
1424 848 1618 903 deinde
1649 857 1805 901 trusze
1834 848 1885 900 in
1916 859 2213 910 carcerem,

650 943 822 998 inedia
852 953 907 997 et
942 941 1216 997 doloribus
1258 939 1485 994 afﬂictae.
1522 940 1646 993 l’ost
1676 941 1789 991 haec
1818 936 1977 1005 jussit
2001 949 2214 1003 prarses,

650 1044 704 1084 nt
733 1030 1180 1100 quocumqueiret
1225 1030 1337 1097 ipse
1357 1069 1371 1094 ,
1403 1028 1560 1081 nudis
1591 1028 1812 1095 pedibus
1840 1036 2212 1094 sequerentur.

647 1124 881 1179 Tandem
905 1122 1051 1176 Justa
1080 1123 1133 1177 itt
1163 1134 1375 1175 carcere
1403 1119 1643 1187 spiritum
1672 1116 1941 1172 exhalavit
1971 1134 1985 1169 :
2015 1131 2213 1184 corpus

651 1214 767 1281 ejus
794 1213 847 1266 itt
893 1222 1106 1280 puteum
1136 1211 1452 1280 projectum,
1492 1220 1543 1262 et
1581 1223 1611 1261 a
1639 1208 1837 1262 Sabino
1858 1207 2106 1276 episcOpo
2138 1208 2216 1262 le-

649 1313 847 1367 vatum,
888 1304 939 1354 itt
970 1301 1259 1368 Ilispalensi
1283 1299 1592 1354 cmmeterio
1631 1298 1902 1351 conditum
1925 1307 2026 1353 est.
2062 1297 2215 1351 Rull-

652 1408 732 1445 na:
770 1392 947 1446 cervix
998 1390 1291 1452 confracta,
1322 1399 1378 1445 et
1430 1404 1623 1457 corpus
1646 1389 1761 1457 ejus
1810 1389 1917 1459 igni
1959 1389 2213 1444 traditum

648 1493 760 1548 est;
790 1484 944 1551 cujus
971 1482 1202 1551 reliquiae
1228 1497 1256 1533 a
1285 1480 1529 1535 ﬁdelibus
1557 1488 1754 1534 curata:
1782 1487 1928 1533 sunt.

716 1573 776 1628 E.
821 1572 933 1627 XIII
963 1570 1201 1627 Κιιεαυ.
1233 1570 1464 1625 Δι’ςυετ.
1496 1569 1677 1623 Natale
1706 1569 1879 1623 sancti
1931 1568 2210 1637 Epapltrzc,

647 1666 735 1732 qui
765 1679 794 1718 a
824 1667 980 1718 beato
1026 1664 1191 1719 Paulo
1220 1661 1573 1716 Collosscnsis
1594 1661 1874 1730 episcopus
1915 1662 2212 1724 ordinatus,

646 1756 818 1807 clarus
863 1753 1145 1807 virtutibus
1193 1751 1429 1822 martyrii
1477 1752 1701 1820 palmam
1754 1767 1849 1819 pro
1894 1752 2081 1806 ovibus
2110 1750 2209 1805 sibi

2321 570 2694 623 duodecimum
2742 570 3006 639 impleret,
3040 576 3106 623 ab
3162 570 3414 637 apostolis
3464 574 3744 636 statuitur;
3792 576 3889 629 sed

2318 661 2535 715 Mattltia
2568 663 2737 715 locum
2768 662 2917 715 Juda:
2946 662 3363 731 praevaricatoris
3401 662 3673 732 implente,
3704 665 3891 719 beatos

2317 753 2518 821 Joseph
2550 754 2892 808 ntltilominus
2919 755 3310 822 praedicationis
3339 764 3392 808 et
3437 758 3738 811 sanctitatis
3765 758 3889 810 orti-

2316 848 2399 900 cio
2429 846 2735 910 inserviens,
2764 846 3084 915 multamque
3110 861 3203 915 pro
3223 846 3323 899 lide
3344 846 3537 900 Christi
3567 849 3889 914 persecutio-

2318 952 2437 991 nem
2493 952 2522 991 a
2569 936 2764 992 Jndmis
2814 938 3079 990 sustinens
3108 978 3123 1001 ,
3192 935 3627 990 victoriosissimo
3682 936 3787 989 line
3831 940 3885 991 in

2321 1028 2502 1083 Judma
2529 1028 2743 1094 quievit.
2770 1027 2845 1082 De
2867 1044 2968 1094 quo
2985 1029 3359 1095 refertnrqnod
3377 1043 3631 1081 venenum
3665 1028 3878 1091 biberit,

2320 1119 2522 1174 θιιιὶιιίι
2539 1134 2602 1173 ex
2626 1119 2725 1173 hoc
2742 1120 2910 1185 triste,
2938 1126 3147 1188 propter
3166 1116 3368 1170 Domini
3391 1116 3564 1179 tidem,
3586 1117 3879 1184 pertulerit.

2326 1210 2381 1264 ltt
2415 1213 2668 1265 Damasco
2696 1219 2997 1263 sanctorum
3047 1208 3228 1263 Sabini
3259 1248 3275 1273 ,
3322 1207 3587 1261 Maximini
3618 1252 3633 1274 ,
3664 1207 3882 1271 Juliani,

2319 1301 2590 1367 Macrobii,
2620 1301 2843 1365 Cassia,
2881 1301 3073 1366 Paulae,
3103 1314 3223 1353 cum
3267 1299 3380 1351 aliis
3410 1297 3614 1352 decem.
3655 1299 3705 1352 In
3743 1299 3885 1352 Arri-

2316 1408 2376 1446 ca
2404 1392 2580 1447 natale
2610 1391 2846 1455 Luciani,
2880 1391 3041 1455 I’etri,
3088 1382 3366 1455 Amabilis,
3396 1389 3616 1455 Nunnae,
3657 1399 3710 1445 et
3740 1390 3887 1444 The-

2318 1482 2486 1537 baida:
2523 1482 2765 1536 Victoris.

2389 1573 2449 1627 F.
2481 1572 2571 1627 XII
2601 1572 2837 1626 liueat).
2873 1573 3109 1627 Accusa.
3152 1570 3327 1624 Sancti
3380 1569 3607 1624 Danielis
3647 1568 3879 1636 prephe—

2317 1672 2405 1724 tr,
2433 1661 2613 1715 Romze
2641 1672 2836 1715 sanctae
2858 1660 3108 1715 Praxedis
3138 1659 3373 1728 virginis.
3403 1658 3523 1711 Ilzec
3544 1672 3663 1711 cum
3694 1672 3883 1711 sorore

2316 1765 2410 1807 sua
2442 1752 2749 1807 Potentiatta
2784 1790 2798 1813 ,
2853 1766 2880 1804 a
2937 1750 3091 1805 beato
3131 1750 3363 1805 Pudente
3394 1758 3534 1817 patre
3573 1747 3771 1803 erudita
3828 1748 3881 1801 in

648 1844 1031 1899 commendatis
1073 1843 1205 1898 virili
1238 1820 1405 1913 agone
1452 1843 1686 1911 pert-epit
1716 1858 1727 1905 ;
1761 1843 2003 1911 sepultus
2035 1844 2085 1897 in
2120 1858 2209 1897 ea-
2238 1820 2285 1881 Β
2315 1841 2457 1896 omni
2491 1842 2735 1896 castitate
2764 1852 2818 1897 ct
2848 1841 2966 1910 lege
2993 1842 3184 1906 divina,
3218 1849 3335 1909 post
3373 1840 3563 1894 multas
3582 1839 3879 1907 eleemosy~

647 1934 764 1988 dem
800 1934 953 1989 urbe.
988 1935 1051 1987 Et
1076 1935 1250 1990 natale
1272 1934 1406 1989 beati
1433 1933 1660 2001 Joseplt,
1687 1932 1777 2002 qui
1804 1932 2207 2004 cognominatus

2317 1947 2411 1985 nas
2434 1941 2487 1985 et
2517 1931 2815 1999 sepulturas
2836 1942 3135 1987 sanctorum
3166 1972 3184 1999 ,
3240 1946 3369 2001 quas
3399 1928 3539 1992 fecit,
3577 1929 3731 1985 beato
3777 1930 3881 1983 line

1889 2023 2113 2078 EDITIO
2154 2021 2653 2078 BOLLANDIANA.

648 2120 834 2176 Verbis
859 2120 1132 2175 seniorum
1159 2117 1405 2181 refertur,
1450 2115 1573 2185 quia
1614 2124 1833 2184 propter
1879 2114 2220 2171 redundatio-

648 2228 769 2267 netn
799 2212 1145 2281 lacrymarum
1166 2208 1473 2278 tergendam
1499 2208 1769 2262 sudarium
1790 2222 1999 2275 semper
2020 2205 2075 2261 in
2097 2207 2216 2260 sinu

652 2308 733 2360 vel
763 2307 812 2360 itt
840 2321 993 2359 manu
1026 2303 1291 2359 habuerit.

716 2417 776 2470 C.
808 2416 892 2477 V.,
928 2416 989 2470 Et
1018 2415 1143 2471 alibi
1172 2424 1195 2452 ⁸
1232 2412 1449 2467 llustici.
1486 2412 1569 2475 V.,
1596 2410 1900 2483 Presbyteri
1929 2420 1983 2465 et
2003 2410 2215 2483 confes:-

650 2488 805 2541 sotis.
842 2486 925 2550 Β..
960 2486 1211 2554 Lugdune
1239 2483 1421 2537 Callia:
1448 2484 1704 2551 depositio
1732 2481 1932 2554 Rustici
1971 2481 2209 2554 episcopi

652 2551 1070 2679 ctlconlcbssloris'.
1107 2555 1163 2611 ln
1185 2554 1500 2609 Alexandria
1541 2554 1760 2608 Sisinni.
1804 2552 1857 2605 ltt
1886 2551 2076 2620 Spania
2109 2566 2207 2604 Ita-

646 2637 694 2680 ta
720 2643 749 2680 e
780 2630 834 2682 S.
958 2626 1079 2679 usti.

712 2729 801 2783 9.0.
837 2760 906 2772 -——
933 2730 1045 2785 XIII
1077 2730 1210 2785 KAL.
1239 2729 1403 2784 Vacat
1428 2728 1605 2783 Baeda.

720 2840 780 2893 I).
812 2840 993 2893 Natale
1021 2840 1081 2893 Β.
1111 2839 1329 2904 Joseplt,
1357 2840 1443 2908 qui
1472 2838 1878 2906 cognominatus
1900 2846 1981 2891 est
2005 2836 2207 2908 Justus,

644 2913 839 2981 quique
863 2925 983 2964 cum
1033 2910 1091 2963 Β.
1122 2910 1356 2974 Matthia,
1379 2907 1453 2962 ut
1482 2922 1760 2962 numerum
1793 2907 2070 2961 duodecim
2107 2908 2209 2960 int-

2327 2114 2518 2180 pleret,
2566 2112 2634 2167 ab
2682 2112 2933 2180 apostolis
2975 2113 3237 2167 statttiiur.
3275 2111 3335 2166 C.
3367 2111 3453 2173 V.,
3498 2110 3678 2164 Romze
3704 2114 3881 2178 passio

2321 2183 2377 2255 ὃ.
2436 2183 3204 2255 διιιίφηΜεικιίιιίημεθίει-ιε
3260 2183 3338 2255 [(2.
3390 2182 3644 2255 Nestitarj,
3694 2183 3877 2255 Satiri,

2327 2252 2586 2316 Amarini,
2636 2253 2886 2307 Secundi.
2938 2252 3022 2316 Β..
3054 2252 3232 2306 Romae
3262 2252 3434 2306 natale
3470 2252 3564 2306 SS.
3599 2252 3878 2316 Passeriaz,

2322 2322 2558 2383 Macrini,
2588 2322 2784 2377 Saturi.
2821 2324 2873 2376 In
2901 2321 3071 2376 Alt-ica
3104 2322 3303 2377 Sabini.
3332 2322 3562 2386 aniani,
3598 2322 3875 2375 Amabtlis.

2326 2392 2382 2445 In
2405 2392 2669 2446 Thebaida
2701 2393 2874 2447 natale
2905 2391 3148 2445 Victoris.
3182 2394 3248 2447 Α.
3279 2393 3339 2445 Τ.
3373 2394 3456 2455 Ι...
3491 2392 3541 2444 In
3578 2390 3746 2444 Africa
3778 2407 3875 2443 na-

2318 2461 2421 2515 tale
2449 2462 2543 2517 SS.
2579 2462 2813 2527 Luciani,
2842 2462 3018 2516 Sabini
3043 2471 3094 2515 et
3124 2461 3486 2532 SaudilSandi
3511 2463 3645 2532 abest
3673 2462 3733 2512 ab
3758 2460 3873 2529 A.].

2320 2532 2437 2599 Ipso
2456 2534 2542 2585 die
2573 2536 2745 2598 passio
2772 2533 2831 2587 S.
2854 2542 2877 2569 ο
2908 2532 3209 2599 Margaretae
3240 2530 3562 2600 [itargaretze
3583 2530 3763 2586 abesto
3782 2531 3869 2597 Τ,

2316 2611 2604 2673 canentem
2632 2603 2684 2654 in
2715 2600 2800 2673 C.]
2848 2602 3061 2671 virginis
3099 2608 3153 2673 et
3193 2612 3453 2673 martyris.
3488 2601 3560 2673 1‘.
3583 2641 3598 2662 ,
3642 2602 3696 2654 In
3720 2616 3875 2673 pago

2316 2669 2501 2725 Gallia:
2532 2669 2839 2724 Uononense
2866 2669 3184 2724 monasterio
3209 2669 3459 2724 Silniaco.
3486 2670 3547 2724 Τ.
3582 2672 3666 2735 Α..
3704 2669 3871 2736 (lepu-

2316 2741 2438 2795 sitio
2466 2741 2524 2796 S.
2557 2741 2583 2778 ά
2617 2742 2844 2794 Vulntari
2889 2740 3112 2794 abbatis.
3147 2742 3228 2803 Β..
3281 2742 3337 2794 In
3398 2740 3650 2795 Damasco
3695 2742 3871 2794 natale

2322 2809 2582 2876 Lucianii,
2614 2810 2884 2874 MJCI‘ODii,
2906 2825 3025 2863 cum
3054 2811 3172 2863 aliis
3200 2809 3407 2865 decem.

2388 2910 2478 2967 2|.
2508 2941 2578 2951 —
2606 2910 2696 2966 XII
2741 2909 2877 2966 ΚΑι..
2927 2910 3109 2967 Natale
3135 2910 3194 2967 S.
3221 2920 3244 2949 ο
3280 2909 3527 2967 Praxedis
3550 2910 3787 2983 virginis,
3818 2918 3871 2965 et

2056 3019 2222 3074 ΜΙΤΙΙ
2260 3020 2489 3078 ΝΟΤᾹΞ.

2056 3020 2222 3074 ΜΙΤΙΙ
2289 3020 2303 3043 τ
2471 3060 2489 3078 .

648 3118 785 3172 clam
818 3114 1056 3173 ascendit
1076 3113 1248 3169 navim
1277 3128 1391 3184 qua!
1415 3120 1593 3184 parata
1612 3120 1694 3184 est
1722 3111 1967 3181 navigare
1990 3021 2212 3165 ASlexan-
2238 3020 2482 3184 ἕ
2523 3127 2650 3184 xvnt
2680 3111 2848 3178 Junii,
2901 3110 3098 3167 habent
3126 3109 3378 3167 Marinum
3407 3109 3567 3167 fuisse
3595 3124 3659 3165 ex
3686 3110 3870 3169 Antio-

638 3189 845 3249 driam;
878 3200 982 3252 quo
1010 3201 1129 3239 cum
1163 3183 1392 3237 venisset
1415 3224 1429 3245 ,
1462 3183 1527 3235 ad
1559 3183 1754 3237 Scetim
1784 3191 2017 3252 montem
2063 3192 2204 3235 recta

640 3274 697 3312 se
727 3250 954 3323 recepit,
1007 3257 1334 3322 inseruitque
1375 3254 1426 3306 itt
1477 3268 1753 3306 numerum
1794 3250 2203 3323 monachorum,

637 3330 723 3392 qui
758 3321 866 3382 illic
896 3321 955 3379 se
995 3321 1334 3380 exercebant.
1386 3325 1472 3377 Sic
1503 3338 1595 3389 per
1626 3331 1786 3375 totam
1817 3321 2101 3392 Theodosii
2128 3322 2205 3375 vi-

636 3390 739 3453 tam
772 3398 926 3451 latuit
955 3397 1239 3459 Arsenius;
1274 3400 1553 3462 postquam
1582 3402 1755 3445 autem
1788 3390 2050 3462 Arcadius
2076 3405 2204 3462 suc-

634 3468 886 3522 cessisset
914 3466 1161 3534 imperio,
1193 3460 1419 3518 ArSenio
1439 3463 1578 3534 misit
1609 3462 1813 3534 litteras
1842 3460 1960 3534 ejus
1990 3460 2206 3534 insidias

634 3540 972 3597 conlitentes,
993 3531 1389 3601 ollerentesqne
1407 3533 1454 3587 ei
1484 3533 1641 3585 totius
1665 3531 1879 3601 Aigypti
1905 3531 2202 3597 vectigalia,

638 3618 691 3660 ιιι
723 3623 783 3660 ea
828 3606 1148 3675 pauperibus
1196 3605 1262 3657 ab
1296 3606 1421 3675 ipso
1449 3602 1894 3675 distribuerentur
1925 3610 1978 3655 et
2022 3615 2204 3675 mons:

637 3670 954 3744 steriis'qua':
985 3684 1142 3744 erant
1162 3670 1501 3738 necesSaria;
1532 3671 1812 3744 humiliter
1833 3680 2031 3744 tamen,
2061 3670 2202 3744 quod

635 3740 972 3809 oblatus-est,
997 3743 1209 3797 renuit:
1244 3744 1311 3798 Et
1336 3744 1389 3796 itt
1420 3741 1736 3796 monacbatu
1767 3742 1849 3810 pie
1880 3740 2017 3794 vixit
2041 3740 2200 3794 obiit-

744 3855 757 3869 .
790 3817 1002 3869 Similis.
1037 3823 1167 3865 tum.
1203 3817 1288 3868 IV.

635 3833 757 3885 que.
790 3817 1002 3879 Sumus,
1037 3823 1167 3865 tom.
1203 3813 1288 3868 IV.

635 3896 736 4008 n;
1030 3883 1125 3938 llic
1149 3883 1284 3939 idem
1312 3881 1517 3937 videtur
1544 3896 1663 3935 cum
1694 3895 1779 3947 eo,
1809 3882 1897 3950 qui
1927 3879 2120 3935 colitur
2147 3892 2201 3937 et

635 3972 736 4011 ιιιν
767 3969 984 4011 Αιετιιιε.

706 3975 736 4063 ζ
767 3975 1165 4078 [Jiiortliis‘tlclins
1193 4024 1376 4085 Justzc,
1407 4021 1557 4091 juxta
1609 4020 1747 4090 quod
1787 4021 2035 4091 scribitur
2062 4022 2199 4086 apud

637 4108 861 4151 caeteros
912 4095 1316 4164 Martyrologos.
1367 4090 1498 4158 Qua:
1525 4107 1644 4144 cunt
1690 4090 1874 4145 Ruﬁna
1907 4093 1957 4144 in
1987 4091 2202 4147 civitate

637 4167 836 4234 lliSpali
867 4167 965 4218 sub
989 4164 1317 4234 Dtogettiano
1340 4164 1566 4231 prtrside
1587 4166 1897 4234 martyrium
1922 4176 2071 4234 passa
2096 4174 2199 4234 est.

636 4231 845 4303 Corpus
873 4244 1050 4288 autem
1091 4231 1253 4288 Justze
1303 4233 1355 4287 in
1409 4240 1624 4299 puteum
1669 4232 1985 4299 projectum,
2019 4231 2142 4285 inde
2169 4246 2198 4283 a

636 4306 834 4359 Sabino
887 4304 1139 4370 episcopo
1188 4304 1417 4356 levatum
1465 4310 1622 4368 atque
1668 4303 1930 4369 sepultum
1966 4311 2047 4355 est
2090 4318 2102 4353 :
2146 4311 2201 4355 at

634 4376 882 4442 quoniam
914 4372 1121 4425 ltulinm
1150 4374 1376 4425 cadaver
1406 4371 1736 4424 combustum
1764 4381 1847 4425 est
1872 4410 1887 4433 ,
1927 4386 2046 4442 ossa
2080 4371 2197 4439 ejus

2312 3180 2429 3236 cbia
2462 3181 2733 3236 Gallecite.

2377 3250 2403 3290 δ
2449 3252 2726 3306 Wulmari.
2777 3251 2850 3306 Ex
2885 3251 3116 3306 Bononia
3151 3250 3473 3306 Morinorum
3515 3249 3601 3306 hic
3630 3251 3771 3306 venit
3798 3253 3863 3306 ad

2309 3324 2486 3376 Altum
2524 3332 2756 3375 montem
2788 3324 3189 3387 monasterium,
3219 3322 3357 3390 quod
3390 3321 3440 3374 in
3474 3321 3741 3375 HannOnia
3797 3322 3864 3376 ad

2307 3393 2585 3446 Sambram
2614 3395 2777 3446 situm
2805 3401 2908 3445 est.
2939 3392 3010 3445 lbi
3041 3392 3265 3459 primum
3286 3401 3340 3445 et
3367 3390 3545 3445 ludum
3572 3392 3861 3445 litterarum

2309 3462 2717 3532 frequentabat;
2748 3473 2804 3516 et
2829 3462 2967 3516 circa
3016 3463 3178 3532 boves
3206 3461 3496 3529 pascendos
3528 3461 3768 3529 lignaque
3798 3465 3863 3515 ad

2310 3531 2532 3585 fratrum
2559 3532 2799 3586 ofﬁcinas
2826 3531 3157 3598 irnportanda
3183 3532 3504 3585 versabatur.
3535 3532 3614 3585 Ab
3642 3532 3740 3585 hoc
3762 3534 3865 3585 nti-

2307 3603 2532 3657 nisterio
2560 3604 2855 3665 absolutus,
2892 3602 2943 3655 in
2976 3603 3173 3655 clerum
3223 3602 3517 3668 adscriptns
3552 3610 3651 3665 est,
3681 3609 3734 3655 et
3775 3617 3865 3653 sa-

2304 3673 2597 3725 cerdotium
2632 3673 2765 3726 iniit.
2801 3670 2863 3726 Ut
2893 3682 3069 3726 autem
3120 3671 3389 3725 hominum
3436 3671 3613 3725 Iaudes
3649 3672 3858 3737 vitaret,

2307 3742 2579 3809 ingressus
2628 3753 2711 3797 est
2758 3756 2996 3797 eremum
3056 3741 3335 3811 Flandrim.
3386 3738 3511 3795 lude
3560 3742 3623 3793 ad
3674 3756 3859 3811 agrum

2309 3813 2682 3867 Bolonieusem
2742 3812 2793 3865 in
2849 3828 2953 3880 quo
3004 3821 3157 3865 natus
3201 3810 3369 3863 fuerat
3418 3813 3686 3881 proletpts
3738 3822 3857 3876 est,

2305 3883 2392 3934 tibi
2436 3884 2487 3935 in
2522 3896 2739 3937 nemore
2781 3879 3078 3937 construxit
3110 3879 3483 3935 monasterium
3519 3882 3572 3934 in
3602 3879 3855 3935 honorem

2306 3952 2363 4004 Β.
2398 3952 2579 4007 Mariae
2621 3963 2674 4007 et
2714 3953 2771 4007 S.
2807 3952 2971 4007 Petri.
2999 3952 3231 4016 Quiescit
3277 3950 3326 4003 itt
3365 3951 3505 4004 dicto
3536 3952 3855 4005 monasterio

2305 4020 2441 4075 ltand
2470 4025 2708 4091 procula
2762 4022 2939 4089 Belgio
2984 4031 3165 4091 nostro
3209 4022 3258 4073 in
3289 4020 3502 4091 dioecesi
3554 4022 3857 4074 Morinensi.

2308 4091 2441 4145 Vixit
2465 4090 2601 4144 circa
2631 4108 2826 4145 annum
2856 4092 3057 4144 Domini
3083 4090 3207 4145 68.5.
3236 4093 3389 4144 Juxta
3418 4090 3684 4158 Epitomen
3711 4092 3852 4143 enim

2300 4162 2418 4227 ejus
2454 4163 2591 4215 Vita:
2627 4163 2764 4230 apud
2810 4160 3018 4216 Snriutn
3051 4160 3330 4213 Ceadualla
3380 4177 3467 4214 rex
3519 4159 3861 4230 West-Saxo-

2304 4247 2453 4297 num,
2487 4232 2610 4285 dnnt
2646 4228 2908 4297 prolectus
2935 4241 3016 4284 est
3050 4231 3298 4295 Romam,
3328 4229 3427 4283 hoc
3461 4239 3541 4284 est
3581 4244 3717 4282 anno
3751 4228 3856 4283 688

2298 4300 2455 4369 juxta
2489 4300 2663 4355 Baetim
2696 4302 2839 4355 Eccl.
2871 4302 3005 4354 Hist.
3037 4316 3091 4368 v,
3122 4300 3152 4352 7
3182 4315 3302 4354 eum
3334 4300 3527 4354 invisit.
3553 4300 3647 4353 Ms.
3677 4299 3855 4353 Codex

2303 4373 2440 4426 unde
2459 4372 2595 4425 hanc
2632 4372 2910 4439 Epitomen
2934 4372 3118 4425 Snrius
3134 4370 3415 4435 descripsit
3441 4378 3657 4424 testatur
3679 4378 3852 4422 trans-

632 4440 699 4521 ..υ
725 4442 913 4521 eodem
943 4456 1192 4521 episcopo
1219 4443 1436 4521 cptlecta
1462 4479 1478 4503 ,
1510 4456 1608 4521 una
1638 4454 1756 4521 cum
1781 4456 2002 4506 corpore
2028 4441 2193 4521 J‘ustae
2226 4459 2275 4518 ι)
2301 4443 2462 4495 latum
2504 4455 2624 4521 esse
2667 4445 2837 4521 virum
2875 4442 2964 4521 Dei
2999 4440 3440 4521 xvttudiethlt‘nii.
3479 4440 3706 4521 _Gutrnus
3749 4440 3849 4492 St:-

633 4516 685 4567 in
750 4514 1017 4566 civitatem
1087 4511 1450 4577 Ilispalensetn
1525 4509 1778 4563 translata
1837 4520 1978 4565 sunt.
2036 4514 2152 4565 Anc
2175 4550 2192 4577 ,
2226 4509 2261 4518 ”
2296 4527 2495 4575 ususts,
2524 4512 2773 4565 MOLANUS
2796 4512 2861 4565 de
2887 4514 3090 4565 Sanctis
3118 4510 3295 4578 tletgii.
3323 4512 3448 4564 Sua.
3471 4509 3587 4564 Jntt.
3619 4523 3742 4563 xvtt.

632 4582 868 4639 U~UABD.
899 4582 1067 4637 I’rz'rtt.
1093 4597 1161 4636 DE
1186 4584 1387 4636 NA’I'AL.
2018 4638 2023 4643 ν

704 4658 726 4685 ο
767 4652 1090 4722 Murgantia.
1120 4654 1245 4718 Qua:
1273 4651 1370 4703 fuit
1400 4665 1463 4703 ex
1503 4648 1717 4722 civitate
1744 4647 2040 4722 Antiochia:
2064 4648 2195 4703 Pisi-

630 4725 749 4788 diae,
779 4732 834 4776 et
875 4720 975 4776 lilia
1006 4722 1217 4778 [Edesii
1247 4723 1335 4788 qtti
1368 4721 1463 4773 luit
1491 4720 1717 4773 maxime
1749 4720 1969 4788 insignis
2006 4735 2192 4773 sacer-

629 4796 726 4848 dos
756 4793 1036 4858 idolorum,
1064 4792 1154 4862 qni
1199 4807 1314 4844 eam
1351 4801 1625 4858 propterea
1653 4790 1781 4843 odio
1818 4789 2191 4862 habuit,_quod

630 4865 782 4916 Iidem
814 4860 1153 4918 Christianam
1189 4862 1502 4915 itnbibisset.
1547 4863 1676 4913 Cum
1703 4872 1880 4913 autem
1914 4860 2192 4926 praat‘ectus

627 4933 878 5003 Olybrius
904 4946 933 4984 a
964 4934 1203 5003 partibus
1237 4932 1372 4985 Asiae
1403 4931 1951 5003 Antiocltiatnversus
1976 4940 2196 5003 conten-

625 4998 800 5067 deret,
829 4998 1109 5071 conspecta
1140 5002 1458 5068 Margareta,
1484 5014 1600 5069 qua:
1626 5008 1679 5071 et
1702 5000 1861 5071 aliter
1894 5000 2091 5052 Mat'ina
2114 4998 2196 5051 di-

626 5074 783 5140 citur,
801 5068 985 5127 amore
1010 5075 1127 5142 ejus
1150 5068 1734 5142 vehementerardcbat
1758 5068 1861 5142 ;_ab
1887 5083 2089 5142 cavero
2113 5083 2197 5123 re-

629 5138 832 5209 pulsam
861 5138 1056 5208 terens,
1078 5156 1194 5194 eam
1224 5141 1526 5193 immaniter
1548 5139 1824 5209 cruciavit,
1850 5138 2054 5209 scilicet
2082 5142 2195 5191 vin-

625 5207 1566 5281 culis,carcere,ﬂagellis,equuleo.
1595 5207 1761 5281 Quam
1787 5216 1839 5260 et
1867 5208 2110 5281 diabolus
2140 5209 2193 5281 in

627 5282 871 5337 draconis
896 5286 1070 5351 specie
1092 5325 1105 5345 ,
1137 5278 1389 5333 similiter
1413 5288 1468 5333 et
1499 5278 1766 5351 Αἰιιιιιιρῑβ
1809 5279 2065 5351 tentavit,
2096 5279 2191 5331 sed

628 5366 720 5420 per
747 5348 952 5417 signum
983 5354 1154 5406 crucis
1174 5357 1584 5420 superatnsest.
1624 5348 1918 5420 Novissime
1946 5364 2071 5401 vero
2100 5363 2193 5415 per

628 5418 933 5487 prmtlictnm
966 5422 1272 5491 praelectum
1314 5418 1572 5491 decollata
1601 5418 1913 5491 martyrium
1943 5420 2188 5482 comple-

628 5492 721 5543 vit.
753 5487 980 5547 Usuard:
1005 5493 1189 5545 Snrius
1222 5500 1349 5541 tottt.
1386 5487 1472 5541 IV.
1503 5515 1569 5527 --
1602 5489 1723 5540 llec
1770 5487 1968 5540 Marina
1999 5490 2191 5539 colitur

624 5561 760 5625 apud
790 5562 1076 5616 Nutkerum
1107 5571 1157 5614 et
1188 5559 1488 5612 llrahattum
1522 5573 1643 5611 xvttt
1671 5557 1833 5611 Junii.
1861 5558 1957 5610 Est
1985 5567 2036 5609 et
2087 5557 2188 5609 alia

624 5631 817 5681 Marina
868 5647 983 5695 qu:.e
1028 5642 1081 5684 et
1126 5645 1254 5683 sttit
1302 5628 1444 5681 Junii
1475 5644 1632 5693 supra
1665 5627 1985 5691 celebratur,
2035 5627 2186 5690 cujus

623 5699 918 5756 tet'taminis
948 5702 1094 5755 locus
1122 5700 1219 5754 l'uLt
1248 5700 1591 5754 Alexandria.
1638 5697 1853 5765 llispani
1886 5696 1936 5749 in
1970 5698 2183 5752 Lectio-

2372 4592 2394 4619 ε
2438 4581 2710 4636 Praxedt's.
2741 4583 2870 4648 Qua:
2901 4597 3054 4634 soror
3082 4582 3173 4633 luit
3201 4584 3260 4634 b‘.
3288 4581 3625 4642 Potentianm,
3657 4590 3707 4632 et
3739 4578 3841 4631 lilia

2300 4651 2357 4705 S.
2392 4652 2676 4715 Pudentis;
2723 4657 2787 4705 de
2818 4652 3004 4719 quibus
3046 4661 3216 4704 actum
3258 4660 3333 4704 est
3368 4666 3395 4703 κ
3430 4652 3514 4703 die
3541 4650 3654 4702 Maii
3687 4665 3700 4700 :
3734 4660 3851 4716 post

2300 4724 2574 4776 transitum
2598 4724 2763 4791 patris
2786 4721 2980 4790 vigiliis
2997 4731 3051 4773 et
3078 4720 3401 4774 orationibus
3428 4719 3640 4791 assidue
3663 4733 3851 4771 vacans

2298 4806 2457 4846 otnoe
2486 4790 2850 4860 patrimonium
2875 4791 3031 4843 simul
3056 4807 3173 4843 cum
3199 4791 3350 4844 beata
3370 4790 3619 4860 sererein
3642 4798 3851 4841 susten-

2304 4857 2554 4915 tationem
2608 4875 2894 4929 pauperum
2926 4864 3160 4928 erogavit
3215 4878 3228 4913 :
3266 4870 3381 4926 post
3410 4857 3604 4911 obitum
3652 4859 3851 4911 δεποτις

2303 4935 2446 4984 venit
2477 4946 2593 4984 eam
2621 4932 2950 4984 consolatunt
2998 4932 3056 4984 S.
3098 4931 3371 4994 Novatus;
3417 4944 3519 4996 quo
3559 4943 3660 4981 non
3692 4930 3849 4996 longo

2302 5013 2413 5065 post
2444 5012 2677 5069 tempore
2708 5001 2988 5064 moriente,
3019 5002 3164 5069 virgo
3195 4997 3399 5055 Domini
3429 4998 3674 5069 Praxedis
3694 5013 3843 5063 roga-

2300 5070 2373 5123 vit
2402 5071 2550 5124 Pium
2581 5069 2911 5139 episcopum,
2940 5080 2997 5122 ut
3018 5068 3253 5139 thermas
3280 5069 3462 5121 Novati
3486 5069 3537 5121 itt
3569 5068 3845 5139 ecclesiam

2298 5137 2652 5203 consecraret,
2684 5144 2823 5209 quod
2854 5150 2908 5193 et
2941 5141 3129 5207 placuit
3161 5138 3231 5209 S.
3255 5139 3367 5200 Pio,
3396 5139 3720 5209 thertgttmqne
3745 5137 3847 5189 No-

2300 5213 2405 5263 vati
2434 5210 2687 5264 dedicata:
2706 5207 2832 5263 sunt
2861 5211 2910 5262 in
2939 5212 3190 5262 honorem
3223 5208 3390 5261 beatze
3414 5207 3627 5275 virginis
3654 5209 3844 5259 t'oten-

2302 5280 2457 5333 tiante
2486 5283 2537 5333 in
2571 5281 2687 5333 vico
2713 5283 2799 5348 qui
2840 5280 3131 5348 appellatur
3160 5279 3437 5331 Patricius.
3486 5277 3725 5348 Dedicata
3765 5286 3847 5328 est

2295 5358 2349 5403 et
2387 5351 2485 5402 alia
2521 5347 2746 5403 ecclesia
2777 5352 2876 5402 sub
2906 5347 3121 5402 nomine
3147 5350 3204 5403 S.
3226 5348 3482 5402 Praxedis
3509 5347 3637 5399 intra
3662 5348 3846 5398 urbem

2298 5418 2518 5471 Romam
2548 5419 2602 5471 itt
2634 5420 2750 5472 vico
2792 5420 2879 5487 qui
2919 5419 3113 5471 dicitur
3153 5420 3460 5471 Lateranus.
3505 5416 3634 5487 Cum
3672 5427 3845 5467 antcnt

2296 5491 2564 5555 cognitum
2595 5498 2677 5543 est
2712 5490 2980 5542 Antonino
3011 5488 3346 5556 imperatori,
3386 5486 3524 5554 quod
3554 5495 3843 5539 conventus

2298 5559 2484 5610 tierent
2507 5561 2558 5611 in
2592 5558 2742 5611 titulo
2774 5558 3048 5623 l’raxedis,
3081 5558 3276 5610 multos
3302 5571 3367 5609 ex
3396 5557 3517 5619 illis,
3553 5558 3689 5609 inter
3711 5568 3845 5622 quos

2297 5626 2628 5693 Simetrium,
2660 5629 2821 5695 cepit,
2837 5637 2892 5681 et
2921 5629 3112 5681 indicta
3139 5641 3293 5679 causa
3324 5627 3494 5692 gladio
3518 5626 3685 5694 puniri
3710 5639 3846 5691 prm-

2296 5698 2455 5765 Ct'pil.
2485 5698 2719 5763 Quorum
2760 5714 2989 5766 corpora
3040 5708 3201 5753 noctu
3237 5698 3292 5755 Β.
3329 5696 3580 5752 Praxcdis
3608 5695 3846 5765 sepelivit
