4240 6464
403 300 501 359 981

1530 304 1721 362 SECT.
1764 305 1828 361 ll.
1866 336 1935 349 -—
1973 306 2531 368 MARTYROLOGIA.

3562 319 3665 372 982

1670 417 1894 472 EDlTlO
1930 415 2403 475 COLONIENSIS.

398 512 639 581 quievit,
669 512 874 582 sepulta
900 512 1049 582 juxta
1087 528 1325 570 sororem
1354 529 1504 569 suam
1536 515 1717 568 Romae
1752 514 1830 569 via
1859 513 1969 571 Sa—
2001 520 2054 577 A
2144 518 2208 572 G.
2260 519 2328 575 XI
2381 519 2618 573 Kacsso.
2669 519 2908 576 AL'GUS‘I'.
2940 548 3008 559 —
3038 519 3218 575 Natale
3247 533 3443 576 sancta:
3482 522 3656 577 Maria.

403 601 553 657 laria.
588 603 782 658 Eodem
810 604 894 658 die
942 605 1117 671 passio
1158 606 1327 659 sancti
1361 605 1588 660 Victoris
1619 606 1977 661 Massiliensis

2076 608 2397 676 Magdalenen
2420 648 2435 673 ,
2460 608 2523 661 de
2550 624 2685 677 qua,
2718 620 2771 662 ut
2809 611 3149 679 Evangelium
3205 612 3404 677 refert,
3454 628 3654 681 septem

399 690 660 760 episcopi,
690 692 804 761 qui,
830 693 929 748 sub
956 692 1285 747 Diocletiano
1315 706 1367 749 et
1402 696 1725 749 Maximiano
1743 696 1983 764 impera.
2073 700 2341 754 dwmooia
2374 700 2530 768 ejccit
2563 695 2815 755 Dominus
2841 720 2852 754 :
2885 717 3005 770 qua:
3034 704 3194 757 etiam
3220 704 3358 756 inter
3388 704 3492 756 alia
3521 706 3657 757 dona

402 782 625 847 toribus,
660 795 873 852 propter
901 784 1055 838 fidem
1107 783 1302 839 Christi
1346 802 1438 853 per
1477 786 1741 840 Arterium
1795 785 1981 853 prirsi-

400 874 521 926 dein
554 874 840 928 trucidatus
868 885 971 939 est,
997 875 1155 929 simul
1186 891 1304 929 cum
1357 875 1614 931 militibus
1646 875 1979 942 Alewndro,

400 964 686 1028 Feliciano.
721 966 962 1037 Longino
986 976 1039 1023 et
1067 967 1387 1024 Deutherio.

2083 790 2333 859 insignia,
2364 790 2635 844 Christum
2664 806 2691 843 a
2720 794 2942 844 mortuis
2972 805 3340 864 resurgentem
3386 796 3551 861 prima
3584 797 3659 847 vi-

2080 879 2207 933 dere
2239 882 2457 933 meruit.
2491 881 2551 933 Et
2597 879 2919 933 obdormitio
2966 882 3132 935 beata:
3179 884 3494 954 Syutycluc,
3540 901 3656 953 quas

2082 968 2342 1038 Philippis
2388 969 2585 1024 dormit
2628 970 2870 1039 sepulta,
2904 970 2969 1024 de
3008 988 3107 1040 qua
3158 974 3341 1027 beatus
3371 974 3659 1043 Apostolus

1656 1080 1879 1135 EDiTlO
1919 1080 2422 1139 BOLLANDIANA.

398 1171 457 1227 S.
491 1179 515 1205 ι
551 1170 781 1226 Danielis
812 1172 1103 1240 prephelte.
1153 1173 1220 1227 Et
1245 1173 1380 1241 apud
1408 1174 1747 1229 Tiburtinam
1778 1175 1966 1230 urbem

400 1263 563 1319 Italia:
606 1264 780 1318 natale
818 1264 877 1319 8.
924 1263 950 1303 δ
994 1265 1369 1333 Symphorosze
1405 1281 1526 1321 cum
1565 1276 1771 1335 septem
1828 1266 1971 1332 filiis,

396 1359 724 1423 Crescente,
764 1357 998 1421 Juliano,
1055 1359 1321 1424 Nemesin,
1369 1359 1687 1423 Primitive,
1736 1358 1970 1423 Justino,

394 1450 626 1513 Stacteo,
676 1448 914 1518 Eugenio
947 1466 958 1501 :
993 1466 1111 1503 cum
1140 1450 1336 1519 quibus
1376 1451 1531 1504 simul
1566 1464 1718 1517 passa
1772 1459 1860 1504 est
1906 1452 1972 1505 ab

393 1540 629 1595 Adriano
670 1540 939 1609 principe;
997 1544 1084 1610 qui
1134 1543 1301 1609 ipsam
1345 1542 1767 1612 Symphorosam
1804 1542 1968 1610 jussit

393 1633 579 1701 palmis
607 1632 761 1696 caedi,
808 1632 1002 1687 deinde
1029 1632 1281 1701 suspendi
1309 1632 1576 1695 crinibus;
1606 1633 1699 1687 sed
1728 1648 1847 1687 cum
1881 1646 1973 1687 su-

393 1721 564 1789 perari
598 1721 898 1775 nullatenus
923 1733 1122 1791 posset,
1147 1723 1307 1791 jussit
1335 1737 1454 1777 eam
1486 1724 1710 1792 alligato
1742 1737 1874 1776 saxo
1916 1722 1969 1777 in

389 1809 609 1863 ﬂuvium
637 1810 955 1877 praecipitari
1004 1827 1021 1866 :
1070 1812 1221 1880 cujus
1253 1812 1414 1867 frater
1441 1812 1731 1881 Eugenius,
1769 1812 1970 1881 princi-

390 1900 526 1968 palis
554 1900 715 1954 curite
743 1899 1068 1965 Tiburtinae,
1113 1902 1368 1970 colligens
1398 1917 1594 1971 corpus
1624 1902 1745 1970 ejus
1775 1901 1969 1970 sepeli-
2004 1885 2048 1945 Β

389 1991 481 2043 vit.
531 1989 595 2044 Et
636 2005 793 2046 mane
834 1992 1126 2060 imperator
1157 1991 1316 2062 jussit
1344 2002 1551 2062 septem
1602 1994 1691 2062 ligi
1734 1993 1964 2062 stipites,

388 2080 566 2150 ibique
596 2080 734 2136 filios
762 2085 878 2150 ejus
908 2082 975 2136 ad
1009 2082 1275 2138 trnchleas
1300 2084 1517 2138 extendi
1558 2102 1570 2137 :
1623 2095 1675 2139 et
1707 2085 1970 2139 Crescen-

389 2178 495 2223 tem
544 2171 594 2224 in
640 2178 853 2241 gutture
898 2172 1177 2239 transfigi,
1233 2171 1522 2227 Lucianum
1586 2174 1642 2229 in
1700 2183 1919 2243 pectore
1948 2216 1967 2241 ,

388 2260 693 2317 Nemesium
748 2263 802 2318 in
864 2265 1052 2329 corde,
1110 2264 1438 2321 Primitivum
1495 2282 1587 2336 per
1629 2268 1965 2335 umbilicum,

388 2352 650 2408 Justinum
715 2370 811 2424 per
861 2356 1100 2410 membra
1150 2355 1442 2411 distensum
1493 2357 1665 2412 scindi
1714 2374 1807 2427 per
1853 2359 1965 2414 sin-

386 2443 540 2511 gulos
594 2445 835 2513 corporis
891 2446 1059 2500 nodos
1114 2455 1273 2514 atque
1322 2446 1636 2516 juncturas,
1691 2449 1963 2505 Stacteum

384 2536 583 2591 lanceis
625 2536 1098 2594 innumerabilibus
1142 2539 1316 2595 donec
1360 2552 1661 2598 moreretur
1709 2542 1762 2597 in
1820 2552 1961 2598 terra

2072 1175 2295 1245 conligi,
2350 1174 2640 1246 Eugenium
2704 1175 2827 1229 tindi
2872 1190 2902 1229 a
2959 1182 3174 1240 pectore
3230 1191 3395 1246 usque
3445 1178 3508 1229 ad
3565 1179 3647 1229 in-

2074 1267 2294 1322 feriores
2339 1277 2533 1336 partes.
2575 1266 2888 1339 (Hactenus
2939 1268 3047 1337 A.)
3108 1268 3283 1323 Altera
3337 1280 3511 1323 autem
3567 1270 3651 1324 dis

2074 1362 2336 1416 Adrianus
2370 1361 2617 1429 praecepit
2652 1377 2873 1429 corpora
2906 1361 2958 1432 [η
2986 1376 3207 1429 corpora
3254 1361 3489 1414 mutilum
3538 1372 3647 1415 erat

2075 1451 2164 1522 D.l
2206 1468 2388 1508 eorum
2419 1452 2617 1505 auferri
2647 1462 2699 1506 et
2728 1452 2910 1521 projici
2946 1453 2996 1505 in
3028 1451 3232 1507 foveam
3265 1455 3448 1517 altam,
3475 1463 3527 1507 et
3558 1469 3651 1520 pn-

2073 1554 2291 1596 suerunt
2336 1541 2609 1611 pontiﬁces
2641 1557 2831 1597 nomen
2867 1543 2963 1595 ioci
2998 1543 3132 1597 illius
3164 1542 3244 1597 Ad
3287 1552 3496 1612 septem
3530 1545 3647 1597 Bio-

2078 1634 2344 1686 tlL’tuatos.

2150 1728 2305 1780 Deest
2336 1729 2432 1781 hoc
2463 1727 2702 1780 uitimuvu
2735 1727 2785 1779 in
2819 1727 2887 1780 T.
2910 1741 2969 1779 ac
3005 1727 3063 1780 L.
3096 1736 3147 1782 et
3179 1742 3273 1793 pro
3299 1743 3362 1782 eo
3412 1729 3640 1793 ponitur,

2079 1812 2176 1851 nec
2216 1799 2490 1851 christiani
2531 1812 2589 1849 ea
2625 1798 2881 1851 haberent
2907 1813 2919 1849 :
2950 1798 3098 1851 deest
3124 1798 3281 1851 etiam
3312 1798 3362 1852 in
3398 1801 3453 1852 ll.
3488 1800 3549 1851 ad
3578 1814 3645 1852 xv

2078 1867 2189 1920 Kal.
2224 1868 2306 1930 L.,
2351 1868 2551 1920 Eodem
2584 1869 2671 1920 die
2706 1868 2929 1920 Victoris
2960 1870 3328 1934 sociorumque
3374 1869 3507 1935 ejus.
3557 1870 3643 1931 Β..

2077 1937 2276 1991 Eodem
2308 1937 2393 1990 die
2422 1939 2479 1990 8.
2514 1938 2743 1990 Dauiclis
2779 1937 3071 2003 prophetae.
3109 1938 3160 1991 In
3203 1938 3428 1991 Massilia
3464 1940 3640 1993 natale

2073 2008 2170 2065 SS.
2200 2019 2221 2046 α
2257 2006 2507 2071 Victoris,
2540 2007 2848 2072 Alexandri,
2882 2006 3136 2061 Feliciani
3172 2017 3224 2061 et
3256 2008 3497 2077 Longini.

2140 2099 2231 2153 22.
2262 2127 2332 2139 —
2360 2096 2427 2151 XI
2455 2097 2590 2153 ΚΑΙ..
2632 2097 2813 2152 Natale
2838 2103 2866 2143 ἀ
2896 2098 3072 2153 Mariae
3105 2098 3454 2169 Magdalenze.

2147 2190 2473 2244 Prrnotatur
2504 2190 2561 2242 in
2583 2188 2670 2250 T..
2705 2189 2759 2241 ln
2786 2188 3031 2243 Massilia.
3071 2189 3126 2242 υ.
3158 2188 3218 2243 C.
3256 2190 3341 2253 V.,
3371 2192 3425 2244 lu
3460 2193 3648 2245 Antio-

2070 2260 2187 2315 chia
2214 2270 2236 2297 °
2266 2257 2445 2328 Cyrilli
2477 2258 2560 2330 [ϐ.
2609 2259 2807 2331 Arilli.]
2853 2259 3101 2331 Atidrem.
3132 2260 3220 2331 78.,
3242 2260 3501 2331 _Tahe|li.
3551 2261 3606 2314 Τ.
3627 2300 3641 2325 ,

2072 2330 2299 2384 Massilia
2342 2329 2515 2401 natale
2554 2332 2609 2382 8.
2658 2329 2901 2401 Adriani.
2930 2332 2991 2401 A_.
3024 2330 3088 2401 Τ.
3126 2330 3209 2393 L.,
3240 2329 3309 2384 Et
3340 2332 3396 2385 8.
3432 2334 3636 2401 tIyrilli.

2074 2401 2140 2454 Et
2165 2403 2213 2453 in
2244 2400 2490 2454 coenobio
2522 2401 2844 2470 Fontauelle
2880 2400 2938 2455 S.
2966 2398 2983 2437 ί
3022 2398 3644 2470 Wundregisiliah'hatis.

2071 2473 2161 2533 A.,
2219 2470 2277 2524 Et
2309 2478 2334 2516 8
2366 2479 2554 2524 octava
2596 2470 2656 2525 8.
2700 2469 2906 2540 Yedasti
2953 2471 3216 2540 episc0pi,
3250 2469 3420 2525 Patris
3449 2472 3641 2525 nostri.

2072 2541 2157 2607 IL,
2190 2541 2393 2595 Etalibi
2420 2540 2595 2597 natale
2621 2542 2677 2596 8.
2705 2538 2737 2579 ιι
2768 2538 3027 2596 Platonis.

1810 2650 2018 2709 SMITH
2056 2649 2281 2707 ΝΟΤλΕ.

383 2741 487 2814 sub
505 2740 594 2814 die
621 2756 694 2795 vu
723 2740 838 2814 Kal.
869 2739 1010 2795 Junii
1034 2742 1085 2794 in
1109 2744 1418 2798 coemeterio
1442 2742 1694 2799 Priscillae
1717 2757 1735 2795 :
1761 2754 1815 2800 et
1837 2752 1956 2814 post

383 2812 501 2883 dies
527 2812 594 2865 54
618 2812 887 2883 passionis
935 2814 1306 2883 prmdictorum
1353 2825 1656 2868 sanctormn
1699 2817 1811 2883 ipsa
1839 2812 1953 2870 ide-

382 2881 585 2944 fitiicta,
608 2882 756 2951 juxta
785 2892 987 2954 patrem
1012 2882 1306 2954 Pudentem
1339 2899 1367 2936 a
1399 2885 1454 2937 Β.
1488 2881 1954 2954 Pastore‘preshy-

386 2964 501 3006 tero
528 2954 731 3019 sepulta
761 2961 841 3005 cst
877 2953 961 3005 via
1003 2953 1204 3007 Salaria
1246 2954 1294 3007 in
1326 2957 1633 3009 etemeterio
1668 2955 1944 3015 Priscilla.

385 3022 545 3078 Juxta
591 3032 895 3091 computum
948 3023 1414 3078 Bollaudianorum
1467 3030 1683 3079 tratrum
1718 3027 1769 3079 in
1800 3042 1948 3079 com-

2061 2742 2301 2805 abduxit,
2329 2750 2383 2797 et
2409 2756 2525 2795 eam
2549 2741 2687 2811 apud
2710 2742 3012 2811 Aquensem
3038 2740 3246 2806 urbem,
3276 2743 3357 2797 cui
3386 2745 3638 2811 praeside-

2057 2814 2169 2877 bat,
2203 2813 2445 2881 sepelivit
2492 2812 2815 2867 defunctam.
2852 2813 3087 2880 Aquensi
3137 2828 3265 2866 vero
3296 2814 3429 2868 urbe
3454 2831 3480 2867 a
3510 2817 3637 2869 Sir-

2055 2884 2266 2937 racenis
2292 2883 2546 2946 desolata,
2572 2897 2763 2949 corpus
2788 2882 2904 2951 ejus
2933 2898 2962 2935 a
3010 2882 3247 2937 Gerartlo
3276 2885 3469 2939 comite
3495 2884 3632 2939 Buro

2052 2954 2262 3021 gundize
2302 2953 2366 3005 ad
2410 2953 2710 3007 cmuobium
2758 2952 3076 3006 Vicetiacum
3123 2967 3150 3004 a
3181 2967 3239 3006 se
3270 2965 3632 3010 ennstructum

2057 3023 2389 3077 transfertur.
2435 3026 2763 3089 Quamquam
2801 3022 2960 3091 aliqui
3001 3023 3235 3076 scribant
3262 3063 3277 3087 ,
3325 3026 3461 3092 quod
3506 3028 3634 3081 illud

380 3093 645 3149 uremario
693 3095 888 3162 praevio
928 3094 1075 3148 Actis
1126 3096 1489 3161 Pudentianze,
1540 3108 1644 3151 etc.
1695 3093 1952 3153 Praxedis
1980 3092 2028 3158 C
2056 3096 2195 3165 apud
2220 3093 2486 3165 Ephesum
2510 3094 2767 3165 quiescat,
2797 3095 2999 3165 nullum
3021 3108 3268 3165 superse
3299 3103 3504 3165 tegmen
3538 3100 3633 3151 ha-

380 3167 580 3219 obisse
606 3174 853 3218 censetur
882 3180 1020 3216 anno
1048 3165 1259 3220 circiter
1291 3166 1413 3220 159.

462 3246 485 3271 ο
530 3235 778 3287 Danielis.
820 3233 988 3286 Grmci
1039 3234 1106 3288 de
1154 3250 1219 3288 eo
1258 3246 1417 3301 agunt
1466 3252 1569 3291 una
1614 3252 1736 3291 cum
1785 3237 1955 3293 tribus

382 3306 560 3377 pueris
584 3306 648 3358 ad
678 3319 764 3377 va
792 3302 909 3358 Kal.
933 3303 1165 3358 Januarii
1199 3308 1248 3358 in
1282 3307 1596 3375 Menologio.
1632 3309 1955 3375 Epiphanius

382 3375 452 3432 de
483 3378 584 3428 vita
625 3386 681 3428 et
727 3375 942 3428 interitu
997 3377 1239 3443 prephet.
1286 3391 1404 3443 cap.
1459 3378 1522 3431 10
1573 3378 1685 3431 hinc
1714 3379 1867 3431 habet
1902 3380 1954 3434 in

384 3448 492 3503 line
526 3464 540 3500 :
578 3463 597 3498 ι
631 3445 886 3499 llumatns
927 3457 1009 3499 est
1051 3448 1103 3500 in
1140 3456 1358 3514 angusta
1391 3462 1617 3501 caverna
1666 3450 1954 3504 honoribus

392 3538 411 3569 ι
452 3515 689 3585 magnis;
720 3525 1003 3583 exstatque
1018 3527 1417 3570 monumentum
1440 3516 1554 3585 ejus
1578 3533 1743 3587 usque
1760 3520 1827 3572 ad
1855 3520 1955 3574 hoc

393 3608 413 3640 ι
449 3589 699 3641 saeculum
762 3596 1004 3657 nostrum
1056 3587 1108 3641 in
1166 3587 1434 3657 Babylone
1480 3590 1685 3644 cunctis
1739 3589 1955 3644 notissi-

392 3678 411 3709 σ
449 3674 617 3730 mum.
659 3676 680 3730 i
740 3656 1043 3730 Trauslatas
1105 3656 1289 3730 eorum
1359 3658 1608 3727 reliquias
1652 3659 1953 3730 ABahylone

384 3728 782 3790 Alexandriam,
833 3735 887 3780 et
920 3729 969 3779 in
1014 3728 1238 3782 ecclesia
1287 3739 1593 3783 sanctorum
1641 3728 1861 3784 Joannis
1899 3741 1954 3785 et

374 3800 501 3868 Cyri
534 3798 755 3866 positas,
788 3796 917 3850 Acta
938 3799 1245 3869 eorumdem
1277 3798 1610 3866 signiﬁcant;
1643 3800 1953 3869 eaedemque

376 3867 629 3924 Venetias
675 3870 941 3920 translata:
994 3867 1262 3921 dicuntur.
1321 3870 1537 3934 Insuper
1591 3881 1644 3923 et
1701 3867 1953 3925 Vercellis

374 3954 501 3994 crus
528 3939 584 3994 S.
618 3935 842 3991 Dauielis
872 3941 1136 3993 asservari
1175 3938 1361 3995 fertur.
1411 3942 1675 3995 Bauosws
1710 3940 1762 3994 in
1804 3942 1952 3997 Notis

377 4012 445 4064 ad
478 4009 929 4080 Martyrologium.

449 4081 475 4119 δ
516 4077 896 4152 δυιὶιρΙερνοδω.
948 4077 1206 4149 Martyres
1240 4080 1375 4137 hiet
1407 4094 1567 4152 supra
1612 4081 1953 4139 celebrantur

375 4167 505 4208 xvln
540 4156 625 4204 die
660 4150 814 4217 hujus
846 4151 1061 4202 mensis.

450 4232 472 4259 ο
521 4220 761 4274 Victoris.
814 4220 913 4285 Qui
956 4219 1055 4274 sub
1102 4222 1475 4288 persecutione
1529 4221 1839 4277 Diocletiani
1893 4233 1950 4279 et

374 4291 701 4353 Maximiani,
730 4303 849 4343 cum
881 4299 1024 4343 esset
1048 4290 1222 4355 miles,
1246 4302 1299 4346 et
1326 4307 1425 4346 nec
1446 4294 1673 4347 militare
1700 4308 1800 4348 nec
1831 4294 1947 4349 ido-

376 4365 445 4418 lis
475 4362 775 4416 sacrilicare
802 4360 981 4425 vellet,
1015 4361 1241 4427 primum
1272 4376 1299 4414 a
1329 4363 1541 4416 tribuno
1572 4376 1669 4416 suo
1703 4367 1952 4419 Austerio

375 4437 430 4489 in
454 4446 723 4487 carcerem
756 4439 953 4493 trusus,
982 4430 1077 4484 sed
1107 4430 1251 4486 omni
1280 4442 1434 4486 nocte
1461 4433 1526 4485 ad
1557 4435 1847 4488 visitaudos
1871 4435 1948 4488 in-

378 4506 560 4559 firmos
587 4503 652 4555 ab
694 4500 1131 4572 angeloeductus
1162 4510 1270 4556 est.
1304 4502 1503 4556 Deinde
1525 4504 1673 4570 jussu
1705 4506 1947 4572 Eutychii

377 4573 611 4645 praefecti
634 4572 864 4645 _retortis
892 4570 1123 4645 brachiis
1154 4572 1285 4627 loris
1324 4573 1609 4627 subtilibus
1649 4570 1865 4644 ligatus,
1896 4586 1951 4629 et

379 4641 601 4713 pedibus
627 4642 751 4696 fune
779 4641 1117 4713 constrictus,
1144 4658 1239 4711 per
1270 4645 1497 4697 mediam
1523 4641 1720 4698 tractus
1749 4652 1832 4698 est
1858 4645 1946 4699 ci-

372 4712 612 4769 vitatem.
639 4713 764 4766 l’ost
787 4712 899 4767 haec
921 4712 1326 4768 tuStibuscazsus
1347 4728 1410 4769 ac
1435 4728 1724 4783 suspensus
1751 4729 1813 4769 ac
1837 4724 1948 4768 tau-

377 4789 484 4840 reis
522 4785 787 4839 cruciatus
814 4794 914 4836 est.
949 4787 1053 4837 Ara
1095 4785 1259 4837 etiam
1300 4783 1352 4839 ei
1399 4784 1651 4845 exhibita,
1678 4799 1798 4839 cum
1828 4800 1945 4839 eam

376 4870 477 4910 nec
501 4855 762 4921 respicere
789 4857 1077 4920 sustinens,
1106 4854 1171 4908 de
1193 4871 1352 4909 manu
1382 4857 1671 4910 sacerdotis
1688 4858 1834 4910 calce
1858 4873 1949 4910 ex-

371 4927 646 4989 cussisset,
678 4924 863 4994 pedem
896 4940 1093 4993 praeses
1116 4926 1274 4993 jussit
1302 4926 1485 4980 incidi.
1516 4925 1595 4979 Ad
1628 4926 1866 4980 ultimum
1897 4930 1947 4980 itt

372 4996 717 5050 confessione
744 4994 941 5049 Christi
978 4996 1297 5064 persistens,
1332 4998 1527 5049 missus
1552 5005 1635 5049 est
1662 4998 1711 5049 in
1752 4998 1947 5050 molam

370 5068 643 5136 pistorium
673 5108 689 5131 ,
739 5064 916 5134 ibique
971 5069 1284 5137 martyrium
1332 5068 1742 5120 censummavit.
1799 5067 1945 5121 Passi

368 5147 495 5191 sunt
540 5152 657 5191 cum
709 5152 774 5191 eo
819 5137 1137 5200 Alexander,
1188 5137 1489 5192 Felicianus
1541 5148 1594 5192 et
1642 5138 1945 5205 Longinus;

375 5223 508 5275 puer
536 5223 745 5276 quoque
770 5206 1069 5267 Deuterius,
1092 5209 1216 5262 dum
1249 5208 1313 5261 ad
1342 5211 1644 5277 sepulcrum
1669 5210 1789 5276 ejus
1820 5224 1941 5261 ora-

370 5288 475 5345 ret,
506 5280 683 5332 emisit
725 5278 990 5344 spiriinm.
1026 5278 1166 5332 Petr.
1195 5279 1260 5332 de
1287 5280 1459 5332 Natal.
1485 5306 1558 5319 -—
1578 5278 1697 5332 Fuit
1729 5281 1947 5345 insuper

372 5350 509 5402 alius
540 5350 717 5403 Victor
747 5348 1090 5402 Massiliensis
1116 5388 1133 5414 ,
1161 5351 1249 5416 qui
1277 5351 1574 5403 eruditione
1605 5352 1779 5401 clarus
1812 5352 1944 5402 vix'tt

371 5421 701 5486 temporibus
744 5420 1026 5472 Theodosii
1068 5420 1299 5472 .lunioris
1344 5432 1397 5473 et
1442 5419 1792 5473 Valentiniani
1844 5422 1947 5474 im-

375 5502 676 5557 peratorum
701 5533 717 5559 ,
768 5497 835 5543 de
883 5505 986 5558 quo
1024 5490 1328 5547 Gennadius
1367 5492 1436 5547 de
1467 5489 1607 5547 Viris
1651 5491 1949 5547 illustribus

368 5576 490 5629 cap.
520 5564 573 5613 t5.

444 5628 472 5669 ἀ
513 5630 716 5685 Mariae.
741 5629 1117 5685 Pcrsecutione
1148 5638 1268 5699 post
1291 5630 1664 5700 lapidationem
1687 5632 1947 5701 Stephani

409 5704 778 5773 rotoiuartyris
805 5714 966 5767 mota,
1001 5701 1323 5755 Maximinus
1354 5717 1490 5756 unus
1517 5704 1583 5757 de
1613 5707 1679 5757 72
1711 5706 1945 5773 discipu-

409 5716 778 5772 rotomartyris
805 5716 966 5767 mota,
1001 5716 1323 5755 maximmus
1354 5717 1490 5756 unus
1517 5716 1583 5757 de
1620 5716 1679 5757 12
1711 5716 1941 5773 dumpu-

368 5716 434 5827 iis
462 5775 527 5827 ad
554 5771 751 5829 Gallias
781 5774 1065 5839 transiens,
1110 5774 1323 5829 Mariam
1370 5776 1731 5843 .llagdalenam
1762 5791 1941 5831 secum

2059 3164 2209 3219 bens.
2244 3164 2505 3218 SlGEBEltT
2532 3178 2693 3230 agens
2722 3163 2789 3216 de
2809 3164 2924 3230 ejus
2963 3162 3305 3219 translatione
3333 3162 3474 3220 anno
3507 3168 3629 3223 ῖὸι.

2130 3233 2395 3305 o_(;yrilli.
2427 3233 2647 3305 Quiifuit
2671 3248 2757 3286 xu
2778 3234 3071 3305 Antiochiae
3094 3235 3393 3305 episcOpus.
3421 3238 3544 3305 Agit
3570 3242 3639 3294 dc

2055 3319 2120 3359 eo
2144 3302 2406 3358 Eusebius
2437 3305 2487 3358 in
2519 3303 2718 3357 Chron.
2746 3312 2801 3356 et
2834 3305 2976 3357 Eccl.
3012 3302 3147 3357 Hist.
3184 3320 3275 3366 vn,
3305 3304 3391 3356 3‘2.
3430 3302 3638 3364 Sedere

2055 3386 2231 3428 autem
2278 3376 2438 3440 coepit
2490 3374 2558 3428 ab
2605 3390 2744 3446 anno
2774 3371 2808 3425 4
2836 3376 2977 3446 imp.
3012 3374 3193 3441 Probl,
3240 3377 3539 3446 mansitque
3569 3380 3636 3433 ad

2056 3460 2259 3500 annum
2292 3459 2459 3513 usque
2486 3460 2591 3498 xvu
2626 3444 2957 3499 Diocletiani.

2134 3513 2153 3553 ί
2200 3514 2586 3587 Wandregisﬂi.
2636 3516 2735 3581 Qui
2767 3517 2992 3587 primum
3015 3515 3112 3570 sub
3138 3517 3432 3587 Dagnberto
3455 3531 3638 3574 comes

2054 3586 2231 3656 palatii
2262 3586 2396 3640 fuit:
2426 3586 2552 3639 Erat
2575 3595 2752 3639 autem
2780 3586 3051 3656 avusejus
3077 3588 3135 3641 8.
3164 3589 3468 3655 Aruulphus
3494 3590 3640 3656 prin-

2053 3671 2181 3727 ceps
2208 3656 2594 3727 Lotharieusis,
2626 3665 2681 3709 et
2703 3655 2955 3710 Metensis
2985 3656 3288 3725 episc0pus.
3320 3655 3633 3727 ltegia’vero

2056 3726 2337 3794 Dagoberti
2368 3727 2508 3791 aula,
2542 3736 2597 3780 ct
2628 3740 2822 3794 sponsa
2852 3742 2972 3780 cum
3001 3743 3106 3795 qua
3133 3739 3280 3783 caste
3316 3726 3546 3796 vixerat,
3578 3741 3634 3785 et

2053 3813 2171 3869 qua:
2195 3798 2307 3866 pari
2337 3812 2598 3869 consensu
2630 3797 2900 3869 religionis
2933 3799 3168 3852 h'abitum
3197 3809 3520 3869 sumpserat,
3548 3817 3637 3855 re-

2053 3867 2212 3928 lictis.
2260 3871 2310 3920 in
2345 3868 2669 3921 Virduneusi
2719 3868 2956 3935 regione,
3008 3870 3059 3920 in
3112 3867 3332 3937 propria
3356 3871 3503 3935 villa,
3536 3872 3630 3924 do-

2054 3953 2197 3991 mum
2224 3941 2548 4001 construxit,
2585 3937 2671 3990 uhi
2699 3937 2914 4006 jejunii’s
2946 3952 2997 3991 et
3028 3940 3358 3992 orationibus
3398 3939 3507 3993 Deo
3541 3957 3629 3993 va-

2052 4008 2209 4063 cavit.
2241 4007 2442 4062 D.'iﬂlle
2470 4007 2732 4061 Bobiense
2761 4007 2892 4060 adiit
2921 4008 3301 4061 monasterium
3327 4011 3384 4063 S.
3413 4010 3633 4063 Colum-

2052 4079 2209 4143 bani;
2262 4087 2317 4132 et
2371 4078 2554 4132 Romae
2610 4078 2790 4131 limina
2844 4080 3204 4143 apostolorum
3256 4079 3435 4133 invisit
3485 4094 3499 4131 :
3560 4080 3629 4136 ad

2052 4154 2276 4217 patriam
2318 4160 2491 4202 autem
2523 4148 2752 4209 rediens,
2806 4148 3122 4200 transversis
3151 4150 3395 4217 Alpibus,
3429 4150 3478 4202 in
3511 4166 3629 4206 mo-

2053 4218 2287 4272 nasterio
2337 4219 2591 4272 Romanis
2636 4217 2801 4280 dicto,
2832 4227 3111 4286 exceptus,
3155 4223 3402 4274 monachi
3458 4222 3637 4277 vitam

2051 4290 2221 4371 duxit:
2257 4290 2495 4371 Denique
2518 4288 2908 4371 ilothomagutn
2936 4300 3151 4369 vocatus
3182 4289 3318 4343 fama
3348 4303 3400 4345 et
3430 4297 3627 4371 Sancti-

2054 4368 2159 4431 tate
2190 4358 2425 4414 Audocui
2456 4358 2732 4431 episcopi,
2761 4361 2999 4427 ejusdem
3028 4360 3180 4431 jussu
3223 4376 3251 4413 a
3293 4372 3478 4415 sancto
3514 4364 3626 4417 Au-

2058 4430 2281 4483 domaro
2322 4430 2596 4500 presbyter
2633 4440 2998 4483 consecratur.
3048 4430 3412 4486 Foutanellam
3444 4442 3635 4487 autem.

2059 4501 2362 4571 coenobium
2389 4502 2686 4555 construxit
2709 4516 2849 4555 anno
2870 4501 2997 4568 653,
3045 4504 3132 4554 uni
3166 4518 3331 4571 usque
3359 4504 3424 4555 ad
3453 4519 3621 4557 annos

2052 4577 2222 4626 artatis
2265 4570 2336 4641 9'2
2386 4572 2695 4640 permansit,
2736 4583 2793 4625 et
2832 4572 2918 4625 ubi
2944 4572 3224 4625 defunctus
3248 4570 3492 4641 sepultus
3537 4585 3631 4627 est

2050 4656 2190 4697 anno
2216 4640 2342 4695 665.
2381 4642 2572 4696 Verum
2618 4654 2834 4711 propter
2883 4642 3317 4695 Nortmaunicam
3370 4658 3619 4710 ραι-δρου-

2054 4713 2250 4767 tionem
2286 4714 2554 4766 Bolouiam
2600 4714 2885 4765 translatus
2914 4723 2994 4766 est
3025 4728 3038 4763 :
3071 4724 3126 4765 et
3156 4713 3277 4766 inde
3306 4713 3618 4768 Gandavum

2049 4798 2169 4835 cum
2205 4782 2467 4836 Ausberto
2488 4791 2539 4836 et
2573 4780 2903 4835 Wull’rauno.
2933 4784 3126 4835 Sumus
3160 4792 3287 4836 tom.
3322 4782 3408 4837 IV.
3433 4780 3625 4838 Mum-

2050 4868 2146 4905 nos
2168 4854 2234 4906 de
2264 4856 2473 4907 Sanctis
2504 4853 2646 4921 Belg.
2679 4852 2837 4906 Cum.
2865 4855 3140 4906 Sessxsts.

2125 4933 2148 4970 ε
2176 4924 2383 4976 Octava.
2412 4922 2711 4977 'I‘rauslatio
2733 4924 2876 4976 enim
2905 4924 3058 4993 hujus
3085 4924 3255 4978 sancti
3287 4922 3425 4979 facta
3451 4936 3534 4979 cst
3561 4943 3619 4977 tv

2050 4992 2137 5048 die
2169 4995 2325 5058 hujus
2356 5000 2576 5049 mensis.

2123 5065 2147 5100 δ
2191 5063 2446 5122 Plutonis.
2474 5065 2625 5133 Apud
2656 5064 2918 5135 Ancyram
2951 5065 3218 5119 civitatem
3250 5064 3473 5121 Galatiae
3504 5081 3619 5132 pro-

2049 5135 2238 5191 vinciae
2264 5139 2400 5205 passi
2426 5148 2660 5205 tempore
2684 5136 2985 5189 Maximiani
3012 5138 3345 5203 imperatoris
3367 5138 3466 5191 sub
3488 5153 3623 5205 pra:-

2051 5205 2192 5260 fecto
2219 5210 2530 5278 Agrippino.
2571 5210 2705 5261 Cum
2736 5219 2908 5259 autem
2937 5222 3085 5278 sacra
3122 5207 3223 5259 this
3264 5208 3435 5261 facere
3470 5221 3618 5262 recu-

2049 5288 2216 5343 saiet,
2251 5281 2421 5342 primo
2449 5280 2662 5347 quidem
2694 5294 2722 5330 a
2773 5277 2837 5330 12
2886 5279 3011 5329 viris
3044 5277 3141 5341 sibi
3172 5278 3396 5331 invicem
3436 5292 3627 5332 succe-

2050 5348 2297 5403 dentibus
2324 5352 2557 5417 graviter
2597 5349 2838 5409 caeditur,
2882 5351 2976 5400 sed
3019 5349 3304 5401 immobilis
3336 5350 3628 5415 persistens

2052 5420 2104 5471 iu
2134 5434 2400 5473 carcerem
2425 5420 2702 5490 c0njicitur
2728 5436 2742 5482 ;
2767 5419 2959 5472 deinde
2983 5429 3269 5490 postquam
3301 5421 3623 5477 carbonibus

2052 5500 2223 5543 tostus
2251 5502 2414 5555 esset,
2449 5488 2565 5559 ροέι
2584 5494 2865 5558 equuleum
2889 5502 2939 5543 et
2968 5488 3112 5542 faces
3142 5489 3333 5557 iguitas
3366 5490 3621 5544 lateribus

2050 5562 2353 5621 adhibitus.
2403 5574 2518 5629 post
2558 5566 2720 5616 etiam
2753 5562 2852 5612 alia
2892 5560 3127 5613 inaudita
3160 5569 3444 5627 tormenta,
3476 5560 3630 5614 deui-

2048 5647 2153 5701 que
2195 5632 2367 5701 gladio
2410 5632 2582 5699 capite
2629 5640 2902 5685 truncatus
2927 5641 3028 5684 εει.
3062 5630 3204 5684 Petr.
3235 5631 3301 5684 de
3334 5632 3627 5686 Natalibus.

2048 5730 2121 5742 —-
2138 5703 2461 5756 Ju~tinianus
2483 5706 2669 5771 imper.
2689 5718 2739 5755 ιιι
2757 5705 3011 5756 honorem
3029 5702 3089 5755 8.
3108 5702 3341 5758 Platonis
3364 5702 3632 5770 amplissi-

2052 5790 2192 5828 tuum
2219 5777 2386 5829 erexit
2417 5783 2838 5847 incitamentum,
2866 5783 2922 5827 ut
2946 5774 3128 5829 scribit
3149 5772 3462 5846 Praecpius.
