4240 6476
694 321 800 379 €85

1448 323 1646 379 BEDJS
1688 321 2132 378 VENI'ZRABILIS
2171 323 2321 378 Ol‘P.
2364 322 2537 377 l’AilS
2577 322 2662 377 ιν.
2704 352 2773 364 —
2815 321 3190 382 HlSTOlliCA.

3858 326 3954 383 984

1954 428 2175 487 EDlTIO
2214 428 2661 485 COLONIENSIS

695 523 1124 593 l‘ltilippensihus
1159 523 1342 577 scribit
1383 540 1397 577 :
1436 523 1679 577 Erodiam
1722 538 1870 593 rogo,
1896 533 1941 576 et
1969 522 2280 591 Syntychem
2307 525 2359 581 Α
2391 521 2571 573 cenlii.
2628 522 2777 588 Apud
2823 520 3110 576 Emeritam
3159 522 3421 591 Hispania:
3463 522 3733 577 civitatem
3780 524 3951 579 natale

693 619 940 683 deprecor
965 657 979 679 ,
1021 618 1075 669 id
1096 618 1259 683 ipsum
1286 633 1461 687 sapere
1489 618 1540 668 in
1575 616 1815 670 Domino.
1846 615 2072 683 Ancyra:
2103 614 2273 666 Cala-

695 711 780 760 tia:
816 710 990 761 natale
1014 707 1192 761 Sancti
1238 707 1470 759 Platonis
1496 706 1745 776 martyris
1776 748 1789 769 ,
1823 705 1975 772 cujus
2004 715 2149 773 gesta
2178 702 2271 756 ha-

698 797 904 848 bentur.
932 796 983 850 lu
1020 795 1295 848 Antiochia
1327 796 1507 865 Cyrilli
1538 794 1794 863 episc0pi,
1826 804 1879 848 et
1907 795 2153 848 Andreae.

770 886 831 937 A.
864 884 1181 938 XKALEND.
1238 891 1471 939 Accus'r.
1526 886 1679 952 Apud
1749 885 2050 938 Ravennam
2103 884 2270 938 sancti

688 972 1003 1038 Apollinaris
1051 974 1308 1040 episcopi.
1362 974 1455 1027 llic
1488 973 1666 1027 Romae
1703 975 1976 1027 ordinatus
2026 990 2055 1028 a
2118 977 2272 1028 beato

687 1062 845 1115 l‘ctro
874 1065 1155 1131 apostolo,
1207 1064 1508 1117 Ravennam
1561 1064 1795 1118 directus
1820 1073 1921 1118 est.
1967 1065 2064 1132 Qui
2111 1067 2268 1119 etiam

686 1152 739 1205 in
774 1152 990 1207 Emilia
1018 1155 1325 1224 prtedicavit
1348 1200 1363 1222 ,
1395 1164 1444 1210 et
1474 1156 1706 1225 partibus
1751 1156 2148 1212 Corinthiorum
2174 1200 2189 1224 ,
2215 1168 2269 1213 et

689 1242 745 1295 in
778 1242 960 1314 Mysia,
996 1254 1047 1297 et
1071 1246 1120 1297 in
1155 1247 1263 1311 ripa
1294 1245 1532 1307 Danubii,
1562 1255 1616 1299 et
1660 1248 1710 1299 in
1744 1249 1980 1314 partibus
2002 1248 2266 1314 Thraciae,

694 1333 745 1382 in
789 1334 980 1401 quibus
1023 1333 1148 1387 locis
1188 1335 1377 1388 exsilio
1426 1337 1689 1404 relegatus
1721 1348 1826 1401 est,
1884 1349 1935 1392 et
1969 1339 2269 1407 ubicunque

688 1422 950 1489 pervenit,
984 1425 1289 1479 innumeras
1342 1426 1560 1480 virtutes
1592 1427 1733 1496 fecit,
1782 1440 1836 1483 et
1877 1432 2152 1497 passiones
2182 1447 2269 1485 su-

685 1517 890 1570 stinuit.
941 1516 1071 1570 Nam
1098 1533 1218 1571 cum
1251 1519 1415 1572 nimia
1461 1517 1605 1572 crede
1633 1529 1793 1585 esset,
1815 1530 1868 1575 et
1910 1538 2116 1576 rursum
2141 1522 2267 1577 diu-

698 1608 800 1661 tius
844 1607 1071 1666 fustilms
1117 1622 1308 1675 (-teStts,
1340 1623 1402 1662 ac
1431 1610 1587 1663 nudis
1630 1612 1847 1678 pedibus
1889 1626 2049 1677 super
2076 1629 2270 1681 prunas

693 1699 997 1768 impositus,
1029 1716 1239 1754 rursum
1268 1716 1459 1769 cmsus,
1490 1713 1540 1755 et
1566 1704 1792 1770 equuleo
1821 1719 2127 1774 suspensus,
2160 1717 2270 1761 tor-

691 1801 776 1843 tus
831 1800 932 1852 est,
959 1800 1013 1844 et
1062 1806 1191 1845 saxo
1236 1806 1297 1845 os
1356 1792 1470 1861 cjns
1518 1803 1823 1861 contusum,
1870 1806 1923 1850 et
1952 1798 2268 1867 gravissimo

2376 612 2551 663 sancti
2604 611 2830 665 Victoris
2861 612 3123 678 militaris,
3176 615 3263 682 qui
3307 629 3426 667 cum
3462 614 3676 668 duobus
3704 613 3950 669 fratribus

2375 700 2649 765 Trichiuo,
2702 710 2757 755 et
2797 704 3130 771 Antinogeno
3178 703 3401 758 diversis
3446 704 3777 759 examinatus
3825 719 3947 771 sup-

2377 792 2565 859 pliviis,
2620 795 2931 863 martyrium
2976 796 3381 848 consummavit.
3422 796 3478 850 In
3511 796 3653 867 Tyro
3682 795 3820 863 apud
3847 796 3946 849 Ita-

2375 885 2520 950 liam,
2553 902 2669 954 qua:
2699 895 2780 940 est
2809 887 2949 940 circa
2996 886 3165 939 lacum
3199 886 3495 954 Vulsinum,
3532 887 3706 941 natale
3751 898 3941 941 sancta

2371 977 2651 1032 Christinze
2702 977 2941 1047 virginis,
2980 994 3097 1046 qua:
3140 981 3188 1030 in
3230 978 3494 1031 Christum
3528 978 3774 1040 credens,
3818 979 3941 1031 deos

2372 1086 2563 1127 aureos
2592 1079 2646 1127 et
2692 1083 2971 1140 argenteos
3000 1070 3197 1126 Urbani
3230 1070 3460 1140 praefecti
3520 1072 3680 1140 patris
3710 1071 3788 1122 sui
3817 1085 3941 1124 con-

2373 1163 2552 1231 fregit,
2578 1165 3005 1232 pauperibusque
3018 1164 3302 1218 distribuit.
3329 1164 3409 1219 Οἱ)
3434 1164 3532 1218 hoc
3550 1163 3770 1233 jubente
3792 1173 3939 1231 patre

2372 1257 2565 1311 amicta
2602 1258 2788 1325 alapis,
2817 1258 3228 1327 verberibusque
3254 1257 3526 1325 dilaniata,
3551 1257 3693 1310 ferro
3726 1267 3937 1321 onusta,

2372 1348 2424 1401 in
2455 1363 2723 1403 carcerem
2764 1360 2845 1402 est
2880 1348 3141 1415 conjecta.
3192 1349 3315 1402 Post
3344 1348 3456 1402 haec
3502 1363 3619 1401 cum
3645 1348 3941 1402 diutissime

2371 1447 2425 1491 et
2454 1439 2823 1493 crudelissime
2867 1438 3238 1503 dilaniaretur,
3288 1440 3353 1494 dc
3381 1439 3627 1493 carnibus
3669 1440 3780 1493 suis
3804 1440 3939 1506 patri

2372 1532 2424 1585 in
2483 1530 2669 1586 faciem
2703 1532 2943 1602 projecit.
2975 1532 3209 1601 Cumque
3253 1532 3464 1601 alligata
3508 1542 3637 1586 rota
3674 1531 3781 1600 igni
3808 1546 3939 1599 sup.

2372 1626 2545 1693 posito
2575 1636 2627 1680 et
2672 1626 2789 1679 fuso
2834 1626 3066 1691 desuper
3122 1625 3245 1679 oleo
3292 1634 3599 1687 torreretur,
3652 1638 3939 1693 erumpens

2370 1716 2581 1770 ﬂamma
2627 1716 2771 1770 mille
2817 1715 3098 1786 gentilium
3157 1714 3436 1769 interfecit.
3492 1714 3681 1769 lterum
3736 1713 3937 1768 carceri

2373 1809 2583 1872 tradita,
2614 1810 2808 1874 angelo
2838 1807 3089 1862 visitante
3113 1817 3294 1862 sanata
3320 1817 3400 1862 est
3446 1817 3501 1862 et
3541 1808 3733 1862 reiecta
3760 1826 3775 1873 ;
3812 1807 3938 1862 dein

690 1881 821 1934 ferri
856 1880 1091 1949 pondere
1138 1880 1394 1949 inclusus,
1443 1883 1491 1934 in
1523 1898 1739 1939 carcere
1784 1885 2057 1954 horriﬁco,
2105 1898 2264 1958 atque
2299 1887 2344 1948 Β
2370 1916 2489 1955 cum
2515 1915 2703 1969 magno
2733 1898 2849 1953 saxi
2874 1900 3105 1969 pondere
3148 1899 3198 1952 in
3230 1913 3374 1952 mare
3396 1898 3592 1967 jactata
3624 1940 3641 1963 ,
3696 1900 3940 1967 angelico

685 1973 741 2026 in
768 1970 911 2042 ligno
936 1983 1190 2026 extensus
1231 1982 1335 2037 est,
1370 1973 1454 2026 ubi
1489 1974 1555 2028 ab
1586 1975 1888 2031 hominibus
1917 1978 2129 2047 quidem
2165 1995 2260 2033 ne-

687 2068 912 2130 glectus,
938 2065 1032 2117 sed
1080 2064 1146 2118 ab
1174 2065 1417 2134 angelico
1461 2065 1669 2134 publice
1697 2075 1883 2136 pastus
1916 2079 1997 2123 est
2024 2086 2038 2136 ;
2070 2071 2265 2126 deinde

678 2166 955 2210 catenatus
994 2158 1045 2210 in
1094 2157 1335 2211 exsilium
1383 2156 1620 2212 directus
1662 2165 1766 2224 est,
1822 2160 1873 2213 in
1922 2176 2027 2229 quo
2054 2177 2261 2216 rursum

681 2248 880 2301 diutius
913 2249 1135 2304 fustibus
1164 2264 1356 2315 caesus,
1403 2262 1456 2304 et
1496 2266 1703 2305 rursum
1736 2252 1927 2320 ligatus
1958 2269 1985 2306 a
2020 2257 2256 2324 paganis,

682 2354 853 2392 raesus
878 2350 956 2393 est
990 2351 1043 2395 et
1075 2341 1402 2407 vulneratus,
1446 2352 1496 2397 et
1529 2341 1719 2397 iterum
1749 2344 1798 2397 in
1831 2359 2097 2399 carcerem
2123 2346 2256 2401 mis-

673 2444 766 2482 HIS
792 2472 805 2495 ,
830 2441 882 2485 et
910 2449 1077 2485 ca'sns
1112 2435 1421 2503 martyrium
1463 2434 1874 2500 consummavit,
1915 2437 2013 2489 sub
2051 2436 2262 2506 Vespa-

676 2520 827 2574 siano
854 2522 1085 2587 (Imsare,
1120 2523 1481 2578 Demosthene
1512 2525 1752 2592 patricio.
1774 2524 1929 2581 Rexit
1956 2525 2256 2583 Ecclesiam

674 2628 846 2666 annos
876 2615 1054 2681 viginti
1084 2626 1229 2679 octo,
1256 2617 1369 2670 dies
1399 2627 1644 2685 quatuor.

789 2748 804 2763 .
836 2709 905 2763 IX
935 2707 1174 2764 KALEND.
1210 2711 1445 2767 Aucusr.
1492 2709 1673 2765 Roma!
1713 2712 1887 2767 natale
1926 2715 2095 2767 sancti
2127 2715 2254 2769 \‘in-

2374 1990 2619 2058 prasidio
2668 1989 2885 2044 liberata
2939 1997 3041 2043 est.
3098 1987 3227 2042 Cum
3264 1998 3438 2042 autem
3492 1998 3703 2057 propter
3733 1988 3937 2043 scelera

2380 2090 2475 2131 sua
2504 2084 2654 2145 pater
2678 2076 2795 2145 ejus
2818 2076 2997 2130 fuisset
3017 2077 3328 2141 exstinctus,
3351 2091 3626 2132 successor
3652 2077 3767 2146 ejus
3802 2078 3937 2130 Dion

2370 2172 2551 2223 multis
2582 2184 2698 2223 eam
2746 2170 3018 2239 suppliciis
3061 2168 3267 2223 alllixit.
3313 2168 3607 2223 Novissime
3656 2184 3942 2223 successor

2370 2262 2629 2329 prmdicti,
2661 2261 2905 2317 Julianus
2930 2266 3143 2317 nomine
3176 2302 3193 2328 ,
3240 2271 3361 2331 post
3387 2262 3649 2317 fornacem
3696 2264 3943 2317 canden-

2371 2361 2502 2415 tem,
2536 2352 2621 2407 ubi
2645 2355 2877 2423 quinque
2902 2353 3087 2408 diebus
3142 2353 3303 2407 illa'sa
3337 2354 3651 2423 permansit,
3673 2364 3795 2421 post
3822 2369 3941 2408 ser-

2364 2453 2552 2513 pentes
2574 2460 2600 2495 a
2621 2444 2855 2499 veneﬁco
2878 2444 3169 2509 immissos,
3186 2443 3276 2497 sed
3294 2444 3394 2498 ﬁde
3409 2442 3609 2499 Christi
3634 2456 3936 2512 superatos,

2362 2544 2482 2602 post
2510 2532 2889 2589 abscissionem
2938 2534 3151 2604 linguas,
3182 2533 3387 2604 sagittis
3411 2550 3528 2588 eam
3573 2536 3769 2600 conﬁgi
3795 2549 3941 2602 pra-

2366 2624 2547 2694 cepit,
2578 2625 2762 2692 sicque
2808 2624 3046 2694 martyrii
3092 2624 3173 2678 sui
3207 2638 3420 2677 cursum
3455 2624 3767 2691 complevit,
3796 2638 3941 2678 anno

2359 2715 2534 2771 aetatis
2560 2714 2855 2770 undecimo.
2883 2713 3082 2770 Eodem
3104 2714 3189 2770 die
3204 2713 3387 2786 vigilia
3399 2714 3456 2770 S.
3474 2713 3933 2784 lacobiApostoli.

1911 2823 2134 2878 EDITIO
2176 2824 2674 2881 BOLLANDIANA.

746 2908 839 2966 23.
881 2940 949 2950 —
987 2910 1028 2965 Χ
1073 2910 1205 2967 ιίλι.
1246 2909 1431 2966 Natale
1458 2911 1515 2965 S.
1557 2911 1875 2981 Apollinaris
1922 2912 2155 2983 episcopi
2201 2914 2254 2970 in

678 3001 931 3056 Ravenna
963 3018 979 3055 :
1010 3002 1097 3071 qui
1131 3002 1313 3055 Roma:
1344 3001 1621 3057 ordinatus
1668 3012 1750 3057 est
1780 3002 1846 3057 ab
1886 3004 2127 3071 apostolo
2158 3005 2257 3061 Pe-

678 3106 761 3146 tro
791 3103 845 3146 et
872 3093 994 3146 illnc
1021 3092 1216 3146 missus
1243 3102 1321 3146 est
1358 3109 1369 3144 :
1403 3096 1489 3161 qui
1521 3092 1679 3146 etiam
1722 3092 1774 3145 in
1819 3091 2035 3146 IEmilia
2069 3092 2256 3161 praedi-

2362 2932 2554 2979 cmsus,
2584 2926 2639 2972 et
2680 2930 2892 2972 rursum
2936 2914 2989 2969 in
3018 2913 3271 2970 Ravenna
3303 2913 3494 2984 ligatus
3533 2928 3561 2967 a
3592 2912 3809 2984 paganis
3835 2928 3940 2969 cae-

2362 3024 2453 3065 sus
2499 3019 2552 3064 et
2597 3008 2925 3073 vulneratus,
2973 3017 3025 3061 et
3071 3021 3279 3061 rursum
3320 3006 3371 3060 in
3410 3019 3630 3061 carcere
3653 3006 3847 3061 missus
3883 3014 3939 3062 et

2362 3114 2533 3154 cassus
2580 3100 2659 3153 sic
2703 3098 3016 3168 martyrium
3043 3096 3435 3151 consummavit
3476 3096 3575 3150 sub
3610 3096 3939 3165 Vespasiano

678 3187 836 3250 cavit,
870 3196 920 3240 et
952 3187 1000 3238 in
1036 3185 1270 3254 partibus
1299 3183 1693 3239 Corinthiorum
1723 3181 1842 3257 [D.,
1868 3184 2253 3253 Tltoritiorum,
2284 3221 2332 3283 Ο
2363 3190 2594 3256 Caesare,
2644 3188 3005 3244 Demosthene
3051 3188 3289 3258 patricio.
3332 3186 3489 3242 Rexit
3519 3187 3811 3242 Ecclesium
3840 3203 3935 3241 an-

676 3284 808 3350 forte
845 3276 1287 3349 ('arintltiorum].
1318 3287 1373 3333 et
1420 3278 1472 3331 in
1501 3278 1662 3345 Mysia
1701 3287 1755 3332 et
1785 3277 1834 3332 in
1878 3277 1993 3346 ripa
2033 3276 2257 3334 Danubii

671 3380 731 3426 et
756 3371 808 3425 in
842 3370 1077 3435 partibus
1108 3369 1384 3423 Tarachire
1416 3368 1503 3440 [Τ.
1540 3368 1624 3433 L.,
1648 3367 1908 3440 Thracia]
1943 3387 1955 3422 :
1989 3370 2041 3423 in
2070 3370 2260 3438 quibus

678 3464 808 3517 locis
836 3462 1022 3516 ex-iliu
1053 3460 1318 3528 relegatus
1347 3468 1449 3514 est.
1504 3461 1567 3513 lit
1611 3459 1914 3529 ubicunque
1963 3454 2134 3529 potuit
2181 3461 2255 3515 in-

676 3569 925 3608 numeras
955 3554 1179 3608 virtutes
1227 3552 1373 3617 fecit,
1402 3559 1457 3605 et
1500 3552 1774 3619 passiones
1812 3551 2059 3605 suslinuit
2092 3568 2103 3603 :
2139 3566 2257 3604 nam

675 3642 837 3699 nimia
888 3658 1008 3696 cum
1059 3641 1205 3697 ozcde
1252 3648 1517 3694 mactatus
1566 3650 1670 3705 est,
1720 3649 1771 3692 et
1817 3654 2025 3693 rursum
2064 3638 2261 3693 diutius

675 3734 901 3786 fustibus
948 3747 1138 3795 caesus,
1190 3745 1252 3785 ac
1299 3732 1454 3784 nudis
1495 3730 1715 3799 pedibus
1744 3744 1902 3798 super
1933 3744 2128 3799 prunas
2152 3730 2250 3783 im.

679 3824 904 3892 positus,
935 3834 986 3877 et
1013 3823 1239 3892 equuleo
1282 3836 1550 3890 appensus
1598 3832 1777 3875 tensus
1805 3830 1905 3886 est,
1946 3830 2000 3874 et
2038 3836 2164 3874 saxo
2195 3833 2254 3873 os

680 3914 795 3984 ejus
825 3925 1105 3967 contusum
1135 3922 1237 3981 est,
1269 3923 1323 3966 et
1351 3927 1469 3965 cum
1509 3911 1828 3979 gravissimo
1869 3911 1989 3965 ferri
2022 3909 2255 3979 pondere

676 4005 913 4060 inclusus
961 4019 1175 4059 carcere
1226 4002 1465 4057 horribili
1513 4014 1671 4071 atque
1722 4003 1774 4056 in
1814 4003 1955 4071 ligno
2006 4011 2256 4056 extensus

673 4103 780 4162 est,
811 4094 835 4121 ⁸
868 4095 954 4149 ubi
1014 4094 1316 4150 hominibus
1358 4094 1571 4163 quidem
1619 4095 1908 4163 neg'ectus,
1941 4091 2034 4147 sed
2069 4093 2133 4145 ab
2160 4108 2255 4146 an-

674 4188 793 4256 gelo
818 4188 1031 4257 publice
1054 4203 1239 4256 passus
1269 4195 1371 4242 est.
1400 4184 1428 4222 ι)
1467 4186 1667 4241 Deinde
1696 4194 1972 4239 catenatus
2001 4194 2055 4239 et
2084 4187 2135 4239 in
2168 4201 2259 4239 ex-

673 4279 853 4332 silium
897 4279 1130 4333 directus
1176 4288 1278 4346 est,
1326 4278 1378 4332 in
1425 4292 1529 4347 quo
1577 4292 1784 4331 rursum
1810 4276 2008 4330 diutius
2040 4276 2261 4331 fustibus

2366 3284 2450 3337 nis
2477 3279 2660 3351 viginti
2687 3280 2802 3335 dies
2830 3288 2973 3335 octo.

2438 3393 2512 3447 Ita
2555 3393 2617 3449 Ι).
2649 3394 2744 3448 Ast
2773 3394 2829 3448 Β.
2860 3391 2921 3448 C.
2965 3393 3028 3447 A.
3074 3393 3162 3454 Τ..
3192 3391 3358 3448 Annis
3386 3392 3567 3462 viginti
3594 3400 3713 3447 octo
3742 3401 3797 3446 et
3824 3391 3939 3447 dies

2364 3474 2613 3533 quatuor.
2635 3464 2720 3528 V.,
2750 3465 2919 3518 Annis
2946 3464 3156 3533 triginta
3184 3474 3239 3518 et
3264 3476 3407 3518 octo.
3433 3468 3516 3529 L.,
3548 3463 3712 3517 Annis
3747 3464 3937 3517 decem

2364 3545 2419 3589 et
2446 3544 2567 3589 octo
2596 3544 2649 3590 et
2672 3535 2858 3589 diebus
2886 3544 3132 3603 quatuor.

2434 3605 2496 3658 ll.
2534 3603 2619 3669 V.,
2669 3606 2851 3659 Romae
2878 3601 2918 3635 ⁶“
2947 3604 3229 3659 Vincentii.
3278 3602 3463 3658 Natale
3508 3601 3791 3657 Primitiri.
3840 3602 3938 3671 8.,

2358 3668 2397 3773 1
2423 3668 2723 3729 Primitivte.

2428 3787 2518 3843 24.
2536 3817 2605 3829 --
2628 3788 2695 3843 IX
2719 3786 2854 3842 ΚΑι..
2877 3787 3060 3843 Natale
3082 3787 3138 3843 S.
3176 3791 3199 3819 °
3220 3786 3530 3843 Christiana
3549 3784 3664 3856 (sic)
3693 3786 3935 3855 virginis.

2431 3903 2495 3957 Α.
2536 3903 2599 3956 Τ.
2643 3903 2727 3967 L.,
2762 3910 3056 3967 prtenotant
3099 3902 3152 3954 in
3194 3903 3389 3954 civitate
3426 3900 3583 3970 Tyro.
3630 3900 3691 3953 C.
3739 3899 3833 3963 Υ..
3876 3899 3934 3954 In

2360 3973 2576 4027 Am.....
2608 3974 2665 4027 S.
2704 3972 2720 4010 ί
2759 3972 3031 4025 Victorini.
3060 3973 3116 4024 li.
3150 3974 3213 4025 Α.
3242 3971 3303 4023 1‘.
3339 3972 3376 4023 L
3404 4011 3419 4035 ,
3449 3971 3502 4023 ln
3535 3970 3781 4023 Armenia
3813 3985 3937 4037 pas-

2359 4045 2442 4096 sio
2488 4042 2587 4099 SS.
2630 4044 2922 4106 'flteozoni,
2961 4043 3206 4105 Victoris,
3248 4051 3300 4093 et
3339 4040 3577 4112 Militaris
3605 4040 3712 4112 [D.,
3744 4040 3937 4093 Milito-

2367 4112 2473 4184 nis]
2506 4131 2518 4165 :
2546 4115 2634 4182 qui
2668 4116 2829 4184 multa
2863 4124 3120 4165 tormenta
3154 4112 3288 4184 passi
3329 4121 3470 4163 sunt.
3506 4111 3697 4163 llorum
3731 4113 3935 4178 primus

2366 4182 2518 4237 abest
2565 4202 2593 4236 a
2643 4199 2742 4238 ms.
2786 4182 2847 4236 L.
2896 4183 3019 4237 Sola
3055 4182 3284 4250 regionis
3313 4191 3364 4235 et
3395 4190 3680 4251 martyrum
3719 4185 3935 4237 nomina

2367 4263 2634 4323 ponuntur
2664 4255 2713 4307 in
2748 4254 2808 4307 Β.

2062 4390 2268 4445 ΞΜΙΤΙΙ
2310 4389 2534 4447 ΝΟΤΈ.

743 4490 771 4519 ι
807 4479 979 4534 Verba
1007 4480 1090 4532 ubi
1113 4478 1331 4546 hemim,
1358 4490 1488 4544 etc.,
1512 4494 1677 4547 usque
1704 4478 1769 4534 ad
1797 4495 1958 4534 cmsus
1985 4494 2092 4535 om.
2125 4481 2184 4535 ι..

746 4550 772 4589 ῒι
806 4551 977 4605 Verba
1016 4551 1275 4605 Deinde...
1304 4552 1524 4604 directus
1553 4560 1626 4603 est
1653 4567 1759 4602 om.
1792 4550 1857 4604 A.

748 4633 772 4663 ε
814 4620 1085 4677 Vincentii.
1138 4622 1318 4674 [inmte
1366 4622 1446 4673 via
1496 4621 1790 4675 Tiburtina.
1838 4622 1913 4674 De
1960 4635 2064 4688 quo
2104 4621 2255 4675 Bzeda

674 4695 817 4762 iulg.
853 4694 1108 4757 USnard.,
1137 4693 1271 4757 Ado,
1297 4692 1551 4744 Baronius
1577 4692 1771 4759 aliique
1800 4690 2051 4762 postridie
2073 4702 2255 4760 agunt.

746 4761 778 4801 α
810 4763 1103 4817 Primitiva’.
1144 4763 1235 4815 Via
1281 4763 1477 4816 Acenla
1529 4776 1695 4830 passae
1736 4761 1883 4828 juxta
1915 4761 2205 4816 Notkerum
2239 4780 2254 4817 :

677 4836 779 4895 Α’ῑὶ
812 4834 992 4887 Romae
1025 4834 1186 4887 solius
1216 4834 1536 4887 mentionem
1570 4832 1785 4885 faciunt.

749 4918 773 4945 ο
804 4903 1093 4957 Christinw.
1122 4903 1175 4956 In
1208 4905 1394 4957 Tuscia
1426 4904 1561 4969 apud
1595 4905 1862 4956 civitatem
1890 4902 2112 4973 Tyrum,
2137 4918 2257 4969 quae

672 4988 755 5029 cst
777 4975 926 5043 juxta
956 4974 1123 5027 lacum
1148 4973 1443 5043 Vttlsinum,
1471 4988 1659 5040 passae.
1684 4973 1780 5039 Qui
1812 4975 1861 5025 in
1895 4984 2073 5027 tenera
2097 4985 2255 5028 aetate

672 5042 867 5103 Christi
921 5045 1023 5098 fiele
1072 5042 1401 5109 confirmata,
1446 5054 1575 5096 deos
1620 5059 1811 5095 aureos
1864 5043 2060 5097 Urbani
2091 5044 2255 5105 patris

676 5121 757 5171 sui
790 5118 985 5185 prmlec
1011 5115 1024 5168 i
1053 5112 1304 5185 contrivit
1325 5116 1719 5185 etgpattperihus
1742 5112 2136 5185 distribuitrob
2157 5114 2255 5167 hoc

670 5183 890 5258 jnbéntc
937 5195 1083 5251 patre
1128 5183 1296 5258 alapis
1344 5183 1558 5249 afﬂicta,
1612 5184 1922 5258 verberibus
1979 5183 2252 5258 dilaniata,

674 5252 817 5313 l'crro
863 5264 1105 5314 Onerum.
1156 5256 1204 5305 in
1250 5268 1518 5308 carcerem
1567 5252 1806 5320 conjecta
1853 5262 1953 5307 est.
1989 5253 2113 5305 Post
2144 5257 2257 5307 tunc

674 5346 792 5383 cum
826 5327 1123 5380 diutissime
1146 5332 1197 5375 ct
1220 5323 1588 5377 crudelis~ime
1612 5323 1977 5388 «lilaniaretnr,
2003 5323 2067 5376 de
2095 5338 2255 5378 carne

673 5415 769 5454 sua
820 5399 953 5463 patri
1008 5398 1056 5446 in
1106 5395 1291 5447 faciem
1324 5393 1560 5460 projecit.
1596 5392 1833 5459 Cumque
1871 5394 2079 5461 alligata
2127 5404 2255 5447 rone

676 5470 779 5534 igni
812 5466 1082 5533 supposito
1112 5473 1164 5517 et
1190 5468 1302 5518 fuso
1324 5464 1552 5531 desuper
1594 5463 1713 5515 oleo
1746 5473 2053 5534 terreretur,
2079 5480 2255 5517 crum-

675 5531 807 5606 petis
834 5531 1043 5589 flamma
1071 5535 1213 5589 mille
1236 5534 1511 5606 gentilium
1542 5534 1826 5585 interfecit.
1860 5531 2054 5606 lterum
2079 5544 2254 5587 autem

675 5602 875 5661 i-arccri
927 5606 1157 5663 tradita,
1210 5605 1276 5657 ab
1325 5604 1515 5672 angelo
1567 5612 1747 5655 sanata
1802 5614 1856 5656 et
1904 5602 2097 5657 refecta
2155 5617 2255 5657 εει.

679 5676 879 5729 Deinde
926 5689 1045 5726 cnm
1099 5689 1290 5744 magno
1332 5675 1445 5728 saxi
1492 5674 1725 5741 pondere
1770 5673 1825 5726 in
1866 5689 2013 5728 mare
2040 5676 2254 5742 jaclata,

675 5746 914 5815 angelico
955 5744 1201 5811 praesidio
1249 5744 1466 5799 liberata
1514 5754 1612 5797 est.
1655 5744 1845 5810 Quam,
1892 5752 2039 5813 patre
2086 5744 2260 5799 subito

2285 4481 2335 4540 D
2362 4482 2634 4548 defuncto,
2666 4496 2945 4537 successor
2976 4481 3092 4551 ejus
3126 4480 3257 4535 Dion
3289 4482 3468 4535 multis
3507 4480 3691 4535 iterum
3728 4482 3933 4550 suppli-

2363 4554 2458 4606 ciis
2502 4554 2687 4607 al'llixit
2718 4572 2728 4605 :
2759 4555 2851 4605 sed
2902 4563 3089 4607 orante
3137 4553 3245 4610 illa.
3292 4553 3628 4605 simulacrum
3672 4552 3932 4619 Apollinis

2364 4638 2520 4691 quem
2550 4624 2771 4676 adorare
2797 4624 3103 4689 jubebatur,
3130 4623 3179 4676 in
3208 4622 3436 4675 favillam
3465 4624 3634 4675 subito
3664 4622 3929 4675 redactum

2365 4702 2466 4747 est.
2519 4696 2635 4757 Quo
2680 4694 2936 4748 tniraculo
2989 4697 3082 4747 tria
3133 4693 3294 4745 millia
3344 4692 3606 4744 hominum
3652 4693 3715 4744 ad
3774 4694 3928 4747 fidem

2363 4764 2556 4816 Christi
2588 4780 2844 4817 conversa
2885 4773 3027 4817 sunt.
3059 4764 3373 4826 Novissune,
3404 4762 3566 4815 Dione
3592 4763 3745 4814 etiam
3787 4779 3931 4815 mor-

2365 4842 2475 4898 tuo,
2532 4851 2699 4887 novus
2748 4833 3027 4901 praefectus
3073 4834 3313 4888 Julianus
3348 4842 3461 4897 pust
3503 4832 3767 4885 fornacem
3806 4848 3933 4885 can-

2363 4904 2596 4963 dentem,
2642 4916 2758 4972 post
2805 4917 3077 4971 serpentes
3120 4920 3148 4955 a
3194 4902 3427 4956 venelico
3475 4902 3769 4965 immissos,
3821 4912 3937 4969 post

2363 4974 2744 5028 abscissioncm
2776 4977 2984 5043 linguae,
3015 4973 3215 5040 sagittis
3252 4988 3368 5025 eam
3411 4973 3597 5037 conligi
3642 4974 3932 5039 praecepit:

2365 5046 2546 5110 sicque
2592 5060 2805 5098 cursum
2860 5046 3095 5115 martyrii
3140 5044 3217 5115 sui
3265 5044 3413 5115 beata
3464 5044 3606 5110 virgo
3649 5043 3930 5115 complevit

2364 5129 2503 5167 anno
2545 5117 2715 5168 zelatis
2751 5130 2861 5168 sua:
2891 5112 3114 5168 decium.
3159 5113 3292 5175 Ann,
3324 5114 3560 5166 Numen.
3590 5121 3643 5165 et
3670 5112 3809 5164 circa
3840 5129 3935 5164 an-

2366 5200 2490 5237 num
2538 5185 2667 5239 287.
2700 5185 2903 5251 Corpus
2948 5201 3120 5238 autem
3169 5184 3282 5249 ejus
3329 5184 3556 5236 delatum
3602 5180 3851 5236 Venetias
3882 5186 3932 5235 in

2365 5258 2748 5309 monasterium
2778 5258 2832 5311 S.
2860 5256 3015 5308 Marci
3043 5258 3109 5306 ah
3138 5253 3320 5306 incolis
3349 5253 3467 5314 lori,
3500 5269 3635 5304 nunc
3662 5254 3937 5317 quiescere

2365 5328 2690 5393 perhibetur.
2743 5328 2907 5379 I’ern.
2957 5341 3023 5379 ns
3070 5324 3273 5377 NATAL.
3316 5324 3517 5389 Corpus
3555 5324 3613 5376 S.
3652 5322 3936 5375 Christinm

2362 5392 2612 5449 Panormi
2666 5397 2715 5449 in
2766 5394 2944 5450 Sicilia
2989 5395 3248 5448 asservari
3292 5392 3504 5456 dicitur,
3551 5407 3646 5445 nec
3683 5394 3841 5446 aliam
3868 5394 3935 5447 ab

2363 5465 2462 5519 hac
2493 5482 2612 5520 esse
2644 5467 2874 5519 tradunt.
2910 5467 3105 5520 Banou.
3138 5464 3188 5516 iu
3220 5463 3367 5515 Notis
3393 5464 3457 5515 ad
3492 5463 3753 5530 Martyrol.

2436 5535 2454 5573 ί
2495 5536 2764 5590 Victorini.
2816 5537 2868 5589 In
2907 5535 3234 5589 Amiternina
3276 5535 3488 5588 civitate
3519 5532 3763 5585 milliaria
3788 5544 3933 5587 octo-

2361 5608 2565 5676 gesimo
2598 5610 2753 5662 tertio
2783 5608 2850 5659 ab
2880 5608 3010 5659 urbe
3043 5605 3230 5666 lloma,
3256 5604 3338 5656 via
3374 5604 3593 5676 Salaria,
3613 5603 3931 5676 _Hieronymi

2361 5671 2632 5746 Martyrol.
2676 5677 2808 5731 Eum
2848 5676 3029 5731 Roma:
3060 5688 3270 5745 passum
3299 5674 3483 5730 scribit
3511 5671 3790 5730 Notkcrus.
