4240 6462
322 307 428 366 {‘85

1506 306 1696 367 SECT.
1730 306 1793 361 ΙΙ.
1821 335 1891 347 -ο
1917 305 2465 365 MARTYROLOGIA.

3482 304 3586 363 386

1608 420 1830 474 EDITIO
1855 416 2313 475 COLONlI-INSIS.

393 514 451 567 C.
487 513 594 566 VIII
642 511 878 567 Busan.
932 512 1167 566 Aucusr.
1217 508 1406 569 Natale
1453 508 1511 566 S.
1554 508 1732 564 Jacobi
1778 525 1900 576 apo—
1930 514 1979 566 A
2009 516 2113 575 tus,
2145 521 2298 564 aceto
2320 517 2374 562 et
2401 508 2585 576 sinape
2615 504 2857 575 perfusus
2878 512 2976 558 est.
3007 503 3248 573 Cumque
3289 502 3487 558 illresus
3516 505 3585 558 ab

321 605 464 669 stoli,
501 604 587 656 Iitii
620 604 881 657 Zebedwi.
919 604 971 655 In
998 603 1202 665 Cilicia,
1230 604 1442 658 civitate
1468 603 1688 666 Samon,
1724 601 1903 655 natale

324 692 494 747 sam-ti
546 692 910 757 Cbristophori
964 694 1243 762 martyris,
1287 695 1374 760 qui
1420 693 1520 747 sub
1568 692 1749 761 Dagno
1776 706 1902 759 rege

319 784 481 851 virgis
512 782 696 836 ferreis
734 782 944 835 attritus
970 826 984 850 ,
1031 797 1059 835 a
1107 782 1333 837 ﬂammis
1360 784 1631 837 aestuantis
1671 780 1900 836 incendii

320 875 515 929 Christi
563 876 755 927 virtute
783 876 1017 928 salvatus
1047 885 1164 941 est,
1195 876 1260 929 ad
1308 876 1546 928 ultimum
1585 875 1896 944 sagittarum

320 965 512 1019 ictibus
552 964 858 1029 confossus,
903 965 1209 1033 martyrium
1259 964 1447 1032 capitis
1490 963 1897 1019 obtruncatione

323 1053 629 1122 complevit.
657 1052 711 1106 In
742 1052 1264 1119 Hispaniis,civitate
1296 1051 1607 1115 Barciuona,
1634 1054 1805 1106 natale
1834 1052 1896 1106 ὃ.

321 1146 646 1214 Cucupbatis
670 1147 940 1215 martyris,
970 1145 1055 1213 qui
1080 1160 1148 1198 ex
1172 1146 1384 1199 civitate
1409 1145 1682 1199 Scillitana
1713 1145 1897 1197 oriun-

329 1240 428 1291 dus
458 1236 576 1303 fuit,
608 1248 663 1292 et
693 1238 1004 1293 Barciuoute
1046 1239 1144 1292 sub
1173 1238 1384 1292 Galerio
1410 1248 1461 1292 et
1498 1238 1821 1293 Maximiano
1848 1246 1901 1292 ct

323 1329 516 1384 BuIiuo
546 1346 752 1396 passus,
786 1330 958 1398 primo
989 1332 1301 1399 gravissime
1331 1340 1497 1384 tortus
1522 1341 1575 1383 et
1597 1345 1768 1383 cursus
1796 1340 1896 1396 est,

323 1422 449 1477 dein
495 1422 699 1476 catenis
745 1423 1023 1488 astrictus,
1071 1422 1122 1475 in
1168 1422 1418 1475 craticula
1470 1422 1681 1487 insuper
1722 1431 1905 1473 cxten-

2012 600 2133 671 igne
2175 599 2537 669 apparuisset,
2589 597 2776 651 iterum
2834 596 2974 649 ferro
3017 596 3260 663 vinctus,
3307 595 3359 647 in
3404 602 3589 647 custo-

2005 691 2145 745 diam
2178 702 2417 745 retrusus
2446 696 2560 749 est;
2590 688 2679 740 ubi
2711 687 2891 740 divino
2929 685 3211 753 splendore
3259 686 3585 745 consolatur,

2006 790 2059 835 et
2110 790 2235 835 tunc
2284 779 2460 834 nervis
2510 777 2697 831 ferreis
2744 788 2798 831 et
2845 777 3067 830 taurinis
3113 775 3477 829 crudelissime
3507 784 3589 829 est

2005 887 2195 927 czcsus.
2232 872 2286 925 In
2314 871 2499 924 ultimo
2526 870 2721 923 dictata
2745 878 2829 923 est
2849 869 3110 922 sententia
3138 885 3150 919 :
3177 886 3195 918 ι
3224 867 3585 933 Cucupbatetn

2004 963 2255 1019 rebellem
2277 962 2455 1031 gladio
2477 962 2637 1017 fcrire
2650 962 2920 1031 jubemus.
2950 978 2968 1012 ι
2992 960 3154 1031 Cujus
3174 975 3365 1030 corpus
3387 976 3414 1013 a
3435 962 3589 1015 Cbri-

2006 1055 2196 1109 stianis
2225 1055 2502 1121 sepelitur.

2081 1147 2146 1200 D.
2181 1145 2267 1200 VII
2298 1146 2539 1200 liam-mo.
2572 1148 2807 1200 Aucusr.
2848 1144 3030 1199 Natale
3059 1144 3205 1200 beati
3234 1144 3463 1213 Ilerasti,
3494 1142 3588 1213 qui

2009 1235 2270 1305 Philippis
2296 1254 2325 1290 a
2357 1238 2512 1292 beato
2544 1236 2710 1289 Paulo
2738 1238 3023 1305 episcopus
3064 1236 3278 1289 relictus
3304 1276 3319 1299 ,
3350 1236 3418 1289 ibi
3445 1250 3587 1288 mar-

2010 1327 2146 1398 tyrio
2172 1337 2456 1381 coronatus
2484 1327 2704 1396 quievit.
2741 1326 2923 1381 Roma:
2950 1328 3001 1380 iu
3030 1337 3181 1395 portu
3214 1327 3459 1392 laciucti,
3490 1327 3589 1381 sub

2011 1418 2279 1471 consulari
2324 1417 2568 1483 Leontio,
2619 1416 2876 1483 Luxurio,
2921 1417 3092 1488 primo
3131 1418 3358 1472 civitatis
3387 1418 3592 1473 'I‘errao

1585 1512 1808 1566 Εῡιτιυ
1842 1509 2332 1565 BOLLANDIANA.

394 1605 484 1661 25.
514 1637 585 1647 —
616 1606 726 1659 VIII
771 1605 906 1659 ΚΜ..
950 1604 1137 1660 Natale
1182 1604 1242 1659 S.
1285 1602 1468 1658 Jacobi
1514 1603 1772 1673 apostoli,
1813 1602 1910 1657 Ze-

486 1718 523 1755 t.

327 1700 551 1845 bczifdit
580 1789 766 1844 Florus
795 1790 846 1844 in
874 1789 938 1843 Τ.
970 1800 1020 1843 et
1053 1788 1139 1853 L.,
1171 1787 1377 1842 Fratris
1422 1786 1646 1843 Joannis
1686 1800 1915 1855 evange-

2016 1609 2072 1655 et
2118 1615 2146 1652 a
2199 1600 2455 1655 militibus
2497 1599 2807 1669 sagittarum
2854 1599 3045 1653 ictiluts
3075 1598 3317 1668 pulsatus
3353 1605 3454 1652 est.
3489 1596 3592 1652 Sed

2019 1692 2227 1762 sagittis
2257 1708 2285 1745 a
2315 1690 2517 1745 dextris
2547 1689 2663 1760 ejus
2687 1698 2741 1744 et
2770 1705 2798 1743 a
2827 1689 3055 1743 sinistris
3081 1690 3373 1756 suspensis,
3406 1703 3507 1741 una
3530 1704 3595 1742 ex

2017 1786 2098 1841 eis
2118 1785 2267 1839 velut
2296 1784 2435 1838 venti
2466 1782 2681 1836 ﬂamine
2718 1790 2917 1837 retorta
2944 1824 2957 1841 ,
2989 1783 3040 1834 in
3071 1782 3279 1835 oculum
3314 1779 3475 1849 Dagni
3505 1795 3597 1847 pe-

320 1883 479 1947 listte,
508 1882 656 1949 cujus
701 1882 1002 1947 passionem
1035 1888 1057 1914 ει
1086 1880 1340 1933 Clemens
1388 1879 1779 1932 Alexandrinus
1816 1879 1910 1932 de-
1939 1916 1989 1978 Β
2020 1878 2269 1942 netravit,
2302 1876 2485 1945 sicque
2522 1875 2641 1927 data
2673 1875 2934 1927 sententia
2964 1872 3130 1926 isdem
3176 1871 3371 1926 athleta
3402 1871 3597 1924 Christi

319 1973 599 2029 scribens:
643 1990 659 2022 ι
702 1972 763 2024 Et
796 1971 861 2037 is,
891 1970 1083 2038 inquit,
1115 1970 1203 2039 qui
1231 1970 1493 2023 obtulerat
1514 1983 1633 2023 eum
1655 2011 1671 2035 ,
1700 1966 1725 2004 ⁸³
1755 1966 1909 2022 Jaco-

320 2070 446 2125 bum
478 2067 609 2121 scilio
629 2075 702 2130 et,
729 2065 897 2136 judici
932 2065 995 2117 ad
1025 2064 1335 2133 martyrium
1356 2107 1370 2131 ,
1400 2072 1575 2117 motus
1605 2061 1762 2115 etiam
1794 2061 1909 2129 ipse

319 2161 599 2215 confessus
630 2170 710 2214 est
737 2174 794 2213 se
842 2174 962 2213 esse
997 2156 1366 2211 christianum.
1410 2174 1428 2206 ι
1468 2155 1617 2209 Ducti
1649 2163 1775 2207 sunt
1804 2169 1908 2207 au-

321 2259 430 2305 tem
462 2250 622 2304 ambo
648 2251 845 2318 pariter
877 2248 941 2300 ad
965 2248 1301 2317 supplicium.
1331 2246 1392 2299 Et
1417 2262 1534 2300 cum
1560 2245 1906 2311 ducerentur,

323 2342 378 2395 in
412 2341 492 2393 via
536 2339 743 2405 rogavit
791 2337 1047 2391 Jacobqu
1093 2336 1220 2391 dare
1269 2335 1367 2390 sibi
1410 2336 1799 2389 remissionem.
1843 2337 1912 2389 At

322 2432 413 2486 ille
442 2446 724 2501 parumper
741 2429 1067 2489 deliberans,
1102 2446 1120 2480 ι
1149 2428 1252 2482 Pax
1280 2428 1394 2491 tibi,
1423 2448 1441 2479 ι
1471 2429 1570 2497 iuq-
1599 2428 1655 2491 it,
1680 2435 1735 2482 et
1756 2440 1913 2481 oscu-

322 2523 461 2579 latus
490 2534 571 2577 est
598 2538 718 2575 eum
746 2539 758 2574 :
783 2530 834 2574 et
868 2521 938 2573 ita
969 2520 1127 2574 ambo
1157 2520 1315 2574 simul
1356 2521 1526 2585 capite
1578 2518 1719 2586 pleni
1762 2525 1910 2571 sunt.

398 2615 537 2667 Idem
571 2611 757 2665 Florus
789 2611 837 2662 in
871 2611 934 2664 Α.
959 2618 1014 2662 et
1041 2608 1129 2673 T.,
1160 2608 1361 2661 Eodem
1391 2608 1476 2662 die
1514 2607 1564 2659 in
1597 2606 1754 2673 Lycia
1784 2605 1915 2659 civi-

324 2712 435 2758 tate
464 2690 663 2758 Samnn
696 2700 871 2754 natale
895 2700 953 2755 S.
990 2710 1011 2737 ι’
1044 2697 1437 2767 (ἰιιι-ἰδιοιιιιοτί.
1466 2697 1610 2751 Idem
1640 2698 1830 2767 legitur
1857 2697 1910 2750 in

330 2796 419 2859 Β..
451 2805 503 2848 et
527 2793 696 2863 pergit
724 2793 895 2847 solum
925 2792 1015 2855 'I'..
1047 2792 1148 2859 Qui
1169 2791 1319 2860 jussu
1350 2791 1512 2859 Dagni
1546 2792 1684 2859 regis
1713 2789 1765 2844 in
1788 2804 1909 2845 car-

326 2902 453 2942 cere
496 2886 767 2950 reclusus,
802 2885 1011 2938 Niccam
1039 2892 1095 2938 et
1132 2883 1434 2952 Aquilinam
1457 2923 1473 2947 ,
1505 2897 1637 2951 quas
1684 2882 1797 2952 ipse
1830 2893 1917 2953 ty-

325 2991 524 3033 rannus
556 2976 619 3028 ad
652 2974 1015 3029 seducendum
1064 2988 1185 3028 eum
1232 2973 1470 3037 miserat,
1506 2973 1575 3027 ita
1606 2975 1913 3040 convertit,

330 3076 389 3122 ut
420 3066 553 3121 idola
583 3063 729 3119 lovis
756 3074 809 3119 et
838 3062 1099 3133 Apollinis
1119 3104 1134 3127 ,
1169 3078 1286 3131 qua:
1319 3072 1442 3117 ante
1488 3063 1775 3129 colebant,
1812 3064 1914 3120 ﬂde

332 3157 535 3214 Christi
584 3156 874 3220 ferventes,
918 3155 1066 3209 zonis
1099 3155 1212 3207 suis
1240 3154 1394 3223 ligata
1441 3153 1507 3208 ad
1560 3164 1753 3210 terram
1787 3171 1916 3224 pro-

334 3256 653 3303 sternerent.
707 3243 898 3314 Unde,
956 3244 1295 3314 prazcipiente
1343 3244 1561 3315 Dagno,
1613 3247 1779 3301 altera
1834 3257 1914 3302 est

330 3339 587 3395 membris
634 3338 894 3405 disrupta,
944 3338 1110 3391 altera
1159 3337 1322 3405 stipiti
1372 3352 1651 3407 suspensa,
1710 3348 1766 3394 et
1807 3342 1917 3411 igni

336 3434 614 3503 apposita,
658 3446 720 3486 ac
765 3430 960 3485 deinde
1004 3429 1181 3499 gladio
1222 3429 1504 3485 trucidata.
1535 3430 1761 3485 Sanctus
1791 3448 1920 3489 vero

332 3524 794 3592 Cbri~topbnrus,
842 3522 1011 3591 ligatis
1056 3520 1299 3576 manibus
1352 3533 1405 3576 et
1446 3524 1702 3592 pedibus,
1754 3526 1919 3597 virgis

336 3614 526 3669 ferreis
553 3628 744 3677 cmsus,
781 3613 973 3666 deinde
1019 3614 1069 3667 in
1110 3627 1328 3667 scaumo
1371 3614 1577 3676 ferreo,
1620 3625 1675 3670 et
1717 3616 1769 3671 in
1801 3618 1924 3688 igne

328 3705 432 3759 olei
467 3704 674 3773 liquore
695 3701 979 3773 superfuso
1008 3703 1243 3772 positus;
1276 3703 1398 3757 hinc
1424 3706 1593 3773 stipiti
1624 3721 1920 3776 appeusus,

2013 1968 2189 2035 capite
2221 1968 2407 2035 plexus
2453 1973 2557 2019 est.
2588 1965 2711 2019 Post
2740 1964 2892 2032 cujus
2921 1963 3326 2017 decollationem
3358 1962 3470 2030 ipse
3499 1961 3601 2014 Da-

2012 2072 2150 2127 gnus
2194 2056 2259 2109 ad
2309 2056 2613 2124 sepulcrum
2656 2054 2774 2122 ejus
2814 2054 2979 2109 altera
3022 2054 3108 2108 die
3138 2053 3378 2117 veniens,
3410 2067 3603 2106 secun-

2019 2149 2145 2203 dum
2178 2146 2583 2215 promissionem
2619 2144 2785 2212 ipsius
2828 2146 3077 2214 martyris
3103 2152 3159 2198 et.
3183 2142 3320 2197 oculi
3348 2143 3428 2196 sui
3459 2143 3602 2195 sani-

2018 2252 2178 2294 tatem
2222 2238 2465 2305 recepit,
2496 2246 2553 2291 et
2602 2236 2881 2307 magniﬁce
2932 2234 3097 2290 Deum
3141 2236 3198 2289 S.
3229 2232 3599 2301 Cbristophori

2018 2331 2357 2404 glorilicavit.

2084 2445 2144 2499 L.
2173 2443 2237 2498 C.
2265 2440 2327 2495 V.
2362 2442 2687 2510 simpliciter
2722 2454 2922 2494 nomen
2970 2437 3321 2508 Cbristophori
3360 2438 3461 2494 hoc
3510 2437 3601 2494 die

2016 2516 2214 2571 habent
2239 2532 2251 2567 :
2281 2514 2367 2568 cui
2393 2513 2539 2566 addit
2569 2512 2629 2566 V.
2666 2509 2731 2564 In
2762 2524 2910 2581 portu
2934 2510 2994 2566 S.
3021 2511 3241 2564 Acontii.

2090 2625 2343 2696 Ejusdem
2376 2623 2523 2679 Flori
2554 2638 2675 2677 esse
2704 2622 2916 2677 videtur
2940 2623 2990 2676 in
3020 2621 3079 2676 Τ.
3115 2632 3169 2676 et
3209 2621 3297 2687 L.,
3327 2620 3381 2675 In
3426 2620 3604 2674 Barci-

2015 2733 2154 2774 nona
2180 2717 2393 2771 civitate
2412 2715 2472 2769 S.
2504 2714 2529 2753 ά
2556 2713 2881 2782 Cucupbatis
2928 2712 3199 2784 martyris.
3241 2714 3302 2766 Et
3346 2710 3405 2768 S.
3435 2716 3459 2744 °
3492 2710 3600 2764 Ett-

2018 2807 2213 2880 tyciani
2248 2822 2396 2875 papa:
2425 2814 2479 2861 et
2509 2804 2760 2873 martyris
2794 2821 2807 2856 :
2838 2804 2928 2872 qui
2978 2818 3099 2857 cum
3154 2802 3447 2857 Ecclesiam
3496 2801 3602 2854 Ilo-

2019 2913 2231 2954 manam
2253 2897 2407 2951 annis
2432 2896 2617 2967 viginti
2641 2895 2728 2969 [L.
2748 2912 2850 2949 om.
2877 2894 3089 2967 viginti]
3109 2904 3227 2950 octo
3250 2902 3370 2963 post
3389 2892 3601 2947 Petrum

2020 2990 2286 3058 rexisset,
2334 2998 2603 3044 trecentos
2631 2988 2976 3059 quadraginta
3006 2990 3142 3044 duos
3184 2998 3447 3059 martyres
3479 3004 3603 3054 pru-

2021 3082 2152 3149 priis
2195 3082 2440 3135 manibus
2489 3080 2770 3149 sepelivit,
2803 3096 3099 3151 passusque
3154 3090 3238 3135 est
3288 3081 3602 3151 martyrium

2023 3170 2354 3241 temporibus
2382 3169 2674 3225 Aureliani.

1951 3284 1999 3349 (ἶ
2100 3309 2190 3368 Α..
2220 3308 2338 3378 Ipso
2362 3307 2447 3361 die
2476 3306 2735 3375 depositio
2766 3303 2893 3371 B.,I
2926 3303 3110 3359 Judoci
3156 3303 3355 3374 egregii
3394 3304 3608 3359 confvs-

2029 3381 2208 3434 soris:
2239 3382 2323 3433 cui
2356 3378 2671 3445 astipulatur
2719 3378 2856 3429 inter
2905 3383 3127 3430 caeteras
3175 3379 3431 3439 virtutes,
3482 3391 3602 3443 qua:

2029 3464 2139 3519 pra:
2169 3447 2506 3503 multitudine
2525 3447 2848 3519 dinumerari
2880 3462 2983 3519 non
3010 3454 3252 3519 possunt,
3273 3446 3439 3519 etiam
3462 3446 3596 3519 duos

2034 3516 2274 3574 mortuos
2319 3520 2625 3572 suscitasse.
2663 3517 2744 3578 Β..
2782 3517 2997 3570 Parisiis
3046 3516 3322 3570 translatio
3368 3516 3609 3584 corporis

2028 3590 2088 3646 S.
2116 3599 2141 3637 ε
2166 3589 2413 3646 Germani
2445 3588 2678 3657 episcopi
2709 3598 2762 3642 et
2801 3587 3143 3643 confessoris.

2100 3702 2189 3757 ‘26.
2218 3732 2287 3743 -
2312 3702 2392 3757 VII
2420 3701 2554 3759 ΚΑΙ..
2584 3700 2748 3756 Vacat
2779 3700 2950 3755 Bzeda.

1718 3816 1924 3873 Sl‘IITII
1976 3814 2200 3873 NOTAE.

406 3915 431 3943 ⁸
474 3905 725 3960 Clemens.
783 3904 933 3970 Quod
986 3904 1073 3959 hic
1125 3903 1447 3958 exscribitur
1503 3920 1565 3959 ex
1623 3905 1914 3963 Clementis

332 3976 674 4031 Alexandrini
706 3977 931 4044 septimo
963 3974 1353 4044 InstitutiOuum
1387 3973 1520 4029 libro
1545 4014 1560 4042 ,
1589 3975 1716 4031 citat
1753 3981 1913 4034 etiam

339 4047 601 4101 Eusebius
634 4046 685 4099 in
717 4042 860 4104 Eccl.
893 4045 1030 4099 Ilist.
1062 4061 1121 4105 II.
1150 4042 1204 4099 9.

408 4115 435 4154 ι’
459 4117 734 4169 Jacobum.
771 4117 843 4170 De
870 4132 933 4169 eo
956 4115 1125 4167 Graci
1160 4116 1211 4168 iu
1240 4114 1543 4183 Menologio
1563 4126 1729 4183 agunt
1751 4118 1919 4183 pridie

333 4186 452 4242 Kal.
485 4187 628 4251 Maii,
659 4203 763 4254 quo
791 4186 875 4240 die
898 4187 964 4238 ab
986 4184 1195 4238 Herode
1215 4186 1384 4239 Occidi
1408 4184 1589 4253 jussus
1612 4196 1717 4243 est.
1746 4189 1919 4244 Latini

332 4273 465 4310 vero
496 4257 592 4309 hac
620 4257 703 4308 die
734 4271 855 4310 eum
884 4256 1191 4317 celebrant,
1225 4255 1435 4323 quando
1474 4255 1588 4322 ejus
1617 4272 1811 4325 corpus
1850 4275 1917 4315 ex

334 4327 427 4381 Ilia
462 4326 635 4380 Flavia
662 4325 1074 4391 Contp05tellam
1126 4326 1437 4378 translatum
1484 4335 1602 4393 est,
1650 4327 1737 4382 ubi
1783 4331 1921 4385 cele-

332 4396 569 4453 berrimo
597 4397 779 4450 oIIicio
812 4397 1064 4449 hactenus
1092 4394 1359 4449 coluntur.

416 4479 437 4506 ε
469 4466 839 4533 Cbristophori.
886 4465 1141 4519 Barouius
1171 4480 1213 4519 ει
1236 4473 1355 4517 nset
1384 4480 1505 4519 eum
1539 4481 1641 4520 non
1682 4468 1781 4522 sub
1816 4470 1921 4524 Da-

336 4552 476 4605 gno,
508 4536 600 4592 sed
627 4539 725 4590 sub
759 4537 919 4591 Decio
957 4535 1273 4602 imperatore
1305 4549 1535 4601 passum.
1570 4536 1622 4588 lu
1664 4539 1824 4593 Petro
1852 4541 1920 4594 de

335 4608 609 4664 Natalibus
640 4608 873 4660 inaudita
897 4614 979 4659 est
1008 4606 1201 4669 fabula,
1227 4607 1277 4658 in
1306 4620 1408 4671 qua
1431 4605 1626 4659 dicitur
1646 4608 1916 4665 Christum

336 4689 488 4733 trans
515 4677 729 4731 ﬂuvium
772 4675 1006 4729 humeris
1038 4683 1272 4746 portasse
1292 4714 1307 4738 ,
1340 4685 1394 4729 et
1421 4675 1517 4728 alia
1546 4675 1663 4743 ejus
1696 4679 1880 4734 farina:
1900 4718 1918 4746 ,

337 4762 461 4818 qua:
485 4758 541 4818 et
571 4747 737 4818 Judzei
772 4748 935 4814 ipsius
962 4744 1161 4811 Apellze
1193 4743 1349 4818 ﬁdem
1369 4756 1651 4818 superant.

415 4815 440 4853 ά
470 4813 989 4888 Cucupliatis._0rtus
1017 4824 1098 4869 cst
1124 4823 1300 4888 autem
1333 4813 1414 4888 bi:-
1438 4830 1501 4869 ex
1531 4816 1742 4888 civitate
1766 4820 1920 4888 Scyl-

338 4889 501 4941 lilana
528 4904 546 4950 ',
575 4898 623 4941 et
654 4902 773 4939 cum
808 4886 981 4940 Felice
1009 4884 1236 4953 quodam
1283 4885 1549 4952 profectus
1592 4884 1888 4942 Ca'saream
1909 4930 1923 4953 ,

338 4958 433 5011 ubi
479 4966 756 5024 comperto
809 4957 948 5022 quod
1002 4955 1303 5022 persecutio
1358 4955 1457 5008 sub
1497 4956 1819 5012 Maximiano
1870 4971 1926 5015 et

340 5029 669 5082 Diocletiano
717 5038 846 5079 :estu
904 5028 1135 5079 maximo
1190 5028 1240 5077 in
1290 5026 1504 5078 Oriente
1550 5030 1835 5096 ﬂagraret,
1870 5030 1924 5083 in

340 5098 684 5153 Occidentem
716 5097 1026 5166 navigantes
1054 5095 1399 5166 Barcinonem
1430 5098 1667 5163 appulit,
1703 5100 1787 5152 ubi
1818 5099 1923 5153 Cu-

339 5167 547 5235 cuphas
579 5164 859 5221 miraculis
874 5167 1089 5225 claruit;
1122 5181 1346 5234 quorum
1380 5164 1513 5218 fama
1545 5168 1609 5219 ad
1640 5184 1795 5223 aures
1821 5171 1925 5223 Ga-

341 5238 466 5292 lerii
514 5236 844 5302 procnnsulis
873 5236 1243 5304 perveniente,
1275 5236 1471 5289 milites
1511 5237 1650 5290 misit
1683 5240 1768 5305 qui
1800 5256 1922 5293 eum

339 5307 412 5361 ad
446 5309 673 5360 tribunal
716 5308 959 5372 trahunt,
989 5315 1042 5358 et
1086 5322 1204 5359 cum
1244 5306 1349 5359 diis
1382 5321 1484 5358 nou
1534 5307 1686 5361 tliura
1740 5310 1921 5374 daret,

337 5380 656 5449 gramssitne
683 5392 853 5432 caesus
891 5387 972 5429 est
1004 5390 1167 5444 usque
1195 5376 1320 5449 dum
1351 5376 1566 5449 dirupto
1595 5393 1821 5446 corpore
1846 5382 1927 5432 vi-

340 5445 495 5503 scera
548 5451 661 5517 ejus
704 5448 1163 5517 conspicerentur.
1200 5445 1399 5499 Deinde
1445 5450 1557 5500 viro
1600 5445 1704 5503 Dei
1740 5465 1925 5515 preces

346 5516 587 5573 Domino
604 5519 853 5572 [inridente
872 5557 887 5581 ,
922 5516 1163 5571 Galerius
1194 5528 1407 5584 repente
1435 5530 1670 5573 mortuus
1699 5520 1924 5575 decidit.

347 5588 395 5642 Λ
423 5588 735 5641 Maximiano
767 5588 991 5658 prseside
1022 5598 1198 5654 postea
1239 5587 1289 5658 in
1324 5588 1646 5658 craticulam
1677 5603 1927 5645 extensus

344 5668 455 5720 est,
484 5656 782 5725 illmsusque
829 5658 1115 5712 crudeliter
1162 5656 1371 5710 carduis
1420 5657 1610 5712 ferreis
1642 5668 1697 5713 et
1726 5663 1927 5714 laureis

342 5732 682 5795 ca-dcleatur;
708 5730 831 5783 dum
862 5736 1038 5783 autem
1070 5726 1383 5795 ﬂagellatur,
1414 5726 1519 5782 Deo
1545 5731 1710 5784 sancti
1744 5746 1927 5800 preces

2028 3908 2221 3962 iterum
2247 3906 2568 3961 exaudiente
2589 3914 2644 3959 et
2673 3902 3017 3958 Maximianus
3036 3900 3198 3969 judex
3230 3911 3401 3955 morte
3433 3903 3604 3956 subita

2022 3979 2275 4044 abreptus
2297 3988 2396 4031 est.
2417 3976 2604 4030 ﬂuﬂno
2625 3990 2753 4028 vero
2776 3973 2937 4041 impio
2956 3971 3197 4041 jubente.
3224 3973 3400 4040 capite
3419 3972 3604 4040 plexus

2024 4058 2125 4103 est.
2154 4045 2409 4115 Sepultus
2431 4055 2514 4101 est
2544 4045 2883 4115 Bari-intrate;
2915 4044 3007 4115 sed
3036 4052 3213 4115 postea
3246 4044 3532 4115 translatus
3570 4056 3602 4096 a

2032 4112 2266 4172 Fulcado
2288 4118 2478 4170 abbate
2501 4115 2731 4171 cmnobii
2753 4114 2853 4169 SS.
2882 4112 3137 4181 Dionysii,
3166 4112 3366 4165 llustici
3392 4115 3609 4165 etEleu-

2026 4188 2206 4244 therii.
2238 4187 2289 4240 in
2321 4188 2509 4241 cellam
2559 4185 2796 4253 ejusdem
2846 4182 3096 4253 emnobii.
3123 4181 3336 4245 Sumus,
3353 4182 3608 4253 _tom._|V.

2052 4314 2053 4317 η
2101 4268 2124 4296 ⁸
2154 4257 2487 4326 Eulycln'ani.
2520 4251 2647 4325 Ejus
2685 4254 2799 4308 dies
2848 4252 3100 4326 obitualis
3130 4263 3213 4306 est
3258 4268 3305 4326 vl
3350 4251 3472 4307 Idus
3504 4251 3608 4307 Dc-

2029 4331 2207 4384 cemb.
2244 4322 2638 4394 Papebrocbius
2665 4327 2714 4377 in
2739 4327 2943 4378 Conatu
2969 4322 3509 4394 chronico-bistorico
3534 4326 3599 4375 ad

2028 4393 2337 4467 Catalogum
2370 4397 2679 4468 pontiﬂcum
2714 4395 3085 4468 Romanorum
3099 4393 3301 4468 colligit
3352 4395 3608 4468 elevatio-

2030 4487 2150 4525 nem
2182 4464 2265 4524 vel
2293 4464 2690 4522 translationem
2723 4468 2950 4534 aliquam
2987 4464 3145 4517 hodie
3196 4465 3386 4517 Iactam
3445 4464 3609 4518 fuisse

2031 4541 2228 4595 saeculo
2254 4542 2438 4608 quinto
2466 4540 2565 4593 sub
2596 4533 2903 4608 Innocentio
2934 4540 3123 4608 primo,
3168 4548 3289 4608 eum
3330 4533 3380 4608 is
3405 4537 3471 4608 ing
3495 4548 3609 4608 cm-

2037 4604 2478 4665 meterio'Calixti
2506 4607 2786 4662 :ediﬂcavit
2813 4606 3070 4674 insignem
3093 4606 3148 4659 S.
3175 4604 3471 4657 Sebastiani
3505 4606 3610 4656 ba-

2032 4682 2236 4735 silicam
2266 4680 2331 4733 ad
2363 4680 2749 4738 Catacumbas,
2793 4691 2954 4743 super
3002 4674 3289 4727 l'latoniam
3316 4713 3333 4740 ,
3374 4674 3475 4727 sub
3506 4687 3610 4742 qua

1952 4727 2006 4789 Β
2032 4727 2336 4806 Eiiiiﬁiiitiu
2790 4727 3012 4807 corpora
3044 4744 3132 4796 diu
3158 4727 3456 4810 jacuernut.

2108 4822 2126 4860 ί
2156 4820 2365 4874 Judoci.
2402 4819 2564 4886 llujus
2594 4817 2786 4869 natalis
2813 4815 3126 4886 celebratur_
3156 4815 3360 4886 Xlllrdlt:
3385 4813 3607 4866 Decent-

2031 4891 2161 4956 bris,
2186 4904 2343 4957 quem
2372 4881 2502 4942 intra
2531 4888 2671 4941 vide.
2691 4886 2855 4939 Hodie-
2881 4884 3057 4957 Iorsan
3080 4881 3199 4953 ejus
3220 4885 3469 4949 elevatio,
3486 4900 3607 4953 qua:

2032 4954 2157 5031 post
2179 4954 2346 5013 annos
2370 4960 2461 5021 6t),
2485 4974 2647 5031 quam
2667 4957 3009 5031 sepeliretur,
3034 4954 3168 5008 facta
3197 4966 3296 5007 est.

2102 5041 2128 5079 ε
2160 5031 2421 5084 Germani.
2464 5025 2765 5084 Translatio
2798 5030 2910 5081 haec
2942 5029 3073 5079 Iacta
3102 5033 3273 5078 estex
3325 5026 3525 5078 sacello
3546 5025 3606 5078 Β.

2031 5101 2427 5173 Sympltoriaui
2455 5102 2505 5152 in
2539 5100 2814 5153 basilicam
2846 5108 3043 5173 sancta:
3070 5097 3276 5173 Crtteisu
3291 5106 3344 5173 et
3480 5096 3605 5173 Vin-

2030 5168 2187 5227 réutii
2221 5172 2321 5239 ipsi
2352 5172 2711 5225 cohaerentem
2732 5211 2746 5234 ,
2783 5185 2919 5222 anno
2952 5168 3066 5234 ipso
3097 5183 3200 5235 quo
3246 5168 3500 5234 I’ippiuus
3540 5171 3608 5218 ab

2033 5244 2304 5310 Stephano
2346 5258 2478 5309 papa
2524 5250 2712 5294 unctus
2756 5244 2805 5294 iu
2860 5252 3036 5305 regem
3068 5248 3169 5303 est,
3200 5239 3299 5292 hoc
3342 5250 3419 5310 est
3465 5251 3610 5310 anno

2034 5307 2160 5368 754⁷.
2186 5307 2574 5365 'l‘ranslationis
2599 5320 2786 5364 auctor
2812 5310 2907 5362 fuit
2930 5310 3246 5362 Lautfredus
3271 5309 3453 5369 abbas,
3487 5307 3608 5373 Pip-

2034 5386 2188 5455 pinus
2231 5398 2322 5455 rex
2367 5383 2693 5455 approbatur
2734 5390 2787 5455 et
2842 5379 3118 5455 testis.__ld
3156 5378 3610 5455 .est_I_._autIi_-edus

2034 5447 2194 5523 quem
2225 5447 2456 5523 Carolus
2475 5453 2718 5523 princeps
2748 5452 2975 5523 legatum
2996 5447 3190 5523 direxit
3210 5450 3282 5523 ad
3300 5448 3603 5523 Hunoldum

2034 5518 2331 5595 Aquitanim
2359 5518 2570 5579 ducem.
2604 5518 2889 5577 Historiam
2920 5518 3088 5595 hujus
3122 5521 3486 5595 translatic_~_n_'s
3506 5520 3608 5595 _le-

2031 5590 2158 5667 gere
2203 5604 2288 5651 est
2339 5596 2390 5650 in
2439 5595 2669 5651 secunda
2718 5601 2870 5663 parte
2912 5590 3091 5648 sreculi
3142 5605 3195 5647 nt
3227 5595 3343 5647 Act.
3372 5592 3471 5648 SS.
3506 5591 3608 5646 tle-

2034 5667 2225 5723 uedict.
