  <div class='ocr_page' id='page_1' title='image "/cluster/home/n/w/nwhite01/storage/ocr_20150623/94/umn.31951002477387e/499.png"; bbox 0 0 4240 6464; ppageno 0'>
   <div class='ocr_carea' id='block_1_1' title="bbox 668 299 768 356">
    <p class='ocr_par' dir='ltr' id='par_1_1' title="bbox 668 299 768 356">
     <span class='ocr_line' id='line_1_1' title="bbox 668 299 768 356; baseline -0.02 0"><span class='ocrx_word' id='word_1_1' title='bbox 668 299 768 356; x_wconf 77' lang='lat'><strong>987</strong></span> 
     </span>
    </p>
   </div>
   <div class='ocr_carea' id='block_1_2' title="bbox 1408 292 3190 353">
    <p class='ocr_par' dir='ltr' id='par_1_2' title="bbox 1408 292 3190 353">
     <span class='ocr_line' id='line_1_2' title="bbox 1408 292 3190 353; baseline -0.002 0"><span class='ocrx_word' id='word_1_2' title='bbox 1408 296 1610 353; x_wconf 63' lang='lat' dir='ltr'><strong>BENE</strong></span> <span class='ocrx_word' id='word_1_3' title='bbox 1650 296 2097 353; x_wconf 76' lang='lat' dir='ltr'><strong>VENEBABILIS</strong></span> <span class='ocrx_word' id='word_1_4' title='bbox 2136 296 2287 352; x_wconf 84' lang='grc' dir='ltr'><strong>ΟΡΡ.</strong></span> <span class='ocrx_word' id='word_1_5' title='bbox 2327 295 2523 351; x_wconf 74' lang='lat' dir='ltr'><strong>PARS.</strong></span> <span class='ocrx_word' id='word_1_6' title='bbox 2570 294 2656 349; x_wconf 88' lang='lat' dir='ltr'><strong>IV.</strong></span> <span class='ocrx_word' id='word_1_7' title='bbox 2698 323 2767 336; x_wconf 94' lang='lat'>—</span> <span class='ocrx_word' id='word_1_8' title='bbox 2808 292 3190 351; x_wconf 78' lang='lat' dir='ltr'><strong>lllSTOBICA.</strong></span> 
     </span>
    </p>
   </div>
   <div class='ocr_carea' id='block_1_3' title="bbox 3806 289 3918 345">
    <p class='ocr_par' dir='ltr' id='par_1_3' title="bbox 3806 289 3918 345">
     <span class='ocr_line' id='line_1_3' title="bbox 3806 289 3918 345; baseline 0.018 -2"><span class='ocrx_word' id='word_1_9' title='bbox 3806 289 3918 345; x_wconf 76' lang='lat'><strong>988</strong></span> 
     </span>
    </p>
   </div>
   <div class='ocr_carea' id='block_1_4' title="bbox 1901 409 2624 467">
    <p class='ocr_par' dir='ltr' id='par_1_4' title="bbox 1901 409 2624 467">
     <span class='ocr_line' id='line_1_4' title="bbox 1901 409 2624 467; baseline -0.004 -2"><span class='ocrx_word' id='word_1_10' title='bbox 1901 409 2125 465; x_wconf 83' lang='lat' dir='ltr'><strong>EDITIO</strong></span> <span class='ocrx_word' id='word_1_11' title='bbox 2160 409 2624 467; x_wconf 81' lang='lat' dir='ltr'><strong>COLONIENSIS.</strong></span> 
     </span>
    </p>
   </div>
   <div class='ocr_carea' id='block_1_5' title="bbox 666 495 3911 569">
    <p class='ocr_par' dir='ltr' id='par_1_5' title="bbox 666 495 3911 569">
     <span class='ocr_line' id='line_1_5' title="bbox 666 495 3911 569; baseline -0.003 -12"><span class='ocrx_word' id='word_1_12' title='bbox 666 504 822 563; x_wconf 71' lang='lat' dir='ltr'><strong>cinae.</strong></span> <span class='ocrx_word' id='word_1_13' title='bbox 859 501 1121 564; x_wconf 89' lang='lat' dir='ltr'><strong>tradente,</strong></span> <span class='ocrx_word' id='word_1_14' title='bbox 1145 500 1230 569; x_wconf 99' lang='lat' dir='ltr'><strong>qui</strong></span> <span class='ocrx_word' id='word_1_15' title='bbox 1255 500 1445 553; x_wconf 87' lang='lat' dir='ltr'><strong>missus</strong></span> <span class='ocrx_word' id='word_1_16' title='bbox 1468 500 1518 553; x_wconf 93' lang='lat' dir='ltr'><strong>in</strong></span> <span class='ocrx_word' id='word_1_17' title='bbox 1551 500 1723 569; x_wconf 89' lang='lat' dir='ltr'><strong>ignem</strong></span> <span class='ocrx_word' id='word_1_18' title='bbox 1752 500 1897 554; x_wconf 91' lang='lat' dir='ltr'><strong>nullo</strong></span> <span class='ocrx_word' id='word_1_19' title='bbox 1922 502 2081 555; x_wconf 90' lang='lat' dir='ltr'><strong>modo</strong></span> <span class='ocrx_word' id='word_1_20' title='bbox 2108 501 2225 556; x_wconf 67' lang='lat' dir='ltr'><strong>laedi</strong></span> <span class='ocrx_word' id='word_1_21' title='bbox 2255 506 2306 563; x_wconf 72' lang='grc' dir='ltr'>Α</span> <span class='ocrx_word' id='word_1_22' title='bbox 2337 510 2442 554; x_wconf 76' lang='lat' dir='ltr'><strong>tem</strong></span> <span class='ocrx_word' id='word_1_23' title='bbox 2492 501 2667 553; x_wconf 84' lang='lat' dir='ltr'><strong>natale</strong></span> <span class='ocrx_word' id='word_1_24' title='bbox 2694 501 2861 554; x_wconf 90' lang='lat' dir='ltr'><strong>sancti</strong></span> <span class='ocrx_word' id='word_1_25' title='bbox 2889 498 3155 553; x_wconf 78' lang='lat' dir='ltr'><strong>Uermolai</strong></span> <span class='ocrx_word' id='word_1_26' title='bbox 3184 495 3504 567; x_wconf 67' lang='lat' dir='ltr'><strong>presbyteri,</strong></span> <span class='ocrx_word' id='word_1_27' title='bbox 3532 496 3687 563; x_wconf 84' lang='lat' dir='ltr'><strong>cujus</strong></span> <span class='ocrx_word' id='word_1_28' title='bbox 3708 497 3911 551; x_wconf 65' lang='lat' dir='ltr'><strong>doctri-</strong></span> 
     </span>
    </p>
   </div>
   <div class='ocr_carea' id='block_1_6' title="bbox 667 590 2219 662">
    <p class='ocr_par' dir='ltr' id='par_1_6' title="bbox 667 590 2219 662">
     <span class='ocr_line' id='line_1_6' title="bbox 667 590 2219 662; baseline -0.001 -15"><span class='ocrx_word' id='word_1_29' title='bbox 667 593 855 662; x_wconf 91' lang='lat' dir='ltr'><strong>potuit.</strong></span> <span class='ocrx_word' id='word_1_30' title='bbox 893 591 1018 644; x_wconf 87' lang='lat' dir='ltr'><strong>Inde</strong></span> <span class='ocrx_word' id='word_1_31' title='bbox 1052 590 1403 659; x_wconf 64' lang='lat' dir='ltr'><strong>praecipitatus</strong></span> <span class='ocrx_word' id='word_1_32' title='bbox 1426 591 1477 643; x_wconf 90' lang='lat' dir='ltr'><strong>in</strong></span> <span class='ocrx_word' id='word_1_33' title='bbox 1504 590 1892 645; x_wconf 83' lang='lat' dir='ltr'><strong>validissimum</strong></span> <span class='ocrx_word' id='word_1_34' title='bbox 1910 602 2219 657; x_wconf 90' lang='lat' dir='ltr'><strong>torrentem,</strong></span> 
     </span>
    </p>
   </div>
   <div class='ocr_carea' id='block_1_7' title="bbox 666 678 2228 747">
    <p class='ocr_par' dir='ltr' id='par_1_7' title="bbox 666 678 2228 747">
     <span class='ocr_line' id='line_1_7' title="bbox 666 678 2228 747; baseline -0.001 -11"><span class='ocrx_word' id='word_1_35' title='bbox 666 682 946 736; x_wconf 87' lang='lat' dir='ltr'><strong>incolumis</strong></span> <span class='ocrx_word' id='word_1_36' title='bbox 975 679 1175 747; x_wconf 87' lang='lat' dir='ltr'><strong>ejectus</strong></span> <span class='ocrx_word' id='word_1_37' title='bbox 1202 688 1283 732; x_wconf 86' lang='lat' dir='ltr'><strong>est</strong></span> <span class='ocrx_word' id='word_1_38' title='bbox 1308 680 1373 732; x_wconf 89' lang='lat' dir='ltr'><strong>ad</strong></span> <span class='ocrx_word' id='word_1_39' title='bbox 1403 680 1567 732; x_wconf 84' lang='lat' dir='ltr'><strong>littus.</strong></span> <span class='ocrx_word' id='word_1_40' title='bbox 1602 678 1919 735; x_wconf 85' lang='lat' dir='ltr'><strong>Nuntiantur</strong></span> <span class='ocrx_word' id='word_1_41' title='bbox 1958 682 2069 734; x_wconf 67' lang='lat' dir='ltr'><strong>haec</strong></span> <span class='ocrx_word' id='word_1_42' title='bbox 2100 697 2228 735; x_wconf 86' lang='lat' dir='ltr'><strong>con-</strong></span> 
     </span>
    </p>
   </div>
   <div class='ocr_carea' id='block_1_8' title="bbox 668 768 2227 837">
    <p class='ocr_par' dir='ltr' id='par_1_8' title="bbox 668 768 2227 837">
     <span class='ocr_line' id='line_1_8' title="bbox 668 768 2227 837; baseline 0.001 -14"><span class='ocrx_word' id='word_1_43' title='bbox 668 772 827 824; x_wconf 91' lang='lat' dir='ltr'><strong>sulari</strong></span> <span class='ocrx_word' id='word_1_44' title='bbox 858 770 1101 835; x_wconf 82' lang='lat' dir='ltr'><strong>Leontio,</strong></span> <span class='ocrx_word' id='word_1_45' title='bbox 1154 771 1239 837; x_wconf 87' lang='lat' dir='ltr'><strong>qui</strong></span> <span class='ocrx_word' id='word_1_46' title='bbox 1289 768 1430 822; x_wconf 91' lang='lat' dir='ltr'><strong>tnisit</strong></span> <span class='ocrx_word' id='word_1_47' title='bbox 1474 769 1849 837; x_wconf 81' lang='lat' dir='ltr'><strong>spiculatorein</strong></span> <span class='ocrx_word' id='word_1_48' title='bbox 1880 787 2000 825; x_wconf 90' lang='lat' dir='ltr'><strong>cum</strong></span> <span class='ocrx_word' id='word_1_49' title='bbox 2049 772 2227 825; x_wconf 90' lang='lat' dir='ltr'><strong>militi-</strong></span> 
     </span>
    </p>
   </div>
   <div class='ocr_carea' id='block_1_9' title="bbox 664 859 2227 929">
    <p class='ocr_par' dir='ltr' id='par_1_9' title="bbox 664 859 2227 929">
     <span class='ocr_line' id='line_1_9' title="bbox 664 859 2227 929; baseline 0.001 -17"><span class='ocrx_word' id='word_1_50' title='bbox 664 861 783 921; x_wconf 90' lang='lat' dir='ltr'><strong>bus,</strong></span> <span class='ocrx_word' id='word_1_51' title='bbox 812 869 865 912; x_wconf 92' lang='lat' dir='ltr'><strong>ut</strong></span> <span class='ocrx_word' id='word_1_52' title='bbox 894 875 1015 911; x_wconf 90' lang='lat' dir='ltr'><strong>eum</strong></span> <span class='ocrx_word' id='word_1_53' title='bbox 1067 859 1512 927; x_wconf 87' lang='lat' dir='ltr'><strong>comprehensum</strong></span> <span class='ocrx_word' id='word_1_54' title='bbox 1552 860 1727 927; x_wconf 87' lang='lat' dir='ltr'><strong>gladio</strong></span> <span class='ocrx_word' id='word_1_55' title='bbox 1774 860 2011 915; x_wconf 90' lang='lat' dir='ltr'><strong>ferirent.</strong></span> <span class='ocrx_word' id='word_1_56' title='bbox 2066 861 2227 929; x_wconf 80' lang='lat' dir='ltr'><strong>Cujus</strong></span> 
     </span>
    </p>
   </div>
   <div class='ocr_carea' id='block_1_10' title="bbox 661 951 2223 1020">
    <p class='ocr_par' dir='ltr' id='par_1_10' title="bbox 661 951 2223 1020">
     <span class='ocr_line' id='line_1_10' title="bbox 661 951 2223 1020; baseline 0.003 -18"><span class='ocrx_word' id='word_1_57' title='bbox 661 965 855 1019; x_wconf 87' lang='lat' dir='ltr'><strong>corpus</strong></span> <span class='ocrx_word' id='word_1_58' title='bbox 878 951 1014 1005; x_wconf 92' lang='lat' dir='ltr'><strong>Julia</strong></span> <span class='ocrx_word' id='word_1_59' title='bbox 1041 966 1160 1003; x_wconf 89' lang='lat' dir='ltr'><strong>cum</strong></span> <span class='ocrx_word' id='word_1_60' title='bbox 1188 951 1361 1005; x_wconf 79' lang='lat' dir='ltr'><strong>servis</strong></span> <span class='ocrx_word' id='word_1_61' title='bbox 1407 951 1517 1004; x_wconf 86' lang='lat' dir='ltr'><strong>suis</strong></span> <span class='ocrx_word' id='word_1_62' title='bbox 1546 960 1702 1005; x_wconf 90' lang='lat' dir='ltr'><strong>nocte</strong></span> <span class='ocrx_word' id='word_1_63' title='bbox 1746 952 1977 1020; x_wconf 75' lang='lat' dir='ltr'><strong>collegit,</strong></span> <span class='ocrx_word' id='word_1_64' title='bbox 2024 961 2077 1006; x_wconf 92' lang='lat' dir='ltr'><strong>et</strong></span> <span class='ocrx_word' id='word_1_65' title='bbox 2105 968 2223 1006; x_wconf 90' lang='lat' dir='ltr'><strong>cum</strong></span> 
     </span>
    </p>
   </div>
   <div class='ocr_carea' id='block_1_11' title="bbox 662 1041 2226 1111">
    <p class='ocr_par' dir='ltr' id='par_1_11' title="bbox 662 1041 2226 1111">
     <span class='ocr_line' id='line_1_11' title="bbox 662 1041 2226 1111; baseline 0.003 -18"><span class='ocrx_word' id='word_1_66' title='bbox 662 1043 866 1096; x_wconf 89' lang='lat' dir='ltr'><strong>li0tiore</strong></span> <span class='ocrx_word' id='word_1_67' title='bbox 918 1041 1161 1109; x_wconf 86' lang='lat' dir='ltr'><strong>sepelivit</strong></span> <span class='ocrx_word' id='word_1_68' title='bbox 1203 1044 1253 1095; x_wconf 91' lang='lat' dir='ltr'><strong>in</strong></span> <span class='ocrx_word' id='word_1_69' title='bbox 1299 1043 1495 1110; x_wconf 72' lang='lat' dir='ltr'><strong>prmdio</strong></span> <span class='ocrx_word' id='word_1_70' title='bbox 1524 1058 1640 1105; x_wconf 91' lang='lat' dir='ltr'><strong>suo,</strong></span> <span class='ocrx_word' id='word_1_71' title='bbox 1683 1042 1830 1111; x_wconf 81' lang='lat' dir='ltr'><strong>juxta</strong></span> <span class='ocrx_word' id='word_1_72' title='bbox 1878 1044 2060 1097; x_wconf 81' lang='lat' dir='ltr'><strong>urbem</strong></span> <span class='ocrx_word' id='word_1_73' title='bbox 2119 1043 2226 1098; x_wconf 70' lang='lat' dir='ltr'><strong>lio-</strong></span> 
     </span>
    </p>
   </div>
   <div class='ocr_carea' id='block_1_12' title="bbox 597 1134 2056 1204">
    <p class='ocr_par' dir='ltr' id='par_1_12' title="bbox 597 1134 2056 1204">
     <span class='ocr_line' id='line_1_12' title="bbox 597 1134 2056 1204; baseline 0.003 -17"><span class='ocrx_word' id='word_1_74' title='bbox 597 1145 629 1199; x_wconf 58' lang='grc' dir='ltr'><strong>ί·</strong></span> <span class='ocrx_word' id='word_1_75' title='bbox 660 1148 823 1189; x_wconf 88' lang='lat' dir='ltr'><strong>niam.</strong></span> <span class='ocrx_word' id='word_1_76' title='bbox 854 1134 908 1188; x_wconf 91' lang='lat' dir='ltr'><strong>In</strong></span> <span class='ocrx_word' id='word_1_77' title='bbox 937 1135 1159 1204; x_wconf 83' lang='lat' dir='ltr'><strong>Phrygia</strong></span> <span class='ocrx_word' id='word_1_78' title='bbox 1182 1144 1484 1189; x_wconf 85' lang='lat' dir='ltr'><strong>sanctorum</strong></span> <span class='ocrx_word' id='word_1_79' title='bbox 1511 1136 1714 1191; x_wconf 80' lang='lat' dir='ltr'><strong>Joviani</strong></span> <span class='ocrx_word' id='word_1_80' title='bbox 1746 1148 1799 1191; x_wconf 87' lang='lat' dir='ltr'><strong>et</strong></span> <span class='ocrx_word' id='word_1_81' title='bbox 1837 1137 2056 1192; x_wconf 90' lang='lat' dir='ltr'><strong>Juliani.</strong></span> 
     </span>
    </p>
   </div>
   <div class='ocr_carea' id='block_1_13' title="bbox 731 1223 2222 1295">
    <p class='ocr_par' dir='ltr' id='par_1_13' title="bbox 731 1223 2222 1295">
     <span class='ocr_line' id='line_1_13' title="bbox 731 1223 2222 1295; baseline 0.001 -16"><span class='ocrx_word' id='word_1_82' title='bbox 731 1224 792 1279; x_wconf 87' lang='lat' dir='ltr'><strong>E.</strong></span> <span class='ocrx_word' id='word_1_83' title='bbox 827 1223 888 1278; x_wconf 91' lang='lat' dir='ltr'><strong>Vl</strong></span> <span class='ocrx_word' id='word_1_84' title='bbox 917 1223 1157 1279; x_wconf 71' lang='lat' dir='ltr'><strong>Ktha&#39;o.</strong></span> <span class='ocrx_word' id='word_1_85' title='bbox 1192 1228 1423 1281; x_wconf 77' lang='lat' dir='ltr'><strong>Aucusr.</strong></span> <span class='ocrx_word' id='word_1_86' title='bbox 1455 1227 1607 1295; x_wconf 82' lang='lat' dir='ltr'><strong>Apud</strong></span> <span class='ocrx_word' id='word_1_87' title='bbox 1637 1227 1994 1282; x_wconf 79' lang='lat' dir='ltr'><strong>Nicomediam</strong></span> <span class='ocrx_word' id='word_1_88' title='bbox 2031 1226 2222 1281; x_wconf 85' lang='lat' dir='ltr'><strong>civita-</strong></span> 
     </span>
    </p>
   </div>
   <div class='ocr_carea' id='block_1_14' title="bbox 2334 585 3907 651">
    <p class='ocr_par' dir='ltr' id='par_1_14' title="bbox 2334 585 3907 651">
     <span class='ocr_line' id='line_1_14' title="bbox 2334 585 3907 651; baseline -0.003 -8"><span class='ocrx_word' id='word_1_89' title='bbox 2334 603 2399 643; x_wconf 87' lang='lat' dir='ltr'><strong>na</strong></span> <span class='ocrx_word' id='word_1_90' title='bbox 2450 588 2631 642; x_wconf 88' lang='lat' dir='ltr'><strong>beatus</strong></span> <span class='ocrx_word' id='word_1_91' title='bbox 2682 588 2967 642; x_wconf 86' lang='lat' dir='ltr'><strong>Pantaleon</strong></span> <span class='ocrx_word' id='word_1_92' title='bbox 3015 587 3080 639; x_wconf 89' lang='lat' dir='ltr'><strong>ad</strong></span> <span class='ocrx_word' id='word_1_93' title='bbox 3110 586 3265 640; x_wconf 82' lang='lat' dir='ltr'><strong>tidem</strong></span> <span class='ocrx_word' id='word_1_94' title='bbox 3314 598 3609 639; x_wconf 86' lang='lat' dir='ltr'><strong>conversus</strong></span> <span class='ocrx_word' id='word_1_95' title='bbox 3654 593 3757 638; x_wconf 88' lang='lat' dir='ltr'><strong>est.</strong></span> <span class='ocrx_word' id='word_1_96' title='bbox 3806 585 3907 651; x_wconf 92' lang='lat' dir='ltr'><strong>Qui</strong></span> 
     </span>
    </p>
   </div>
   <div class='ocr_carea' id='block_1_15' title="bbox 2333 676 3908 745">
    <p class='ocr_par' dir='ltr' id='par_1_15' title="bbox 2333 676 3908 745">
     <span class='ocr_line' id='line_1_15' title="bbox 2333 676 3908 745; baseline -0.006 -12"><span class='ocrx_word' id='word_1_97' title='bbox 2333 691 2508 734; x_wconf 88' lang='lat' dir='ltr'><strong>tentus</strong></span> <span class='ocrx_word' id='word_1_98' title='bbox 2537 696 2564 733; x_wconf 90' lang='lat' dir='ltr'><strong>a</strong></span> <span class='ocrx_word' id='word_1_99' title='bbox 2598 680 2913 734; x_wconf 83' lang='lat' dir='ltr'><strong>Maximiano</strong></span> <span class='ocrx_word' id='word_1_100' title='bbox 2943 694 3061 733; x_wconf 89' lang='lat' dir='ltr'><strong>cum</strong></span> <span class='ocrx_word' id='word_1_101' title='bbox 3094 679 3298 732; x_wconf 88' lang='lat' dir='ltr'><strong>duobus</strong></span> <span class='ocrx_word' id='word_1_102' title='bbox 3330 676 3598 745; x_wconf 85' lang='lat' dir='ltr'><strong>germanis</strong></span> <span class='ocrx_word' id='word_1_103' title='bbox 3632 678 3743 730; x_wconf 84' lang='lat' dir='ltr'><strong>suis</strong></span> <span class='ocrx_word' id='word_1_104' title='bbox 3770 677 3908 729; x_wconf 80' lang='lat' dir='ltr'><strong>ller-</strong></span> 
     </span>
    </p>
   </div>
   <div class='ocr_carea' id='block_1_16' title="bbox 2332 764 3907 843">
    <p class='ocr_par' dir='ltr' id='par_1_16' title="bbox 2332 764 3907 843">
     <span class='ocr_line' id='line_1_16' title="bbox 2332 764 3907 843; baseline -0.003 -17"><span class='ocrx_word' id='word_1_105' title='bbox 2332 774 2508 843; x_wconf 88' lang='lat' dir='ltr'><strong>mippo</strong></span> <span class='ocrx_word' id='word_1_106' title='bbox 2558 780 2612 825; x_wconf 90' lang='lat' dir='ltr'><strong>et</strong></span> <span class='ocrx_word' id='word_1_107' title='bbox 2642 770 3008 834; x_wconf 86' lang='lat' dir='ltr'><strong>Hermocrate,</strong></span> <span class='ocrx_word' id='word_1_108' title='bbox 3041 768 3253 837; x_wconf 85' lang='lat' dir='ltr'><strong>capitali</strong></span> <span class='ocrx_word' id='word_1_109' title='bbox 3292 768 3557 821; x_wconf 88' lang='lat' dir='ltr'><strong>sententia</strong></span> <span class='ocrx_word' id='word_1_110' title='bbox 3586 764 3907 839; x_wconf 68' lang='lat' dir='ltr'><strong>obgconles-</strong></span> 
     </span>
    </p>
   </div>
   <div class='ocr_carea' id='block_1_17' title="bbox 2330 857 3907 929">
    <p class='ocr_par' dir='ltr' id='par_1_17' title="bbox 2330 857 3907 929">
     <span class='ocr_line' id='line_1_17' title="bbox 2330 857 3907 929; baseline -0.004 -13"><span class='ocrx_word' id='word_1_111' title='bbox 2330 862 2534 916; x_wconf 80' lang='lat' dir='ltr'><strong>sionem</strong></span> <span class='ocrx_word' id='word_1_112' title='bbox 2563 860 2760 915; x_wconf 83' lang='lat' dir='ltr'><strong>Christi</strong></span> <span class='ocrx_word' id='word_1_113' title='bbox 2791 862 3003 929; x_wconf 88' lang='lat' dir='ltr'><strong>punitus</strong></span> <span class='ocrx_word' id='word_1_114' title='bbox 3031 868 3132 915; x_wconf 86' lang='lat' dir='ltr'><strong>est.</strong></span> <span class='ocrx_word' id='word_1_115' title='bbox 3166 859 3217 912; x_wconf 89' lang='lat' dir='ltr'><strong>In</strong></span> <span class='ocrx_word' id='word_1_116' title='bbox 3248 857 3425 914; x_wconf 81' lang='lat' dir='ltr'><strong>Sicilia</strong></span> <span class='ocrx_word' id='word_1_117' title='bbox 3475 858 3743 912; x_wconf 87' lang='lat' dir='ltr'><strong>Simeouis</strong></span> <span class='ocrx_word' id='word_1_118' title='bbox 3789 874 3907 910; x_wconf 82' lang='lat' dir='ltr'><strong>mo-</strong></span> 
     </span>
    </p>
   </div>
   <div class='ocr_carea' id='block_1_18' title="bbox 2335 948 3903 1015">
    <p class='ocr_par' dir='ltr' id='par_1_18' title="bbox 2335 948 3903 1015">
     <span class='ocr_line' id='line_1_18' title="bbox 2335 948 3903 1015; baseline -0.004 -8"><span class='ocrx_word' id='word_1_119' title='bbox 2335 954 2509 1007; x_wconf 91' lang='lat' dir='ltr'><strong>nachi.</strong></span> <span class='ocrx_word' id='word_1_120' title='bbox 2540 952 2596 1005; x_wconf 86' lang='lat' dir='ltr'><strong>In</strong></span> <span class='ocrx_word' id='word_1_121' title='bbox 2626 950 2837 1005; x_wconf 82' lang='lat' dir='ltr'><strong>civitate</strong></span> <span class='ocrx_word' id='word_1_122' title='bbox 2860 950 3079 1015; x_wconf 84' lang='lat' dir='ltr'><strong>Nolana,</strong></span> <span class='ocrx_word' id='word_1_123' title='bbox 3127 949 3333 1013; x_wconf 84' lang='lat' dir='ltr'><strong>Felicis,</strong></span> <span class='ocrx_word' id='word_1_124' title='bbox 3362 949 3512 1004; x_wconf 66' lang='lat' dir='ltr'><strong>Julia</strong></span> <span class='ocrx_word' id='word_1_125' title='bbox 3541 958 3592 1003; x_wconf 88' lang='lat' dir='ltr'><strong>et</strong></span> <span class='ocrx_word' id='word_1_126' title='bbox 3620 948 3903 1004; x_wconf 73' lang='lat' dir='ltr'><strong>Jucuudze.</strong></span> 
     </span>
    </p>
   </div>
   <div class='ocr_carea' id='block_1_19' title="bbox 2334 1042 3599 1110">
    <p class='ocr_par' dir='ltr' id='par_1_19' title="bbox 2334 1042 3599 1110">
     <span class='ocr_line' id='line_1_19' title="bbox 2334 1042 3599 1110; baseline -0.002 -12"><span class='ocrx_word' id='word_1_127' title='bbox 2334 1042 2698 1098; x_wconf 84' lang='lat' dir='ltr'><strong>Autissiodoro</strong></span> <span class='ocrx_word' id='word_1_128' title='bbox 2728 1043 2900 1097; x_wconf 85' lang='lat' dir='ltr'><strong>natale</strong></span> <span class='ocrx_word' id='word_1_129' title='bbox 2927 1044 3094 1097; x_wconf 88' lang='lat' dir='ltr'><strong>sancti</strong></span> <span class='ocrx_word' id='word_1_130' title='bbox 3124 1042 3323 1098; x_wconf 79' lang='lat' dir='ltr'><strong>Etherii</strong></span> <span class='ocrx_word' id='word_1_131' title='bbox 3346 1042 3599 1110; x_wconf 82' lang='lat' dir='ltr'><strong>episcopi.</strong></span> 
     </span>
    </p>
   </div>
   <div class='ocr_carea' id='block_1_20' title="bbox 2403 1132 3899 1201">
    <p class='ocr_par' dir='ltr' id='par_1_20' title="bbox 2403 1132 3899 1201">
     <span class='ocr_line' id='line_1_20' title="bbox 2403 1132 3899 1201; baseline -0.003 -12"><span class='ocrx_word' id='word_1_132' title='bbox 2403 1135 2463 1189; x_wconf 73' lang='grc' dir='ltr'><strong>Ε.</strong></span> <span class='ocrx_word' id='word_1_133' title='bbox 2502 1134 2560 1187; x_wconf 86' lang='lat' dir='ltr'><strong>V.</strong></span> <span class='ocrx_word' id='word_1_134' title='bbox 2593 1134 2829 1187; x_wconf 70' lang='lat' dir='ltr'><strong>KALESD.</strong></span> <span class='ocrx_word' id='word_1_135' title='bbox 2874 1136 3110 1189; x_wconf 74' lang='lat' dir='ltr'><strong>Auctis&#39;r.</strong></span> <span class='ocrx_word' id='word_1_136' title='bbox 3161 1132 3477 1187; x_wconf 65' lang='lat' dir='ltr'><strong>Nicomediae</strong></span> <span class='ocrx_word' id='word_1_137' title='bbox 3518 1133 3693 1201; x_wconf 88' lang='lat' dir='ltr'><strong>passio</strong></span> <span class='ocrx_word' id='word_1_138' title='bbox 3730 1132 3899 1186; x_wconf 87' lang='lat' dir='ltr'><strong>sancti</strong></span> 
     </span>
    </p>
   </div>
   <div class='ocr_carea' id='block_1_21' title="bbox 2336 1224 3904 1294">
    <p class='ocr_par' dir='ltr' id='par_1_21' title="bbox 2336 1224 3904 1294">
     <span class='ocr_line' id='line_1_21' title="bbox 2336 1224 3904 1294; baseline 0 -17"><span class='ocrx_word' id='word_1_139' title='bbox 2336 1224 2666 1278; x_wconf 82' lang='lat' dir='ltr'><strong>Pantaleonis</strong></span> <span class='ocrx_word' id='word_1_140' title='bbox 2708 1226 2972 1294; x_wconf 84' lang='lat' dir='ltr'><strong>martyris,</strong></span> <span class='ocrx_word' id='word_1_141' title='bbox 3017 1225 3274 1294; x_wconf 90' lang='lat' dir='ltr'><strong>quicum,</strong></span> <span class='ocrx_word' id='word_1_142' title='bbox 3318 1224 3533 1293; x_wconf 89' lang='lat' dir='ltr'><strong>jubente</strong></span> <span class='ocrx_word' id='word_1_143' title='bbox 3561 1225 3904 1292; x_wconf 66' lang='lat' dir='ltr'><strong>biaximiano,</strong></span> 
     </span>
    </p>
   </div>
   <div class='ocr_carea' id='block_1_22' title="bbox 1889 1315 2655 1371">
    <p class='ocr_par' dir='ltr' id='par_1_22' title="bbox 1889 1315 2655 1371">
     <span class='ocr_line' id='line_1_22' title="bbox 1889 1315 2655 1371; baseline -0.007 0"><span class='ocrx_word' id='word_1_144' title='bbox 1889 1316 2117 1371; x_wconf 82' lang='lat' dir='ltr'><strong>EDITIO</strong></span> <span class='ocrx_word' id='word_1_145' title='bbox 2159 1315 2655 1369; x_wconf 68' lang='lat' dir='ltr'><strong>BOLLANDIANA.</strong></span> 
     </span>
    </p>
   </div>
   <div class='ocr_carea' id='block_1_23' title="bbox 730 1406 2232 1477">
    <p class='ocr_par' dir='ltr' id='par_1_23' title="bbox 730 1406 2232 1477">
     <span class='ocr_line' id='line_1_23' title="bbox 730 1406 2232 1477; baseline -0.001 -16"><span class='ocrx_word' id='word_1_146' title='bbox 730 1406 917 1462; x_wconf 81' lang='lat' dir='ltr'><strong>Florus</strong></span> <span class='ocrx_word' id='word_1_147' title='bbox 958 1406 1009 1461; x_wconf 92' lang='lat' dir='ltr'><strong>in</strong></span> <span class='ocrx_word' id='word_1_148' title='bbox 1048 1410 1114 1463; x_wconf 83' lang='lat' dir='ltr'><strong>A.</strong></span> <span class='ocrx_word' id='word_1_149' title='bbox 1155 1408 1217 1461; x_wconf 84' lang='grc' dir='ltr'><strong>Τ.</strong></span> <span class='ocrx_word' id='word_1_150' title='bbox 1262 1407 1348 1475; x_wconf 88' lang='lat' dir='ltr'><strong>L.,</strong></span> <span class='ocrx_word' id='word_1_151' title='bbox 1387 1408 1442 1461; x_wconf 83' lang='lat' dir='ltr'><strong>in</strong></span> <span class='ocrx_word' id='word_1_152' title='bbox 1483 1407 1727 1464; x_wconf 82' lang='lat' dir='ltr'><strong>Laodicia</strong></span> <span class='ocrx_word' id='word_1_153' title='bbox 1772 1409 2012 1477; x_wconf 72' lang='lat' dir='ltr'><strong>Phrygia:</strong></span> <span class='ocrx_word' id='word_1_154' title='bbox 2058 1408 2232 1461; x_wconf 84' lang='lat' dir='ltr'><strong>natale</strong></span> 
     </span>
    </p>
   </div>
   <div class='ocr_carea' id='block_1_24' title="bbox 658 1495 2233 1563">
    <p class='ocr_par' dir='ltr' id='par_1_24' title="bbox 658 1495 2233 1563">
     <span class='ocr_line' id='line_1_24' title="bbox 658 1495 2233 1563; baseline 0.001 -13"><span class='ocrx_word' id='word_1_155' title='bbox 658 1495 717 1551; x_wconf 90' lang='lat' dir='ltr'><strong>S.</strong></span> <span class='ocrx_word' id='word_1_156' title='bbox 740 1495 1026 1563; x_wconf 89' lang='lat' dir='ltr'><strong>Saturnini,</strong></span> <span class='ocrx_word' id='word_1_157' title='bbox 1058 1505 1112 1550; x_wconf 90' lang='lat' dir='ltr'><strong>et</strong></span> <span class='ocrx_word' id='word_1_158' title='bbox 1132 1496 1188 1551; x_wconf 91' lang='lat' dir='ltr'><strong>S.</strong></span> <span class='ocrx_word' id='word_1_159' title='bbox 1219 1495 1411 1549; x_wconf 87' lang='lat' dir='ltr'><strong>Juliani</strong></span> <span class='ocrx_word' id='word_1_160' title='bbox 1442 1506 1495 1550; x_wconf 91' lang='lat' dir='ltr'><strong>et</strong></span> <span class='ocrx_word' id='word_1_161' title='bbox 1523 1499 1733 1552; x_wconf 81' lang='lat' dir='ltr'><strong>Felicis.</strong></span> <span class='ocrx_word' id='word_1_162' title='bbox 1766 1497 1822 1551; x_wconf 88' lang='lat' dir='ltr'><strong>In</strong></span> <span class='ocrx_word' id='word_1_163' title='bbox 1853 1498 1995 1553; x_wconf 79' lang='lat' dir='ltr'><strong>Italia</strong></span> <span class='ocrx_word' id='word_1_164' title='bbox 2019 1497 2233 1551; x_wconf 79' lang='lat' dir='ltr'><strong>civitate</strong></span> 
     </span>
    </p>
   </div>
   <div class='ocr_carea' id='block_1_25' title="bbox 660 1585 2233 1655">
    <p class='ocr_par' dir='ltr' id='par_1_25' title="bbox 660 1585 2233 1655">
     <span class='ocr_line' id='line_1_25' title="bbox 660 1585 2233 1655; baseline -0.002 -14"><span class='ocrx_word' id='word_1_165' title='bbox 660 1586 844 1641; x_wconf 77' lang='lat' dir='ltr'><strong>Aretio</strong></span> <span class='ocrx_word' id='word_1_166' title='bbox 894 1586 1069 1655; x_wconf 88' lang='lat' dir='ltr'><strong>passio</strong></span> <span class='ocrx_word' id='word_1_167' title='bbox 1110 1585 1207 1642; x_wconf 88' lang='lat' dir='ltr'><strong>SS.</strong></span> <span class='ocrx_word' id='word_1_168' title='bbox 1254 1594 1279 1623; x_wconf 68' lang='grc' dir='ltr'><strong>κ</strong></span> <span class='ocrx_word' id='word_1_169' title='bbox 1321 1586 1509 1639; x_wconf 85' lang='lat' dir='ltr'><strong>Donati</strong></span> <span class='ocrx_word' id='word_1_170' title='bbox 1538 1587 1768 1653; x_wconf 77' lang='lat' dir='ltr'><strong>episcopi</strong></span> <span class='ocrx_word' id='word_1_171' title='bbox 1809 1596 1863 1641; x_wconf 90' lang='lat' dir='ltr'><strong>et</strong></span> <span class='ocrx_word' id='word_1_172' title='bbox 1892 1586 2087 1641; x_wconf 81' lang='lat' dir='ltr'><strong>Elarini</strong></span> <span class='ocrx_word' id='word_1_173' title='bbox 2119 1600 2233 1639; x_wconf 90' lang='lat' dir='ltr'><strong>mo-</strong></span> 
     </span>
    </p>
   </div>
   <div class='ocr_carea' id='block_1_26' title="bbox 658 1674 2233 1744">
    <p class='ocr_par' dir='ltr' id='par_1_26' title="bbox 658 1674 2233 1744">
     <span class='ocr_line' id='line_1_26' title="bbox 658 1674 2233 1744; baseline -0.002 -15"><span class='ocrx_word' id='word_1_174' title='bbox 658 1676 815 1729; x_wconf 86' lang='lat' dir='ltr'><strong>nachi</strong></span> <span class='ocrx_word' id='word_1_175' title='bbox 848 1675 976 1744; x_wconf 90' lang='lat' dir='ltr'><strong>:qui</strong></span> <span class='ocrx_word' id='word_1_176' title='bbox 1010 1684 1247 1742; x_wconf 86' lang='lat' dir='ltr'><strong>tempore</strong></span> <span class='ocrx_word' id='word_1_177' title='bbox 1291 1674 1484 1729; x_wconf 89' lang='lat' dir='ltr'><strong>Juliani</strong></span> <span class='ocrx_word' id='word_1_178' title='bbox 1534 1675 1866 1744; x_wconf 80' lang='lat' dir='ltr'><strong>imperatoris</strong></span> <span class='ocrx_word' id='word_1_179' title='bbox 1905 1677 2091 1743; x_wconf 77' lang='lat' dir='ltr'><strong>capitis</strong></span> <span class='ocrx_word' id='word_1_180' title='bbox 2120 1688 2233 1726; x_wconf 89' lang='lat' dir='ltr'><strong>am-</strong></span> 
     </span>
    </p>
   </div>
   <div class='ocr_carea' id='block_1_27' title="bbox 658 1764 2232 1834">
    <p class='ocr_par' dir='ltr' id='par_1_27' title="bbox 658 1764 2232 1834">
     <span class='ocr_line' id='line_1_27' title="bbox 658 1764 2232 1834; baseline 0.001 -19"><span class='ocrx_word' id='word_1_181' title='bbox 658 1764 930 1832; x_wconf 80' lang='lat' dir='ltr'><strong>putatione</strong></span> <span class='ocrx_word' id='word_1_182' title='bbox 971 1764 1281 1834; x_wconf 84' lang='lat' dir='ltr'><strong>martyrium</strong></span> <span class='ocrx_word' id='word_1_183' title='bbox 1312 1772 1833 1830; x_wconf 83' lang='lat' dir='ltr'><strong>consummaverunt,</strong></span> <span class='ocrx_word' id='word_1_184' title='bbox 1864 1765 1961 1818; x_wconf 87' lang='lat' dir='ltr'><strong>sub</strong></span> <span class='ocrx_word' id='word_1_185' title='bbox 1998 1764 2232 1830; x_wconf 82' lang='lat' dir='ltr'><strong>Quadra-</strong></span> 
     </span>
    </p>
   </div>
   <div class='ocr_carea' id='block_1_28' title="bbox 659 1854 2028 1928">
    <p class='ocr_par' dir='ltr' id='par_1_28' title="bbox 659 1854 2028 1928">
     <span class='ocr_line' id='line_1_28' title="bbox 659 1854 2028 1928; baseline 0.001 -19"><span class='ocrx_word' id='word_1_186' title='bbox 659 1856 805 1909; x_wconf 87' lang='lat' dir='ltr'><strong>tiano</strong></span> <span class='ocrx_word' id='word_1_187' title='bbox 833 1854 943 1928; x_wconf 84' lang='grc' dir='ltr'><strong>[Α.,</strong></span> <span class='ocrx_word' id='word_1_188' title='bbox 976 1855 1238 1920; x_wconf 74' lang='lat' dir='ltr'><strong>Adriano;</strong></span> <span class='ocrx_word' id='word_1_189' title='bbox 1273 1854 1357 1919; x_wconf 88' lang='lat' dir='ltr'><strong>L.,</strong></span> <span class='ocrx_word' id='word_1_190' title='bbox 1386 1854 1730 1926; x_wconf 81' lang='lat' dir='ltr'><strong>Quadritone]</strong></span> <span class='ocrx_word' id='word_1_191' title='bbox 1759 1856 2028 1924; x_wconf 67' lang='lat' dir='ltr'><strong>prii-fectu.</strong></span> 
     </span>
    </p>
   </div>
   <div class='ocr_carea' id='block_1_29' title="bbox 728 1966 2233 2037">
    <p class='ocr_par' dir='ltr' id='par_1_29' title="bbox 728 1966 2233 2037">
     <span class='ocr_line' id='line_1_29' title="bbox 728 1966 2233 2037; baseline 0.001 -16"><span class='ocrx_word' id='word_1_192' title='bbox 728 1967 815 2031; x_wconf 82' lang='lat'><strong>1).,</strong></span> <span class='ocrx_word' id='word_1_193' title='bbox 858 1968 1038 2021; x_wconf 67' lang='lat' dir='ltr'><strong>Roma:</strong></span> <span class='ocrx_word' id='word_1_194' title='bbox 1082 1967 1134 2021; x_wconf 92' lang='lat' dir='ltr'><strong>in</strong></span> <span class='ocrx_word' id='word_1_195' title='bbox 1175 1976 1326 2033; x_wconf 84' lang='lat' dir='ltr'><strong>portu</strong></span> <span class='ocrx_word' id='word_1_196' title='bbox 1368 1968 1424 2021; x_wconf 93' lang='lat' dir='ltr'><strong>S.</strong></span> <span class='ocrx_word' id='word_1_197' title='bbox 1457 1967 1484 2005; x_wconf 67' lang='grc' dir='ltr'>δ</span> <span class='ocrx_word' id='word_1_198' title='bbox 1518 1966 1793 2037; x_wconf 84' lang='lat' dir='ltr'><strong>Iliacynthi</strong></span> <span class='ocrx_word' id='word_1_199' title='bbox 1833 1968 2101 2036; x_wconf 84' lang='lat' dir='ltr'><strong>martyris,</strong></span> <span class='ocrx_word' id='word_1_200' title='bbox 2142 1968 2233 2035; x_wconf 83' lang='lat' dir='ltr'><strong>qui</strong></span> 
     </span>
    </p>
   </div>
   <div class='ocr_carea' id='block_1_30' title="bbox 656 2037 2230 2106">
    <p class='ocr_par' dir='ltr' id='par_1_30' title="bbox 656 2037 2230 2106">
     <span class='ocr_line' id='line_1_30' title="bbox 656 2037 2230 2106; baseline 0.002 -19"><span class='ocrx_word' id='word_1_201' title='bbox 656 2052 844 2106; x_wconf 82' lang='lat' dir='ltr'><strong>passus</strong></span> <span class='ocrx_word' id='word_1_202' title='bbox 869 2048 949 2091; x_wconf 90' lang='lat' dir='ltr'><strong>est</strong></span> <span class='ocrx_word' id='word_1_203' title='bbox 978 2038 1078 2091; x_wconf 87' lang='lat' dir='ltr'><strong>sub</strong></span> <span class='ocrx_word' id='word_1_204' title='bbox 1106 2039 1366 2091; x_wconf 88' lang='lat' dir='ltr'><strong>consulari</strong></span> <span class='ocrx_word' id='word_1_205' title='bbox 1398 2037 1635 2102; x_wconf 85' lang='lat' dir='ltr'><strong>Leontio,</strong></span> <span class='ocrx_word' id='word_1_206' title='bbox 1672 2038 1902 2092; x_wconf 75' lang='lat' dir='ltr'><strong>Luxurio</strong></span> <span class='ocrx_word' id='word_1_207' title='bbox 1942 2038 2112 2103; x_wconf 89' lang='lat' dir='ltr'><strong>primo</strong></span> <span class='ocrx_word' id='word_1_208' title='bbox 2154 2041 2230 2090; x_wconf 87' lang='lat' dir='ltr'><strong>ci-</strong></span> 
     </span>
    </p>
   </div>
   <div class='ocr_carea' id='block_1_31' title="bbox 657 2106 2232 2176">
    <p class='ocr_par' dir='ltr' id='par_1_31' title="bbox 657 2106 2232 2176">
     <span class='ocr_line' id='line_1_31' title="bbox 657 2106 2232 2176; baseline 0 -19"><span class='ocrx_word' id='word_1_209' title='bbox 657 2109 837 2161; x_wconf 78' lang='lat' dir='ltr'><strong>vitatis</strong></span> <span class='ocrx_word' id='word_1_210' title='bbox 874 2107 1130 2163; x_wconf 84' lang='lat' dir='ltr'><strong>tradente.</strong></span> <span class='ocrx_word' id='word_1_211' title='bbox 1168 2108 1225 2161; x_wconf 85' lang='grc' dir='ltr'><strong>Β.</strong></span> <span class='ocrx_word' id='word_1_212' title='bbox 1256 2106 1316 2159; x_wconf 89' lang='lat' dir='ltr'><strong>C.</strong></span> <span class='ocrx_word' id='word_1_213' title='bbox 1352 2107 1436 2168; x_wconf 88' lang='lat' dir='ltr'><strong>V.,</strong></span> <span class='ocrx_word' id='word_1_214' title='bbox 1479 2107 1533 2160; x_wconf 90' lang='lat' dir='ltr'><strong>lii</strong></span> <span class='ocrx_word' id='word_1_215' title='bbox 1587 2108 1723 2160; x_wconf 86' lang='lat' dir='ltr'><strong>Laud</strong></span> <span class='ocrx_word' id='word_1_216' title='bbox 1747 2109 1825 2161; x_wconf 85' lang='lat' dir='ltr'><strong>cia</strong></span> <span class='ocrx_word' id='word_1_217' title='bbox 1869 2108 2106 2176; x_wconf 67' lang='lat' dir='ltr'><strong>l&#39;lirygiw</strong></span> <span class='ocrx_word' id='word_1_218' title='bbox 2142 2106 2232 2160; x_wconf 82' lang='lat' dir='ltr'><strong>Jn-</strong></span> 
     </span>
    </p>
   </div>
   <div class='ocr_carea' id='block_1_32' title="bbox 656 2175 2233 2246">
    <p class='ocr_par' dir='ltr' id='par_1_32' title="bbox 656 2175 2233 2246">
     <span class='ocr_line' id='line_1_32' title="bbox 656 2175 2233 2246; baseline -0.004 -15"><span class='ocrx_word' id='word_1_219' title='bbox 656 2176 1062 2246; x_wconf 56' lang='lat' dir='ltr'><strong>ltiillll,dllllﬂﬂl.</strong></span> <span class='ocrx_word' id='word_1_220' title='bbox 1095 2175 1305 2237; x_wconf 78' lang='lat' dir='ltr'><strong>Felicis,</strong></span> <span class='ocrx_word' id='word_1_221' title='bbox 1340 2176 1606 2232; x_wconf 67' lang='lat' dir='ltr'><strong>Marciani.</strong></span> <span class='ocrx_word' id='word_1_222' title='bbox 1633 2189 1685 2231; x_wconf 87' lang='lat' dir='ltr'><strong>ct</strong></span> <span class='ocrx_word' id='word_1_223' title='bbox 1709 2189 1729 2215; x_wconf 75' lang='grc' dir='ltr'><strong>ο</strong></span> <span class='ocrx_word' id='word_1_224' title='bbox 1764 2175 1984 2229; x_wconf 77' lang='lat' dir='ltr'><strong>Pastori</strong></span> <span class='ocrx_word' id='word_1_225' title='bbox 2009 2178 2233 2246; x_wconf 80' lang='lat' dir='ltr'><strong>pre-hy-</strong></span> 
     </span>
    </p>
   </div>
   <div class='ocr_carea' id='block_1_33' title="bbox 656 2245 2230 2317">
    <p class='ocr_par' dir='ltr' id='par_1_33' title="bbox 656 2245 2230 2317">
     <span class='ocr_line' id='line_1_33' title="bbox 656 2245 2230 2317; baseline 0.001 -18"><span class='ocrx_word' id='word_1_226' title='bbox 656 2248 753 2299; x_wconf 88' lang='lat' dir='ltr'><strong>teri</strong></span> <span class='ocrx_word' id='word_1_227' title='bbox 802 2245 1026 2317; x_wconf 82' lang='lat' dir='ltr'><strong>[Pastori</strong></span> <span class='ocrx_word' id='word_1_228' title='bbox 1082 2247 1370 2317; x_wconf 83' lang='lat' dir='ltr'><strong>presbyteri</strong></span> <span class='ocrx_word' id='word_1_229' title='bbox 1421 2247 1637 2317; x_wconf 1' lang='lat' dir='ltr'><strong>inpacto</strong></span> <span class='ocrx_word' id='word_1_230' title='bbox 1699 2246 1805 2317; x_wconf 75' lang='lat' dir='ltr'><strong>V.J.</strong></span> <span class='ocrx_word' id='word_1_231' title='bbox 1856 2248 1937 2312; x_wconf 73' lang='grc' dir='ltr'><strong>Β..</strong></span> <span class='ocrx_word' id='word_1_232' title='bbox 1995 2252 2059 2299; x_wconf 72' lang='lat' dir='ltr'><strong>Et</strong></span> <span class='ocrx_word' id='word_1_233' title='bbox 2107 2245 2230 2300; x_wconf 85' lang='lat' dir='ltr'><strong>alibi</strong></span> 
     </span>
    </p>
   </div>
   <div class='ocr_carea' id='block_1_34' title="bbox 652 2315 1578 2379">
    <p class='ocr_par' dir='ltr' id='par_1_34' title="bbox 652 2315 1578 2379">
     <span class='ocr_line' id='line_1_34' title="bbox 652 2315 1578 2379; baseline 0.002 -10"><span class='ocrx_word' id='word_1_234' title='bbox 652 2315 953 2369; x_wconf 75' lang='lat' dir='ltr'><strong>sanctarum</strong></span> <span class='ocrx_word' id='word_1_235' title='bbox 985 2316 1281 2379; x_wconf 75' lang='lat' dir='ltr'><strong>lllarclanat,</strong></span> <span class='ocrx_word' id='word_1_236' title='bbox 1314 2315 1578 2370; x_wconf 62' lang='lat' dir='ltr'><strong>Laudaim.</strong></span> 
     </span>
    </p>
   </div>
   <div class='ocr_carea' id='block_1_35' title="bbox 723 2405 1583 2461">
    <p class='ocr_par' dir='ltr' id='par_1_35' title="bbox 723 2405 1583 2461">
     <span class='ocr_line' id='line_1_35' title="bbox 723 2405 1583 2461; baseline 0 -2"><span class='ocrx_word' id='word_1_237' title='bbox 723 2406 811 2460; x_wconf 74' lang='grc'><strong>27.</strong></span> <span class='ocrx_word' id='word_1_238' title='bbox 849 2436 920 2448; x_wconf 91' lang='grc'><strong><em>-</em></strong></span> <span class='ocrx_word' id='word_1_239' title='bbox 962 2407 1023 2460; x_wconf 91' lang='lat' dir='ltr'><strong>Vl</strong></span> <span class='ocrx_word' id='word_1_240' title='bbox 1052 2406 1187 2461; x_wconf 72' lang='grc' dir='ltr'><strong>ΚΑΙ..</strong></span> <span class='ocrx_word' id='word_1_241' title='bbox 1221 2405 1380 2461; x_wconf 85' lang='lat' dir='ltr'><strong>Vacat</strong></span> <span class='ocrx_word' id='word_1_242' title='bbox 1412 2406 1583 2460; x_wconf 72' lang='lat' dir='ltr'><strong>Batda.</strong></span> 
     </span>
    </p>
   </div>
   <div class='ocr_carea' id='block_1_36' title="bbox 727 2498 2228 2570">
    <p class='ocr_par' dir='ltr' id='par_1_36' title="bbox 727 2498 2228 2570">
     <span class='ocr_line' id='line_1_36' title="bbox 727 2498 2228 2570; baseline 0.003 -18"><span class='ocrx_word' id='word_1_243' title='bbox 727 2499 916 2553; x_wconf 80' lang='lat' dir='ltr'><strong>Florus</strong></span> <span class='ocrx_word' id='word_1_244' title='bbox 963 2499 1012 2553; x_wconf 92' lang='lat' dir='ltr'><strong>in</strong></span> <span class='ocrx_word' id='word_1_245' title='bbox 1044 2498 1109 2557; x_wconf 85' lang='lat' dir='ltr'><strong>A.</strong></span> <span class='ocrx_word' id='word_1_246' title='bbox 1152 2499 1217 2555; x_wconf 83' lang='grc' dir='ltr'><strong>Τ.</strong></span> <span class='ocrx_word' id='word_1_247' title='bbox 1275 2498 1357 2567; x_wconf 82' lang='grc' dir='ltr'><strong>ι..,</strong></span> <span class='ocrx_word' id='word_1_248' title='bbox 1394 2499 1588 2554; x_wconf 85' lang='lat' dir='ltr'><strong>Eodem</strong></span> <span class='ocrx_word' id='word_1_249' title='bbox 1621 2498 1708 2556; x_wconf 88' lang='lat' dir='ltr'><strong>die</strong></span> <span class='ocrx_word' id='word_1_250' title='bbox 1739 2499 1920 2555; x_wconf 69' lang='lat' dir='ltr'><strong>[lenire</strong></span> <span class='ocrx_word' id='word_1_251' title='bbox 1958 2499 2133 2570; x_wconf 84' lang='lat' dir='ltr'><strong>passio</strong></span> <span class='ocrx_word' id='word_1_252' title='bbox 2171 2499 2228 2556; x_wconf 91' lang='lat' dir='ltr'><strong>S.</strong></span> 
     </span>
    </p>
   </div>
   <div class='ocr_carea' id='block_1_37' title="bbox 652 2588 2231 2661">
    <p class='ocr_par' dir='ltr' id='par_1_37' title="bbox 652 2588 2231 2661">
     <span class='ocr_line' id='line_1_37' title="bbox 652 2588 2231 2661; baseline 0.001 -19"><span class='ocrx_word' id='word_1_253' title='bbox 652 2588 677 2625; x_wconf 76' lang='grc'><strong><em>⁸</em></strong></span> <span class='ocrx_word' id='word_1_254' title='bbox 710 2588 1046 2660; x_wconf 84' lang='lat' dir='ltr'><strong>Sympbronii</strong></span> <span class='ocrx_word' id='word_1_255' title='bbox 1088 2606 1257 2645; x_wconf 90' lang='lat' dir='ltr'><strong>:cum</strong></span> <span class='ocrx_word' id='word_1_256' title='bbox 1303 2606 1407 2661; x_wconf 91' lang='lat' dir='ltr'><strong>quo</strong></span> <span class='ocrx_word' id='word_1_257' title='bbox 1453 2592 1724 2661; x_wconf 85' lang='lat' dir='ltr'><strong>Olympius</strong></span> <span class='ocrx_word' id='word_1_258' title='bbox 1775 2606 1893 2645; x_wconf 90' lang='lat' dir='ltr'><strong>eum</strong></span> <span class='ocrx_word' id='word_1_259' title='bbox 1946 2607 2108 2646; x_wconf 75' lang='lat' dir='ltr'><strong>uxore</strong></span> <span class='ocrx_word' id='word_1_260' title='bbox 2138 2608 2231 2646; x_wconf 92' lang='lat' dir='ltr'><strong>sua</strong></span> 
     </span>
    </p>
   </div>
   <div class='ocr_carea' id='block_1_38' title="bbox 652 2681 2233 2755">
    <p class='ocr_par' dir='ltr' id='par_1_38' title="bbox 652 2681 2233 2755">
     <span class='ocr_line' id='line_1_38' title="bbox 652 2681 2233 2755; baseline -0.001 -19"><span class='ocrx_word' id='word_1_261' title='bbox 652 2681 914 2751; x_wconf 78' lang='lat' dir='ltr'><strong>Exuperia</strong></span> <span class='ocrx_word' id='word_1_262' title='bbox 957 2692 1010 2739; x_wconf 91' lang='lat' dir='ltr'><strong>et</strong></span> <span class='ocrx_word' id='word_1_263' title='bbox 1048 2683 1158 2739; x_wconf 85' lang='lat' dir='ltr'><strong>tilio</strong></span> <span class='ocrx_word' id='word_1_264' title='bbox 1204 2684 1493 2750; x_wconf 78' lang='lat' dir='ltr'><strong>Theodoto,</strong></span> <span class='ocrx_word' id='word_1_265' title='bbox 1544 2684 1692 2755; x_wconf 86' lang='lat' dir='ltr'><strong>jussu</strong></span> <span class='ocrx_word' id='word_1_266' title='bbox 1741 2684 2001 2738; x_wconf 84' lang='lat' dir='ltr'><strong>Valeriani</strong></span> <span class='ocrx_word' id='word_1_267' title='bbox 2041 2696 2087 2740; x_wconf 91' lang='lat' dir='ltr'><strong>et</strong></span> <span class='ocrx_word' id='word_1_268' title='bbox 2131 2684 2233 2736; x_wconf 83' lang='lat' dir='ltr'><strong>Ga-</strong></span> 
     </span>
    </p>
   </div>
   <div class='ocr_carea' id='block_1_39' title="bbox 2336 1404 3091 1471">
    <p class='ocr_par' dir='ltr' id='par_1_39' title="bbox 2336 1404 3091 1471">
     <span class='ocr_line' id='line_1_39' title="bbox 2336 1404 3091 1471; baseline -0.003 -12"><span class='ocrx_word' id='word_1_269' title='bbox 2336 1405 2477 1467; x_wconf 89' lang='lat' dir='ltr'><strong>Iieni,</strong></span> <span class='ocrx_word' id='word_1_270' title='bbox 2514 1406 2719 1471; x_wconf 80' lang='lat' dir='ltr'><strong>ignibus</strong></span> <span class='ocrx_word' id='word_1_271' title='bbox 2746 1413 2869 1458; x_wconf 87' lang='lat' dir='ltr'><strong>sunt</strong></span> <span class='ocrx_word' id='word_1_272' title='bbox 2898 1404 3091 1457; x_wconf 77' lang='lat' dir='ltr'><strong>exusti.</strong></span> 
     </span>
    </p>
   </div>
   <div class='ocr_carea' id='block_1_40' title="bbox 2408 1493 3907 1564">
    <p class='ocr_par' dir='ltr' id='par_1_40' title="bbox 2408 1493 3907 1564">
     <span class='ocr_line' id='line_1_40' title="bbox 2408 1493 3907 1564; baseline 0.002 -16"><span class='ocrx_word' id='word_1_273' title='bbox 2408 1496 2473 1564; x_wconf 78' lang='lat' dir='ltr'><strong>B.</strong></span> <span class='ocrx_word' id='word_1_274' title='bbox 2498 1496 2556 1548; x_wconf 78' lang='grc' dir='ltr'><strong>Ο.</strong></span> <span class='ocrx_word' id='word_1_275' title='bbox 2594 1496 2652 1548; x_wconf 90' lang='lat' dir='ltr'><strong>D.</strong></span> <span class='ocrx_word' id='word_1_276' title='bbox 2688 1495 2752 1549; x_wconf 94' lang='lat' dir='ltr'><strong>V.</strong></span> <span class='ocrx_word' id='word_1_277' title='bbox 2784 1496 2847 1549; x_wconf 83' lang='lat' dir='ltr'><strong>A.</strong></span> <span class='ocrx_word' id='word_1_278' title='bbox 2879 1495 2968 1561; x_wconf 85' lang='lat' dir='ltr'><strong>T.,</strong></span> <span class='ocrx_word' id='word_1_279' title='bbox 3000 1495 3053 1547; x_wconf 91' lang='lat' dir='ltr'><strong>In</strong></span> <span class='ocrx_word' id='word_1_280' title='bbox 3087 1503 3110 1531; x_wconf 85' lang='grc'><strong><em>⁸</em></strong></span> <span class='ocrx_word' id='word_1_281' title='bbox 3140 1493 3290 1564; x_wconf 84' lang='lat' dir='ltr'><strong>Syria</strong></span> <span class='ocrx_word' id='word_1_282' title='bbox 3321 1494 3434 1564; x_wconf 87' lang='lat' dir='ltr'><strong>[D.,</strong></span> <span class='ocrx_word' id='word_1_283' title='bbox 3479 1496 3656 1561; x_wconf 80' lang='lat' dir='ltr'><strong>Rigia;</strong></span> <span class='ocrx_word' id='word_1_284' title='bbox 3696 1496 3786 1555; x_wconf 84' lang='grc' dir='ltr'><strong>Β..</strong></span> <span class='ocrx_word' id='word_1_285' title='bbox 3821 1498 3907 1551; x_wconf 83' lang='lat' dir='ltr'><strong>Si-</strong></span> 
     </span>
    </p>
   </div>
   <div class='ocr_carea' id='block_1_41' title="bbox 2335 1563 3905 1637">
    <p class='ocr_par' dir='ltr' id='par_1_41' title="bbox 2335 1563 3905 1637">
     <span class='ocr_line' id='line_1_41' title="bbox 2335 1563 3905 1637; baseline 0.001 -18"><span class='ocrx_word' id='word_1_286' title='bbox 2335 1563 2475 1634; x_wconf 86' lang='lat' dir='ltr'><strong>cilia]</strong></span> <span class='ocrx_word' id='word_1_287' title='bbox 2504 1567 2765 1637; x_wconf 64' lang='lat' dir='ltr'><strong>Simeonis</strong></span> <span class='ocrx_word' id='word_1_288' title='bbox 2790 1566 3062 1637; x_wconf 78' lang='lat' dir='ltr'><strong>monachi.</strong></span> <span class='ocrx_word' id='word_1_289' title='bbox 3082 1567 3160 1637; x_wconf 72' lang='lat' dir='ltr'><strong>_A.</strong></span> <span class='ocrx_word' id='word_1_290' title='bbox 3184 1563 3281 1629; x_wconf 81' lang='grc' dir='ltr'><strong>Τ..</strong></span> <span class='ocrx_word' id='word_1_291' title='bbox 3310 1563 3504 1637; x_wconf 65' lang='lat' dir='ltr'><strong>Romae</strong></span> <span class='ocrx_word' id='word_1_292' title='bbox 3546 1565 3638 1620; x_wconf 80' lang='lat' dir='ltr'><strong>SS.</strong></span> <span class='ocrx_word' id='word_1_293' title='bbox 3667 1569 3905 1637; x_wconf 67' lang='grc' dir='ltr'><strong>⁸Αεοηιίἰ</strong></span> 
     </span>
    </p>
   </div>
   <div class='ocr_carea' id='block_1_42' title="bbox 2335 1633 3903 1697">
    <p class='ocr_par' dir='ltr' id='par_1_42' title="bbox 2335 1633 3903 1697">
     <span class='ocr_line' id='line_1_42' title="bbox 2335 1633 3903 1697; baseline 0.002 -9"><span class='ocrx_word' id='word_1_294' title='bbox 2335 1646 2389 1689; x_wconf 90' lang='lat' dir='ltr'><strong>et</strong></span> <span class='ocrx_word' id='word_1_295' title='bbox 2420 1633 2654 1689; x_wconf 77' lang='lat' dir='ltr'><strong>Eineriti.</strong></span> <span class='ocrx_word' id='word_1_296' title='bbox 2686 1634 2747 1687; x_wconf 86' lang='grc' dir='ltr'><strong>Τ.</strong></span> <span class='ocrx_word' id='word_1_297' title='bbox 2784 1636 2865 1696; x_wconf 72' lang='grc' dir='ltr'><strong>Β..</strong></span> <span class='ocrx_word' id='word_1_298' title='bbox 2897 1633 3261 1688; x_wconf 84' lang='lat' dir='ltr'><strong>Autissiodoro</strong></span> <span class='ocrx_word' id='word_1_299' title='bbox 3290 1636 3544 1697; x_wconf 70' lang='lat' dir='ltr'><strong>depositio</strong></span> <span class='ocrx_word' id='word_1_300' title='bbox 3569 1638 3624 1689; x_wconf 87' lang='grc'><strong>8.</strong></span> <span class='ocrx_word' id='word_1_301' title='bbox 3662 1634 3680 1674; x_wconf 69' lang='grc' dir='ltr'>ί</span> <span class='ocrx_word' id='word_1_302' title='bbox 3720 1633 3903 1691; x_wconf 75' lang='lat' dir='ltr'><strong>Etlieri</strong></span> 
     </span>
    </p>
   </div>
   <div class='ocr_carea' id='block_1_43' title="bbox 2335 1702 3903 1830">
    <p class='ocr_par' dir='ltr' id='par_1_43' title="bbox 2335 1702 3903 1830">
     <span class='ocr_line' id='line_1_43' title="bbox 2335 1702 3903 1774; baseline 0.002 -15"><span class='ocrx_word' id='word_1_303' title='bbox 2335 1706 2569 1774; x_wconf 55' lang='lat' dir='ltr'><strong>episcopi</strong></span> <span class='ocrx_word' id='word_1_304' title='bbox 2600 1716 2653 1759; x_wconf 89' lang='lat' dir='ltr'><strong>et</strong></span> <span class='ocrx_word' id='word_1_305' title='bbox 2682 1705 3020 1758; x_wconf 81' lang='lat' dir='ltr'><strong>eonfcssoris.</strong></span> <span class='ocrx_word' id='word_1_306' title='bbox 3056 1705 3139 1768; x_wconf 75' lang='lat'><strong>8.,</strong></span> <span class='ocrx_word' id='word_1_307' title='bbox 3169 1702 3225 1758; x_wconf 90' lang='lat' dir='ltr'><strong>lit</strong></span> <span class='ocrx_word' id='word_1_308' title='bbox 3257 1704 3556 1764; x_wconf 82' lang='lat' dir='ltr'><strong>Nicomedia</strong></span> <span class='ocrx_word' id='word_1_309' title='bbox 3598 1708 3771 1761; x_wconf 83' lang='lat' dir='ltr'><strong>natale</strong></span> <span class='ocrx_word' id='word_1_310' title='bbox 3796 1708 3903 1763; x_wconf 84' lang='lat' dir='ltr'><strong>SS.</strong></span> 
     </span>
     <span class='ocr_line' id='line_1_44' title="bbox 2336 1774 3101 1830; baseline -0.007 0"><span class='ocrx_word' id='word_1_311' title='bbox 2336 1776 2510 1830; x_wconf 63' lang='lat' dir='ltr'><strong>Julia.</strong></span> <span class='ocrx_word' id='word_1_312' title='bbox 2539 1774 2787 1830; x_wconf 84' lang='lat' dir='ltr'><strong>Secundi.</strong></span> <span class='ocrx_word' id='word_1_313' title='bbox 2817 1774 3101 1829; x_wconf 73' lang='lat' dir='ltr'><strong>Januariin.</strong></span> 
     </span>
    </p>
   </div>
   <div class='ocr_carea' id='block_1_44' title="bbox 2371 1789 3101 1840">
    <p class='ocr_par' dir='ltr' id='par_1_44' title="bbox 2371 1789 3101 1840">
     <span class='ocr_line' id='line_1_45' title="bbox 2371 1789 3101 1840; baseline -0.005 -11"><span class='ocrx_word' id='word_1_314' title='bbox 2371 1789 2510 1840; x_wconf 66' lang='lat' dir='ltr'><strong>uitae,</strong></span> <span class='ocrx_word' id='word_1_315' title='bbox 2539 1789 2787 1839; x_wconf 73' lang='lat' dir='ltr'><strong>Secundi,</strong></span> <span class='ocrx_word' id='word_1_316' title='bbox 2817 1789 3101 1829; x_wconf 76' lang='lat' dir='ltr'><strong>Januariie.</strong></span> 
     </span>
    </p>
   </div>
   <div class='ocr_carea' id='block_1_45' title="bbox 2402 1864 3210 1923">
    <p class='ocr_par' dir='ltr' id='par_1_45' title="bbox 2402 1864 3210 1923">
     <span class='ocr_line' id='line_1_46' title="bbox 2402 1864 3210 1923; baseline -0.004 -1"><span class='ocrx_word' id='word_1_317' title='bbox 2402 1868 2491 1923; x_wconf 71' lang='lat'><strong>28.</strong></span> <span class='ocrx_word' id='word_1_318' title='bbox 2515 1896 2587 1907; x_wconf 89' lang='lat'><strong>—</strong></span> <span class='ocrx_word' id='word_1_319' title='bbox 2613 1866 2653 1921; x_wconf 89' lang='lat' dir='ltr'><strong>V</strong></span> <span class='ocrx_word' id='word_1_320' title='bbox 2683 1866 2816 1921; x_wconf 71' lang='lat' dir='ltr'><strong>Kac.</strong></span> <span class='ocrx_word' id='word_1_321' title='bbox 2845 1865 3005 1917; x_wconf 85' lang='lat' dir='ltr'><strong>Vacat</strong></span> <span class='ocrx_word' id='word_1_322' title='bbox 3035 1864 3210 1919; x_wconf 70' lang='lat' dir='ltr'><strong>Baeda.</strong></span> 
     </span>
    </p>
   </div>
   <div class='ocr_carea' id='block_1_46' title="bbox 2406 1956 3905 2023">
    <p class='ocr_par' dir='ltr' id='par_1_46' title="bbox 2406 1956 3905 2023">
     <span class='ocr_line' id='line_1_47' title="bbox 2406 1956 3905 2023; baseline 0 -12"><span class='ocrx_word' id='word_1_323' title='bbox 2406 1960 2590 2013; x_wconf 77' lang='lat' dir='ltr'><strong>Flet-tis</strong></span> <span class='ocrx_word' id='word_1_324' title='bbox 2620 1959 2669 2011; x_wconf 92' lang='lat' dir='ltr'><strong>in</strong></span> <span class='ocrx_word' id='word_1_325' title='bbox 2699 1961 2758 2011; x_wconf 76' lang='grc' dir='ltr'><strong>Α.</strong></span> <span class='ocrx_word' id='word_1_326' title='bbox 2790 1957 2849 2010; x_wconf 82' lang='grc' dir='ltr'><strong>Τ.</strong></span> <span class='ocrx_word' id='word_1_327' title='bbox 2881 1956 2962 2017; x_wconf 60' lang='grc' dir='ltr'><strong>Ι...</strong></span> <span class='ocrx_word' id='word_1_328' title='bbox 2994 1957 3046 2009; x_wconf 92' lang='lat' dir='ltr'><strong>lu</strong></span> <span class='ocrx_word' id='word_1_329' title='bbox 3075 1956 3368 2010; x_wconf 79' lang='lat' dir='ltr'><strong>Mediolano</strong></span> <span class='ocrx_word' id='word_1_330' title='bbox 3398 1956 3569 2023; x_wconf 86' lang='lat' dir='ltr'><strong>passio</strong></span> <span class='ocrx_word' id='word_1_331' title='bbox 3610 1956 3707 2013; x_wconf 90' lang='lat' dir='ltr'><strong>SS.</strong></span> <span class='ocrx_word' id='word_1_332' title='bbox 3746 1968 3771 2006; x_wconf 75' lang='grc' dir='ltr'><strong><em>ι</em></strong></span> <span class='ocrx_word' id='word_1_333' title='bbox 3796 1958 3905 2013; x_wconf 78' lang='lat' dir='ltr'><strong>Na-</strong></span> 
     </span>
    </p>
   </div>
   <div class='ocr_carea' id='block_1_47' title="bbox 2330 2045 3909 2116">
    <p class='ocr_par' dir='ltr' id='par_1_47' title="bbox 2330 2045 3909 2116">
     <span class='ocr_line' id='line_1_48' title="bbox 2330 2045 3909 2116; baseline 0.001 -13"><span class='ocrx_word' id='word_1_334' title='bbox 2330 2049 2458 2103; x_wconf 77' lang='lat' dir='ltr'><strong>sarii</strong></span> <span class='ocrx_word' id='word_1_335' title='bbox 2493 2060 2545 2101; x_wconf 92' lang='lat' dir='ltr'><strong>et</strong></span> <span class='ocrx_word' id='word_1_336' title='bbox 2584 2047 2723 2103; x_wconf 88' lang='lat' dir='ltr'><strong>Celsi</strong></span> <span class='ocrx_word' id='word_1_337' title='bbox 2756 2047 2941 2116; x_wconf 89' lang='lat' dir='ltr'><strong>pueri:</strong></span> <span class='ocrx_word' id='word_1_338' title='bbox 2976 2046 3061 2113; x_wconf 78' lang='grc' dir='ltr'><strong>ηιιί</strong></span> <span class='ocrx_word' id='word_1_339' title='bbox 3098 2045 3249 2115; x_wconf 86' lang='lat' dir='ltr'><strong>jussu</strong></span> <span class='ocrx_word' id='word_1_340' title='bbox 3292 2046 3515 2101; x_wconf 82' lang='lat' dir='ltr'><strong>Neronis</strong></span> <span class='ocrx_word' id='word_1_341' title='bbox 3552 2050 3649 2102; x_wconf 90' lang='lat' dir='ltr'><strong>sub</strong></span> <span class='ocrx_word' id='word_1_342' title='bbox 3690 2049 3909 2104; x_wconf 85' lang='lat' dir='ltr'><strong>Juliano</strong></span> 
     </span>
    </p>
   </div>
   <div class='ocr_carea' id='block_1_48' title="bbox 2333 2136 3904 2206">
    <p class='ocr_par' dir='ltr' id='par_1_48' title="bbox 2333 2136 3904 2206">
     <span class='ocr_line' id='line_1_49' title="bbox 2333 2136 3904 2206; baseline 0.002 -16"><span class='ocrx_word' id='word_1_343' title='bbox 2333 2137 2603 2206; x_wconf 68' lang='lat' dir='ltr'><strong>praefecto,</strong></span> <span class='ocrx_word' id='word_1_344' title='bbox 2656 2136 2945 2204; x_wconf 81' lang='lat' dir='ltr'><strong>amputatis</strong></span> <span class='ocrx_word' id='word_1_345' title='bbox 2991 2136 3252 2203; x_wconf 78' lang='lat' dir='ltr'><strong>capitibus</strong></span> <span class='ocrx_word' id='word_1_346' title='bbox 3279 2136 3491 2193; x_wconf 88' lang='lat' dir='ltr'><strong>Christo</strong></span> <span class='ocrx_word' id='word_1_347' title='bbox 3541 2148 3663 2193; x_wconf 91' lang='lat' dir='ltr'><strong>sunt</strong></span> <span class='ocrx_word' id='word_1_348' title='bbox 3708 2140 3904 2193; x_wconf 87' lang='lat' dir='ltr'><strong>immo-</strong></span> 
     </span>
    </p>
   </div>
   <div class='ocr_carea' id='block_1_49' title="bbox 2332 2226 3906 2295">
    <p class='ocr_par' dir='ltr' id='par_1_49' title="bbox 2332 2226 3906 2295">
     <span class='ocr_line' id='line_1_50' title="bbox 2332 2226 3906 2295; baseline 0.001 -12"><span class='ocrx_word' id='word_1_349' title='bbox 2332 2228 2446 2283; x_wconf 82' lang='lat' dir='ltr'><strong>lati.</strong></span> <span class='ocrx_word' id='word_1_350' title='bbox 2500 2228 2696 2282; x_wconf 88' lang='lat' dir='ltr'><strong>llorum</strong></span> <span class='ocrx_word' id='word_1_351' title='bbox 2740 2240 2963 2295; x_wconf 84' lang='lat' dir='ltr'><strong>corpora</strong></span> <span class='ocrx_word' id='word_1_352' title='bbox 3015 2226 3073 2280; x_wconf 87' lang='grc' dir='ltr'><strong>Β.</strong></span> <span class='ocrx_word' id='word_1_353' title='bbox 3116 2226 3444 2291; x_wconf 82' lang='lat' dir='ltr'><strong>Ambrosius,</strong></span> <span class='ocrx_word' id='word_1_354' title='bbox 3492 2228 3709 2284; x_wconf 86' lang='lat' dir='ltr'><strong>Domino</strong></span> <span class='ocrx_word' id='word_1_355' title='bbox 3753 2246 3906 2285; x_wconf 80' lang='lat' dir='ltr'><strong>reve-</strong></span> 
     </span>
    </p>
   </div>
   <div class='ocr_carea' id='block_1_50' title="bbox 2333 2317 3907 2393">
    <p class='ocr_par' dir='ltr' id='par_1_50' title="bbox 2333 2317 3907 2393">
     <span class='ocr_line' id='line_1_51' title="bbox 2333 2317 3907 2393; baseline 0.001 -20"><span class='ocrx_word' id='word_1_356' title='bbox 2333 2319 2495 2379; x_wconf 87' lang='lat' dir='ltr'><strong>laute.</strong></span> <span class='ocrx_word' id='word_1_357' title='bbox 2521 2319 2655 2371; x_wconf 91' lang='lat' dir='ltr'><strong>miro</strong></span> <span class='ocrx_word' id='word_1_358' title='bbox 2696 2317 2853 2372; x_wconf 88' lang='lat' dir='ltr'><strong>modo</strong></span> <span class='ocrx_word' id='word_1_359' title='bbox 2896 2328 3205 2371; x_wconf 85' lang='lat' dir='ltr'><strong>conservata</strong></span> <span class='ocrx_word' id='word_1_360' title='bbox 3250 2317 3467 2373; x_wconf 79' lang='lat' dir='ltr'><strong>invenit.</strong></span> <span class='ocrx_word' id='word_1_361' title='bbox 3496 2318 3752 2388; x_wconf 86' lang='lat' dir='ltr'><strong>Lugduoo</strong></span> <span class='ocrx_word' id='word_1_362' title='bbox 3791 2320 3907 2393; x_wconf 85' lang='lat' dir='ltr'><strong>[L.,</strong></span> 
     </span>
    </p>
   </div>
   <div class='ocr_carea' id='block_1_51' title="bbox 2335 2404 3905 2476">
    <p class='ocr_par' dir='ltr' id='par_1_51' title="bbox 2335 2404 3905 2476">
     <span class='ocr_line' id='line_1_52' title="bbox 2335 2404 3905 2476; baseline 0.002 -17"><span class='ocrx_word' id='word_1_363' title='bbox 2335 2405 2386 2461; x_wconf 91' lang='lat' dir='ltr'><strong>in</strong></span> <span class='ocrx_word' id='word_1_364' title='bbox 2430 2405 2754 2474; x_wconf 82' lang='lat' dir='ltr'><strong>Nicomedia]</strong></span> <span class='ocrx_word' id='word_1_365' title='bbox 2786 2407 2960 2460; x_wconf 86' lang='lat' dir='ltr'><strong>natale</strong></span> <span class='ocrx_word' id='word_1_366' title='bbox 2990 2404 3015 2441; x_wconf 74' lang='grc' dir='ltr'>δ</span> <span class='ocrx_word' id='word_1_367' title='bbox 3046 2407 3377 2461; x_wconf 77' lang='lat' dir='ltr'><strong>Pantalcouis</strong></span> <span class='ocrx_word' id='word_1_368' title='bbox 3408 2424 3421 2460; x_wconf 88' lang='lat'><strong>:</strong></span> <span class='ocrx_word' id='word_1_369' title='bbox 3453 2410 3539 2476; x_wconf 87' lang='lat' dir='ltr'><strong>qui</strong></span> <span class='ocrx_word' id='word_1_370' title='bbox 3583 2410 3680 2462; x_wconf 90' lang='lat' dir='ltr'><strong>sub</strong></span> <span class='ocrx_word' id='word_1_371' title='bbox 3726 2411 3905 2464; x_wconf 72' lang='lat' dir='ltr'><strong>Masi-</strong></span> 
     </span>
    </p>
   </div>
   <div class='ocr_carea' id='block_1_52' title="bbox 2337 2496 3909 2573">
    <p class='ocr_par' dir='ltr' id='par_1_52' title="bbox 2337 2496 3909 2573">
     <span class='ocr_line' id='line_1_53' title="bbox 2337 2496 3909 2573; baseline 0.002 -20"><span class='ocrx_word' id='word_1_372' title='bbox 2337 2498 2515 2553; x_wconf 75' lang='lat' dir='ltr'><strong>ntiatio</strong></span> <span class='ocrx_word' id='word_1_373' title='bbox 2542 2498 2863 2567; x_wconf 69' lang='lat' dir='ltr'><strong>imperatore</strong></span> <span class='ocrx_word' id='word_1_374' title='bbox 2896 2496 3151 2570; x_wconf 75' lang='lat' dir='ltr'><strong>martyrio</strong></span> <span class='ocrx_word' id='word_1_375' title='bbox 3177 2509 3459 2553; x_wconf 80' lang='lat' dir='ltr'><strong>coronatus</strong></span> <span class='ocrx_word' id='word_1_376' title='bbox 3486 2511 3584 2556; x_wconf 89' lang='lat' dir='ltr'><strong>est.</strong></span> <span class='ocrx_word' id='word_1_377' title='bbox 3616 2500 3909 2573; x_wconf 69' lang='lat' dir='ltr'><strong>(Hactenus</strong></span> 
     </span>
    </p>
   </div>
   <div class='ocr_carea' id='block_1_53' title="bbox 2338 2588 3903 2661">
    <p class='ocr_par' dir='ltr' id='par_1_53' title="bbox 2338 2588 3903 2661">
     <span class='ocr_line' id='line_1_54' title="bbox 2338 2588 3903 2661; baseline 0.003 -19"><span class='ocrx_word' id='word_1_378' title='bbox 2338 2589 2423 2657; x_wconf 88' lang='lat' dir='ltr'><strong>L.)</strong></span> <span class='ocrx_word' id='word_1_379' title='bbox 2456 2589 2717 2643; x_wconf 84' lang='lat' dir='ltr'><strong>Britannia</strong></span> <span class='ocrx_word' id='word_1_380' title='bbox 2749 2590 3072 2643; x_wconf 84' lang='lat' dir='ltr'><strong>monasterio</strong></span> <span class='ocrx_word' id='word_1_381' title='bbox 3102 2588 3229 2644; x_wconf 91' lang='lat' dir='ltr'><strong>Dolo</strong></span> <span class='ocrx_word' id='word_1_382' title='bbox 3250 2589 3508 2658; x_wconf 84' lang='lat' dir='ltr'><strong>depositio</strong></span> <span class='ocrx_word' id='word_1_383' title='bbox 3526 2591 3583 2646; x_wconf 88' lang='lat' dir='ltr'><strong>S.</strong></span> <span class='ocrx_word' id='word_1_384' title='bbox 3609 2590 3622 2627; x_wconf 75' lang='grc' dir='ltr'><strong>ί</strong></span> <span class='ocrx_word' id='word_1_385' title='bbox 3647 2592 3903 2661; x_wconf 83' lang='lat' dir='ltr'><strong>Sampso-</strong></span> 
     </span>
    </p>
   </div>
   <div class='ocr_carea' id='block_1_54' title="bbox 2340 2678 3131 2750">
    <p class='ocr_par' dir='ltr' id='par_1_54' title="bbox 2340 2678 3131 2750">
     <span class='ocr_line' id='line_1_55' title="bbox 2340 2678 3131 2750; baseline 0.003 -17"><span class='ocrx_word' id='word_1_386' title='bbox 2340 2679 2423 2733; x_wconf 89' lang='lat' dir='ltr'><strong>nis</strong></span> <span class='ocrx_word' id='word_1_387' title='bbox 2450 2678 2684 2750; x_wconf 82' lang='lat' dir='ltr'><strong>episcopi</strong></span> <span class='ocrx_word' id='word_1_388' title='bbox 2715 2689 2768 2736; x_wconf 90' lang='lat' dir='ltr'><strong>et</strong></span> <span class='ocrx_word' id='word_1_389' title='bbox 2790 2678 3131 2736; x_wconf 78' lang='lat' dir='ltr'><strong>confessoris.</strong></span> 
     </span>
    </p>
   </div>
   <div class='ocr_carea' id='block_1_55' title="bbox 2028 2767 2505 2829">
    <p class='ocr_par' dir='ltr' id='par_1_55' title="bbox 2028 2767 2505 2829">
     <span class='ocr_line' id='line_1_56' title="bbox 2028 2767 2505 2829; baseline -0.015 -1"><span class='ocrx_word' id='word_1_390' title='bbox 2028 2772 2235 2829; x_wconf 63' lang='lat' dir='ltr'><strong>SillTll</strong></span> <span class='ocrx_word' id='word_1_391' title='bbox 2276 2767 2505 2823; x_wconf 66' lang='lat' dir='ltr'><strong>NOTAE.</strong></span> 
     </span>
    </p>
   </div>
   <div class='ocr_carea' id='block_1_56' title="bbox 729 2861 2013 2931">
    <p class='ocr_par' dir='ltr' id='par_1_56' title="bbox 729 2861 2013 2931">
     <span class='ocr_line' id='line_1_57' title="bbox 729 2861 2013 2931; baseline -0.004 -12"><span class='ocrx_word' id='word_1_392' title='bbox 729 2876 752 2903; x_wconf 75' lang='lat'><strong><em>°</em></strong></span> <span class='ocrx_word' id='word_1_393' title='bbox 782 2865 986 2919; x_wconf 83' lang='lat' dir='ltr'><strong>Donati.</strong></span> <span class='ocrx_word' id='word_1_394' title='bbox 1011 2866 1086 2919; x_wconf 90' lang='lat' dir='ltr'><strong>De</strong></span> <span class='ocrx_word' id='word_1_395' title='bbox 1116 2865 1197 2918; x_wconf 88' lang='lat' dir='ltr'><strong>his</strong></span> <span class='ocrx_word' id='word_1_396' title='bbox 1231 2863 1348 2917; x_wconf 88' lang='lat' dir='ltr'><strong>vide</strong></span> <span class='ocrx_word' id='word_1_397' title='bbox 1373 2864 1504 2918; x_wconf 85' lang='lat' dir='ltr'><strong>infra</strong></span> <span class='ocrx_word' id='word_1_398' title='bbox 1530 2879 1597 2917; x_wconf 87' lang='lat' dir='ltr'><strong>vii</strong></span> <span class='ocrx_word' id='word_1_399' title='bbox 1626 2863 1747 2917; x_wconf 88' lang='lat' dir='ltr'><strong>ldus</strong></span> <span class='ocrx_word' id='word_1_400' title='bbox 1769 2861 2013 2931; x_wconf 78' lang='lat' dir='ltr'><strong>Augusti.</strong></span> 
     </span>
    </p>
   </div>
   <div class='ocr_carea' id='block_1_57' title="bbox 727 2932 2225 3004">
    <p class='ocr_par' dir='ltr' id='par_1_57' title="bbox 727 2932 2225 3004">
     <span class='ocr_line' id='line_1_58' title="bbox 727 2932 2225 3004; baseline 0 -17"><span class='ocrx_word' id='word_1_401' title='bbox 727 2934 755 2974; x_wconf 69' lang='grc' dir='ltr'>δ</span> <span class='ocrx_word' id='word_1_402' title='bbox 780 2935 1082 3004; x_wconf 77' lang='lat' dir='ltr'><strong>&quot;incyttlhi.</strong></span> <span class='ocrx_word' id='word_1_403' title='bbox 1116 2935 1213 3001; x_wconf 88' lang='lat' dir='ltr'><strong>Qui</strong></span> <span class='ocrx_word' id='word_1_404' title='bbox 1247 2936 1413 3004; x_wconf 85' lang='lat' dir='ltr'><strong>primo</strong></span> <span class='ocrx_word' id='word_1_405' title='bbox 1457 2935 1506 2988; x_wconf 91' lang='lat' dir='ltr'><strong>in</strong></span> <span class='ocrx_word' id='word_1_406' title='bbox 1538 2936 1709 2998; x_wconf 81' lang='lat' dir='ltr'><strong>ignem</strong></span> <span class='ocrx_word' id='word_1_407' title='bbox 1756 2933 2002 2997; x_wconf 84' lang='lat' dir='ltr'><strong>injectus,</strong></span> <span class='ocrx_word' id='word_1_408' title='bbox 2033 2932 2225 2987; x_wconf 89' lang='lat' dir='ltr'><strong>deinde</strong></span> 
     </span>
    </p>
   </div>
   <div class='ocr_carea' id='block_1_58' title="bbox 651 3003 2224 3073">
    <p class='ocr_par' dir='ltr' id='par_1_58' title="bbox 651 3003 2224 3073">
     <span class='ocr_line' id='line_1_59' title="bbox 651 3003 2224 3073; baseline -0.003 -13"><span class='ocrx_word' id='word_1_409' title='bbox 651 3020 704 3060; x_wconf 89' lang='lat' dir='ltr'><strong>tn</strong></span> <span class='ocrx_word' id='word_1_410' title='bbox 727 3003 1077 3073; x_wconf 83' lang='lat' dir='ltr'><strong>proﬂuentem</strong></span> <span class='ocrx_word' id='word_1_411' title='bbox 1104 3003 1483 3073; x_wconf 60' lang='lat' dir='ltr'><strong>praecipitatus,</strong></span> <span class='ocrx_word' id='word_1_412' title='bbox 1514 3004 1706 3057; x_wconf 67' lang='lat' dir='ltr'><strong>illaesos</strong></span> <span class='ocrx_word' id='word_1_413' title='bbox 1734 3006 1934 3065; x_wconf 84' lang='lat' dir='ltr'><strong>evasit;</strong></span> <span class='ocrx_word' id='word_1_414' title='bbox 1970 3010 2087 3070; x_wconf 90' lang='lat' dir='ltr'><strong>post</strong></span> <span class='ocrx_word' id='word_1_415' title='bbox 2113 3005 2174 3073; x_wconf 76' lang='lat' dir='ltr'><strong>lin</strong></span> <span class='ocrx_word' id='word_1_416' title='bbox 2194 3018 2224 3056; x_wconf 93' lang='lat' dir='ltr'><strong>c</strong></span> 
     </span>
    </p>
   </div>
   <div class='ocr_carea' id='block_1_59' title="bbox 2330 2856 3911 2979">
    <p class='ocr_par' dir='ltr' id='par_1_59' title="bbox 2330 2856 3911 2979">
     <span class='ocr_line' id='line_1_60' title="bbox 2330 2856 3911 2979; baseline 0.005 -70"><span class='ocrx_word' id='word_1_417' title='bbox 2330 2866 2550 2979; x_wconf 66' lang='lat' dir='ltr'><strong>rrOpter</strong></span> <span class='ocrx_word' id='word_1_418' title='bbox 2577 2857 2841 2911; x_wconf 87' lang='lat' dir='ltr'><strong>Christum</strong></span> <span class='ocrx_word' id='word_1_419' title='bbox 2884 2857 3144 2913; x_wconf 83' lang='lat' dir='ltr'><strong>interfecti</strong></span> <span class='ocrx_word' id='word_1_420' title='bbox 3186 2856 3413 2921; x_wconf 86' lang='lat' dir='ltr'><strong>fuerant,</strong></span> <span class='ocrx_word' id='word_1_421' title='bbox 3443 2860 3787 2915; x_wconf 80' lang='lat' dir='ltr'><strong>sanctissimis</strong></span> <span class='ocrx_word' id='word_1_422' title='bbox 3815 2878 3911 2917; x_wconf 55' lang='lat' dir='ltr'><strong>re-</strong></span> 
     </span>
     <span class='ocr_line' id='line_1_61' title="bbox 2350 2926 3901 2979; baseline 0.001 -1"><span class='ocrx_word' id='word_1_423' title='bbox 2350 2926 2506 2979; x_wconf 87' lang='lat' dir='ltr'><strong>inuiis</strong></span> <span class='ocrx_word' id='word_1_424' title='bbox 2550 2930 2849 2979; x_wconf 83' lang='lat' dir='ltr'><strong>collocavit.</strong></span> <span class='ocrx_word' id='word_1_425' title='bbox 2882 2931 3095 2979; x_wconf 76' lang='lat' dir='ltr'><strong>SUMUS.</strong></span> <span class='ocrx_word' id='word_1_426' title='bbox 3131 2940 3257 2979; x_wconf 90' lang='lat' dir='ltr'><strong>tom.</strong></span> <span class='ocrx_word' id='word_1_427' title='bbox 3303 2928 3385 2979; x_wconf 90' lang='lat' dir='ltr'><strong>IV.</strong></span> <span class='ocrx_word' id='word_1_428' title='bbox 3420 2930 3467 2979; x_wconf 91' lang='lat' dir='ltr'><strong>in</strong></span> <span class='ocrx_word' id='word_1_429' title='bbox 3505 2930 3616 2979; x_wconf 82' lang='lat' dir='ltr'><strong>Vita</strong></span> <span class='ocrx_word' id='word_1_430' title='bbox 3647 2933 3901 2979; x_wconf 70' lang='lat' dir='ltr'><strong>Stephani</strong></span> 
     </span>
    </p>
   </div>
   <div class='ocr_carea' id='block_1_60' title="bbox 2350 2928 3901 2998">
    <p class='ocr_par' dir='ltr' id='par_1_60' title="bbox 2350 2928 3901 2998">
     <span class='ocr_line' id='line_1_62' title="bbox 2350 2928 3901 2998; baseline 0.006 -20"><span class='ocrx_word' id='word_1_431' title='bbox 2350 2928 2506 2994; x_wconf 74' lang='lat' dir='ltr'><strong>iiiuiis</strong></span> <span class='ocrx_word' id='word_1_432' title='bbox 2550 2930 2849 2998; x_wconf 78' lang='lat' dir='ltr'><strong>collocavit.</strong></span> <span class='ocrx_word' id='word_1_433' title='bbox 2882 2931 3095 2994; x_wconf 76' lang='lat' dir='ltr'><strong>Sosius,</strong></span> <span class='ocrx_word' id='word_1_434' title='bbox 3131 2940 3257 2982; x_wconf 90' lang='lat' dir='ltr'><strong>tom.</strong></span> <span class='ocrx_word' id='word_1_435' title='bbox 3303 2928 3385 2991; x_wconf 94' lang='lat' dir='ltr'><strong>IV,</strong></span> <span class='ocrx_word' id='word_1_436' title='bbox 3420 2930 3467 2983; x_wconf 92' lang='lat' dir='ltr'><strong>in</strong></span> <span class='ocrx_word' id='word_1_437' title='bbox 3505 2930 3616 2984; x_wconf 83' lang='lat' dir='ltr'><strong>Vita</strong></span> <span class='ocrx_word' id='word_1_438' title='bbox 3647 2933 3901 2998; x_wconf 89' lang='lat' dir='ltr'><strong>Stephani</strong></span> 
     </span>
    </p>
   </div>
   <div class='ocr_carea' id='block_1_61' title="bbox 2332 2997 3902 3068">
    <p class='ocr_par' dir='ltr' id='par_1_61' title="bbox 2332 2997 3902 3068">
     <span class='ocr_line' id='line_1_63' title="bbox 2332 2997 3902 3068; baseline 0.007 -21"><span class='ocrx_word' id='word_1_439' title='bbox 2332 3011 2503 3068; x_wconf 59' lang='lat' dir='ltr'><strong>papae.</strong></span> <span class='ocrx_word' id='word_1_440' title='bbox 2551 2997 2646 3068; x_wconf 74' lang='lat' dir='ltr'><strong>llzc</strong></span> <span class='ocrx_word' id='word_1_441' title='bbox 2692 2999 2880 3052; x_wconf 83' lang='lat' dir='ltr'><strong>colitur</strong></span> <span class='ocrx_word' id='word_1_442' title='bbox 2931 3002 3097 3068; x_wconf 88' lang='lat' dir='ltr'><strong>pridie</strong></span> <span class='ocrx_word' id='word_1_443' title='bbox 3142 2999 3278 3067; x_wconf 89' lang='lat' dir='ltr'><strong>apud</strong></span> <span class='ocrx_word' id='word_1_444' title='bbox 3330 2998 3547 3054; x_wconf 82' lang='lat' dir='ltr'><strong>Usuardi</strong></span> <span class='ocrx_word' id='word_1_445' title='bbox 3597 3009 3651 3055; x_wconf 90' lang='lat' dir='ltr'><strong>ct</strong></span> <span class='ocrx_word' id='word_1_446' title='bbox 3688 2997 3902 3058; x_wconf 81' lang='lat' dir='ltr'><strong>Barouii</strong></span> 
     </span>
    </p>
   </div>
   <div class='ocr_carea' id='block_1_62' title="bbox 651 3067 2727 3142">
    <p class='ocr_par' dir='ltr' id='par_1_62' title="bbox 651 3067 2727 3142">
     <span class='ocr_line' id='line_1_64' title="bbox 651 3067 2727 3142; baseline -0.004 -13"><span class='ocrx_word' id='word_1_447' title='bbox 651 3092 681 3129; x_wconf 85' lang='lat' dir='ltr'><strong>a</strong></span> <span class='ocrx_word' id='word_1_448' title='bbox 713 3067 935 3129; x_wconf 80' lang='lat' dir='ltr'><strong>Leontio</strong></span> <span class='ocrx_word' id='word_1_449' title='bbox 968 3067 1233 3127; x_wconf 78' lang='lat' dir='ltr'><strong>consulari</strong></span> <span class='ocrx_word' id='word_1_450' title='bbox 1273 3067 1379 3127; x_wconf 79' lang='lat' dir='ltr'><strong>sub</strong></span> <span class='ocrx_word' id='word_1_451' title='bbox 1411 3072 1640 3141; x_wconf 85' lang='lat' dir='ltr'><strong>Trajano</strong></span> <span class='ocrx_word' id='word_1_452' title='bbox 1688 3067 2008 3139; x_wconf 77' lang='lat' dir='ltr'><strong>imperatore</strong></span> <span class='ocrx_word' id='word_1_453' title='bbox 2049 3072 2225 3142; x_wconf 91' lang='lat' dir='ltr'><strong>gladio</strong></span> <span class='ocrx_word' id='word_1_454' title='bbox 2250 3076 2297 3137; x_wconf 76' lang='grc' dir='ltr'>ο</span> <span class='ocrx_word' id='word_1_455' title='bbox 2333 3067 2427 3121; x_wconf 81' lang='lat' dir='ltr'><strong>Ma:</strong></span> <span class='ocrx_word' id='word_1_456' title='bbox 2448 3067 2727 3142; x_wconf 74' lang='lat' dir='ltr'><strong>tyrolugia.</strong></span> 
     </span>
    </p>
   </div>
   <div class='ocr_carea' id='block_1_63' title="bbox 651 3142 2223 3214">
    <p class='ocr_par' dir='ltr' id='par_1_63' title="bbox 651 3142 2223 3214">
     <span class='ocr_line' id='line_1_65' title="bbox 651 3142 2223 3214; baseline -0.001 -15"><span class='ocrx_word' id='word_1_457' title='bbox 651 3159 956 3214; x_wconf 83' lang='lat' dir='ltr'><strong>percussus,</strong></span> <span class='ocrx_word' id='word_1_458' title='bbox 982 3143 1140 3196; x_wconf 90' lang='lat' dir='ltr'><strong>vitam</strong></span> <span class='ocrx_word' id='word_1_459' title='bbox 1169 3142 1334 3196; x_wconf 78' lang='lat' dir='ltr'><strong>ﬁnivit</strong></span> <span class='ocrx_word' id='word_1_460' title='bbox 1370 3160 1383 3196; x_wconf 89' lang='lat'>:</span> <span class='ocrx_word' id='word_1_461' title='bbox 1414 3146 1561 3210; x_wconf 82' lang='lat' dir='ltr'><strong>cujus</strong></span> <span class='ocrx_word' id='word_1_462' title='bbox 1592 3143 1957 3214; x_wconf 64' lang='lat' dir='ltr'><strong>corpusJulia</strong></span> <span class='ocrx_word' id='word_1_463' title='bbox 1983 3153 2223 3197; x_wconf 69' lang='lat' dir='ltr'><strong>matrona</strong></span> 
     </span>
    </p>
   </div>
   <div class='ocr_carea' id='block_1_64' title="bbox 650 3212 2219 3284">
    <p class='ocr_par' dir='ltr' id='par_1_64' title="bbox 650 3212 2219 3284">
     <span class='ocr_line' id='line_1_66' title="bbox 650 3212 2219 3284; baseline 0 -17"><span class='ocrx_word' id='word_1_464' title='bbox 650 3212 703 3268; x_wconf 87' lang='lat' dir='ltr'><strong>in</strong></span> <span class='ocrx_word' id='word_1_465' title='bbox 737 3215 933 3282; x_wconf 74' lang='lat' dir='ltr'><strong>praedio</strong></span> <span class='ocrx_word' id='word_1_466' title='bbox 956 3216 1221 3284; x_wconf 71' lang='lat' dir='ltr'><strong>suojuvta</strong></span> <span class='ocrx_word' id='word_1_467' title='bbox 1258 3214 1451 3269; x_wconf 87' lang='lat' dir='ltr'><strong>Urbem</strong></span> <span class='ocrx_word' id='word_1_468' title='bbox 1478 3213 1743 3284; x_wconf 87' lang='lat' dir='ltr'><strong>sepelivit.</strong></span> <span class='ocrx_word' id='word_1_469' title='bbox 1770 3212 1903 3279; x_wconf 81' lang='lat' dir='ltr'><strong>Aao,</strong></span> <span class='ocrx_word' id='word_1_470' title='bbox 1934 3212 2219 3282; x_wconf 68' lang='lat' dir='ltr'><strong>Banomus,</strong></span> 
     </span>
    </p>
   </div>
   <div class='ocr_carea' id='block_1_65' title="bbox 650 3282 1137 3347">
    <p class='ocr_par' dir='ltr' id='par_1_65' title="bbox 650 3282 1137 3347">
     <span class='ocr_line' id='line_1_67' title="bbox 650 3282 1137 3347; baseline -0.016 -5"><span class='ocrx_word' id='word_1_471' title='bbox 650 3286 862 3347; x_wconf 79' lang='lat' dir='ltr'><strong>Sumus,</strong></span> <span class='ocrx_word' id='word_1_472' title='bbox 892 3295 1019 3337; x_wconf 87' lang='lat' dir='ltr'><strong>tum.</strong></span> <span class='ocrx_word' id='word_1_473' title='bbox 1051 3282 1137 3338; x_wconf 82' lang='lat' dir='ltr'><strong>IV.</strong></span> 
     </span>
    </p>
   </div>
   <div class='ocr_carea' id='block_1_66' title="bbox 725 3351 2224 3421">
    <p class='ocr_par' dir='ltr' id='par_1_66' title="bbox 725 3351 2224 3421">
     <span class='ocr_line' id='line_1_68' title="bbox 725 3351 2224 3421; baseline -0.001 -14"><span class='ocrx_word' id='word_1_474' title='bbox 725 3360 746 3387; x_wconf 74' lang='grc' dir='ltr'>ε</span> <span class='ocrx_word' id='word_1_475' title='bbox 782 3353 1005 3407; x_wconf 80' lang='lat' dir='ltr'><strong>Pastori.</strong></span> <span class='ocrx_word' id='word_1_476' title='bbox 1058 3353 1149 3408; x_wconf 90' lang='lat' dir='ltr'><strong>Vel</strong></span> <span class='ocrx_word' id='word_1_477' title='bbox 1199 3354 1449 3408; x_wconf 81' lang='lat' dir='ltr'><strong>Pas&#39;oris.</strong></span> <span class='ocrx_word' id='word_1_478' title='bbox 1500 3354 1598 3421; x_wconf 86' lang='lat' dir='ltr'><strong>Qui</strong></span> <span class='ocrx_word' id='word_1_479' title='bbox 1645 3352 1785 3419; x_wconf 81' lang='lat' dir='ltr'><strong>quod</strong></span> <span class='ocrx_word' id='word_1_480' title='bbox 1819 3351 1955 3419; x_wconf 91' lang='lat' dir='ltr'><strong>apud</strong></span> <span class='ocrx_word' id='word_1_481' title='bbox 2000 3352 2224 3408; x_wconf 80' lang='lat' dir='ltr'><strong>Anasta-</strong></span> 
     </span>
    </p>
   </div>
   <div class='ocr_carea' id='block_1_67' title="bbox 652 3423 2222 3493">
    <p class='ocr_par' dir='ltr' id='par_1_67' title="bbox 652 3423 2222 3493">
     <span class='ocr_line' id='line_1_69' title="bbox 652 3423 2222 3493; baseline 0 -14"><span class='ocrx_word' id='word_1_482' title='bbox 652 3425 789 3479; x_wconf 90' lang='lat' dir='ltr'><strong>sium</strong></span> <span class='ocrx_word' id='word_1_483' title='bbox 824 3424 1287 3479; x_wconf 86' lang='lat' dir='ltr'><strong>Bibliotliecarium</strong></span> <span class='ocrx_word' id='word_1_484' title='bbox 1333 3426 1571 3493; x_wconf 89' lang='lat' dir='ltr'><strong>aliosque</strong></span> <span class='ocrx_word' id='word_1_485' title='bbox 1616 3424 1821 3479; x_wconf 67' lang='lat' dir='ltr'><strong>dicatur</strong></span> <span class='ocrx_word' id='word_1_486' title='bbox 1866 3425 2028 3478; x_wconf 79' lang='lat' dir='ltr'><strong>frater</strong></span> <span class='ocrx_word' id='word_1_487' title='bbox 2054 3424 2111 3478; x_wconf 92' lang='lat' dir='ltr'><strong>S.</strong></span> <span class='ocrx_word' id='word_1_488' title='bbox 2147 3423 2222 3479; x_wconf 82' lang='lat' dir='ltr'><strong>Pii</strong></span> 
     </span>
    </p>
   </div>
   <div class='ocr_carea' id='block_1_68' title="bbox 648 3494 2223 3563">
    <p class='ocr_par' dir='ltr' id='par_1_68' title="bbox 648 3494 2223 3563">
     <span class='ocr_line' id='line_1_70' title="bbox 648 3494 2223 3563; baseline 0.001 -16"><span class='ocrx_word' id='word_1_489' title='bbox 648 3494 913 3563; x_wconf 88' lang='lat' dir='ltr'><strong>pontilicis</strong></span> <span class='ocrx_word' id='word_1_490' title='bbox 956 3494 1201 3557; x_wconf 74' lang='lat' dir='ltr'><strong>Romani,</strong></span> <span class='ocrx_word' id='word_1_491' title='bbox 1246 3510 1348 3547; x_wconf 89' lang='lat' dir='ltr'><strong>non</strong></span> <span class='ocrx_word' id='word_1_492' title='bbox 1390 3500 1640 3548; x_wconf 74' lang='lat' dir='ltr'><strong>continuo</strong></span> <span class='ocrx_word' id='word_1_493' title='bbox 1690 3494 2036 3557; x_wconf 86' lang='lat' dir='ltr'><strong>admittimus,</strong></span> <span class='ocrx_word' id='word_1_494' title='bbox 2073 3509 2223 3549; x_wconf 88' lang='lat' dir='ltr'><strong>vere-</strong></span> 
     </span>
    </p>
   </div>
   <div class='ocr_carea' id='block_1_69' title="bbox 648 3564 2222 3632">
    <p class='ocr_par' dir='ltr' id='par_1_69' title="bbox 648 3564 2222 3632">
     <span class='ocr_line' id='line_1_71' title="bbox 648 3564 2222 3632; baseline -0.001 -14"><span class='ocrx_word' id='word_1_495' title='bbox 648 3578 871 3632; x_wconf 88' lang='lat' dir='ltr'><strong>ninrque</strong></span> <span class='ocrx_word' id='word_1_496' title='bbox 900 3578 965 3616; x_wconf 87' lang='lat' dir='ltr'><strong>ne</strong></span> <span class='ocrx_word' id='word_1_497' title='bbox 1002 3565 1069 3617; x_wconf 91' lang='lat' dir='ltr'><strong>sit</strong></span> <span class='ocrx_word' id='word_1_498' title='bbox 1103 3565 1170 3616; x_wconf 91' lang='lat' dir='ltr'><strong>ab</strong></span> <span class='ocrx_word' id='word_1_499' title='bbox 1214 3564 1275 3617; x_wconf 92' lang='lat' dir='ltr'><strong>iis</strong></span> <span class='ocrx_word' id='word_1_500' title='bbox 1304 3566 1587 3624; x_wconf 83' lang='lat' dir='ltr'><strong>introsum,</strong></span> <span class='ocrx_word' id='word_1_501' title='bbox 1614 3564 1697 3629; x_wconf 89' lang='lat' dir='ltr'><strong>qui</strong></span> <span class='ocrx_word' id='word_1_502' title='bbox 1728 3573 2048 3617; x_wconf 79' lang='lat' dir='ltr'><strong>censuerunt</strong></span> <span class='ocrx_word' id='word_1_503' title='bbox 2072 3579 2222 3617; x_wconf 90' lang='lat' dir='ltr'><strong>eum-</strong></span> 
     </span>
    </p>
   </div>
   <div class='ocr_carea' id='block_1_70' title="bbox 650 3632 2221 3698">
    <p class='ocr_par' dir='ltr' id='par_1_70' title="bbox 650 3632 2221 3698">
     <span class='ocr_line' id='line_1_72' title="bbox 650 3632 2221 3698; baseline 0.001 -12"><span class='ocrx_word' id='word_1_504' title='bbox 650 3635 771 3687; x_wconf 88' lang='lat' dir='ltr'><strong>dem</strong></span> <span class='ocrx_word' id='word_1_505' title='bbox 805 3649 921 3687; x_wconf 83' lang='lat' dir='ltr'><strong>esse</strong></span> <span class='ocrx_word' id='word_1_506' title='bbox 964 3632 1287 3695; x_wconf 81' lang='lat' dir='ltr'><strong>Hermetein,</strong></span> <span class='ocrx_word' id='word_1_507' title='bbox 1316 3635 1400 3687; x_wconf 91' lang='lat' dir='ltr'><strong>cui</strong></span> <span class='ocrx_word' id='word_1_508' title='bbox 1433 3633 1649 3698; x_wconf 83' lang='lat' dir='ltr'><strong>angelus</strong></span> <span class='ocrx_word' id='word_1_509' title='bbox 1680 3636 1728 3686; x_wconf 92' lang='lat' dir='ltr'><strong>in</strong></span> <span class='ocrx_word' id='word_1_510' title='bbox 1768 3634 1946 3685; x_wconf 86' lang='lat' dir='ltr'><strong>habitu</strong></span> <span class='ocrx_word' id='word_1_511' title='bbox 1989 3634 2221 3687; x_wconf 83' lang='lat' dir='ltr'><strong>Pastoris</strong></span> 
     </span>
    </p>
   </div>
   <div class='ocr_carea' id='block_1_71' title="bbox 649 3701 2218 3769">
    <p class='ocr_par' dir='ltr' id='par_1_71' title="bbox 649 3701 2218 3769">
     <span class='ocr_line' id='line_1_73' title="bbox 649 3701 2218 3769; baseline 0.001 -14"><span class='ocrx_word' id='word_1_512' title='bbox 649 3702 915 3769; x_wconf 86' lang='lat' dir='ltr'><strong>apparuit,</strong></span> <span class='ocrx_word' id='word_1_513' title='bbox 952 3703 1037 3768; x_wconf 93' lang='lat' dir='ltr'><strong>qui</strong></span> <span class='ocrx_word' id='word_1_514' title='bbox 1077 3717 1107 3755; x_wconf 88' lang='lat' dir='ltr'><strong>a</strong></span> <span class='ocrx_word' id='word_1_515' title='bbox 1155 3703 1389 3768; x_wconf 88' lang='lat' dir='ltr'><strong>plurihus</strong></span> <span class='ocrx_word' id='word_1_516' title='bbox 1427 3704 1619 3757; x_wconf 89' lang='lat' dir='ltr'><strong>dicitur</strong></span> <span class='ocrx_word' id='word_1_517' title='bbox 1645 3701 1811 3756; x_wconf 80' lang='lat' dir='ltr'><strong>frater</strong></span> <span class='ocrx_word' id='word_1_518' title='bbox 1841 3704 1897 3755; x_wconf 92' lang='lat' dir='ltr'><strong>S.</strong></span> <span class='ocrx_word' id='word_1_519' title='bbox 1938 3701 2014 3755; x_wconf 86' lang='lat' dir='ltr'><strong>Pii</strong></span> <span class='ocrx_word' id='word_1_520' title='bbox 2047 3719 2218 3769; x_wconf 66' lang='lat' dir='ltr'><strong>papae.</strong></span> 
     </span>
    </p>
   </div>
   <div class='ocr_carea' id='block_1_72' title="bbox 651 3771 2220 3837">
    <p class='ocr_par' dir='ltr' id='par_1_72' title="bbox 651 3771 2220 3837">
     <span class='ocr_line' id='line_1_74' title="bbox 651 3771 2220 3837; baseline 0.002 -12"><span class='ocrx_word' id='word_1_521' title='bbox 651 3772 888 3825; x_wconf 83' lang='lat' dir='ltr'><strong>Dubitari</strong></span> <span class='ocrx_word' id='word_1_522' title='bbox 918 3782 1074 3823; x_wconf 88' lang='lat' dir='ltr'><strong>etiam</strong></span> <span class='ocrx_word' id='word_1_523' title='bbox 1110 3782 1286 3837; x_wconf 79' lang='lat' dir='ltr'><strong>posset</strong></span> <span class='ocrx_word' id='word_1_524' title='bbox 1314 3786 1417 3837; x_wconf 85' lang='lat' dir='ltr'><strong>quo</strong></span> <span class='ocrx_word' id='word_1_525' title='bbox 1446 3786 1603 3825; x_wconf 83' lang='lat' dir='ltr'><strong>sensu</strong></span> <span class='ocrx_word' id='word_1_526' title='bbox 1632 3773 1690 3826; x_wconf 95' lang='grc'><strong>8.</strong></span> <span class='ocrx_word' id='word_1_527' title='bbox 1724 3771 1909 3825; x_wconf 77' lang='lat' dir='ltr'><strong>Pastor</strong></span> <span class='ocrx_word' id='word_1_528' title='bbox 1938 3773 2220 3828; x_wconf 75' lang='lat' dir='ltr'><strong>Timotheo</strong></span> 
     </span>
    </p>
   </div>
   <div class='ocr_carea' id='block_1_73' title="bbox 650 3840 2218 3909">
    <p class='ocr_par' dir='ltr' id='par_1_73' title="bbox 650 3840 2218 3909">
     <span class='ocr_line' id='line_1_75' title="bbox 650 3840 2218 3909; baseline 0.004 -17"><span class='ocrx_word' id='word_1_529' title='bbox 650 3842 960 3909; x_wconf 87' lang='lat' dir='ltr'><strong>presbytero</strong></span> <span class='ocrx_word' id='word_1_530' title='bbox 1008 3849 1121 3892; x_wconf 86' lang='lat' dir='ltr'><strong>acta</strong></span> <span class='ocrx_word' id='word_1_531' title='bbox 1175 3840 1508 3894; x_wconf 84' lang='lat' dir='ltr'><strong>Pudentianae</strong></span> <span class='ocrx_word' id='word_1_532' title='bbox 1550 3851 1603 3895; x_wconf 90' lang='lat' dir='ltr'><strong>et</strong></span> <span class='ocrx_word' id='word_1_533' title='bbox 1662 3842 1911 3895; x_wconf 79' lang='lat' dir='ltr'><strong>Praxcdis</strong></span> <span class='ocrx_word' id='word_1_534' title='bbox 1960 3843 2218 3909; x_wconf 78' lang='lat' dir='ltr'><strong>scribens,</strong></span> 
     </span>
    </p>
   </div>
   <div class='ocr_carea' id='block_1_74' title="bbox 648 3910 2213 3977">
    <p class='ocr_par' dir='ltr' id='par_1_74' title="bbox 648 3910 2213 3977">
     <span class='ocr_line' id='line_1_76' title="bbox 648 3910 2213 3977; baseline 0 -13"><span class='ocrx_word' id='word_1_535' title='bbox 648 3911 825 3964; x_wconf 84' lang='lat' dir='ltr'><strong>statim</strong></span> <span class='ocrx_word' id='word_1_536' title='bbox 855 3910 1007 3963; x_wconf 89' lang='lat' dir='ltr'><strong>initio</strong></span> <span class='ocrx_word' id='word_1_537' title='bbox 1034 3910 1267 3977; x_wconf 74' lang='lat' dir='ltr'><strong>epiStolie</strong></span> <span class='ocrx_word' id='word_1_538' title='bbox 1290 3911 1448 3973; x_wconf 86' lang='lat' dir='ltr'><strong>dicat,</strong></span> <span class='ocrx_word' id='word_1_539' title='bbox 1482 3930 1501 3961; x_wconf 69' lang='grc' dir='ltr'>ε</span> <span class='ocrx_word' id='word_1_540' title='bbox 1536 3911 1740 3965; x_wconf 83' lang='lat' dir='ltr'><strong>Pudens</strong></span> <span class='ocrx_word' id='word_1_541' title='bbox 1768 3912 1926 3964; x_wconf 81' lang='lat' dir='ltr'><strong>frater</strong></span> <span class='ocrx_word' id='word_1_542' title='bbox 1956 3920 2154 3976; x_wconf 83' lang='lat' dir='ltr'><strong>noster,</strong></span> <span class='ocrx_word' id='word_1_543' title='bbox 2195 3932 2213 3964; x_wconf 76' lang='grc' dir='ltr'><strong><em>ι</em></strong></span> 
     </span>
    </p>
   </div>
   <div class='ocr_carea' id='block_1_75' title="bbox 651 3980 2220 4049">
    <p class='ocr_par' dir='ltr' id='par_1_75' title="bbox 651 3980 2220 4049">
     <span class='ocr_line' id='line_1_77' title="bbox 651 3980 2220 4049; baseline 0.003 -18"><span class='ocrx_word' id='word_1_544' title='bbox 651 3981 743 4032; x_wconf 84' lang='lat' dir='ltr'><strong>sed</strong></span> <span class='ocrx_word' id='word_1_545' title='bbox 777 3985 904 4033; x_wconf 86' lang='lat' dir='ltr'><strong>satis</strong></span> <span class='ocrx_word' id='word_1_546' title='bbox 933 3980 1129 4033; x_wconf 89' lang='lat' dir='ltr'><strong>clarum</strong></span> <span class='ocrx_word' id='word_1_547' title='bbox 1158 3980 1384 4043; x_wconf 86' lang='lat' dir='ltr'><strong>videtur,</strong></span> <span class='ocrx_word' id='word_1_548' title='bbox 1428 3982 1831 4045; x_wconf 76' lang='lat' dir='ltr'><strong>fraternitatem,</strong></span> <span class='ocrx_word' id='word_1_549' title='bbox 1873 3998 1976 4036; x_wconf 87' lang='lat' dir='ltr'><strong>non</strong></span> <span class='ocrx_word' id='word_1_550' title='bbox 2008 3983 2220 4049; x_wconf 81' lang='lat' dir='ltr'><strong>sangui-</strong></span> 
     </span>
    </p>
   </div>
   <div class='ocr_carea' id='block_1_76' title="bbox 649 4049 2215 4119">
    <p class='ocr_par' dir='ltr' id='par_1_76' title="bbox 649 4049 2215 4119">
     <span class='ocr_line' id='line_1_78' title="bbox 649 4049 2215 4119; baseline 0.004 -18"><span class='ocrx_word' id='word_1_551' title='bbox 649 4049 754 4119; x_wconf 89' lang='lat' dir='ltr'><strong>nis,</strong></span> <span class='ocrx_word' id='word_1_552' title='bbox 778 4049 869 4104; x_wconf 87' lang='lat' dir='ltr'><strong>sed</strong></span> <span class='ocrx_word' id='word_1_553' title='bbox 901 4050 1170 4119; x_wconf 78' lang='lat' dir='ltr'><strong>religionis</strong></span> <span class='ocrx_word' id='word_1_554' title='bbox 1203 4052 1439 4119; x_wconf 75' lang='lat' dir='ltr'><strong>intelligi.</strong></span> <span class='ocrx_word' id='word_1_555' title='bbox 1470 4051 1635 4116; x_wconf 84' lang='lat' dir='ltr'><strong>llujus</strong></span> <span class='ocrx_word' id='word_1_556' title='bbox 1664 4052 1863 4105; x_wconf 87' lang='lat' dir='ltr'><strong>nomini</strong></span> <span class='ocrx_word' id='word_1_557' title='bbox 1912 4054 1969 4105; x_wconf 84' lang='lat' dir='ltr'><strong>S.</strong></span> <span class='ocrx_word' id='word_1_558' title='bbox 2006 4052 2215 4106; x_wconf 79' lang='lat' dir='ltr'><strong>Pudens</strong></span> 
     </span>
    </p>
   </div>
   <div class='ocr_carea' id='block_1_77' title="bbox 647 4118 2218 4190">
    <p class='ocr_par' dir='ltr' id='par_1_77' title="bbox 647 4118 2218 4190">
     <span class='ocr_line' id='line_1_79' title="bbox 647 4118 2218 4190; baseline 0.002 -17"><span class='ocrx_word' id='word_1_559' title='bbox 647 4118 984 4173; x_wconf 74' lang='lat' dir='ltr'><strong>Pudctitianie</strong></span> <span class='ocrx_word' id='word_1_560' title='bbox 1012 4118 1173 4187; x_wconf 85' lang='lat' dir='ltr'><strong>pater</strong></span> <span class='ocrx_word' id='word_1_561' title='bbox 1204 4118 1407 4174; x_wconf 88' lang='lat' dir='ltr'><strong>titulum</strong></span> <span class='ocrx_word' id='word_1_562' title='bbox 1446 4123 1701 4175; x_wconf 86' lang='lat' dir='ltr'><strong>dedicavit</strong></span> <span class='ocrx_word' id='word_1_563' title='bbox 1736 4139 1749 4173; x_wconf 90' lang='lat'><strong>:</strong></span> <span class='ocrx_word' id='word_1_564' title='bbox 1781 4122 2085 4190; x_wconf 80' lang='lat' dir='ltr'><strong>Ouupltrius</strong></span> <span class='ocrx_word' id='word_1_565' title='bbox 2124 4138 2218 4176; x_wconf 90' lang='lat' dir='ltr'><strong>au-</strong></span> 
     </span>
    </p>
   </div>
   <div class='ocr_carea' id='block_1_78' title="bbox 645 4189 2218 4261">
    <p class='ocr_par' dir='ltr' id='par_1_78' title="bbox 645 4189 2218 4261">
     <span class='ocr_line' id='line_1_80' title="bbox 645 4189 2218 4261; baseline 0.003 -20"><span class='ocrx_word' id='word_1_566' title='bbox 645 4199 752 4261; x_wconf 77' lang='lat' dir='ltr'><strong>tem</strong></span> <span class='ocrx_word' id='word_1_567' title='bbox 803 4190 1062 4261; x_wconf 77' lang='lat' dir='ltr'><strong>Paiivjniis</strong></span> <span class='ocrx_word' id='word_1_568' title='bbox 1103 4190 1154 4241; x_wconf 90' lang='lat' dir='ltr'><strong>in</strong></span> <span class='ocrx_word' id='word_1_569' title='bbox 1202 4203 1300 4244; x_wconf 91' lang='lat' dir='ltr'><strong>suo</strong></span> <span class='ocrx_word' id='word_1_570' title='bbox 1346 4193 1411 4243; x_wconf 89' lang='lat' dir='ltr'><strong>de</strong></span> <span class='ocrx_word' id='word_1_571' title='bbox 1455 4193 1730 4261; x_wconf 71' lang='lat' dir='ltr'><strong>praecipuis</strong></span> <span class='ocrx_word' id='word_1_572' title='bbox 1780 4189 1934 4247; x_wconf 85' lang='lat' dir='ltr'><strong>Urbis</strong></span> <span class='ocrx_word' id='word_1_573' title='bbox 1974 4194 2218 4247; x_wconf 82' lang='lat' dir='ltr'><strong>ecclesiis</strong></span> 
     </span>
    </p>
   </div>
   <div class='ocr_carea' id='block_1_79' title="bbox 647 4257 2213 4329">
    <p class='ocr_par' dir='ltr' id='par_1_79' title="bbox 647 4257 2213 4329">
     <span class='ocr_line' id='line_1_81' title="bbox 647 4257 2213 4329; baseline 0.003 -18"><span class='ocrx_word' id='word_1_574' title='bbox 647 4257 805 4329; x_wconf 74' lang='lat' dir='ltr'><strong>huius</strong></span> <span class='ocrx_word' id='word_1_575' title='bbox 832 4266 886 4311; x_wconf 91' lang='lat' dir='ltr'><strong>et</strong></span> <span class='ocrx_word' id='word_1_576' title='bbox 924 4258 1266 4329; x_wconf 73' lang='lat' dir='ltr'><strong>Pudentianie</strong></span> <span class='ocrx_word' id='word_1_577' title='bbox 1299 4257 1507 4313; x_wconf 87' lang='lat' dir='ltr'><strong>titulum</strong></span> <span class='ocrx_word' id='word_1_578' title='bbox 1538 4257 1779 4315; x_wconf 80' lang='lat' dir='ltr'><strong>eumdem</strong></span> <span class='ocrx_word' id='word_1_579' title='bbox 1831 4277 1949 4315; x_wconf 89' lang='lat' dir='ltr'><strong>esse</strong></span> <span class='ocrx_word' id='word_1_580' title='bbox 1995 4263 2213 4329; x_wconf 88' lang='lat' dir='ltr'><strong>scribit;</strong></span> 
     </span>
    </p>
   </div>
   <div class='ocr_carea' id='block_1_80' title="bbox 646 4328 2215 4396">
    <p class='ocr_par' dir='ltr' id='par_1_80' title="bbox 646 4328 2215 4396">
     <span class='ocr_line' id='line_1_82' title="bbox 646 4328 2215 4396; baseline 0.003 -15"><span class='ocrx_word' id='word_1_581' title='bbox 646 4328 742 4381; x_wconf 84' lang='lat' dir='ltr'><strong>sed</strong></span> <span class='ocrx_word' id='word_1_582' title='bbox 773 4329 892 4381; x_wconf 90' lang='lat' dir='ltr'><strong>licet</strong></span> <span class='ocrx_word' id='word_1_583' title='bbox 923 4328 971 4379; x_wconf 94' lang='lat' dir='ltr'><strong>in</strong></span> <span class='ocrx_word' id='word_1_584' title='bbox 999 4330 1182 4380; x_wconf 88' lang='lat' dir='ltr'><strong>eodem</strong></span> <span class='ocrx_word' id='word_1_585' title='bbox 1217 4330 1432 4395; x_wconf 88' lang='lat' dir='ltr'><strong>quidem</strong></span> <span class='ocrx_word' id='word_1_586' title='bbox 1467 4332 1583 4383; x_wconf 89' lang='lat' dir='ltr'><strong>vico</strong></span> <span class='ocrx_word' id='word_1_587' title='bbox 1623 4330 1848 4384; x_wconf 81' lang='lat' dir='ltr'><strong>Patricio</strong></span> <span class='ocrx_word' id='word_1_588' title='bbox 1894 4331 2106 4396; x_wconf 80' lang='lat' dir='ltr'><strong>fuerint,</strong></span> <span class='ocrx_word' id='word_1_589' title='bbox 2135 4334 2215 4385; x_wconf 89' lang='lat' dir='ltr'><strong>di-</strong></span> 
     </span>
    </p>
   </div>
   <div class='ocr_carea' id='block_1_81' title="bbox 648 4400 2216 4461">
    <p class='ocr_par' dir='ltr' id='par_1_81' title="bbox 648 4400 2216 4461">
     <span class='ocr_line' id='line_1_83' title="bbox 648 4400 2216 4461; baseline 0.003 -13"><span class='ocrx_word' id='word_1_590' title='bbox 648 4411 819 4449; x_wconf 67' lang='lat' dir='ltr'><strong>versa:</strong></span> <span class='ocrx_word' id='word_1_591' title='bbox 848 4404 1019 4449; x_wconf 82' lang='lat' dir='ltr'><strong>tamen</strong></span> <span class='ocrx_word' id='word_1_592' title='bbox 1043 4408 1193 4449; x_wconf 90' lang='lat' dir='ltr'><strong>erant</strong></span> <span class='ocrx_word' id='word_1_593' title='bbox 1215 4400 1484 4461; x_wconf 65' lang='lat' dir='ltr'><strong>ecclesia;</strong></span> <span class='ocrx_word' id='word_1_594' title='bbox 1515 4401 1608 4452; x_wconf 87' lang='lat' dir='ltr'><strong>sed</strong></span> <span class='ocrx_word' id='word_1_595' title='bbox 1630 4416 1749 4453; x_wconf 91' lang='lat' dir='ltr'><strong>cum</strong></span> <span class='ocrx_word' id='word_1_596' title='bbox 1777 4401 2001 4453; x_wconf 86' lang='lat' dir='ltr'><strong>ecclesia</strong></span> <span class='ocrx_word' id='word_1_597' title='bbox 2032 4401 2216 4454; x_wconf 79' lang='lat' dir='ltr'><strong>Pasto-</strong></span> 
     </span>
    </p>
   </div>
   <div class='ocr_carea' id='block_1_82' title="bbox 647 4467 2217 4535">
    <p class='ocr_par' dir='ltr' id='par_1_82' title="bbox 647 4467 2217 4535">
     <span class='ocr_line' id='line_1_84' title="bbox 647 4467 2217 4535; baseline 0.006 -17"><span class='ocrx_word' id='word_1_598' title='bbox 647 4467 720 4518; x_wconf 85' lang='lat' dir='ltr'><strong>ris</strong></span> <span class='ocrx_word' id='word_1_599' title='bbox 749 4467 828 4535; x_wconf 83' lang='lat' dir='ltr'><strong>vel</strong></span> <span class='ocrx_word' id='word_1_600' title='bbox 856 4468 1145 4518; x_wconf 88' lang='lat' dir='ltr'><strong>corruisset</strong></span> <span class='ocrx_word' id='word_1_601' title='bbox 1171 4470 1251 4518; x_wconf 91' lang='lat' dir='ltr'><strong>vel</strong></span> <span class='ocrx_word' id='word_1_602' title='bbox 1280 4468 1512 4521; x_wconf 89' lang='lat' dir='ltr'><strong>desolata</strong></span> <span class='ocrx_word' id='word_1_603' title='bbox 1546 4479 1707 4535; x_wconf 87' lang='lat' dir='ltr'><strong>esset,</strong></span> <span class='ocrx_word' id='word_1_604' title='bbox 1740 4470 1891 4522; x_wconf 80' lang='lat' dir='ltr'><strong>alteri</strong></span> <span class='ocrx_word' id='word_1_605' title='bbox 1927 4470 2103 4523; x_wconf 89' lang='lat' dir='ltr'><strong>unitus</strong></span> <span class='ocrx_word' id='word_1_606' title='bbox 2131 4480 2217 4526; x_wconf 84' lang='lat' dir='ltr'><strong>est</strong></span> 
     </span>
    </p>
   </div>
   <div class='ocr_carea' id='block_1_83' title="bbox 649 4534 2215 4605">
    <p class='ocr_par' dir='ltr' id='par_1_83' title="bbox 649 4534 2215 4605">
     <span class='ocr_line' id='line_1_85' title="bbox 649 4534 2215 4605; baseline 0.005 -17"><span class='ocrx_word' id='word_1_607' title='bbox 649 4534 834 4589; x_wconf 87' lang='lat' dir='ltr'><strong>titulus</strong></span> <span class='ocrx_word' id='word_1_608' title='bbox 864 4535 1000 4602; x_wconf 87' lang='lat' dir='ltr'><strong>ejus,</strong></span> <span class='ocrx_word' id='word_1_609' title='bbox 1034 4535 1291 4589; x_wconf 75' lang='lat' dir='ltr'><strong>incertum</strong></span> <span class='ocrx_word' id='word_1_610' title='bbox 1323 4539 1533 4605; x_wconf 90' lang='lat' dir='ltr'><strong>quando</strong></span> <span class='ocrx_word' id='word_1_611' title='bbox 1555 4548 1607 4590; x_wconf 90' lang='lat' dir='ltr'><strong>et</strong></span> <span class='ocrx_word' id='word_1_612' title='bbox 1646 4556 1751 4605; x_wconf 88' lang='lat' dir='ltr'><strong>quo</strong></span> <span class='ocrx_word' id='word_1_613' title='bbox 1792 4549 2032 4601; x_wconf 88' lang='lat' dir='ltr'><strong>auctore,</strong></span> <span class='ocrx_word' id='word_1_614' title='bbox 2075 4540 2215 4596; x_wconf 86' lang='lat' dir='ltr'><strong>forte</strong></span> 
     </span>
    </p>
   </div>
   <div class='ocr_carea' id='block_1_84' title="bbox 645 4604 2215 4677">
    <p class='ocr_par' dir='ltr' id='par_1_84' title="bbox 645 4604 2215 4677">
     <span class='ocr_line' id='line_1_86' title="bbox 645 4604 2215 4677; baseline 0.007 -22"><span class='ocrx_word' id='word_1_615' title='bbox 645 4620 772 4677; x_wconf 63' lang='lat' dir='ltr'><strong>vero</strong></span> <span class='ocrx_word' id='word_1_616' title='bbox 810 4606 907 4677; x_wconf 84' lang='lat' dir='ltr'><strong>sub</strong></span> <span class='ocrx_word' id='word_1_617' title='bbox 934 4604 1252 4677; x_wconf 70' lang='lat' dir='ltr'><strong>innocentia</strong></span> <span class='ocrx_word' id='word_1_618' title='bbox 1284 4604 1473 4677; x_wconf 84' lang='lat' dir='ltr'><strong>primo,</strong></span> <span class='ocrx_word' id='word_1_619' title='bbox 1508 4609 1584 4661; x_wconf 89' lang='lat' dir='ltr'><strong>vel</strong></span> <span class='ocrx_word' id='word_1_620' title='bbox 1626 4609 1814 4664; x_wconf 80' lang='lat' dir='ltr'><strong>saltem</strong></span> <span class='ocrx_word' id='word_1_621' title='bbox 1863 4612 2115 4677; x_wconf 85' lang='lat' dir='ltr'><strong>secundo,</strong></span> <span class='ocrx_word' id='word_1_622' title='bbox 2159 4620 2215 4666; x_wconf 89' lang='lat' dir='ltr'><strong>ut</strong></span> 
     </span>
    </p>
   </div>
   <div class='ocr_carea' id='block_1_85' title="bbox 642 4674 2216 4742">
    <p class='ocr_par' dir='ltr' id='par_1_85' title="bbox 642 4674 2216 4742">
     <span class='ocr_line' id='line_1_87' title="bbox 642 4674 2216 4742; baseline 0.004 -13"><span class='ocrx_word' id='word_1_623' title='bbox 642 4674 1008 4729; x_wconf 81' lang='lat' dir='ltr'><strong>ilenscltenius</strong></span> <span class='ocrx_word' id='word_1_624' title='bbox 1032 4674 1247 4742; x_wconf 73' lang='lat' dir='ltr'><strong>coniicit</strong></span> <span class='ocrx_word' id='word_1_625' title='bbox 1286 4678 1336 4729; x_wconf 93' lang='lat' dir='ltr'><strong>in</strong></span> <span class='ocrx_word' id='word_1_626' title='bbox 1384 4676 1781 4734; x_wconf 83' lang='lat' dir='ltr'><strong>Commentario</strong></span> <span class='ocrx_word' id='word_1_627' title='bbox 1809 4691 1932 4734; x_wconf 88' lang='lat' dir='ltr'><strong>ante</strong></span> <span class='ocrx_word' id='word_1_628' title='bbox 1959 4674 2216 4735; x_wconf 29' lang='lat' dir='ltr'><strong>At&#39;ta&#39;l’u-</strong></span> 
     </span>
    </p>
   </div>
   <div class='ocr_carea' id='block_1_86' title="bbox 642 4743 1486 4809">
    <p class='ocr_par' dir='ltr' id='par_1_86' title="bbox 642 4743 1486 4809">
     <span class='ocr_line' id='line_1_88' title="bbox 642 4743 1486 4809; baseline 0.006 -12"><span class='ocrx_word' id='word_1_629' title='bbox 642 4743 925 4808; x_wconf 76' lang='lat' dir='ltr'><strong>deuiiauie,</strong></span> <span class='ocrx_word' id='word_1_630' title='bbox 957 4758 1085 4809; x_wconf 58' lang='lat' dir='ltr'><strong>eun,</strong></span> <span class='ocrx_word' id='word_1_631' title='bbox 1118 4746 1203 4800; x_wconf 87' lang='lat' dir='ltr'><strong>die</strong></span> <span class='ocrx_word' id='word_1_632' title='bbox 1230 4762 1317 4801; x_wconf 73' lang='grc' dir='ltr'>χιι</span> <span class='ocrx_word' id='word_1_633' title='bbox 1347 4748 1486 4802; x_wconf 78' lang='lat' dir='ltr'><strong>Maii.</strong></span> 
     </span>
    </p>
   </div>
   <div class='ocr_carea' id='block_1_87' title="bbox 715 4813 2207 4885">
    <p class='ocr_par' dir='ltr' id='par_1_87' title="bbox 715 4813 2207 4885">
     <span class='ocr_line' id='line_1_89' title="bbox 715 4813 2207 4885; baseline 0.003 -16"><span class='ocrx_word' id='word_1_634' title='bbox 715 4813 739 4852; x_wconf 71' lang='grc' dir='ltr'><strong>ιι</strong></span> <span class='ocrx_word' id='word_1_635' title='bbox 769 4814 1119 4885; x_wconf 77' lang='lat' dir='ltr'><strong>Symphroni’i.</strong></span> <span class='ocrx_word' id='word_1_636' title='bbox 1150 4818 1249 4882; x_wconf 87' lang='lat' dir='ltr'><strong>Qui</strong></span> <span class='ocrx_word' id='word_1_637' title='bbox 1293 4820 1516 4872; x_wconf 77' lang='lat' dir='ltr'><strong>lallllJlllS</strong></span> <span class='ocrx_word' id='word_1_638' title='bbox 1567 4820 1660 4873; x_wconf 86' lang='lat' dir='ltr'><strong>fuit</strong></span> <span class='ocrx_word' id='word_1_639' title='bbox 1708 4819 1934 4873; x_wconf 83' lang='lat' dir='ltr'><strong>Nemesii</strong></span> <span class='ocrx_word' id='word_1_640' title='bbox 1990 4819 2207 4873; x_wconf 88' lang='lat' dir='ltr'><strong>tribuni.</strong></span> 
     </span>
    </p>
   </div>
   <div class='ocr_carea' id='block_1_88' title="bbox 641 4884 2209 4957">
    <p class='ocr_par' dir='ltr' id='par_1_88' title="bbox 641 4884 2209 4957">
     <span class='ocr_line' id='line_1_90' title="bbox 641 4884 2209 4957; baseline 0.005 -21"><span class='ocrx_word' id='word_1_641' title='bbox 641 4884 773 4957; x_wconf 85' lang='lat' dir='ltr'><strong>Cum</strong></span> <span class='ocrx_word' id='word_1_642' title='bbox 821 4898 992 4938; x_wconf 86' lang='lat' dir='ltr'><strong>autem</strong></span> <span class='ocrx_word' id='word_1_643' title='bbox 1043 4888 1285 4957; x_wconf 75' lang='lat' dir='ltr'><strong>()lyinpio</strong></span> <span class='ocrx_word' id='word_1_644' title='bbox 1335 4893 1543 4941; x_wconf 84' lang='lat' dir='ltr'><strong>trihuuo</strong></span> <span class='ocrx_word' id='word_1_645' title='bbox 1593 4891 1920 4957; x_wconf 81' lang='lat' dir='ltr'><strong>inquirente,</strong></span> <span class='ocrx_word' id='word_1_646' title='bbox 1964 4906 2024 4943; x_wconf 89' lang='lat' dir='ltr'><strong>se</strong></span> <span class='ocrx_word' id='word_1_647' title='bbox 2068 4893 2209 4944; x_wconf 90' lang='lat' dir='ltr'><strong>chri-</strong></span> 
     </span>
    </p>
   </div>
   <div class='ocr_carea' id='block_1_89' title="bbox 641 4954 2210 5023">
    <p class='ocr_par' dir='ltr' id='par_1_89' title="bbox 641 4954 2210 5023">
     <span class='ocr_line' id='line_1_91' title="bbox 641 4954 2210 5023; baseline 0.004 -16"><span class='ocrx_word' id='word_1_648' title='bbox 641 4955 869 5023; x_wconf 75' lang='lat' dir='ltr'><strong>Stiatiuni</strong></span> <span class='ocrx_word' id='word_1_649' title='bbox 898 4969 1015 5008; x_wconf 90' lang='lat' dir='ltr'><strong>esse</strong></span> <span class='ocrx_word' id='word_1_650' title='bbox 1044 4954 1215 5009; x_wconf 81' lang='lat' dir='ltr'><strong>fassus</strong></span> <span class='ocrx_word' id='word_1_651' title='bbox 1256 4970 1419 5021; x_wconf 88' lang='lat' dir='ltr'><strong>esset,</strong></span> <span class='ocrx_word' id='word_1_652' title='bbox 1452 4954 1678 5011; x_wconf 69' lang='lat' dir='ltr'><strong>ahatuiit</strong></span> <span class='ocrx_word' id='word_1_653' title='bbox 1697 4971 1779 5014; x_wconf 90' lang='lat' dir='ltr'><strong>est</strong></span> <span class='ocrx_word' id='word_1_654' title='bbox 1807 4962 1983 5023; x_wconf 83' lang='lat' dir='ltr'><strong>Martis</strong></span> <span class='ocrx_word' id='word_1_655' title='bbox 2015 4962 2210 5014; x_wconf 88' lang='lat' dir='ltr'><strong>iduluut</strong></span> 
     </span>
    </p>
   </div>
   <div class='ocr_carea' id='block_1_90' title="bbox 644 5022 2209 5096">
    <p class='ocr_par' dir='ltr' id='par_1_90' title="bbox 644 5022 2209 5096">
     <span class='ocr_line' id='line_1_92' title="bbox 644 5022 2209 5096; baseline 0.008 -22"><span class='ocrx_word' id='word_1_656' title='bbox 644 5022 846 5096; x_wconf 78' lang='lat' dir='ltr'><strong>inejus</strong></span> <span class='ocrx_word' id='word_1_657' title='bbox 888 5038 1250 5093; x_wconf 88' lang='lat' dir='ltr'><strong>conspectum.</strong></span> <span class='ocrx_word' id='word_1_658' title='bbox 1283 5029 1430 5091; x_wconf 88' lang='lat' dir='ltr'><strong>Quod</strong></span> <span class='ocrx_word' id='word_1_659' title='bbox 1471 5044 1589 5093; x_wconf 80' lang='lat' dir='ltr'><strong>cuin</strong></span> <span class='ocrx_word' id='word_1_660' title='bbox 1643 5022 1990 5096; x_wconf 86' lang='lat' dir='ltr'><strong>Sempronius</strong></span> <span class='ocrx_word' id='word_1_661' title='bbox 2033 5030 2209 5087; x_wconf 85' lang='lat' dir='ltr'><strong>vidit:</strong></span> 
     </span>
    </p>
   </div>
   <div class='ocr_carea' id='block_1_91' title="bbox 645 5093 2212 5163">
    <p class='ocr_par' dir='ltr' id='par_1_91' title="bbox 645 5093 2212 5163">
     <span class='ocr_line' id='line_1_93' title="bbox 645 5093 2212 5163; baseline 0.006 -20"><span class='ocrx_word' id='word_1_662' title='bbox 645 5109 667 5143; x_wconf 75' lang='grc' dir='ltr'>ι</span> <span class='ocrx_word' id='word_1_663' title='bbox 696 5093 964 5158; x_wconf 82' lang='lat' dir='ltr'><strong>Conterat,</strong></span> <span class='ocrx_word' id='word_1_664' title='bbox 998 5096 1188 5163; x_wconf 89' lang='lat' dir='ltr'><strong>inquit,</strong></span> <span class='ocrx_word' id='word_1_665' title='bbox 1218 5105 1269 5150; x_wconf 90' lang='lat' dir='ltr'><strong>te</strong></span> <span class='ocrx_word' id='word_1_666' title='bbox 1299 5098 1552 5150; x_wconf 84' lang='lat' dir='ltr'><strong>Dominus</strong></span> <span class='ocrx_word' id='word_1_667' title='bbox 1580 5098 1732 5151; x_wconf 79' lang='lat' dir='ltr'><strong>Jesus</strong></span> <span class='ocrx_word' id='word_1_668' title='bbox 1759 5093 2017 5151; x_wconf 80' lang='lat' dir='ltr'><strong>Christus.</strong></span> <span class='ocrx_word' id='word_1_669' title='bbox 2052 5116 2070 5149; x_wconf 74' lang='grc' dir='ltr'><strong>ι</strong></span> <span class='ocrx_word' id='word_1_670' title='bbox 2102 5100 2212 5153; x_wconf 91' lang='lat' dir='ltr'><strong>lloc</strong></span> 
     </span>
    </p>
   </div>
   <div class='ocr_carea' id='block_1_92' title="bbox 639 5163 2209 5237">
    <p class='ocr_par' dir='ltr' id='par_1_92' title="bbox 639 5163 2209 5237">
     <span class='ocr_line' id='line_1_94' title="bbox 639 5163 2209 5237; baseline 0.004 -23"><span class='ocrx_word' id='word_1_671' title='bbox 639 5163 800 5229; x_wconf 86' lang='lat' dir='ltr'><strong>dicto,</strong></span> <span class='ocrx_word' id='word_1_672' title='bbox 836 5173 1050 5237; x_wconf 77' lang='lat' dir='ltr'><strong>repente</strong></span> <span class='ocrx_word' id='word_1_673' title='bbox 1081 5165 1277 5237; x_wconf 81' lang='lat' dir='ltr'><strong>idolum</strong></span> <span class='ocrx_word' id='word_1_674' title='bbox 1312 5168 1646 5233; x_wconf 78' lang='lat' dir='ltr'><strong>liquefactum</strong></span> <span class='ocrx_word' id='word_1_675' title='bbox 1676 5176 1778 5221; x_wconf 89' lang='lat' dir='ltr'><strong>est.</strong></span> <span class='ocrx_word' id='word_1_676' title='bbox 1812 5170 2086 5237; x_wconf 80' lang='lat' dir='ltr'><strong>Olympius</strong></span> <span class='ocrx_word' id='word_1_677' title='bbox 2115 5186 2209 5221; x_wconf 84' lang='lat' dir='ltr'><strong>au-</strong></span> 
     </span>
    </p>
   </div>
   <div class='ocr_carea' id='block_1_93' title="bbox 640 5234 2211 5307">
    <p class='ocr_par' dir='ltr' id='par_1_93' title="bbox 640 5234 2211 5307">
     <span class='ocr_line' id='line_1_95' title="bbox 640 5234 2211 5307; baseline 0.004 -21"><span class='ocrx_word' id='word_1_678' title='bbox 640 5240 743 5307; x_wconf 56' lang='lat' dir='ltr'><strong>tem</strong></span> <span class='ocrx_word' id='word_1_679' title='bbox 792 5234 857 5286; x_wconf 87' lang='lat' dir='ltr'><strong>ad</strong></span> <span class='ocrx_word' id='word_1_680' title='bbox 906 5248 1123 5307; x_wconf 77' lang='lat' dir='ltr'><strong>uxorem</strong></span> <span class='ocrx_word' id='word_1_681' title='bbox 1173 5235 1492 5307; x_wconf 77' lang='lat' dir='ltr'><strong>Exuperiam</strong></span> <span class='ocrx_word' id='word_1_682' title='bbox 1542 5239 1759 5291; x_wconf 79' lang='lat' dir='ltr'><strong>veniens</strong></span> <span class='ocrx_word' id='word_1_683' title='bbox 1807 5234 2040 5291; x_wconf 76' lang='lat' dir='ltr'><strong>narravit</strong></span> <span class='ocrx_word' id='word_1_684' title='bbox 2085 5238 2211 5307; x_wconf 89' lang='lat' dir='ltr'><strong>quid</strong></span> 
     </span>
    </p>
   </div>
   <div class='ocr_carea' id='block_1_94' title="bbox 638 5301 2212 5371">
    <p class='ocr_par' dir='ltr' id='par_1_94' title="bbox 638 5301 2212 5371">
     <span class='ocr_line' id='line_1_96' title="bbox 638 5301 2212 5371; baseline 0.005 -17"><span class='ocrx_word' id='word_1_685' title='bbox 638 5301 983 5370; x_wconf 69' lang='lat' dir='ltr'><strong>Sempronius</strong></span> <span class='ocrx_word' id='word_1_686' title='bbox 1034 5301 1515 5359; x_wconf 68' lang='lat' dir='ltr'><strong>ittvocatoClitisti</strong></span> <span class='ocrx_word' id='word_1_687' title='bbox 1562 5308 1773 5359; x_wconf 87' lang='lat' dir='ltr'><strong>nomine</strong></span> <span class='ocrx_word' id='word_1_688' title='bbox 1820 5307 2070 5371; x_wconf 72' lang='lat' dir='ltr'><strong>fecisset,</strong></span> <span class='ocrx_word' id='word_1_689' title='bbox 2103 5301 2212 5362; x_wconf 54' lang='lat' dir='ltr'><strong>&#39;nec</strong></span> 
     </span>
    </p>
   </div>
   <div class='ocr_carea' id='block_1_95' title="bbox 636 5372 2211 5438">
    <p class='ocr_par' dir='ltr' id='par_1_95' title="bbox 636 5372 2211 5438">
     <span class='ocr_line' id='line_1_97' title="bbox 636 5372 2211 5438; baseline 0.006 -16"><span class='ocrx_word' id='word_1_690' title='bbox 636 5385 807 5437; x_wconf 89' lang='lat' dir='ltr'><strong>mora,</strong></span> <span class='ocrx_word' id='word_1_691' title='bbox 850 5374 900 5427; x_wconf 88' lang='lat' dir='ltr'><strong>iii</strong></span> <span class='ocrx_word' id='word_1_692' title='bbox 947 5372 1215 5426; x_wconf 85' lang='lat' dir='ltr'><strong>Christum</strong></span> <span class='ocrx_word' id='word_1_693' title='bbox 1264 5376 1517 5438; x_wconf 86' lang='lat' dir='ltr'><strong>credidit;</strong></span> <span class='ocrx_word' id='word_1_694' title='bbox 1560 5387 1613 5430; x_wconf 89' lang='lat' dir='ltr'><strong>et</strong></span> <span class='ocrx_word' id='word_1_695' title='bbox 1650 5376 1933 5430; x_wconf 86' lang='lat' dir='ltr'><strong>confractis</strong></span> <span class='ocrx_word' id='word_1_696' title='bbox 1961 5380 2211 5431; x_wconf 90' lang='lat' dir='ltr'><strong>omnibus</strong></span> 
     </span>
    </p>
   </div>
   <div class='ocr_carea' id='block_1_96' title="bbox 638 5440 2211 5511">
    <p class='ocr_par' dir='ltr' id='par_1_96' title="bbox 638 5440 2211 5511">
     <span class='ocr_line' id='line_1_98' title="bbox 638 5440 2211 5511; baseline 0.006 -21"><span class='ocrx_word' id='word_1_697' title='bbox 638 5440 741 5493; x_wconf 89' lang='lat' dir='ltr'><strong>diis</strong></span> <span class='ocrx_word' id='word_1_698' title='bbox 768 5444 896 5504; x_wconf 88' lang='lat' dir='ltr'><strong>suis,</strong></span> <span class='ocrx_word' id='word_1_699' title='bbox 933 5444 1225 5511; x_wconf 85' lang='lat' dir='ltr'><strong>baptizatus</strong></span> <span class='ocrx_word' id='word_1_700' title='bbox 1253 5453 1335 5498; x_wconf 82' lang='lat' dir='ltr'><strong>est</strong></span> <span class='ocrx_word' id='word_1_701' title='bbox 1363 5461 1481 5501; x_wconf 91' lang='lat' dir='ltr'><strong>cum</strong></span> <span class='ocrx_word' id='word_1_702' title='bbox 1513 5462 1676 5501; x_wconf 81' lang='lat' dir='ltr'><strong>uxore</strong></span> <span class='ocrx_word' id='word_1_703' title='bbox 1712 5457 1765 5500; x_wconf 92' lang='lat' dir='ltr'><strong>et</strong></span> <span class='ocrx_word' id='word_1_704' title='bbox 1794 5447 1903 5500; x_wconf 89' lang='lat' dir='ltr'><strong>tilio</strong></span> <span class='ocrx_word' id='word_1_705' title='bbox 1935 5447 2211 5500; x_wconf 88' lang='lat' dir='ltr'><strong>Theodulo</strong></span> 
     </span>
    </p>
   </div>
   <div class='ocr_carea' id='block_1_97' title="bbox 635 5512 2207 5584">
    <p class='ocr_par' dir='ltr' id='par_1_97' title="bbox 635 5512 2207 5584">
     <span class='ocr_line' id='line_1_99' title="bbox 635 5512 2207 5584; baseline 0.007 -24"><span class='ocrx_word' id='word_1_706' title='bbox 635 5522 664 5584; x_wconf 59' lang='grc' dir='ltr'><strong>ᾳ</strong></span> <span class='ocrx_word' id='word_1_707' title='bbox 697 5513 757 5563; x_wconf 76' lang='grc' dir='ltr'><strong>Β.</strong></span> <span class='ocrx_word' id='word_1_708' title='bbox 787 5512 1054 5584; x_wconf 87' lang='lat' dir='ltr'><strong>Stephano</strong></span> <span class='ocrx_word' id='word_1_709' title='bbox 1100 5516 1364 5580; x_wconf 80' lang='lat' dir='ltr'><strong>pontifice.</strong></span> <span class='ocrx_word' id='word_1_710' title='bbox 1412 5513 1730 5584; x_wconf 88' lang='lat' dir='ltr'><strong>Sempronio</strong></span> <span class='ocrx_word' id='word_1_711' title='bbox 1769 5519 1910 5580; x_wconf 86' lang='lat' dir='ltr'><strong>iussu</strong></span> <span class='ocrx_word' id='word_1_712' title='bbox 1948 5516 2207 5572; x_wconf 70' lang='lat' dir='ltr'><strong>Valeriani</strong></span> 
     </span>
    </p>
   </div>
   <div class='ocr_carea' id='block_1_98' title="bbox 638 5578 2208 5653">
    <p class='ocr_par' dir='ltr' id='par_1_98' title="bbox 638 5578 2208 5653">
     <span class='ocr_line' id='line_1_100' title="bbox 638 5578 2208 5653; baseline 0.003 -19"><span class='ocrx_word' id='word_1_713' title='bbox 638 5578 973 5653; x_wconf 77' lang='lat' dir='ltr'><strong>imperatoris</strong></span> <span class='ocrx_word' id='word_1_714' title='bbox 1003 5578 1211 5650; x_wconf 82' lang='lat' dir='ltr'><strong>ignibus</strong></span> <span class='ocrx_word' id='word_1_715' title='bbox 1237 5597 1445 5652; x_wconf 77' lang='lat' dir='ltr'><strong>exusto,</strong></span> <span class='ocrx_word' id='word_1_716' title='bbox 1479 5578 1623 5640; x_wconf 76' lang='lat' dir='ltr'><strong>venit</strong></span> <span class='ocrx_word' id='word_1_717' title='bbox 1663 5587 1720 5640; x_wconf 78' lang='grc' dir='ltr'><strong>Β.</strong></span> <span class='ocrx_word' id='word_1_718' title='bbox 1759 5578 2059 5653; x_wconf 84' lang='lat' dir='ltr'><strong>Stephanus</strong></span> <span class='ocrx_word' id='word_1_719' title='bbox 2090 5602 2208 5640; x_wconf 89' lang='lat' dir='ltr'><strong>cuin</strong></span> 
     </span>
    </p>
   </div>
   <div class='ocr_carea' id='block_1_99' title="bbox 636 5650 2208 5725">
    <p class='ocr_par' dir='ltr' id='par_1_99' title="bbox 636 5650 2208 5725">
     <span class='ocr_line' id='line_1_101' title="bbox 636 5650 2208 5725; baseline 0.006 -28"><span class='ocrx_word' id='word_1_720' title='bbox 636 5650 841 5725; x_wconf 76' lang='lat' dir='ltr'><strong>clericis</strong></span> <span class='ocrx_word' id='word_1_721' title='bbox 867 5654 1072 5725; x_wconf 77' lang='lat' dir='ltr'><strong>et__viris</strong></span> <span class='ocrx_word' id='word_1_722' title='bbox 1093 5655 1372 5722; x_wconf 80' lang='lat' dir='ltr'><strong>religiosis,</strong></span> <span class='ocrx_word' id='word_1_723' title='bbox 1402 5650 1459 5710; x_wconf 87' lang='grc'><strong>8.</strong></span> <span class='ocrx_word' id='word_1_724' title='bbox 1492 5657 1790 5723; x_wconf 82' lang='lat' dir='ltr'><strong>Sempronii</strong></span> <span class='ocrx_word' id='word_1_725' title='bbox 1823 5650 2070 5725; x_wconf 84' lang='lat' dir='ltr'><strong>reliquias</strong></span> <span class='ocrx_word' id='word_1_726' title='bbox 2099 5660 2208 5709; x_wconf 76' lang='lat' dir='ltr'><strong>col-</strong></span> 
     </span>
    </p>
   </div>
   <div class='ocr_carea' id='block_1_100' title="bbox 637 5716 2209 5795">
    <p class='ocr_par' dir='ltr' id='par_1_100' title="bbox 637 5716 2209 5795">
     <span class='ocr_line' id='line_1_102' title="bbox 637 5716 2209 5795; baseline 0.006 -24"><span class='ocrx_word' id='word_1_727' title='bbox 637 5716 776 5786; x_wconf 64' lang='lat' dir='ltr'><strong>legit,</strong></span> <span class='ocrx_word' id='word_1_728' title='bbox 826 5728 879 5772; x_wconf 86' lang='lat' dir='ltr'><strong>et</strong></span> <span class='ocrx_word' id='word_1_729' title='bbox 925 5719 1041 5774; x_wconf 82' lang='lat' dir='ltr'><strong>illas</strong></span> <span class='ocrx_word' id='word_1_730' title='bbox 1082 5716 1217 5777; x_wconf 67' lang='grc' dir='ltr'><strong>θυιιῖ</strong></span> <span class='ocrx_word' id='word_1_731' title='bbox 1242 5716 1470 5794; x_wconf 79' lang='lat' dir='ltr'><strong>Olympii</strong></span> <span class='ocrx_word' id='word_1_732' title='bbox 1511 5737 1561 5781; x_wconf 89' lang='lat' dir='ltr'><strong>et</strong></span> <span class='ocrx_word' id='word_1_733' title='bbox 1601 5716 1889 5795; x_wconf 74' lang='lat' dir='ltr'><strong>sociorum,</strong></span> <span class='ocrx_word' id='word_1_734' title='bbox 1935 5716 2021 5795; x_wconf 72' lang='lat' dir='ltr'><strong>qui</strong></span> <span class='ocrx_word' id='word_1_735' title='bbox 2064 5730 2209 5795; x_wconf 85' lang='lat' dir='ltr'><strong>prius</strong></span> 
     </span>
    </p>
   </div>
   <div class='ocr_carea' id='block_1_101' title="bbox 2330 3136 3901 3259">
    <p class='ocr_par' dir='ltr' id='par_1_101' title="bbox 2330 3136 3901 3259">
     <span class='ocr_line' id='line_1_103' title="bbox 2330 3136 3901 3259; baseline 0.007 -71"><span class='ocrx_word' id='word_1_736' title='bbox 2330 3205 2362 3259; x_wconf 38' lang='grc' dir='ltr'><strong>Ι.</strong></span> <span class='ocrx_word' id='word_1_737' title='bbox 2405 3145 2427 3172; x_wconf 80' lang='grc'><strong><em>⁸</em></strong></span> <span class='ocrx_word' id='word_1_738' title='bbox 2461 3139 2635 3205; x_wconf 65' lang='lat' dir='ltr'><strong>Syria.</strong></span> <span class='ocrx_word' id='word_1_739' title='bbox 2669 3138 2966 3194; x_wconf 87' lang='lat' dir='ltr'><strong>Secundum</strong></span> <span class='ocrx_word' id='word_1_740' title='bbox 2997 3137 3231 3193; x_wconf 85' lang='lat' dir='ltr'><strong>Adonem</strong></span> <span class='ocrx_word' id='word_1_741' title='bbox 3262 3146 3317 3192; x_wconf 87' lang='lat' dir='ltr'><strong>et</strong></span> <span class='ocrx_word' id='word_1_742' title='bbox 3342 3136 3632 3195; x_wconf 85' lang='lat' dir='ltr'><strong>Usuardum</strong></span> <span class='ocrx_word' id='word_1_743' title='bbox 3679 3141 3731 3196; x_wconf 89' lang='lat' dir='ltr'><strong>in</strong></span> <span class='ocrx_word' id='word_1_744' title='bbox 3762 3141 3901 3198; x_wconf 84' lang='lat' dir='ltr'><strong>Sici-</strong></span> 
     </span>
     <span class='ocr_line' id='line_1_104' title="bbox 2350 3222 2417 3259; baseline -0.03 0"><span class='ocrx_word' id='word_1_745' title='bbox 2350 3222 2417 3259; x_wconf 88' lang='lat' dir='ltr'><strong>ia.</strong></span> 
     </span>
    </p>
   </div>
   <div class='ocr_carea' id='block_1_102' title="bbox 2403 3274 3901 3347">
    <p class='ocr_par' dir='ltr' id='par_1_102' title="bbox 2403 3274 3901 3347">
     <span class='ocr_line' id='line_1_105' title="bbox 2403 3274 3901 3347; baseline 0.006 -18"><span class='ocrx_word' id='word_1_746' title='bbox 2403 3274 2420 3313; x_wconf 69' lang='grc' dir='ltr'><strong>ί</strong></span> <span class='ocrx_word' id='word_1_747' title='bbox 2452 3274 2647 3331; x_wconf 79' lang='lat' dir='ltr'><strong>Etlieri.</strong></span> <span class='ocrx_word' id='word_1_748' title='bbox 2677 3278 2774 3344; x_wconf 91' lang='lat' dir='ltr'><strong>Qui</strong></span> <span class='ocrx_word' id='word_1_749' title='bbox 2808 3288 2921 3347; x_wconf 88' lang='lat' dir='ltr'><strong>post</strong></span> <span class='ocrx_word' id='word_1_750' title='bbox 2952 3278 3245 3332; x_wconf 81' lang='lat' dir='ltr'><strong>Romanum</strong></span> <span class='ocrx_word' id='word_1_751' title='bbox 3273 3279 3406 3333; x_wconf 88' lang='lat' dir='ltr'><strong>sedit</strong></span> <span class='ocrx_word' id='word_1_752' title='bbox 3428 3290 3639 3334; x_wconf 83' lang='lat' dir='ltr'><strong>octavus</strong></span> <span class='ocrx_word' id='word_1_753' title='bbox 3661 3280 3901 3338; x_wconf 89' lang='lat' dir='ltr'><strong>decimus</strong></span> 
     </span>
    </p>
   </div>
   <div class='ocr_carea' id='block_1_103' title="bbox 2323 3347 3902 3414">
    <p class='ocr_par' dir='ltr' id='par_1_103' title="bbox 2323 3347 3902 3414">
     <span class='ocr_line' id='line_1_106' title="bbox 2323 3347 3902 3414; baseline 0.003 -13"><span class='ocrx_word' id='word_1_754' title='bbox 2323 3347 2605 3414; x_wconf 85' lang='lat' dir='ltr'><strong>episeopus</strong></span> <span class='ocrx_word' id='word_1_755' title='bbox 2632 3350 3106 3403; x_wconf 56' lang='lat' dir='ltr'><strong>Autissiodmcnsis</strong></span> <span class='ocrx_word' id='word_1_756' title='bbox 3132 3364 3298 3402; x_wconf 87' lang='lat' dir='ltr'><strong>annos</strong></span> <span class='ocrx_word' id='word_1_757' title='bbox 3320 3350 3373 3413; x_wconf 91' lang='lat'><strong>9,</strong></span> <span class='ocrx_word' id='word_1_758' title='bbox 3398 3364 3601 3403; x_wconf 86' lang='lat' dir='ltr'><strong>menses</strong></span> <span class='ocrx_word' id='word_1_759' title='bbox 3622 3352 3673 3404; x_wconf 85' lang='lat'><strong>6.</strong></span> <span class='ocrx_word' id='word_1_760' title='bbox 3704 3353 3870 3406; x_wconf 82' lang='lat' dir='ltr'><strong>Defnn</strong></span> <span class='ocrx_word' id='word_1_761' title='bbox 3890 3383 3902 3395; x_wconf 85' lang='lat'><strong>-</strong></span> 
     </span>
    </p>
   </div>
   <div class='ocr_carea' id='block_1_104' title="bbox 2326 3418 3901 3491">
    <p class='ocr_par' dir='ltr' id='par_1_104' title="bbox 2326 3418 3901 3491">
     <span class='ocr_line' id='line_1_107' title="bbox 2326 3418 3901 3491; baseline 0.004 -21"><span class='ocrx_word' id='word_1_762' title='bbox 2326 3427 2443 3491; x_wconf 78' lang='lat' dir='ltr'><strong>ctus</strong></span> <span class='ocrx_word' id='word_1_763' title='bbox 2473 3420 2708 3491; x_wconf 77' lang='lat' dir='ltr'><strong>sepultus</strong></span> <span class='ocrx_word' id='word_1_764' title='bbox 2738 3430 2817 3491; x_wconf 89' lang='lat' dir='ltr'><strong>est</strong></span> <span class='ocrx_word' id='word_1_765' title='bbox 2847 3421 2896 3472; x_wconf 86' lang='lat' dir='ltr'><strong>iii</strong></span> <span class='ocrx_word' id='word_1_766' title='bbox 2933 3420 3141 3473; x_wconf 88' lang='lat' dir='ltr'><strong>basilica</strong></span> <span class='ocrx_word' id='word_1_767' title='bbox 3175 3421 3233 3472; x_wconf 80' lang='grc' dir='ltr'><strong>Β.</strong></span> <span class='ocrx_word' id='word_1_768' title='bbox 3260 3418 3529 3491; x_wconf 56' lang='lat' dir='ltr'><strong>Germani.</strong></span> <span class='ocrx_word' id='word_1_769' title='bbox 3561 3421 3674 3491; x_wconf 76' lang='lat' dir='ltr'><strong>Fuit</strong></span> <span class='ocrx_word' id='word_1_770' title='bbox 3696 3432 3901 3491; x_wconf 87' lang='lat' dir='ltr'><strong>tempo-</strong></span> 
     </span>
    </p>
   </div>
   <div class='ocr_carea' id='block_1_105' title="bbox 2324 3487 3896 3557">
    <p class='ocr_par' dir='ltr' id='par_1_105' title="bbox 2324 3487 3896 3557">
     <span class='ocr_line' id='line_1_108' title="bbox 2324 3487 3896 3557; baseline 0.005 -18"><span class='ocrx_word' id='word_1_771' title='bbox 2324 3487 2469 3541; x_wconf 86' lang='lat' dir='ltr'><strong>ribus</strong></span> <span class='ocrx_word' id='word_1_772' title='bbox 2503 3489 2770 3542; x_wconf 76' lang='lat' dir='ltr'><strong>benedicti</strong></span> <span class='ocrx_word' id='word_1_773' title='bbox 2822 3504 2992 3557; x_wconf 76' lang='lat' dir='ltr'><strong>papic,</strong></span> <span class='ocrx_word' id='word_1_774' title='bbox 3039 3491 3331 3557; x_wconf 88' lang='lat' dir='ltr'><strong>imperante</strong></span> <span class='ocrx_word' id='word_1_775' title='bbox 3377 3490 3589 3545; x_wconf 85' lang='lat' dir='ltr'><strong>Tiberio</strong></span> <span class='ocrx_word' id='word_1_776' title='bbox 3632 3487 3896 3547; x_wconf 74' lang='lat' dir='ltr'><strong>Constan-</strong></span> 
     </span>
    </p>
   </div>
   <div class='ocr_carea' id='block_1_106' title="bbox 2324 3556 3476 3629">
    <p class='ocr_par' dir='ltr' id='par_1_106' title="bbox 2324 3556 3476 3629">
     <span class='ocr_line' id='line_1_109' title="bbox 2324 3556 3476 3629; baseline 0 -18"><span class='ocrx_word' id='word_1_777' title='bbox 2324 3556 2675 3629; x_wconf 73' lang='lat' dir='ltr'><strong>tino._L.tsttst</strong></span> <span class='ocrx_word' id='word_1_778' title='bbox 2705 3556 2836 3629; x_wconf 75' lang='lat' dir='ltr'><strong>Bibl.</strong></span> <span class='ocrx_word' id='word_1_779' title='bbox 2871 3559 3003 3613; x_wconf 87' lang='lat' dir='ltr'><strong>Nov.</strong></span> <span class='ocrx_word' id='word_1_780' title='bbox 3033 3556 3159 3613; x_wconf 85' lang='lat' dir='ltr'><strong>tom.</strong></span> <span class='ocrx_word' id='word_1_781' title='bbox 3194 3561 3230 3622; x_wconf 85' lang='lat' dir='ltr'><strong>I,</strong></span> <span class='ocrx_word' id='word_1_782' title='bbox 3268 3577 3316 3629; x_wconf 87' lang='lat' dir='ltr'><strong>p.</strong></span> <span class='ocrx_word' id='word_1_783' title='bbox 3355 3558 3476 3613; x_wconf 74' lang='grc'><strong>419.</strong></span> 
     </span>
    </p>
   </div>
   <div class='ocr_carea' id='block_1_107' title="bbox 2395 3627 3899 3691">
    <p class='ocr_par' dir='ltr' id='par_1_107' title="bbox 2395 3627 3899 3691">
     <span class='ocr_line' id='line_1_110' title="bbox 2395 3627 3899 3691; baseline 0.005 -12"><span class='ocrx_word' id='word_1_784' title='bbox 2395 3636 2419 3673; x_wconf 74' lang='lat'><strong>8</strong></span> <span class='ocrx_word' id='word_1_785' title='bbox 2457 3627 2698 3683; x_wconf 73' lang='lat' dir='ltr'><strong>Nazarii.</strong></span> <span class='ocrx_word' id='word_1_786' title='bbox 2735 3628 2795 3681; x_wconf 88' lang='lat' dir='ltr'><strong>lli</strong></span> <span class='ocrx_word' id='word_1_787' title='bbox 2828 3644 2929 3682; x_wconf 91' lang='lat' dir='ltr'><strong>non</strong></span> <span class='ocrx_word' id='word_1_788' title='bbox 2969 3631 3068 3684; x_wconf 89' lang='lat' dir='ltr'><strong>sub</strong></span> <span class='ocrx_word' id='word_1_789' title='bbox 3111 3627 3340 3691; x_wconf 87' lang='lat' dir='ltr'><strong>Juliano,</strong></span> <span class='ocrx_word' id='word_1_790' title='bbox 3389 3630 3480 3684; x_wconf 86' lang='lat' dir='ltr'><strong>sed</strong></span> <span class='ocrx_word' id='word_1_791' title='bbox 3520 3630 3617 3685; x_wconf 86' lang='lat' dir='ltr'><strong>sub</strong></span> <span class='ocrx_word' id='word_1_792' title='bbox 3670 3633 3899 3687; x_wconf 79' lang='lat' dir='ltr'><strong>Anulino</strong></span> 
     </span>
    </p>
   </div>
   <div class='ocr_carea' id='block_1_108' title="bbox 2324 3698 3905 3771">
    <p class='ocr_par' dir='ltr' id='par_1_108' title="bbox 2324 3698 3905 3771">
     <span class='ocr_line' id='line_1_111' title="bbox 2324 3698 3905 3771; baseline 0.005 -22"><span class='ocrx_word' id='word_1_793' title='bbox 2324 3698 2559 3771; x_wconf 9' lang='lat' dir='ltr'><strong>praeside,</strong></span> <span class='ocrx_word' id='word_1_794' title='bbox 2583 3698 2718 3767; x_wconf 89' lang='lat' dir='ltr'><strong>passi</strong></span> <span class='ocrx_word' id='word_1_795' title='bbox 2762 3706 2904 3763; x_wconf 91' lang='lat' dir='ltr'><strong>sunt,</strong></span> <span class='ocrx_word' id='word_1_796' title='bbox 2939 3709 3056 3767; x_wconf 86' lang='lat' dir='ltr'><strong>post</strong></span> <span class='ocrx_word' id='word_1_797' title='bbox 3106 3700 3271 3771; x_wconf 85' lang='lat' dir='ltr'><strong>varia</strong></span> <span class='ocrx_word' id='word_1_798' title='bbox 3299 3715 3376 3753; x_wconf 87' lang='lat' dir='ltr'><strong>se.</strong></span> <span class='ocrx_word' id='word_1_799' title='bbox 3428 3711 3679 3771; x_wconf 86' lang='lat' dir='ltr'><strong>tormenta</strong></span> <span class='ocrx_word' id='word_1_800' title='bbox 3719 3705 3905 3771; x_wconf 60' lang='lat' dir='ltr'><strong>gladio</strong></span> 
     </span>
    </p>
   </div>
   <div class='ocr_carea' id='block_1_109' title="bbox 2323 3770 3893 3839">
    <p class='ocr_par' dir='ltr' id='par_1_109' title="bbox 2323 3770 3893 3839">
     <span class='ocr_line' id='line_1_112' title="bbox 2323 3770 3893 3839; baseline 0.005 -20"><span class='ocrx_word' id='word_1_801' title='bbox 2323 3770 2584 3835; x_wconf 88' lang='lat' dir='ltr'><strong>percussi,</strong></span> <span class='ocrx_word' id='word_1_802' title='bbox 2617 3778 2910 3839; x_wconf 81' lang='lat' dir='ltr'><strong>utconstat</strong></span> <span class='ocrx_word' id='word_1_803' title='bbox 2941 3786 3002 3821; x_wconf 75' lang='lat' dir='ltr'><strong>ex</strong></span> <span class='ocrx_word' id='word_1_804' title='bbox 3022 3783 3218 3839; x_wconf 60' lang='lat' dir='ltr'><strong>eorum</strong></span> <span class='ocrx_word' id='word_1_805' title='bbox 3250 3770 3393 3823; x_wconf 83' lang='lat' dir='ltr'><strong>Actis</strong></span> <span class='ocrx_word' id='word_1_806' title='bbox 3438 3770 3589 3824; x_wconf 90' lang='lat' dir='ltr'><strong>editis</strong></span> <span class='ocrx_word' id='word_1_807' title='bbox 3630 3770 3760 3839; x_wconf 84' lang='lat' dir='ltr'><strong>apud</strong></span> <span class='ocrx_word' id='word_1_808' title='bbox 3794 3776 3893 3829; x_wconf 87' lang='lat' dir='ltr'><strong>Su-</strong></span> 
     </span>
    </p>
   </div>
   <div class='ocr_carea' id='block_1_110' title="bbox 2322 3837 3896 3905">
    <p class='ocr_par' dir='ltr' id='par_1_110' title="bbox 2322 3837 3896 3905">
     <span class='ocr_line' id='line_1_113' title="bbox 2322 3837 3896 3905; baseline 0.004 -14"><span class='ocrx_word' id='word_1_809' title='bbox 2322 3841 2458 3891; x_wconf 86' lang='lat' dir='ltr'><strong>rium</strong></span> <span class='ocrx_word' id='word_1_810' title='bbox 2487 3847 2615 3892; x_wconf 82' lang='lat' dir='ltr'><strong>tum.</strong></span> <span class='ocrx_word' id='word_1_811' title='bbox 2646 3837 2731 3903; x_wconf 89' lang='lat' dir='ltr'><strong>Ill,</strong></span> <span class='ocrx_word' id='word_1_812' title='bbox 2776 3854 2826 3905; x_wconf 91' lang='lat' dir='ltr'><strong>p.</strong></span> <span class='ocrx_word' id='word_1_813' title='bbox 2858 3839 2982 3894; x_wconf 65' lang='lat'><strong>396.</strong></span> <span class='ocrx_word' id='word_1_814' title='bbox 3018 3838 3316 3893; x_wconf 88' lang='lat' dir='ltr'><strong>Trauslatio</strong></span> <span class='ocrx_word' id='word_1_815' title='bbox 3346 3840 3530 3893; x_wconf 91' lang='lat' dir='ltr'><strong>horum</strong></span> <span class='ocrx_word' id='word_1_816' title='bbox 3563 3837 3691 3895; x_wconf 84' lang='lat' dir='ltr'><strong>facta</strong></span> <span class='ocrx_word' id='word_1_817' title='bbox 3716 3853 3797 3897; x_wconf 83' lang='lat' dir='ltr'><strong>est</strong></span> <span class='ocrx_word' id='word_1_818' title='bbox 3820 3859 3896 3897; x_wconf 77' lang='lat' dir='ltr'><strong>xit</strong></span> 
     </span>
    </p>
   </div>
   <div class='ocr_carea' id='block_1_111' title="bbox 2328 3906 3698 3977">
    <p class='ocr_par' dir='ltr' id='par_1_111' title="bbox 2328 3906 3698 3977">
     <span class='ocr_line' id='line_1_114' title="bbox 2328 3906 3698 3977; baseline 0.004 -17"><span class='ocrx_word' id='word_1_819' title='bbox 2328 3906 2411 3977; x_wconf 78' lang='lat' dir='ltr'><strong>die</strong></span> <span class='ocrx_word' id='word_1_820' title='bbox 2439 3908 2613 3977; x_wconf 83' lang='lat' dir='ltr'><strong>Junii;</strong></span> <span class='ocrx_word' id='word_1_821' title='bbox 2642 3910 2886 3961; x_wconf 85' lang='lat' dir='ltr'><strong>coluntur</strong></span> <span class='ocrx_word' id='word_1_822' title='bbox 2910 3920 2960 3962; x_wconf 88' lang='lat' dir='ltr'><strong>et</strong></span> <span class='ocrx_word' id='word_1_823' title='bbox 2992 3924 3078 3963; x_wconf 74' lang='lat' dir='ltr'><strong>XI!</strong></span> <span class='ocrx_word' id='word_1_824' title='bbox 3107 3910 3193 3964; x_wconf 87' lang='lat' dir='ltr'><strong>die</strong></span> <span class='ocrx_word' id='word_1_825' title='bbox 3223 3912 3414 3964; x_wconf 88' lang='lat' dir='ltr'><strong>mensis</strong></span> <span class='ocrx_word' id='word_1_826' title='bbox 3443 3910 3698 3977; x_wconf 85' lang='lat' dir='ltr'><strong>ejusdem.</strong></span> 
     </span>
    </p>
   </div>
   <div class='ocr_carea' id='block_1_112' title="bbox 2390 3972 3886 4048">
    <p class='ocr_par' dir='ltr' id='par_1_112' title="bbox 2390 3972 3886 4048">
     <span class='ocr_line' id='line_1_115' title="bbox 2390 3972 3886 4048; baseline 0.005 -19"><span class='ocrx_word' id='word_1_827' title='bbox 2390 3972 2417 4011; x_wconf 65' lang='grc' dir='ltr'>δ</span> <span class='ocrx_word' id='word_1_828' title='bbox 2451 3976 2797 4031; x_wconf 76' lang='lat' dir='ltr'><strong>l’untateonis.</strong></span> <span class='ocrx_word' id='word_1_829' title='bbox 2856 3978 2948 4032; x_wconf 85' lang='lat' dir='ltr'><strong>Hic</strong></span> <span class='ocrx_word' id='word_1_830' title='bbox 2992 3980 3129 4033; x_wconf 84' lang='lat' dir='ltr'><strong>filius</strong></span> <span class='ocrx_word' id='word_1_831' title='bbox 3171 3980 3429 4048; x_wconf 79' lang='lat' dir='ltr'><strong>Eusturgii</strong></span> <span class='ocrx_word' id='word_1_832' title='bbox 3472 3972 3595 4033; x_wconf 71' lang='lat' dir='ltr'><strong>fuit.</strong></span> <span class='ocrx_word' id='word_1_833' title='bbox 3629 3982 3725 4046; x_wconf 90' lang='lat' dir='ltr'><strong>Qui</strong></span> <span class='ocrx_word' id='word_1_834' title='bbox 3765 3997 3886 4037; x_wconf 88' lang='lat' dir='ltr'><strong>cum</strong></span> 
     </span>
    </p>
   </div>
   <div class='ocr_carea' id='block_1_113' title="bbox 2314 4044 3886 4119">
    <p class='ocr_par' dir='ltr' id='par_1_113' title="bbox 2314 4044 3886 4119">
     <span class='ocr_line' id='line_1_116' title="bbox 2314 4044 3886 4119; baseline 0.006 -22"><span class='ocrx_word' id='word_1_835' title='bbox 2314 4044 2533 4119; x_wconf 88' lang='lat' dir='ltr'><strong>jubente</strong></span> <span class='ocrx_word' id='word_1_836' title='bbox 2561 4050 2874 4101; x_wconf 81' lang='lat' dir='ltr'><strong>Maximiano</strong></span> <span class='ocrx_word' id='word_1_837' title='bbox 2913 4058 3081 4101; x_wconf 87' lang='lat' dir='ltr'><strong>artem</strong></span> <span class='ocrx_word' id='word_1_838' title='bbox 3112 4052 3337 4104; x_wconf 87' lang='lat' dir='ltr'><strong>disceret</strong></span> <span class='ocrx_word' id='word_1_839' title='bbox 3364 4044 3673 4115; x_wconf 64' lang='lat' dir='ltr'><strong>medicinae,</strong></span> <span class='ocrx_word' id='word_1_840' title='bbox 3704 4067 3732 4103; x_wconf 89' lang='lat' dir='ltr'><strong>a</strong></span> <span class='ocrx_word' id='word_1_841' title='bbox 3763 4068 3886 4119; x_wconf 87' lang='lat' dir='ltr'><strong>pre-</strong></span> 
     </span>
    </p>
   </div>
   <div class='ocr_carea' id='block_1_114' title="bbox 2319 4118 3888 4185">
    <p class='ocr_par' dir='ltr' id='par_1_114' title="bbox 2319 4118 3888 4185">
     <span class='ocr_line' id='line_1_117' title="bbox 2319 4118 3888 4185; baseline 0.005 -17"><span class='ocrx_word' id='word_1_842' title='bbox 2319 4118 2535 4185; x_wconf 85' lang='lat' dir='ltr'><strong>sbytero</strong></span> <span class='ocrx_word' id='word_1_843' title='bbox 2567 4118 2848 4171; x_wconf 82' lang='lat' dir='ltr'><strong>Hermolao</strong></span> <span class='ocrx_word' id='word_1_844' title='bbox 2875 4120 2937 4170; x_wconf 90' lang='lat' dir='ltr'><strong>ad</strong></span> <span class='ocrx_word' id='word_1_845' title='bbox 2972 4119 3125 4173; x_wconf 88' lang='lat' dir='ltr'><strong>Iidem</strong></span> <span class='ocrx_word' id='word_1_846' title='bbox 3174 4119 3367 4174; x_wconf 61' lang='lat' dir='ltr'><strong>Christi</strong></span> <span class='ocrx_word' id='word_1_847' title='bbox 3399 4134 3682 4173; x_wconf 90' lang='lat' dir='ltr'><strong>conversus</strong></span> <span class='ocrx_word' id='word_1_848' title='bbox 3725 4118 3888 4176; x_wconf 87' lang='lat' dir='ltr'><strong>multa</strong></span> 
     </span>
    </p>
   </div>
   <div class='ocr_carea' id='block_1_115' title="bbox 2320 4187 3889 4258">
    <p class='ocr_par' dir='ltr' id='par_1_115' title="bbox 2320 4187 3889 4258">
     <span class='ocr_line' id='line_1_118' title="bbox 2320 4187 3889 4258; baseline 0.006 -21"><span class='ocrx_word' id='word_1_849' title='bbox 2320 4187 2575 4258; x_wconf 86' lang='lat' dir='ltr'><strong>miracula</strong></span> <span class='ocrx_word' id='word_1_850' title='bbox 2603 4187 2747 4253; x_wconf 79' lang='lat' dir='ltr'><strong>fecit,</strong></span> <span class='ocrx_word' id='word_1_851' title='bbox 2780 4197 3091 4256; x_wconf 86' lang='lat' dir='ltr'><strong>patremque</strong></span> <span class='ocrx_word' id='word_1_852' title='bbox 3127 4205 3280 4245; x_wconf 90' lang='lat' dir='ltr'><strong>suum</strong></span> <span class='ocrx_word' id='word_1_853' title='bbox 3316 4189 3645 4258; x_wconf 77' lang='lat' dir='ltr'><strong>Eustnrgium</strong></span> <span class='ocrx_word' id='word_1_854' title='bbox 3673 4204 3889 4246; x_wconf 83' lang='lat' dir='ltr'><strong>senato-</strong></span> 
     </span>
    </p>
   </div>
   <div class='ocr_carea' id='block_1_116' title="bbox 2320 4257 3888 4327">
    <p class='ocr_par' dir='ltr' id='par_1_116' title="bbox 2320 4257 3888 4327">
     <span class='ocr_line' id='line_1_119' title="bbox 2320 4257 3888 4327; baseline 0.005 -20"><span class='ocrx_word' id='word_1_855' title='bbox 2320 4269 2432 4327; x_wconf 78' lang='lat' dir='ltr'><strong>rem</strong></span> <span class='ocrx_word' id='word_1_856' title='bbox 2460 4257 2761 4310; x_wconf 78' lang='lat' dir='ltr'><strong>christianie</strong></span> <span class='ocrx_word' id='word_1_857' title='bbox 2788 4258 2906 4311; x_wconf 91' lang='lat' dir='ltr'><strong>lidei</strong></span> <span class='ocrx_word' id='word_1_858' title='bbox 2942 4259 3254 4326; x_wconf 78' lang='lat' dir='ltr'><strong>suhjngavit.</strong></span> <span class='ocrx_word' id='word_1_859' title='bbox 3296 4260 3377 4312; x_wconf 87' lang='lat' dir='ltr'><strong>Ob</strong></span> <span class='ocrx_word' id='word_1_860' title='bbox 3405 4257 3558 4327; x_wconf 79' lang='lat' dir='ltr'><strong>quain</strong></span> <span class='ocrx_word' id='word_1_861' title='bbox 3589 4276 3798 4315; x_wconf 89' lang='lat' dir='ltr'><strong>causam</strong></span> <span class='ocrx_word' id='word_1_862' title='bbox 3836 4263 3888 4315; x_wconf 91' lang='lat' dir='ltr'><strong>in</strong></span> 
     </span>
    </p>
   </div>
   <div class='ocr_carea' id='block_1_117' title="bbox 2321 4325 3889 4399">
    <p class='ocr_par' dir='ltr' id='par_1_117' title="bbox 2321 4325 3889 4399">
     <span class='ocr_line' id='line_1_120' title="bbox 2321 4325 3889 4399; baseline 0.007 -24"><span class='ocrx_word' id='word_1_863' title='bbox 2321 4325 2462 4399; x_wconf 72' lang='lat' dir='ltr'><strong>ligno</strong></span> <span class='ocrx_word' id='word_1_864' title='bbox 2510 4328 2607 4399; x_wconf 80' lang='lat' dir='ltr'><strong>fuit</strong></span> <span class='ocrx_word' id='word_1_865' title='bbox 2657 4342 2921 4397; x_wconf 83' lang='lat' dir='ltr'><strong>appensus</strong></span> <span class='ocrx_word' id='word_1_866' title='bbox 2965 4325 3252 4384; x_wconf 74' lang='lat' dir='ltr'><strong>ethrrcis</strong></span> <span class='ocrx_word' id='word_1_867' title='bbox 3305 4325 3527 4382; x_wconf 79' lang='lat' dir='ltr'><strong>laniatus</strong></span> <span class='ocrx_word' id='word_1_868' title='bbox 3569 4336 3801 4399; x_wconf 85' lang='lat' dir='ltr'><strong>ungulis;</strong></span> <span class='ocrx_word' id='word_1_869' title='bbox 3836 4345 3889 4386; x_wconf 90' lang='lat' dir='ltr'><strong>et</strong></span> 
     </span>
    </p>
   </div>
   <div class='ocr_carea' id='block_1_118' title="bbox 2322 4394 3889 4468">
    <p class='ocr_par' dir='ltr' id='par_1_118' title="bbox 2322 4394 3889 4468">
     <span class='ocr_line' id='line_1_121' title="bbox 2322 4394 3889 4468; baseline 0.006 -22"><span class='ocrx_word' id='word_1_870' title='bbox 2322 4394 2464 4468; x_wconf 73' lang='lat' dir='ltr'><strong>faces</strong></span> <span class='ocrx_word' id='word_1_871' title='bbox 2513 4394 2762 4452; x_wconf 77' lang='lat' dir='ltr'><strong>lateribus</strong></span> <span class='ocrx_word' id='word_1_872' title='bbox 2814 4401 3039 4452; x_wconf 70' lang='lat' dir='ltr'><strong>admota:</strong></span> <span class='ocrx_word' id='word_1_873' title='bbox 3074 4410 3239 4454; x_wconf 82' lang='lat' dir='ltr'><strong>sunt:</strong></span> <span class='ocrx_word' id='word_1_874' title='bbox 3270 4399 3461 4454; x_wconf 88' lang='lat' dir='ltr'><strong>deinde</strong></span> <span class='ocrx_word' id='word_1_875' title='bbox 3510 4404 3560 4453; x_wconf 91' lang='lat' dir='ltr'><strong>iii</strong></span> <span class='ocrx_word' id='word_1_876' title='bbox 3612 4394 3889 4468; x_wconf 77' lang='lat' dir='ltr'><strong>piiuuhum</strong></span> 
     </span>
    </p>
   </div>
   <div class='ocr_carea' id='block_1_119' title="bbox 2242 4445 3887 4539">
    <p class='ocr_par' dir='ltr' id='par_1_119' title="bbox 2242 4445 3887 4539">
     <span class='ocr_line' id='line_1_122' title="bbox 2242 4445 3887 4539; baseline 0.005 -21"><span class='ocrx_word' id='word_1_877' title='bbox 2242 4445 2291 4508; x_wconf 82' lang='grc' dir='ltr'><strong>Ι)</strong></span> <span class='ocrx_word' id='word_1_878' title='bbox 2318 4445 3239 4539; x_wconf 36' lang='lat' dir='ltr'><strong>liquidum.vimitiissdsuestvgvpostea&#39;</strong></span> <span class='ocrx_word' id='word_1_879' title='bbox 3260 4445 3485 4525; x_wconf 59' lang='grc' dir='ltr'><strong>εἶιἾῆΞῶ</strong></span> <span class='ocrx_word' id='word_1_880' title='bbox 3512 4445 3569 4523; x_wconf 63' lang='grc' dir='ltr'><strong>Εἰ</strong></span> <span class='ocrx_word' id='word_1_881' title='bbox 3595 4445 3887 4527; x_wconf 57' lang='grc' dir='ltr'><strong>ἔᾰᾞζέέῖίῖἑ</strong></span> 
     </span>
    </p>
   </div>
   <div class='ocr_carea' id='block_1_120' title="bbox 2317 4536 3891 4609">
    <p class='ocr_par' dir='ltr' id='par_1_120' title="bbox 2317 4536 3891 4609">
     <span class='ocr_line' id='line_1_123' title="bbox 2317 4536 3891 4609; baseline 0.006 -20"><span class='ocrx_word' id='word_1_882' title='bbox 2317 4536 2607 4603; x_wconf 86' lang='lat' dir='ltr'><strong>conjectus,</strong></span> <span class='ocrx_word' id='word_1_883' title='bbox 2658 4555 2779 4592; x_wconf 90' lang='lat' dir='ltr'><strong>cum</strong></span> <span class='ocrx_word' id='word_1_884' title='bbox 2825 4536 3053 4609; x_wconf 76' lang='lat' dir='ltr'><strong>denique</strong></span> <span class='ocrx_word' id='word_1_885' title='bbox 3095 4542 3189 4593; x_wconf 88' lang='lat' dir='ltr'><strong>has</strong></span> <span class='ocrx_word' id='word_1_886' title='bbox 3230 4556 3413 4594; x_wconf 89' lang='lat' dir='ltr'><strong>omnes</strong></span> <span class='ocrx_word' id='word_1_887' title='bbox 3464 4556 3641 4607; x_wconf 80' lang='lat' dir='ltr'><strong>poenas</strong></span> <span class='ocrx_word' id='word_1_888' title='bbox 3690 4544 3891 4598; x_wconf 65' lang='lat' dir='ltr'><strong>illa&#39;sus</strong></span> 
     </span>
    </p>
   </div>
   <div class='ocr_carea' id='block_1_121' title="bbox 2317 4609 3877 4677">
    <p class='ocr_par' dir='ltr' id='par_1_121' title="bbox 2317 4609 3877 4677">
     <span class='ocr_line' id='line_1_124' title="bbox 2317 4609 3877 4677; baseline 0.007 -21"><span class='ocrx_word' id='word_1_889' title='bbox 2317 4610 2596 4677; x_wconf 85' lang='lat' dir='ltr'><strong>evasisset,</strong></span> <span class='ocrx_word' id='word_1_890' title='bbox 2625 4609 2835 4662; x_wconf 87' lang='lat' dir='ltr'><strong>tandem</strong></span> <span class='ocrx_word' id='word_1_891' title='bbox 2863 4614 3034 4677; x_wconf 82' lang='lat' dir='ltr'><strong>capite</strong></span> <span class='ocrx_word' id='word_1_892' title='bbox 3062 4610 3392 4677; x_wconf 90' lang='lat' dir='ltr'><strong>puniebatur.</strong></span> <span class='ocrx_word' id='word_1_893' title='bbox 3420 4610 3610 4665; x_wconf 78' lang='lat' dir='ltr'><strong>SCRIUS</strong></span> <span class='ocrx_word' id='word_1_894' title='bbox 3640 4622 3759 4663; x_wconf 86' lang='lat' dir='ltr'><strong>tnui.</strong></span> <span class='ocrx_word' id='word_1_895' title='bbox 3793 4613 3877 4666; x_wconf 85' lang='lat' dir='ltr'><strong>IV.</strong></span> 
     </span>
    </p>
   </div>
   <div class='ocr_carea' id='block_1_122' title="bbox 2317 4676 3886 4749">
    <p class='ocr_par' dir='ltr' id='par_1_122' title="bbox 2317 4676 3886 4749">
     <span class='ocr_line' id='line_1_125' title="bbox 2317 4676 3886 4749; baseline 0.006 -21"><span class='ocrx_word' id='word_1_896' title='bbox 2317 4676 2494 4749; x_wconf 68' lang='lat' dir='ltr'><strong>Pridie</strong></span> <span class='ocrx_word' id='word_1_897' title='bbox 2539 4678 2731 4732; x_wconf 89' lang='lat' dir='ltr'><strong>colitur</strong></span> <span class='ocrx_word' id='word_1_898' title='bbox 2758 4693 2787 4730; x_wconf 85' lang='lat' dir='ltr'><strong>a</strong></span> <span class='ocrx_word' id='word_1_899' title='bbox 2821 4676 3141 4733; x_wconf 20' lang='lat' dir='ltr'><strong>Baronio’et</strong></span> <span class='ocrx_word' id='word_1_900' title='bbox 3175 4680 3325 4732; x_wconf 70' lang='lat' dir='ltr'><strong>Baeda</strong></span> <span class='ocrx_word' id='word_1_901' title='bbox 3377 4687 3582 4749; x_wconf 78' lang='lat' dir='ltr'><strong>vulgato</strong></span> <span class='ocrx_word' id='word_1_902' title='bbox 3608 4691 3660 4733; x_wconf 91' lang='lat' dir='ltr'><strong>et</strong></span> <span class='ocrx_word' id='word_1_903' title='bbox 3687 4680 3886 4737; x_wconf 78' lang='lat' dir='ltr'><strong>Gratcis</strong></span> 
     </span>
    </p>
   </div>
   <div class='ocr_carea' id='block_1_123' title="bbox 2317 4747 3884 4820">
    <p class='ocr_par' dir='ltr' id='par_1_123' title="bbox 2317 4747 3884 4820">
     <span class='ocr_line' id='line_1_126' title="bbox 2317 4747 3884 4820; baseline 0.003 -21"><span class='ocrx_word' id='word_1_904' title='bbox 2317 4748 2366 4799; x_wconf 91' lang='lat' dir='ltr'><strong>in</strong></span> <span class='ocrx_word' id='word_1_905' title='bbox 2400 4747 2720 4817; x_wconf 78' lang='lat' dir='ltr'><strong>Metiologio.</strong></span> <span class='ocrx_word' id='word_1_906' title='bbox 2756 4750 2847 4803; x_wconf 89' lang='lat' dir='ltr'><strong>llic</strong></span> <span class='ocrx_word' id='word_1_907' title='bbox 2877 4767 2979 4803; x_wconf 90' lang='lat' dir='ltr'><strong>nou</strong></span> <span class='ocrx_word' id='word_1_908' title='bbox 3014 4751 3274 4820; x_wconf 84' lang='lat' dir='ltr'><strong>Lugduni,</strong></span> <span class='ocrx_word' id='word_1_909' title='bbox 3303 4750 3395 4805; x_wconf 88' lang='lat' dir='ltr'><strong>sed</strong></span> <span class='ocrx_word' id='word_1_910' title='bbox 3426 4747 3741 4804; x_wconf 75' lang='lat' dir='ltr'><strong>Nicomedia:</strong></span> <span class='ocrx_word' id='word_1_911' title='bbox 3762 4766 3884 4820; x_wconf 86' lang='lat' dir='ltr'><strong>pas-</strong></span> 
     </span>
    </p>
   </div>
   <div class='ocr_carea' id='block_1_124' title="bbox 2314 4826 2539 4869">
    <p class='ocr_par' dir='ltr' id='par_1_124' title="bbox 2314 4826 2539 4869">
     <span class='ocr_line' id='line_1_127' title="bbox 2314 4826 2539 4869; baseline 0 0"><span class='ocrx_word' id='word_1_912' title='bbox 2314 4832 2409 4869; x_wconf 81' lang='lat' dir='ltr'><strong>sus</strong></span> <span class='ocrx_word' id='word_1_913' title='bbox 2437 4826 2539 4869; x_wconf 83' lang='lat' dir='ltr'><strong>est.</strong></span> 
     </span>
    </p>
   </div>
   <div class='ocr_carea' id='block_1_125' title="bbox 2392 4885 3887 4959">
    <p class='ocr_par' dir='ltr' id='par_1_125' title="bbox 2392 4885 3887 4959">
     <span class='ocr_line' id='line_1_128' title="bbox 2392 4885 3887 4959; baseline 0.003 -20"><span class='ocrx_word' id='word_1_914' title='bbox 2392 4895 2406 4923; x_wconf 80' lang='grc' dir='ltr'><strong><em>ι</em></strong></span> <span class='ocrx_word' id='word_1_915' title='bbox 2441 4885 2727 4959; x_wconf 73' lang='lat' dir='ltr'><strong>Samsom&#39;s.</strong></span> <span class='ocrx_word' id='word_1_916' title='bbox 2778 4888 2832 4941; x_wconf 88' lang='lat' dir='ltr'><strong>lit</strong></span> <span class='ocrx_word' id='word_1_917' title='bbox 2878 4888 3112 4942; x_wconf 86' lang='lat' dir='ltr'><strong>Demetia</strong></span> <span class='ocrx_word' id='word_1_918' title='bbox 3152 4904 3269 4956; x_wconf 78' lang='lat' dir='ltr'><strong>qua:</strong></span> <span class='ocrx_word' id='word_1_919' title='bbox 3298 4896 3380 4943; x_wconf 89' lang='lat' dir='ltr'><strong>est</strong></span> <span class='ocrx_word' id='word_1_920' title='bbox 3408 4888 3457 4942; x_wconf 93' lang='lat' dir='ltr'><strong>in</strong></span> <span class='ocrx_word' id='word_1_921' title='bbox 3494 4888 3690 4942; x_wconf 66' lang='lat' dir='ltr'><strong>Walliaa</strong></span> <span class='ocrx_word' id='word_1_922' title='bbox 3720 4892 3887 4959; x_wconf 84' lang='lat' dir='ltr'><strong>parti-</strong></span> 
     </span>
    </p>
   </div>
   <div class='ocr_carea' id='block_1_126' title="bbox 2313 4954 3882 5025">
    <p class='ocr_par' dir='ltr' id='par_1_126' title="bbox 2313 4954 3882 5025">
     <span class='ocr_line' id='line_1_129' title="bbox 2313 4954 3882 5025; baseline 0.003 -16"><span class='ocrx_word' id='word_1_923' title='bbox 2313 4954 2413 5009; x_wconf 87' lang='lat' dir='ltr'><strong>bus</strong></span> <span class='ocrx_word' id='word_1_924' title='bbox 2465 4957 2831 5023; x_wconf 77' lang='lat' dir='ltr'><strong>occidentalis,</strong></span> <span class='ocrx_word' id='word_1_925' title='bbox 2882 4974 2944 5011; x_wconf 81' lang='lat' dir='ltr'><strong>ex</strong></span> <span class='ocrx_word' id='word_1_926' title='bbox 2994 4954 3296 5025; x_wconf 78' lang='lat' dir='ltr'><strong>parentibus</strong></span> <span class='ocrx_word' id='word_1_927' title='bbox 3346 4962 3602 5013; x_wconf 77' lang='lat' dir='ltr'><strong>Ammone</strong></span> <span class='ocrx_word' id='word_1_928' title='bbox 3636 4970 3690 5013; x_wconf 92' lang='lat' dir='ltr'><strong>et</strong></span> <span class='ocrx_word' id='word_1_929' title='bbox 3720 4954 3882 5015; x_wconf 48' lang='lat' dir='ltr'><strong>&#39;Anna</strong></span> 
     </span>
    </p>
   </div>
   <div class='ocr_carea' id='block_1_127' title="bbox 2313 5026 3883 5096">
    <p class='ocr_par' dir='ltr' id='par_1_127' title="bbox 2313 5026 3883 5096">
     <span class='ocr_line' id='line_1_130' title="bbox 2313 5026 3883 5096; baseline 0.003 -19"><span class='ocrx_word' id='word_1_930' title='bbox 2313 5027 2419 5096; x_wconf 89' lang='lat' dir='ltr'><strong>nati</strong></span> <span class='ocrx_word' id='word_1_931' title='bbox 2449 5044 2459 5077; x_wconf 95' lang='lat'>:</span> <span class='ocrx_word' id='word_1_932' title='bbox 2493 5026 2576 5079; x_wconf 88' lang='lat' dir='ltr'><strong>hic</strong></span> <span class='ocrx_word' id='word_1_933' title='bbox 2620 5039 2796 5081; x_wconf 89' lang='lat' dir='ltr'><strong>autem</strong></span> <span class='ocrx_word' id='word_1_934' title='bbox 2848 5030 3023 5083; x_wconf 70' lang='lat' dir='ltr'><strong>liliuto</strong></span> <span class='ocrx_word' id='word_1_935' title='bbox 3068 5030 3124 5082; x_wconf 87' lang='grc'><strong>8.</strong></span> <span class='ocrx_word' id='word_1_936' title='bbox 3173 5028 3422 5082; x_wconf 83' lang='lat' dir='ltr'><strong>Germani</strong></span> <span class='ocrx_word' id='word_1_937' title='bbox 3464 5030 3719 5096; x_wconf 82' lang='lat' dir='ltr'><strong>discipulo</strong></span> <span class='ocrx_word' id='word_1_938' title='bbox 3756 5045 3883 5085; x_wconf 85' lang='lat' dir='ltr'><strong>eru-</strong></span> 
     </span>
    </p>
   </div>
   <div class='ocr_carea' id='block_1_128' title="bbox 2312 5094 3882 5167">
    <p class='ocr_par' dir='ltr' id='par_1_128' title="bbox 2312 5094 3882 5167">
     <span class='ocr_line' id='line_1_131' title="bbox 2312 5094 3882 5167; baseline 0.005 -20"><span class='ocrx_word' id='word_1_939' title='bbox 2312 5094 2538 5167; x_wconf 76' lang='lat' dir='ltr'><strong>diendos</strong></span> <span class='ocrx_word' id='word_1_940' title='bbox 2567 5096 2808 5162; x_wconf 89' lang='lat' dir='ltr'><strong>traditur,</strong></span> <span class='ocrx_word' id='word_1_941' title='bbox 2848 5110 2899 5151; x_wconf 91' lang='lat' dir='ltr'><strong>et</strong></span> <span class='ocrx_word' id='word_1_942' title='bbox 2929 5098 2980 5151; x_wconf 90' lang='lat' dir='ltr'><strong>iit</strong></span> <span class='ocrx_word' id='word_1_943' title='bbox 3023 5099 3187 5152; x_wconf 86' lang='lat' dir='ltr'><strong>sacris</strong></span> <span class='ocrx_word' id='word_1_944' title='bbox 3227 5098 3512 5167; x_wconf 84' lang='lat' dir='ltr'><strong>Scripturis</strong></span> <span class='ocrx_word' id='word_1_945' title='bbox 3557 5094 3882 5155; x_wconf 81' lang='lat' dir='ltr'><strong>sollieienter</strong></span> 
     </span>
    </p>
   </div>
   <div class='ocr_carea' id='block_1_129' title="bbox 2313 5164 3879 5238">
    <p class='ocr_par' dir='ltr' id='par_1_129' title="bbox 2313 5164 3879 5238">
     <span class='ocr_line' id='line_1_132' title="bbox 2313 5164 3879 5238; baseline 0.004 -21"><span class='ocrx_word' id='word_1_946' title='bbox 2313 5164 2600 5238; x_wconf 81' lang='lat' dir='ltr'><strong>institutus,</strong></span> <span class='ocrx_word' id='word_1_947' title='bbox 2633 5182 2662 5219; x_wconf 90' lang='lat' dir='ltr'><strong>a</strong></span> <span class='ocrx_word' id='word_1_948' title='bbox 2694 5168 2943 5221; x_wconf 91' lang='lat' dir='ltr'><strong>Dubricio</strong></span> <span class='ocrx_word' id='word_1_949' title='bbox 2970 5170 3239 5233; x_wconf 88' lang='lat' dir='ltr'><strong>diaconus,</strong></span> <span class='ocrx_word' id='word_1_950' title='bbox 3287 5164 3362 5222; x_wconf 55' lang='lat' dir='ltr'><strong>et&#39;</strong></span> <span class='ocrx_word' id='word_1_951' title='bbox 3382 5176 3500 5236; x_wconf 89' lang='lat' dir='ltr'><strong>post</strong></span> <span class='ocrx_word' id='word_1_952' title='bbox 3529 5184 3721 5223; x_wconf 88' lang='lat' dir='ltr'><strong>annum</strong></span> <span class='ocrx_word' id='word_1_953' title='bbox 3756 5185 3879 5238; x_wconf 84' lang='lat' dir='ltr'><strong>pre-</strong></span> 
     </span>
    </p>
   </div>
   <div class='ocr_carea' id='block_1_130' title="bbox 2311 5235 3875 5307">
    <p class='ocr_par' dir='ltr' id='par_1_130' title="bbox 2311 5235 3875 5307">
     <span class='ocr_line' id='line_1_133' title="bbox 2311 5235 3875 5307; baseline 0.004 -20"><span class='ocrx_word' id='word_1_954' title='bbox 2311 5235 2493 5307; x_wconf 72' lang='lat' dir='ltr'><strong>sbyter</strong></span> <span class='ocrx_word' id='word_1_955' title='bbox 2521 5238 2795 5289; x_wconf 86' lang='lat' dir='ltr'><strong>ordinatus</strong></span> <span class='ocrx_word' id='word_1_956' title='bbox 2824 5248 2923 5291; x_wconf 92' lang='lat' dir='ltr'><strong>est.</strong></span> <span class='ocrx_word' id='word_1_957' title='bbox 2959 5239 3088 5290; x_wconf 77' lang='lat' dir='ltr'><strong>Cum</strong></span> <span class='ocrx_word' id='word_1_958' title='bbox 3118 5235 3408 5292; x_wconf 83' lang='lat' dir='ltr'><strong>acrioribus</strong></span> <span class='ocrx_word' id='word_1_959' title='bbox 3437 5235 3768 5293; x_wconf 79' lang='lat' dir='ltr'><strong>incumberet</strong></span> <span class='ocrx_word' id='word_1_960' title='bbox 3796 5242 3875 5307; x_wconf 90' lang='lat' dir='ltr'><strong>je-</strong></span> 
     </span>
    </p>
   </div>
   <div class='ocr_carea' id='block_1_131' title="bbox 2308 5302 3879 5377">
    <p class='ocr_par' dir='ltr' id='par_1_131' title="bbox 2308 5302 3879 5377">
     <span class='ocr_line' id='line_1_134' title="bbox 2308 5302 3879 5377; baseline 0.003 -20"><span class='ocrx_word' id='word_1_961' title='bbox 2308 5302 2494 5377; x_wconf 85' lang='lat' dir='ltr'><strong>juniis,</strong></span> <span class='ocrx_word' id='word_1_962' title='bbox 2526 5321 2591 5359; x_wconf 79' lang='lat' dir='ltr'><strong>ex</strong></span> <span class='ocrx_word' id='word_1_963' title='bbox 2644 5308 2805 5359; x_wconf 78' lang='lat' dir='ltr'><strong>Eltuti</strong></span> <span class='ocrx_word' id='word_1_964' title='bbox 2852 5311 3099 5361; x_wconf 71' lang='lat' dir='ltr'><strong>cmuobio</strong></span> <span class='ocrx_word' id='word_1_965' title='bbox 3149 5321 3418 5377; x_wconf 83' lang='lat' dir='ltr'><strong>egressum</strong></span> <span class='ocrx_word' id='word_1_966' title='bbox 3464 5310 3740 5361; x_wconf 88' lang='lat' dir='ltr'><strong>meditatus</strong></span> <span class='ocrx_word' id='word_1_967' title='bbox 3776 5302 3879 5375; x_wconf 78' lang='lat' dir='ltr'><strong>est,</strong></span> 
     </span>
    </p>
   </div>
   <div class='ocr_carea' id='block_1_132' title="bbox 2313 5376 3874 5446">
    <p class='ocr_par' dir='ltr' id='par_1_132' title="bbox 2313 5376 3874 5446">
     <span class='ocr_line' id='line_1_135' title="bbox 2313 5376 3874 5446; baseline 0.004 -22"><span class='ocrx_word' id='word_1_968' title='bbox 2313 5378 2377 5426; x_wconf 90' lang='lat' dir='ltr'><strong>ad</strong></span> <span class='ocrx_word' id='word_1_969' title='bbox 2412 5376 2651 5429; x_wconf 81' lang='lat' dir='ltr'><strong>l’ironem</strong></span> <span class='ocrx_word' id='word_1_970' title='bbox 2683 5378 2730 5427; x_wconf 93' lang='lat' dir='ltr'><strong>in</strong></span> <span class='ocrx_word' id='word_1_971' title='bbox 2763 5378 2987 5429; x_wconf 88' lang='lat' dir='ltr'><strong>insulam</strong></span> <span class='ocrx_word' id='word_1_972' title='bbox 3010 5376 3311 5443; x_wconf 82' lang='lat' dir='ltr'><strong>quamdam,</strong></span> <span class='ocrx_word' id='word_1_973' title='bbox 3338 5379 3512 5431; x_wconf 80' lang='lat' dir='ltr'><strong>Eltuto</strong></span> <span class='ocrx_word' id='word_1_974' title='bbox 3542 5388 3874 5446; x_wconf 74' lang='lat' dir='ltr'><strong>perittitteitte</strong></span> 
     </span>
    </p>
   </div>
   <div class='ocr_carea' id='block_1_133' title="bbox 2308 5446 3878 5513">
    <p class='ocr_par' dir='ltr' id='par_1_133' title="bbox 2308 5446 3878 5513">
     <span class='ocr_line' id='line_1_136' title="bbox 2308 5446 3878 5513; baseline 0.004 -17"><span class='ocrx_word' id='word_1_975' title='bbox 2308 5446 2595 5499; x_wconf 73' lang='lat' dir='ltr'><strong>concessit.</strong></span> <span class='ocrx_word' id='word_1_976' title='bbox 2631 5447 2823 5500; x_wconf 84' lang='lat' dir='ltr'><strong>Piroue</strong></span> <span class='ocrx_word' id='word_1_977' title='bbox 2861 5457 3034 5501; x_wconf 86' lang='lat' dir='ltr'><strong>autem</strong></span> <span class='ocrx_word' id='word_1_978' title='bbox 3085 5448 3351 5513; x_wconf 87' lang='lat' dir='ltr'><strong>deluucto,</strong></span> <span class='ocrx_word' id='word_1_979' title='bbox 3381 5448 3543 5502; x_wconf 72' lang='lat' dir='ltr'><strong>abbis</strong></span> <span class='ocrx_word' id='word_1_980' title='bbox 3574 5450 3878 5503; x_wconf 88' lang='lat' dir='ltr'><strong>monasterii</strong></span> 
     </span>
    </p>
   </div>
   <div class='ocr_carea' id='block_1_134' title="bbox 2311 5514 3879 5585">
    <p class='ocr_par' dir='ltr' id='par_1_134' title="bbox 2311 5514 3879 5585">
     <span class='ocr_line' id='line_1_137' title="bbox 2311 5514 3879 5585; baseline 0.004 -20"><span class='ocrx_word' id='word_1_981' title='bbox 2311 5514 2453 5567; x_wconf 91' lang='lat' dir='ltr'><strong>illius</strong></span> <span class='ocrx_word' id='word_1_982' title='bbox 2478 5517 2678 5569; x_wconf 89' lang='lat' dir='ltr'><strong>electus</strong></span> <span class='ocrx_word' id='word_1_983' title='bbox 2703 5525 2806 5581; x_wconf 84' lang='lat' dir='ltr'><strong>est,</strong></span> <span class='ocrx_word' id='word_1_984' title='bbox 2834 5519 2972 5584; x_wconf 90' lang='lat' dir='ltr'><strong>quod</strong></span> <span class='ocrx_word' id='word_1_985' title='bbox 3012 5533 3130 5571; x_wconf 88' lang='lat' dir='ltr'><strong>cuin</strong></span> <span class='ocrx_word' id='word_1_986' title='bbox 3174 5518 3398 5571; x_wconf 78' lang='lat' dir='ltr'><strong>rexisset</strong></span> <span class='ocrx_word' id='word_1_987' title='bbox 3445 5533 3547 5570; x_wconf 91' lang='lat' dir='ltr'><strong>non</strong></span> <span class='ocrx_word' id='word_1_988' title='bbox 3594 5519 3709 5585; x_wconf 91' lang='lat' dir='ltr'><strong>plus</strong></span> <span class='ocrx_word' id='word_1_989' title='bbox 3738 5532 3879 5572; x_wconf 85' lang='lat' dir='ltr'><strong>anno</strong></span> 
     </span>
    </p>
   </div>
   <div class='ocr_carea' id='block_1_135' title="bbox 2310 5585 3876 5654">
    <p class='ocr_par' dir='ltr' id='par_1_135' title="bbox 2310 5585 3876 5654">
     <span class='ocr_line' id='line_1_138' title="bbox 2310 5585 3876 5654; baseline 0.002 -17"><span class='ocrx_word' id='word_1_990' title='bbox 2310 5592 2366 5637; x_wconf 90' lang='lat' dir='ltr'><strong>et</strong></span> <span class='ocrx_word' id='word_1_991' title='bbox 2395 5585 2639 5654; x_wconf 78' lang='lat' dir='ltr'><strong>dimidio,</strong></span> <span class='ocrx_word' id='word_1_992' title='bbox 2673 5587 2725 5639; x_wconf 91' lang='lat' dir='ltr'><strong>iii</strong></span> <span class='ocrx_word' id='word_1_993' title='bbox 2755 5587 3097 5641; x_wconf 89' lang='lat' dir='ltr'><strong>solitudinem</strong></span> <span class='ocrx_word' id='word_1_994' title='bbox 3120 5600 3238 5640; x_wconf 90' lang='lat' dir='ltr'><strong>coiit</strong></span> <span class='ocrx_word' id='word_1_995' title='bbox 3270 5597 3414 5653; x_wconf 85' lang='lat' dir='ltr'><strong>patre</strong></span> <span class='ocrx_word' id='word_1_996' title='bbox 3437 5602 3536 5641; x_wconf 92' lang='lat' dir='ltr'><strong>suo</strong></span> <span class='ocrx_word' id='word_1_997' title='bbox 3555 5586 3659 5654; x_wconf 88' lang='lat' dir='ltr'><strong>jam</strong></span> <span class='ocrx_word' id='word_1_998' title='bbox 3691 5603 3876 5641; x_wconf 88' lang='lat' dir='ltr'><strong>mona-</strong></span> 
     </span>
    </p>
   </div>
   <div class='ocr_carea' id='block_1_136' title="bbox 2310 5653 3881 5714">
    <p class='ocr_par' dir='ltr' id='par_1_136' title="bbox 2310 5653 3881 5714">
     <span class='ocr_line' id='line_1_139' title="bbox 2310 5653 3881 5714; baseline 0.004 -7"><span class='ocrx_word' id='word_1_999' title='bbox 2310 5655 2413 5707; x_wconf 89' lang='lat' dir='ltr'><strong>clto</strong></span> <span class='ocrx_word' id='word_1_1000' title='bbox 2442 5653 2582 5707; x_wconf 81' lang='lat' dir='ltr'><strong>factu</strong></span> <span class='ocrx_word' id='word_1_1001' title='bbox 2609 5666 2663 5708; x_wconf 88' lang='lat' dir='ltr'><strong>et</strong></span> <span class='ocrx_word' id='word_1_1002' title='bbox 2692 5656 2810 5710; x_wconf 85' lang='lat' dir='ltr'><strong>aliis</strong></span> <span class='ocrx_word' id='word_1_1003' title='bbox 2831 5655 3038 5710; x_wconf 91' lang='lat' dir='ltr'><strong>duobus</strong></span> <span class='ocrx_word' id='word_1_1004' title='bbox 3058 5658 3301 5710; x_wconf 84' lang='lat' dir='ltr'><strong>secessit.</strong></span> <span class='ocrx_word' id='word_1_1005' title='bbox 3328 5658 3403 5711; x_wconf 78' lang='lat' dir='ltr'><strong>Ex</strong></span> <span class='ocrx_word' id='word_1_1006' title='bbox 3425 5653 3729 5711; x_wconf 86' lang='lat' dir='ltr'><strong>anachoresi</strong></span> <span class='ocrx_word' id='word_1_1007' title='bbox 3754 5673 3881 5714; x_wconf 81' lang='lat' dir='ltr'><strong>vero</strong></span> 
     </span>
    </p>
   </div>
   <div class='ocr_carea' id='block_1_137' title="bbox 2314 5724 3877 5797">
    <p class='ocr_par' dir='ltr' id='par_1_137' title="bbox 2314 5724 3877 5797">
     <span class='ocr_line' id='line_1_140' title="bbox 2314 5724 3877 5797; baseline 0.003 -16"><span class='ocrx_word' id='word_1_1008' title='bbox 2314 5726 2364 5781; x_wconf 90' lang='lat' dir='ltr'><strong>in</strong></span> <span class='ocrx_word' id='word_1_1009' title='bbox 2388 5724 2646 5793; x_wconf 83' lang='lat' dir='ltr'><strong>synodum</strong></span> <span class='ocrx_word' id='word_1_1010' title='bbox 2669 5726 2951 5796; x_wconf 83' lang='lat' dir='ltr'><strong>quamdam</strong></span> <span class='ocrx_word' id='word_1_1011' title='bbox 2982 5735 3218 5797; x_wconf 87' lang='lat' dir='ltr'><strong>vocatus,</strong></span> <span class='ocrx_word' id='word_1_1012' title='bbox 3245 5729 3565 5784; x_wconf 87' lang='lat' dir='ltr'><strong>monasterio</strong></span> <span class='ocrx_word' id='word_1_1013' title='bbox 3593 5742 3622 5781; x_wconf 89' lang='lat' dir='ltr'><strong>a</strong></span> <span class='ocrx_word' id='word_1_1014' title='bbox 3650 5727 3708 5784; x_wconf 90' lang='lat' dir='ltr'><strong>S.</strong></span> <span class='ocrx_word' id='word_1_1015' title='bbox 3747 5729 3877 5785; x_wconf 84' lang='lat' dir='ltr'><strong>Ger-</strong></span> 
     </span>
    </p>
   </div>
  </div>
