2120 3229
350 144 402 178 99!

724 149 824 177 BEDE
844 150 1069 179 VENERABILIS
1087 152 1162 180 OPP.
1184 152 1282 181 PARS.
1303 153 1346 180 IV.
1366 168 1400 173 —
1419 153 1609 182 HISTORICA.

1922 154 1982 181 99'!

989 207 1099 233 EDITIO
1116 207 1345 236 COLONIENSIS.

353 248 519 280 hmreticum,
537 255 596 276 eum
615 248 731 275 secundo
742 248 953 283 rebaptiaaretur
972 250 1005 277 ab
1020 250 1133 278 Eusebio
1147 254 1171 282 Α
1186 252 1226 286 gis
1252 253 1353 285 Attilae,
1374 253 1420 287 qui
1440 253 1553 281 Galliam
1581 255 1708 287 vastabat,
1735 255 1803 282 sicut
1827 255 1854 282 in
1869 255 1977 290 hymno

352 294 553 321 Nieomediense
576 294 712 328 episeopo,
737 300 763 321 et
776 295 850 329 juxta
874 302 1033 330 prmeeptum
1058 298 1135 331 ejus-

352 338 413 366 dem
440 339 585 366 Conslantii
608 339 717 373 Augusti
743 340 828 371 capite
850 340 1032 368 detruncatur.
1060 342 1135 370 Sedit

353 389 440 411 autem
452 385 477 411 in
490 385 642 418 episcopatu
659 393 757 412 annum
774 393 865 419 unum,
881 394 985 414 menses
997 392 1062 419 tres,
1076 388 1134 416 dies
1159 393 1161 396 '

352 429 426 455 duos.
444 429 544 457 Eodem
568 430 611 457 die
627 431 715 464 passio
733 437 883 459 sanctorum
904 433 1044 467 Simplicii,
1067 434 1136 461 Fau-

350 473 410 500 stini
426 481 624 508 germanorum,
641 475 685 509 qui
699 476 748 502 sub
764 476 926 504 Diocletiano
935 482 962 505 et
972 478 1135 506 Maximiano

350 518 376 546 in
393 519 457 546 urbe
480 519 598 546 Romana
624 526 732 555 propter
752 521 829 548 ﬁdem
844 522 953 556 Christi,
971 529 1031 558 post
1051 526 1133 551 multa

351 571 383 591 ac
394 564 498 591 diversa
514 565 640 599 supplicia
661 566 784 593 decollati
797 572 877 600 sunt;
900 573 927 595 et
945 576 1070 603 germana
1090 577 1135 596 eo-

351 617 411 637 rttm
432 610 538 637 Beatrix
561 611 677 643 nomine,
700 619 733 637 eo
754 612 823 645 quod
836 619 946 647 corpora
961 621 1052 640 eorum
1072 622 1134 641 cum

351 654 443 689 Crispo
457 659 484 682 et
504 655 607 683 Joanne
628 656 791 691 presbyteris
815 658 944 690 sepelivit,
971 666 986 685 a
1009 659 1133 686 Lucretio

352 699 476 733 praefecto
490 700 641 735 praefocala,
657 701 764 728 tradidit
777 702 906 735 spiritum.
925 703 1065 730 Lucretius
1086 712 1134 731 ve~

350 752 381 772 ro
404 744 438 772 ab
466 746 603 774 immundo
630 746 723 780 spiritu
748 752 880 780 arreptus,
896 749 921 775 in
946 749 1069 775 convivio
1083 756 1135 776 suo

351 789 492 823 expiravit.
516 789 582 817 Item
609 791 739 825 depositio
767 792 835 819 beati
857 792 920 826 Lupi
934 794 1062 827 episcopi,
1087 794 1133 829 qui

352 841 413 861 cum
424 842 550 869 germano
574 835 647 863 venit
667 836 694 863 iu
717 836 890 870 Britanniam,
904 844 931 865 et
944 839 1134 874 quinquaginta

350 880 454 909 duobus
466 881 544 910 annis
556 882 706 910 sacerdotio
718 883 824 911 functus
838 888 890 917 est,
899 884 942 918 qui
960 889 1077 919 tempore
1091 893 1134 912 re-

1186 296 1244 328 ejus
1257 297 1372 328 canitur,
1398 296 1460 323 dum
1485 298 1551 324 bella
1575 303 1668 325 cuncta
1692 298 1843 332 perderent,
1865 300 1973 328 orando

1185 339 1285 367 Trecas
1299 341 1420 368 munivit.
1439 341 1471 368 Et
1482 341 1612 375 depositio
1625 342 1693 369 beati
1707 342 1830 377 Prosperi
1840 343 1974 378 episcopi.

1221 386 1254 412 Α.
1274 385 1305 412 Ill
1324 385 1442 412 Kscsno.
1464 387 1578 413 Ancum
1593 386 1682 413 Roma
1696 387 1789 414 Abdon
1808 393 1836 414 et
1860 388 1975 416 Sennen

1185 430 1320 464 subreguli
1340 430 1490 457 Persarum.
1503 431 1553 463 Qui
1567 438 1627 457 cum
1645 431 1765 458 Corduba
1777 432 1885 459 civitate
1907 433 1973 460 Per-

1185 483 1274 502 sarum
1298 475 1401 501 vincula
1429 478 1580 509 paterentur
1608 483 1621 501 a
1652 475 1754 508 Decio,
1782 476 1816 503 ad
1845 476 1970 504 ultimum

1185 519 1315 547 duxiteos
1327 520 1437 547 Romam
1452 521 1552 547 catenis
1564 520 1702 555 obligatos,
1718 526 1744 548 et.
1757 520 1868 548 diversis
1883 521 1971 555 prauis

1185 570 1347 598 maceratus,
1374 565 1418 592 ubi
1442 565 1526 599 primo
1547 565 1687 599 plumbatis
1705 566 1777 598 cui,
1802 566 1863 593 dein
1880 566 1973 601 gladio

1185 610 1314 637 interfecti
1335 616 1406 638 sunt.
1431 611 1508 645 Apud
1534 611 1650 637 Africam
1676 610 1809 638 civitatem
1832 611 1972 643 Taburbo,

1184 656 1330 684 lttcernaria
1360 656 1446 689 passio
1481 662 1631 683 sanctarum
1658 655 1810 690 virginum,
1834 656 1971 689 Maxime,

1186 701 1322 728 Donatill.c
1333 706 1360 728 et
1371 701 1507 732 Secundae,
1524 701 1573 728 sub
1589 701 1704 736 Anylino
1716 702 1892 735 proconsule:
1908 709 1973 735 qur

1186 750 1245 780 post
1260 746 1385 780 plurimas
1400 753 1465 780 quas
1479 746 1663 773 sustinuerunt
1686 754 1732 780 pro
1747 746 1850 773 Christo
1866 747 1969 779 passio-

1185 799 1242 823 nes,
1257 791 1344 825 gladio
1358 798 1434 817 caesae
1449 792 1602 826 martyrium
1626 797 1887 819 consummaverunt.
1912 793 1968 819 Ata-

1185 836 1328 863 tissiodoro
1339 836 1469 869 depositio
1482 837 1564 863 sancti
1580 835 1639 863 Ursi
1654 836 1780 871 episcopi.

1221 882 1250 909 li.
1268 882 1341 909 Pani.
1362 881 1428 908 Kac.
1442 881 1562 909 Aecusr.
1577 881 1704 910 Caesarea:
1717 883 1802 917 passio
1816 883 1900 910 sancti
1915 882 1966 911 Fa—

962 940 1074 968 EDlTlO
1096 938 1344 968 BOLLANDIANA.

382 984 427 1013 30.
441 999 477 1005 —
488 984 521 1012 III
543 984 611 1013 ΚΑΙ..
633 984 723 1013 Romae
738 987 751 1001 ⁸
768 985 860 1013 Abdon
875 991 901 1013 et
916 986 1018 1014 Sennes
1041 986 1134 1014 subre-
1150 989 1171 1018 Β
1186 985 1235 1012 bus
1248 984 1361 1011 afﬂictus
1373 987 1424 1016 est,
1440 983 1537 1016 deinde
1558 983 1681 1019 Sapricio
1694 984 1818 1020 praefecto
1843 986 1970 1020 traditus,

347 1030 465 1065 gulorum
479 1039 484 1056 :
497 1038 540 1064 qui
550 1038 608 1057 cum
623 1031 648 1057 in
661 1031 787 1057 Cordubae
803 1031 837 1066 [Ο
850 1052 858 1064 ,
872 1032 981 1059 Credula
993 1040 999 1063 ;
1014 1031 1057 1063 Β..
1068 1032 1132 1059 Cor-

347 1076 425 1107 dnla;
441 1075 481 1108 C.,
505 1075 638 1111 Corduba]
652 1076 758 1104 civitate
787 1077 926 1104 Persarum
943 1078 1043 1104 vincula
1060 1083 1132 1112 palc-

346 1126 436 1147 rentur
450 1128 463 1146 a
480 1120 570 1154 Decio,
587 1121 618 1147 ad
635 1122 753 1148 ultimum
778 1122 851 1148 duxit
867 1130 913 1149 eos
930 1122 1039 1149 Romam
1061 1128 1131 1150 cate-

345 1166 386 1192 nis
397 1166 524 1200 obligatos
537 1170 563 1193 et
573 1166 684 1193 diversis
696 1166 781 1200 ptenis
792 1171 948 1199 maceratus,
959 1167 1001 1194 tibi
1018 1167 1129 1201 primum

344 1211 487 1245 plumbatis
497 1212 570 1244 cmsi,
584 1211 679 1239 deinde
692 1212 779 1246 gladio
793 1212 922 1239 interfecti
937 1218 1008 1239 sunt.

382 1255 474 1283 Florus
487 1256 512 1283 in
524 1256 557 1283 A.
569 1261 595 1283 et
610 1256 641 1284 Τ.
657 1257 694 1284 sic
711 1258 825 1291 pbrasim
841 1258 952 1284 mutavit
966 1262 992 1284 et
1004 1265 1128 1284 sensum:

345 1301 435 1328 Roma:
450 1302 537 1336 passio
551 1303 580 1329 S.
599 1302 690 1329 Abdon
716 1307 743 1330 et
770 1303 870 1330 Sennes
889 1312 895 1329 :
916 1303 960 1337 qui
974 1303 1007 1330 de
1021 1303 1128 1330 Persida

344 1345 455 1372 Romam
472 1351 610 1380 venerunt,
630 1351 656 1373 et
673 1346 722 1373 sub
743 1347 822 1374 Decio
838 1348 995 1381 imperatore
1015 1348 1129 1376 diversis

344 1391 432 1424 pretiis
446 1392 571 1418 macerati
586 1391 618 1417 ad
634 1391 752 1418 ultimum
768 1392 856 1426 gladio
871 1392 1000 1419 interfecti
1022 1398 1093 1420 sunt.

380 1434 450 1463 Idem
467 1436 560 1464 Florus
575 1437 600 1463 in
614 1437 645 1464 Τ.
662 1441 689 1463 et
708 1437 750 1468 L.,
772 1437 871 1464 Eodem
887 1437 929 1464 die
954 1437 1044 1464 Romae
1066 1445 1127 1472 pas-

345 1481 386 1508 sio
401 1481 446 1509 S.”
467 1482 626 1509 Tertullini:
642 1483 685 1516 qui
699 1487 831 1517 pra-cepto
846 1483 974 1510 Valeriani
998 1491 1056 1510 cum
1077 1484 1128 1512 diis

345 1527 496 1555 sacriﬁcare
511 1528 602 1562 nollet,
618 1527 730 1562 primum
747 1528 858 1555 fustibus
876 1533 1002 1556 mactatus
1022 1535 1049 1556 et
1062 1530 1129 1564 igni-

1187 1035 1246 1063 iost
1260 1038 1317 1064 quae
1331 1037 1361 1056 os
1376 1028 1433 1063 ejus
1449 1029 1578 1063 lapidibus
1601 1029 1673 1056 tundi
1697 1035 1724 1057 et
1746 1030 1839 1058 iterum
1863 1032 1970 1067 ignibus

1183 1076 1273 1110 afﬂigi,
1288 1081 1313 1102 et
1333 1075 1360 1102 in
1382 1075 1521 1109 equuleum
1545 1075 1667 1108 suspendi
1689 1075 1778 1109 jussus
1790 1080 1842 1103 est.
1857 1077 1889 1104 Et
1902 1084 1966 1105 cum

1183 1121 1249 1147 vinci
1266 1128 1316 1147 non
1333 1123 1432 1152 posset,
1448 1120 1565 1146 nuntiata
1580 1120 1638 1154 ejus
1651 1121 1798 1147 constantia
1815 1121 1965 1156 Valeriano,

1182 1166 1241 1193 data
1256 1165 1385 1192 sententia
1397 1165 1481 1199 capite
1493 1166 1582 1199 jussus
1597 1171 1636 1193 est
1650 1166 1746 1200 puniri.
1760 1167 1812 1195 Sed
1828 1167 1885 1196 hac
1898 1175 1967 1196 eon-

1182 1217 1282 1239 tractus
1310 1211 1341 1238 L.
1362 1210 1401 1238 sic
1423 1211 1553 1238 absolvit:
1571 1212 1620 1244 Qui
1641 1211 1716 1246 jussu
1738 1212 1881 1247 Valeriani,
1905 1218 1969 1248 post

1181 1259 1237 1285 dira
1255 1263 1398 1291 tormenta,
1412 1258 1498 1291 capite
1509 1258 1599 1292 jussus
1608 1264 1648 1286 est
1659 1259 1756 1292 ptmiri.

1219 1303 1261 1336 Β..
1274 1303 1443 1330 Autisiodoro
1455 1303 1584 1337 depositio
1598 1303 1627 1331 s.
1643 1305 1653 1318 ε
1670 1304 1728 1332 Ursi
1744 1304 1871 1341 episcopi.

1217 1350 1262 1377 3i.
1274 1364 1309 1370 —
1324 1349 1343 1376 ll
1357 1348 1427 1376 Κλι..
1445 1349 1525 1376 Vacat
1539 1349 1628 1377 Baeda.

1218 1395 1301 1422 Vacat
1315 1395 1395 1422 etiam
1411 1395 1625 1430 Supplementum
1644 1396 1815 1425 Divlonense:

1218 1450 1249 1476 V.
1264 1450 1307 1482 C.,
1321 1450 1503 1477 Autissiodoro
1511 1450 1640 1484 depositio
1652 1452 1681 1479 S.
1693 1451 1826 1479 Germani.
1838 1451 1871 1480 Ει
1879 1453 1966 1482 natale

1183 1485 1232 1513 SS.
1258 1486 1412 1517 Secundini,
1428 1486 1555 1513 Maxima.
1568 1485 1598 1513 C.
1614 1486 1712 1514 Eodem
1727 1487 1768 1514 die
1783 1488 1966 1516 reconciliatio

1182 1521 1211 1548 S.
1230 1520 1339 1547 Nicolai.
1362 1521 1403 1553 Β..
1420 1521 1446 1548 ln
1462 1520 1548 1548 Africa
1567 1521 1675 1549 civitate
1689 1522 1803 1550 Siudana
1818 1524 1905 1551 natale
1914 1523 1964 1552 SS.

1025 1575 1126 1602 SMlTll
1147 1575 1260 1604 NOTAE.

380 1625 393 1639 ι
410 1621 508 1661 Mittin.
519 1620 588 1661 'Cum
604 1625 797 1661 autemﬁcor'um
813 1627 924 1661 corpora
938 1621 1128 1661 ubi_ii_t_tcrfecti
1144 1623 1166 1654 C
1181 1622 1287 1657 evecti),
1304 1630 1362 1650 cum
1380 1623 1408 1650 S.
1432 1622 1564 1650 Germano
1576 1628 1677 1661 contra
1701 1623 1822 1661 haeresim
1835 1624 1965 1661 Pelagia-

343 1661 404 1685 sunt
418 1656 504 1682 triduo
516 1656 672 1689 jaruissent,
688 1656 810 1688 Quirinus
827 1657 933 1690 quidam
953 1656 1129 1684 subdiaconus

343 1698 374 1718 ea
387 1691 500 1724 collegit,
516 1695 542 1717 ct.
558 1691 582 1717 in
598 1691 677 1717 duino
693 1699 739 1718 sua
760 1692 862 1718 occulte
877 1691 1008 1725 sepelivit.
1026 1691 1068 1718 ubi
1089 1693 1129 1718 la-

344 1730 452 1752 tuerunt
473 1733 554 1759 usque
569 1726 600 1752 ad
618 1732 735 1760 tempora
759 1725 936 1758 Coiistantiui,
952 1732 977 1752 et
993 1732 1055 1753 tunc
1067 1734 1128 1753 cor-

344 1768 407 1795 pora
431 1761 491 1787 inde
516 1761 598 1787 levata
621 1766 690 1793 sunt,
707 1766 733 1787 et
757 1761 782 1788 in
804 1763 984 1788 cmmeterium
1010 1762 1127 1789 Pontiani

344 1795 480 1823 translata.
499 1796 601 1823 Ps'ruus
616 1804 648 1823 ne
663 1795 773 1827 ΝΑτΑι..
790 1795 926 1828 Νοτκειι..
942 1797 1006 1822 Aoo.

381 1829 394 1849 ι’
409 1830 551 1857 'l‘ertttilint'.
568 1831 604 1858 De
627 1830 678 1857 hoc
703 1835 793 1865 postea
815 1831 858 1858 die
880 1838 906 1857 tv
932 1831 1042 1865 Augusti
1067 1838 1131 1865 age-

345 1869 397 1892 tur.

384 1906 394 1919 ι
409 1899 477 1926 llm'.
493 1900 541 1933 Qui
555 1899 628 1934 juxta
650 1900 677 1927 S.
700 1900 832 1927 Amatoris
857 1900 989 1927 basilicam
1013 1901 1129 1928 reclusus

346 1936 556 1962 anachoreticam
572 1935 644 1961 duxit
659 1935 748 1967 vitam,
764 1941 788 1961 et
801 1943 859 1961 cum
877 1935 901 1961 in
917 1935 1022 1962 civitate
1037 1936 1127 1962 incen-

347 1969 418 1996 dium
435 1970 580 2002 accidisset,
608 1971 726 2003 precibus
750 1970 885 1997 exstinxit.
911 1971 967 2004 Qua
991 1971 1128 1997 occasione

347 2006 430 2031 sancti
444 2006 490 2032 Vtri
501 2007 593 2032 merito
603 2006 745 2037 declarato,
754 2006 882 2032 Cettsurio
892 2006 994 2033 decimo
1004 2007 1128 2039 episcopo

346 2040 490 2067 decedente
509 2041 640 2074 pontiﬁce,
658 2042 680 2066 vi
702 2045 848 2067 extractum
874 2041 1021 2073 prmsulatui
1046 2040 1128 2067 sull'e-

345 2082 407 2102 cere
421 2083 428 2101 :
444 2080 470 2101 et
483 2076 548 2102 cella
563 2077 619 2110 ejus
644 2076 668 2101 in
683 2075 821 2102 ecclesiam
848 2076 936 2102 cessit.
963 2076 1054 2110 Exegit
1069 2076 1129 2101 vitae

346 2117 405 2144 sum,
417 2115 518 2143 tempus
532 2112 607 2136 attlIiS
620 2110 651 2137 81
665 2119 672 2141 ς
688 2110 815 2144 hodieque
838 2113 962 2143 moriens,
980 2111 1005 2137 in
1021 2110 1128 2136 basilica

345 2145 374 2171 S.
391 2143 515 2170 Germani
540 2146 658 2178 sepultus
679 2150 729 2171 est.
753 2145 813 2171 Fuit
837 2147 999 2179 temporibus
1021 2145 1128 2172 Joannis

347 2183 513 2224 papze‘atque
525 2179 629 2224 felicis:
645 2179 823 2224 LABPEiPtbl;
834 2180 976 2224 Nov._tom.
1144 2195 1170 2224 D

385 2213 397 2232 ἀ
410 2212 540 2240 Germani.
557 2213 667 2240 Natioue
689 2214 926 2241 Autissiodoreusis
941 2223 971 2241 ex
989 2212 1062 2248 patre
1077 2214 1130 2241 Ru-

348 2248 415 2275 stico
428 2253 454 2275 ct
469 2254 550 2274 matre
566 2249 724 2275 Germanilla
743 2257 749 2274 :
765 2250 872 2274 sortitus
894 2253 934 2276 est
958 2257 1065 2275 uxorem
1082 2257 1128 2275 no-

349 2286 419 2309 mine
434 2283 609 2315 Eustachium,
626 2284 846 2317 transniissusque
860 2284 892 2310 ad
910 2283 1016 2316 Gallias,
1034 2289 1062 2310 ut
1076 2285 1129 2310 du-

347 2324 433 2344 catum
453 2319 582 2345 oblitteret
605 2326 612 2345 :
637 2326 695 2345 cum
724 2326 786 2344 vero
809 2319 836 2345 S.
864 2319 981 2345 Amatori
1005 2321 1129 2353 episcopo

349 2354 585 2386 Autissiodorensi,
610 2353 678 2387 quod
700 2354 758 2380 ﬁnis
782 2354 840 2380 vita!
864 2354 913 2380 sibi
937 2360 1031 2385 praisto
1047 2360 1127 2383 esset.

348 2388 534 2420 innotesceret.
554 2389 582 2416 S.
603 2389 734 2415 Germano
749 2389 887 2416 ecclesiam
913 2390 1068 2422 ingredienti
1083 2391 1129 2416 sti-

349 2429 424 2457 patus
438 2424 541 2450 clericis
556 2424 611 2450 suis
634 2428 713 2456 caput
732 2424 853 2456 totondit,
880 2432 939 2450 eum
961 2432 1129 2457 praenoscens

350 2459 399 2484 sibi
425 2459 450 2484 in
474 2459 625 2492 episcopatu
650 2465 845 2489 successurum,
866 2467 918 2491 quo
943 2466 991 2485 nec
1013 2460 1057 2485 diu
1072 2465 1131 2493 post

349 2494 472 2525 abeunte,
488 2494 603 2519 omnium
620 2494 687 2520 votis
703 2493 849 2520 Germanus
871 2494 1015 2527 postulatus
1030 2495 1131 2527 episco-

350 2535 409 2562 pus,
424 2534 530 2554 coactus
543 2529 660 2561 suscepit
678 2529 864 2563 sacerdotium.
883 2530 918 2555 tie
932 2530 1009 2561 hujus
1025 2531 1130 2563 naviga-

350 2565 421 2589 tione
441 2563 537 2596 duplici
561 2564 586 2589 in
617 2562 775 2589 Britanniam
790 2564 824 2589 ob
840 2563 1008 2589 refellendam
1034 2564 1129 2597 Pelagii

351 2598 461 2624 lttcrcsin
478 2598 535 2625 vide
550 2598 615 2624 Hist.
634 2598 704 2624 Eccl.
729 2605 747 2627 t.
773 2599 804 2624 17
818 2603 843 2624 et
858 2606 927 2632 seq.,
939 2603 964 2624 et
979 2599 1129 2625 Cbronicou

349 2634 398 2660 sub
422 2633 558 2659 Martiano.
586 2633 705 2666 l’rosperi
731 2632 903 2666 Chronologia
930 2641 980 2666 qua
1008 2634 1132 2659 statuitur

349 2676 409 2694 etim
434 2668 517 2701 primo
532 2669 557 2694 in
573 2668 731 2694 Britanniam
754 2676 766 2692 κ
791 2670 893 2702 synodo
909 2668 1041 2694 Gallicana
1063 2676 1130 2694 anno

349 2702 400 2729 4‘29
411 2711 469 2730 cuin
482 2703 556 2736 Lupo
567 2703 690 2729 Tret'ensi
704 2703 810 2728 missum
823 2710 893 2732 esse,
903 2704 1005 2729 videtur
1016 2710 1075 2729 esse
1087 2711 1131 2729 ve-

350 2738 484 2764 risitnilior
498 2746 574 2770 quam
590 2737 763 2771 Clironolngia
788 2737 928 2770 Sigelietti,
951 2740 994 2771 qui
1018 2738 1130 2765 Germa-

351 2779 413 2799 num
429 2779 478 2799 Iler
492 2773 540 2799 hoc
555 2772 698 2799 instituisse
712 2780 781 2798 anno
793 2772 845 2798 446
861 2772 955 2804 tradit;
972 2780 1006 2799 ex
1019 2780 1050 2798 eo
1062 2773 1130 2805 quod

351 2814 497 2842 auooymus
512 2808 536 2833 iti
553 2807 607 2834 Vita
621 2809 648 2834 S.
667 2807 731 2840 Lupi
755 2808 852 2834 scribat
867 2815 873 2833 :
891 2817 900 2833 ‹
920 2809 1016 2833 Exacto
1032 2807 1130 2833 biennii

350 2841 436 2876 spatio
451 2841 495 2877 (ab
513 2842 662 2877 episcopatu
685 2850 780 2879 nempe
794 2842 859 2878 Lupi
879 2850 947 2870 anno
963 2842 1013 2868 428
1026 2842 1057 2868 ad
1070 2850 1129 2869 euut

1182 1666 1253 1689 nam,
1271 1666 1329 1692 qua:
1344 1666 1436 1685 sanam
1451 1659 1618 1692 oppugnabat
1633 1659 1722 1692 ﬁdem,
1748 1659 1774 1686 in
1799 1659 1962 1688 Britanniam

1181 1693 1315 1727 profectus
1340 1697 1391 1719 est.
1411 1702 1431 1728 Vir
1445 1693 1518 1728 VEam
1543 1694 1622 1720 etiam
1650 1693 1779 1728 synodum
1801 1694 1967 1724 Gallicanam

1180 1732 1305 1764 autumno
1319 1735 1389 1764 anno
1403 1727 1454 1754 429
1465 1728 1597 1764 habitam,
1612 1727 1681 1764 idem
1696 1731 1964 1764 anonymuaindicat,

1180 1762 1286 1798 quando
1301 1763 1337 1789 ait
1350 1770 1396 1789 eos
1412 1763 1544 1795 profectos
1556 1763 1717 1797 temporibus
1731 1762 1856 1797 hibernis,
1869 1765 1897 1792 id
1909 1762 1963 1798 est,

1184 1797 1233 1834 sub
1246 1797 1323 1834 hujus
1336 1798 1397 1834 anni
1413 1798 1501 1825 ﬁnem.
1517 1798 1644 1834 Prmterea
1657 1798 1682 1824 in
1695 1805 1781 1826 rerum
1794 1797 1964 1834 Anglicanam

1184 1832 1358 1865 Cltrouologia
1381 1833 1430 1860 hoc
1453 1833 1550 1859 saeculo
1565 1833 1608 1859 alii
1628 1833 1708 1860 duces
1732 1841 1747 1859 a
1769 1832 1903 1868 Sigelierlo
1916 1842 1962 1862 se-

1184 1868 1290 1900 quendi,
1307 1868 1366 1901 quia
1382 1868 1404 1894 is
1419 1869 1574 1901 plerumque
1588 1867 1613 1893 in
1629 1875 1736 1901 magnos
1746 1867 1964 1897 anachronismoo

1185 1902 1284 1928 incidit.
1302 1902 1355 1929 Nec
1364 1902 1496 1929 Sirmondi
1513 1903 1538 1928 in
1553 1902 1702 1936 Appendice
1712 1903 1744 1929 ad
1758 1908 1821 1930 tom.
1834 1903 1866 1931 Ill
1879 1903 1962 1932 Cone.

1184 1937 1247 1973 edit.
1260 1937 1406 1964 Labbeaute
1421 1943 1602 1973 argumentum
1619 1937 1721 1973 videtur
1734 1939 1846 1966 maxime
1858 1940 1959 1973 valere,

1182 1971 1357 1998 existimantis
1373 1973 1486 2006 priorem
1506 1972 1801 2007 Germanirlegationem
1818 1974 1845 2001 in
1858 1971 1962 2003 Britain;

1182 2007 1251 2032 uiam
1278 2007 1409 2041 pertinere
1432 2008 1464 2034 ad
1489 2014 1585 2033 annum
1609 2006 1670 2038 “6,
1687 2008 1747 2041 quia
1762 2008 1838 2035 Baeda
1853 2010 1878 2036 in
1894 2008 1961 2038 Hist.

1183 2041 1253 2068 Eccl.
1271 2049 1290 2072 ι,
1307 2041 1350 2071 10.
1365 2042 1462 2068 srribat
1474 2043 1611 2068 Britannos
1621 2046 1749 2074 praesente
1760 2043 1890 2070 Germano
1902 2051 1962 2072 cum

1182 2075 1261 2103 Pictis
1276 2081 1311 2113 3t
1339 2077 1486 2113 Saxonibus
1512 2077 1680 2113 conﬂixisse;
1698 2077 1773 2113 longe
1795 2079 1866 2106 enirn
1890 2079 1964 2113 prius

1181 2118 1258 2144 quam
1275 2111 1414 2145 lleugistus
1429 2120 1488 2139 cum
1512 2113 1566 2139 suis
1585 2112 1733 2140 Saxonibus
1745 2111 1779 2140 Vin
1801 2111 1963 2142 Britanniam

1181 2146 1334 2182 appulisset,
1349 2148 1498 2179 frequenter
1511 2147 1537 2173 in
1555 2154 1612 2173 eam
1627 2147 1743 2182 Saxones
1761 2149 1907 2182 irrumpere
1920 2155 1965 2175 ao-

1183 2180 1280 2207 lebaut.
1297 2182 1424 2208 Baronins
1449 2182 1589 2217 secundam
1614 2182 1642 2209 S.
1669 2181 1792 2209 Germani
1818 2180 1965 2217 navigatio-

1182 2223 1242 2242 nem
1258 2216 1282 2242 iit
1298 2224 1395 2243 annum
1410 2216 1463 2244 455
1475 2215 1576 2243 confert
1591 2221 1618 2243 et
1636 2224 1695 2243 eum
1718 2222 1806 2250 postea
1829 2215 1963 2246 mortuum

1181 2253 1285 2278 asserit.
1302 2252 1398 2278 Verum
1413 2251 1536 2278 Germani
1551 2258 1621 2278 mors
1635 2251 1668 2277 ab
1681 2259 1749 2278 anno
1762 2251 1813 2280 M8
1829 2254 1962 2281 removeri

1182 2293 1233 2312 non
1250 2291 1346 2318 potest.
1358 2287 1528 2313 Constantius
1542 2288 1611 2313 enim
1625 2287 1651 2312 in
1666 2287 1724 2320 ejus
1742 2287 1797 2313 Vita
1813 2287 1848 2314 ait
1862 2296 1868 2314 τ
1885 2297 1896 2314 ι
1914 2287 1960 2316 So-

1181 2321 1218 2346 dit
1233 2320 1379 2348 Germanus
1405 2322 1429 2348 in
1451 2321 1592 2354 episcopali
1608 2322 1733 2348 cathedra
1748 2330 1831 2349 annos
1845 2322 1889 2354 30,
1903 2323 1963 2350 dies

1180 2355 1215 2380 23
1230 2364 1237 2381 :
1254 2356 1318 2382 obiit
1343 2363 1404 2383 vero
1426 2357 1509 2390 pridie
1531 2355 1591 2383 Kal.
1615 2358 1754 2390 Augustas,
1780 2357 1963 2385 Valentiniano

1182 2391 1267 2417 adhuc
1278 2391 1374 2424 juvene
1388 2391 1533 2423 imperante
1547 2398 1606 2418 cum
1621 2391 1733 2419 Placidia
1747 2397 1840 2418 matre.
1861 2401 1871 2418 ι
1888 2393 1960 2420 idem

1181 2426 1361 2462 Constantius,
1379 2424 1437 2462 uti,
1459 2425 1512 2459 jam
1536 2427 1724 2462 scripseratﬁs.
1743 2427 1963 2462 Amatoremrejus

1183 2459 1350 2487 det-esserem
1371 2460 1404 2487 ad
1430 2461 1510 2487 Deum
1535 2463 1662 2495 migrasse
1687 2461 1860 2489 Kalendarum
1882 2459 1962 2489 linia-

1183 2502 1240 2521 rum
1256 2501 1348 2529 quarta
1365 2496 1439 2529 feria,
1457 2496 1567 2529 ideoque
1587 2504 1656 2522 anno
1672 2497 1759 2529 aliquo
1775 2497 1858 2524 littera
1873 2497 1964 2524 Domi-

1183 2530 1302 2568 tiicali__F
1324 2534 1424 2568 notato,
1448 2531 1587 2568 sicuti__cst
1608 2538 1694 2568 annus
1716 2532 1814 2568 Chriin
1833 2530 1895 2564 M8,
1911 2539 1964 2568 quo

1183 2565 1242 2600 ideo
1257 2565 1300 2591 die
1315 2566 1398 2599 prima
1415 2566 1511 2592 mensis
1524 2565 1594 2598 Maii,
1608 2565 1633 2591 in
1645 2574 1722 2599 qttam
1739 2567 1802 2593 feria
1818 2572 1907 2600 quarta
1920 2565 1962 2594 in~

1183 2599 1296 2634 ridebat,
1325 2601 1434 2626 Amatur
1457 2601 1577 2633 spiritum
1605 2603 1657 2628 l‘eo
1679 2602 1802 2628 reddidit.
1824 2599 1911 2634 Quare
1931 2602 1962 2630 S.

1184 2633 1330 2671 Germanus
1342 2642 1373 2661 νο
1390 2635 1487 2669 pariter
1497 2643 1578 2668 anno,
1590 2636 1633 2663 die
1646 2637 1757 2670 septima
1771 2633 1844 2669 Julii,
1854 2637 1897 2671 qui
1911 2635 1965 2665 Do-

1183 2670 1314 2696 mintralis
1326 2670 1382 2701 fuit,
1396 2675 1565 2706 consecratus
1577 2677 1617 2698 est
1629 2672 1777 2705 episcopus,
1789 2677 1815 2698 et
1826 2670 1960 2706 postquam

1183 2707 1294 2730 sedisset
1305 2713 1388 2730 annos
1403 2705 1436 2732 δυ
1448 2710 1474 2731 et
1485 2705 1541 2731 dies
1551 2704 1596 2738 25,
1616 2704 1681 2733 obiit
1701 2704 1745 2733 die
1758 2704 1849 2733 ultinia
1865 2707 1963 2734 mensis

1183 2738 1244 2765 Julii
1259 2741 1319 2765 anni
1341 2739 1402 2766 488.
1417 2741 1483 2766 Cum
1507 2742 1594 2774 itaque
1618 2742 1695 2774 paulo
1710 2746 1770 2768 ante
1796 2747 1918 2774 mortem,
1933 2747 1962 2768 ut

1183 2780 1287 2799 consmt
1301 2781 1332 2800 ex
1349 2775 1492 2801 Constantii
1508 2776 1555 2802 lib.
1578 2783 1608 2806 tt.
1632 2776 1661 2803 S.
1687 2777 1832 2804 Germanus
1854 2783 1914 2804 cum
1933 2779 1961 2804 S.

1183 2809 1281 2846 Severo
1299 2810 1432 2846 episcopo
1456 2810 1606 2837 'l'revirensi
1630 2811 1731 2846 collega
1754 2813 1778 2837 in
1804 2811 1962 2838 Britanniam

1185 2843 1326 2876 trajecerit.
1348 2845 1403 2871 tnec
1414 2845 1509 2879 legatio
1520 2846 1553 2872 ad
1564 2853 1662 2873 auuutn
1673 2843 1778 2874 circiter
1789 2846 1840 2873 447
1851 2851 1963 2879 spectat.
