4110 6444
623 308 734 367 995

1399 304 1601 362 θευΑε
1641 306 2087 363 VENERABILIS
2126 305 2277 362 OPP.
2319 304 2496 365 PARS
2535 307 2623 363 IV.
2672 337 2735 349 —
2773 306 3149 364 IIISTORICA.

3759 306 3871 363 996

1883 418 2106 473 EDITIO
2141 417 2605 477 COLONIENSIS.

696 510 757 564 D.
778 509 843 565 IV
860 508 993 563 Non.
1024 508 1255 564 Aucusr.
1286 508 1470 562 Romae
1492 507 1658 563 sancti
1678 508 1925 576 Stephani
1949 524 2117 578 papae.
2138 519 2192 563 et
2217 512 2271 570 Α
2299 510 2597 579 appellatur
2623 510 2984 567 cmmeterium
3021 512 3224 568 Calisti.
3256 512 3403 568 Sedit
3439 524 3615 569 autem
3646 515 3698 569 in
3744 519 3859 584 epi-

624 603 895 670 martyris,
943 600 1040 653 sub
1073 600 1353 655 Valeriano
1393 613 1447 654 et
1470 600 1711 654 Gallieno
1752 602 2175 669 imperatoribus.

621 695 722 762 Qui
771 709 889 747 cum
941 693 1235 761 persecutio
1276 706 1415 745 smva
1470 704 1819 761 grassaretur,
1862 702 2187 762 congregato

623 786 867 838 universo
896 782 1042 835 clero
1065 796 1181 845 suo,
1223 781 1465 835 hortatur
1496 792 1550 835 ut
1575 797 1668 847 pro
1694 763 1904 836 Christo
1931 797 2180 837 coronam

620 872 855 943 martyrii
886 873 1130 926 alacriter
1167 872 1515 941 susciperent.
1559 873 1656 927 Hic
1692 874 1965 927 constituit
2011 884 2068 928 ut
2098 890 2182 928 sa-

618 964 861 1017 cerdotes
906 972 960 1015 et
1001 962 1174 1016 levita:
1226 974 1400 1016 vestes
1446 978 1626 1017 sacras
1676 963 1727 1016 in
1756 965 2062 1032 quotidiano
2084 981 2181 1019 usu

620 1069 725 1107 non
751 1054 1029 1116 haberent,
1059 1052 1158 1105 nisi
1218 1061 1419 1105 tantum
1465 1052 1515 1105 in
1547 1052 1788 1107 ecclesia.
1842 1055 2185 1111 Drdinaverat

618 1152 727 1199 tres
757 1144 1115 1215 presbyteros,
1148 1151 1201 1197 et
1232 1154 1433 1207 septem
1460 1142 1731 1210 diaconos,
1755 1150 1809 1197 et
1841 1144 2064 1198 clericos
2092 1146 2187 1199 de-

619 1249 756 1299 cem,
808 1249 925 1288 cum
983 1233 1172 1301 quibus
1221 1231 1289 1286 de
1319 1247 1481 1301 regno
1531 1231 1622 1286 Dei
1675 1233 1887 1287 assidue
1939 1234 2188 1288 docebat.

627 1325 819 1378 Beatus
869 1324 1023 1392 igitur
1064 1324 1386 1392 Stephanus,
1433 1332 1551 1390 post
1580 1324 1741 1377 multa
1772 1339 1888 1391 qua:
1931 1336 2181 1392 operatus

617 1423 699 1467 est
727 1414 884 1477 bona,
932 1413 1110 1468 missis
1154 1427 1182 1464 a
1232 1410 1514 1466 Valeriano
1565 1412 1837 1478 militibus,
1876 1413 2054 1480 jussus
2104 1425 2186 1470 est

617 1505 903 1569 decollari;
934 1505 1022 1574 qui
1056 1504 1332 1557 venientes
1361 1503 1671 1557 invenerunt
1696 1518 1815 1557 eum
1859 1505 2183 1559 sacriﬁcium

617 1594 728 1649 Deo
755 1595 1085 1657 oll‘erentcm,
1109 1603 1164 1648 et
1192 1594 1587 1646 decollaverunt
1612 1607 1732 1649 eum
1758 1596 1809 1649 in
1831 1596 2015 1650 eodem
2044 1597 2183 1651 loco.

618 1686 780 1753 Cujus
825 1699 1017 1754 corpus
1055 1684 1342 1738 Christiani
1374 1684 1699 1751 sepelierunt
1741 1683 1797 1739 in
1822 1686 2008 1741 eadem
2056 1701 2181 1756 cry-

619 1787 728 1847 pta,
753 1778 839 1831 ubi
870 1776 1090 1831 astantis
1112 1774 1311 1830 effusus
1340 1782 1421 1828 est
1451 1775 1663 1843 sanguis
1698 1774 1835 1845 ejus,
1868 1775 1920 1830 in
1950 1776 2065 1830 loco
2087 1778 2179 1847 qui

2289 610 2505 668 scepatu
2557 612 2760 671 septem
2797 617 2987 668 annos,
3035 619 3245 658 menses
3273 605 3525 674 quinque,
3575 608 3689 661 dies
3719 619 3852 665 tres.

2289 688 2489 743 Eodem
2518 690 2606 744 die
2650 691 2823 746 natale
2861 701 3057 745 sancta:
3102 693 3411 757 Theodotus,
3445 709 3564 748 cum
3590 696 3757 750 tribus
3786 696 3855 750 ll-

2290 777 2375 832 liis
2396 780 2506 834 suis
2537 780 2589 834 in
2621 782 2892 849 provincia
2942 782 3201 852 Bithynia,
3228 784 3360 839 urbe
3387 784 3579 847 Nicaea,
3608 796 3851 854 tempore

2294 868 2623 935 Diocletiani,
2672 872 2772 925 sub
2818 873 3016 925 comite
3064 873 3345 939 Leucadio,
3397 876 3484 944 qui
3525 876 3659 931 hanc
3706 878 3851 933 l’erro

2291 960 2519 1015 vinctam
2566 978 2684 1018 cum
2718 964 2861 1027 ﬁliis,
2894 965 3157 1019 consulari
3199 964 3456 1036 Bithynia:
3502 968 3701 1024 Nicetio
3758 971 3852 1024 de-

2291 1050 2525 1107 stinavit.
2557 1056 2626 1105 At
2655 1052 2743 1106 ille
2774 1054 2934 1106 lilium
2976 1052 3090 1122 ejus
3139 1056 3539 1125 primogenitum
3591 1059 3846 1113 Evodium

2292 1140 2557 1195 Christum
2583 1142 2895 1197 ﬁducialiter
2924 1144 3266 1198 confitentem
3298 1144 3419 1200 fecit
3448 1146 3671 1200 fustibus
3696 1149 3854 1216 cmdi,

2292 1229 2484 1285 deinde
2513 1232 2653 1286 illam
2684 1248 2804 1287 cum
2843 1235 3086 1288 omnibus
3118 1235 3244 1290 ﬁliis
3274 1238 3395 1306 igne
3419 1240 3679 1292 consumi.
3707 1238 3856 1292 Scri-

2294 1332 2437 1393 ptum
2466 1332 2548 1376 est
2586 1325 2636 1376 in
2663 1326 2912 1379 Passione
2934 1325 2989 1379 S.
3018 1327 3339 1381 Anastasius.

2363 1415 2423 1468 Ε.
2467 1415 2524 1469 111
2556 1416 2686 1470 Non.
2717 1418 2955 1472 Aucusr.
2984 1417 3330 1489 Jerosolymis
3359 1420 3590 1476 inventio
3616 1422 3857 1491 corporis

2290 1505 2462 1559 sancti
2496 1506 2750 1575 Stephani
2795 1512 3223 1580 protomartyris,
3254 1520 3306 1565 et
3331 1522 3628 1567 sanctorum
3661 1514 3856 1568 Carna-

2290 1596 2446 1663 lielis,
2496 1597 2765 1652 Nicodemi
2818 1608 2872 1653 et
2918 1601 3147 1665 Abibon,
3196 1602 3333 1657 sicut
3376 1606 3662 1658 revelatum
3711 1615 3855 1661 esta

2288 1687 2513 1743 Domino
2536 1688 2698 1744 beato
2736 1690 2969 1745 Luciano
2998 1693 3332 1763 presbytero,
3377 1694 3603 1763 septimo
3631 1694 3853 1748 lionorii

2287 1777 2543 1846 principis
2591 1792 2753 1833 anno.
2784 1779 2911 1834 item
2950 1780 3008 1835 in
3062 1780 3343 1837 Antiochia
3391 1784 3558 1838 sancti
3588 1784 3847 1853 Stephani

1859 1887 2085 1941 EDITIO
2124 1886 2625 1942 BOLLANDIANA.

616 1978 921 2035 vicesimam
964 1975 1185 2045 primam
1217 1991 1427 2044 semper
1456 1987 1693 2030 sanctum
1723 1975 1923 2030 Pascha
1953 1976 2039 2031 die
2068 1978 2171 2032 Do-
2212 1980 2260 2039 Β
2286 1978 2543 2048 martyrio
2586 1988 2869 2034 coronatus
2914 1989 2995 2036 est
3046 1979 3099 2037 in
3153 1985 3519 2051 persecutione
3581 1987 3845 2045 Valeriani

618 2070 814 2126 minico
842 2068 1232 2132 celebraretur;
1283 2080 1575 2135 passusque
1600 2077 1680 2121 est
1710 2069 2016 2138 martyrium
2052 2079 2185 2124 tem-

618 2167 800 2229 pore'I
848 2157 1125 2212 Commodi
1174 2165 1226 2209 et
1281 2154 1587 2209 Granionis.
1636 2155 1899 2222 Scriptum
1950 2160 2001 2212 in
2051 2159 2186 2214 libro

617 2251 1006 2318 episcoporum.
1039 2248 1090 2301 In
1138 2246 1406 2315 Hispaniis
1446 2246 1692 2300 Gerunda
1731 2246 1967 2316 civitate,
2011 2250 2185 2317 passio

616 2341 677 2396 8.
707 2338 733 2378 δ
766 2337 954 2394 Felicis
979 2354 993 2390 :
1020 2337 1105 2391 hic
1127 2338 1266 2390 enim
1292 2347 1410 2405 post
1440 2336 1604 2391 multa
1636 2346 1895 2392 tormenta
1928 2338 2083 2392 mulis
2111 2340 2188 2392 al-

615 2430 825 2499 ligatus,
856 2436 911 2482 et
944 2442 1035 2497 per
1064 2428 1331 2481 civitatem
1363 2436 1565 2482 tractus
1586 2436 1687 2491 est,
1733 2426 1927 2482 deinde
1962 2440 2187 2495 suspen-

615 2536 728 2586 sus,
761 2530 815 2576 et
844 2520 893 2574 itt
923 2533 1070 2575 mare
1100 2519 1368 2589 projectus
1395 2533 1517 2572 cum
1558 2518 1624 2571 ad
1666 2519 1809 2573 littus
1855 2517 2055 2572 auxilio
2085 2519 2188 2573 Do-

615 2612 743 2667 mini
774 2611 1121 2682 pervenisset,
1172 2609 1223 2663 in
1275 2617 1476 2662 tantum
1515 2618 1597 2663 est
1623 2608 1830 2677 ungulis
1859 2607 2049 2665 ferreis
2078 2608 2188 2663 dis-

614 2716 848 2773 cerptus,
873 2711 933 2756 ut
963 2703 1060 2756 hac
1080 2698 1424 2754 dilaniatione
1448 2699 1721 2753 deliceret.

685 2835 776 2898 ν..
804 2836 1000 2890 Natalis
1029 2847 1048 2873 ο
1079 2832 1225 2898 Spei,
1261 2832 1430 2894 Fidei,
1460 2830 1764 2893 Cltaritatis,
1791 2842 1844 2887 et
1874 2842 2061 2887 matris
2091 2847 2180 2886 ea-

615 2922 733 2960 rum
759 2907 1060 2971 Sapientiae.
1086 2905 1173 2967 T.,
1208 2904 1324 2969 Ipso
1353 2902 1436 2954 die
1459 2901 1705 2954 transitus
1731 2901 1789 2955 S.
1818 2906 1845 2948 ἀ
1873 2903 2045 2954 Jonati
2071 2903 2180 2956 dis-

616 2976 771 3045 cipuli
802 2977 859 3029 S.
891 2974 1134 3027 Amandi.
1169 2972 1250 3037 ll.,
1281 2971 1335 3025 In
1370 2971 1615 3039 Hispania
1641 2971 1886 3025 Gerunda
1921 2971 2092 3026 natale
2113 2972 2173 3026 8.

616 3045 827 3099 Felicis.

682 3183 737 3238 Ξ.
765 3214 832 3224 -
864 3181 927 3237 ιν
974 3180 1168 3237 Νοωιε.
1218 3180 1399 3235 ltomre
1446 3178 1503 3236 S.
1535 3188 1559 3217 ο
1605 3179 1857 3251 Stephani
1903 3195 2051 3252 papre
2097 3183 2186 3252 qui

2291 2068 2565 2137 principis.
2612 2069 2807 2124 Eodem
2830 2070 2917 2125 die
2939 2072 3111 2127 natale
3133 2073 3192 2128 S.
3222 2074 3506 2131 Tlieodottc
3533 2092 3653 2131 cum
3678 2082 3850 2136 tribus

2290 2157 2411 2212 [iliis
2437 2160 2545 2213 suis
2569 2159 2620 2213 in
2652 2160 2916 2229 provincia
2951 2161 3209 2232 Bithynia,
3237 2164 3368 2218 urbe
3393 2166 3583 2233 Nicaza,
3610 2180 3850 2237 tempore

2293 2248 2626 2317 Diocletiani,
2657 2252 2758 2306 sub
2806 2252 3046 2308 comite'
3079 2253 3341 2309 Leocadio
3370 2275 3383 2309 :
3413 2259 3499 2327 qui
3540 2259 3673 2315 hanc
3713 2262 3856 2318 ferro

2291 2340 2518 2395 vinctam
2546 2355 2666 2395 cum
2701 2340 2822 2395 ﬁliis
2849 2342 3115 2397 consulari
3146 2344 3407 2415 Bithynia:
3453 2347 3655 2403 Nicetio
3684 2351 3854 2406 desti-

2291 2433 2454 2487 navit.
2484 2434 2552 2486 At
2582 2432 2671 2487 ille
2701 2434 2875 2501 primo
2919 2433 3087 2488 ﬁlium
3130 2436 3246 2504 ejus
3278 2437 3679 2507 primogenitum
3711 2442 3857 2495 Evo-

2293 2521 2463 2587 dium,
2490 2521 2760 2577 Christum
2788 2522 3099 2579 ﬁducialiter
3120 2524 3463 2581 conﬁtentem
3486 2527 3611 2582 fecit
3628 2530 3857 2586 fustibus

2293 2613 2423 2668 cadi
2454 2631 2467 2666 :
2499 2614 2690 2669 deinde
2720 2614 2862 2669 illam
2889 2628 3008 2670 cum
3032 2617 3281 2671 omnibus
3311 2618 3432 2672 ﬁliis
3455 2620 3571 2689 igne
3593 2626 3855 2678 consumi.

2294 2700 2580 2771 (Hactenus
2608 2702 2702 2774 A.)
2733 2704 2996 2773 Scriptum
3036 2706 3087 2759 in
3110 2704 3364 2763 Passione
3391 2708 3447 2762 8.
3475 2717 3500 2756 8
3539 2709 3853 2768 Anastasis.

2289 2792 2447 2916 Ν11η,
2480 2794 2533 2849 In
2563 2794 2707 2849 Italia
2738 2796 2958 2851 civitate
2976 2794 3181 2853 Verona
3208 2798 3383 2855 natale
3408 2798 3504 2857 SS.
3538 2800 3729 2857 Felicis
3750 2814 3805 2858 et
3826 2802 3857 2841 ι

2338 2878 2457 2916 tcet.

2338 2878 2432 2917 lcel
2441 2900 2457 2917 ο

2351 2955 2409 3011 3.
2436 2985 2505 2995 -—
2531 2953 2736 3015 Nonas.
2759 2956 2923 3013 Vacat
2952 2958 3130 3014 Baeda.

2368 3044 2456 3121 V_.,
2501 3044 2690 3121 Δ1ἶοιῐιξιι
2714 3048 2771 3102 8.
2798 3048 3068 3121 Diogenis,
3118 3051 3392 3121 Stephani.
3428 3053 3491 3107 Et
3536 3053 3793 3120 depositio
3828 3056 3846 3094 ί

2298 3114 2551 3193 Eulronii
2579 3118 2832 3186 episcopi.
2879 3114 2964 3193 C._,
3007 3114 3431 3193 ARontm'natalis
3468 3124 3527 3177 S.
3580 3114 3848 3193 Drogemi.

2298 3184 2552 3256 Stephani
2579 3184 2978 3259 protomartyris
3006 3190 3060 3245 in
3092 3188 3109 3241 l
3150 3194 3363 3247 Ancona
3395 3210 3410 3247 :
3440 3194 3525 3247 ubi
3556 3184 3738 3249 haberi
3768 3197 3852 3249 di-

1994 3298 2200 3353 SMITH
2238 3298 2463 3356 NOTIE.

1994 3300 2200 3353 SMITH
2238 3300 2463 3356 NOTAE.

683 3408 710 3436 ι
746 3396 1025 3451 Commodi.
1058 3392 1458 3464 EtGlabrionis,
1483 3406 1585 3445 non
1609 3388 1910 3464 Granionis.
1941 3392 2182 3464 Hisvero
2210 3393 2258 3458 (ζ
2292 3391 2478 3458 voluit,
2529 3402 2585 3447 tit
2629 3392 2745 3463 ejus
2792 3394 3037 3464 conjugio
3083 3403 3374 3451 necteretur
3411 3412 3426 3451 :
3456 3396 3547 3451 sed
3596 3413 3714 3453 cum
3758 3399 3852 3456 illa

610 3470 917 3524 consulibus
950 3481 1051 3518 non
1080 3463 1387 3533 martyrium
1423 3476 1605 3528 passus
1635 3471 1740 3528 est,
1781 3463 1871 3514 sed
1905 3462 2181 3527 pontiﬁca-

611 3550 721 3594 tum
748 3540 861 3591 iniit
888 3554 900 3589 :
935 3536 986 3587 In
1016 3534 1281 3589 Chronico
1307 3534 1447 3585 enim
1479 3544 1715 3586 veterum
1768 3533 2072 3598 pontiﬁcum
2106 3534 2179 3587 le-

609 3614 749 3678 gitur
774 3625 786 3661 :
825 3625 844 3678 ι
876 3604 995 3661 Fuit
1024 3621 1053 3678 τι
1073 3604 1352 3678 consulatu
1382 3601 1658 3678 Commodi
1687 3618 1739 3667 ν,
1769 3612 1824 3678 et
1851 3601 2176 3678 Glabrionis,

610 3670 662 3731 iit
694 3687 774 3731 est
802 3677 869 3729 ab
898 3690 988 3728 an.
1035 3673 1157 3739 186,
1188 3687 1355 3740 usque
1380 3672 1639 3724 Laterano
1685 3680 1739 3724 et
1768 3670 1984 3737 Ruﬁno,
2014 3672 2066 3726 id
2100 3682 2185 3729 est

609 3748 697 3802 ad.
730 3763 815 3797 an.
850 3745 967 3799 191.
1000 3762 1017 3794 ι

682 3817 708 3854 δ
750 3813 956 3867 Felicis.
1010 3812 1107 3879 Qui
1156 3811 1221 3865 de
1264 3809 1550 3882 Scyllitana
1594 3807 1725 3882 urbe
1757 3811 2029 3876 oriundus,
2077 3826 2177 3867 una

610 3902 731 3940 cum
760 3884 1068 3951 Cucuphate
1092 3882 1281 3951 dequo
1311 3880 1469 3948 supra
1495 3896 1598 3933 xxv
1621 3880 1767 3945 Julii,
1795 3897 2009 3936 ascensa
2048 3896 2181 3937 nave

612 3959 664 4011 in
696 3958 1034 4011 OCCtdenletn
1066 3954 1225 4006 venit.
1273 3953 1335 4005 Et
1363 3951 1667 4018 aliquandiu
1690 3966 1807 4005 cuin
1839 3954 1973 4018 apud
1998 3953 2179 4005 Barci-

610 4042 825 4093 nunatn,
861 4025 1139 4090 Empurias
1163 4032 1217 4075 et
1242 4023 1543 4077 Geruntlam
1577 4022 1937 4093 przedicasset,
1957 4022 2177 4093 jubente

610 4090 842 4152 Daciano
897 4094 1221 4161 temporibus
1270 4092 1577 4146 D;ocletiani
1622 4106 1651 4144 a
1700 4090 1890 4145 Ruﬁno
1930 4092 2175 4161 iolliciali

616 4178 790 4222 tentus
821 4174 925 4228 est,
953 4160 1153 4230 etpost
1180 4166 1324 4217 varia
1356 4172 1615 4215 tormenta
1656 4165 1882 4227 occisus,
1913 4160 2175 4215 Gerundze

612 4239 665 4291 in
700 4243 1074 4297 monumento,
1113 4234 1251 4300 quod
1301 4234 1413 4298 ipse
1455 4232 1555 4285 sibi
1598 4242 1896 4301 paraverat,
1929 4232 2173 4284 conditus

608 4315 708 4382 est.
747 4308 880 4382 Ann,
912 4303 1285 4382 8υιιιιιεηιοιιιτ
1317 4302 1487 4382 1.ν,,1ιι
1520 4308 1665 4382 Actis
1690 4301 1746 4355 S.
1774 4301 2092 4369 Cucuphatis
2119 4308 2175 4355 et

612 4376 785 4443 primo
812 4374 897 4425 die
930 4372 1171 4437 Augusti,
1203 4371 1289 4424 ubi
1318 4372 1383 4425 de
1412 4373 1523 4437 ipso
1553 4373 1743 4439 agitur.

683 4455 706 4484 ε
750 4442 891 4513 Spei.
925 4440 1015 4495 Ha:
1042 4438 1199 4493 etiam
1226 4456 1382 4510 supra
1413 4440 1656 4493 coluntur
1684 4439 1809 4494 Julii
1835 4439 1920 4495 die
1944 4454 1980 4504 t,
2003 4448 2057 4493 et
2084 4438 2177 4494 Ju-

606 4515 678 4570 nii
711 4527 856 4567 χχιιι.

680 4584 706 4624 d
744 4581 939 4637 Jonati.
989 4579 1088 4647 Qui
1139 4578 1338 4648 primus
1393 4579 1487 4633 fuit
1525 4580 1685 4633 abbas
1726 4576 2004 4633 Marcianis
2066 4578 2179 4634 sive

608 4655 888 4717 Marceuis,
922 4667 984 4705 ac
1011 4650 1204 4705 ibidem
1235 4651 1469 4704 elevatus
1488 4651 1733 4719 quiescit.
1770 4648 1966 4702 Natalis
1991 4649 2179 4705 incidit

606 4727 659 4780 itt
690 4725 805 4779 Kal.
838 4722 1058 4791 Augusti
1086 4737 1100 4774 :
1133 4721 1360 4775 elevatio
1389 4722 1439 4774 in
1469 4731 1677 4775 sextum
1721 4720 1905 4774 ldttutn
1952 4721 2176 4788 Aprilis.

606 4798 858 4851 MULANUS
880 4795 946 4845 de
975 4793 1182 4845 Sanctis
1211 4791 1394 4860 Belgii.

677 4876 701 4904 ι
743 4863 1008 4928 Stephani.
1044 4862 1137 4914 llic
1164 4862 1222 4914 S.
1266 4858 1428 4915 Lucio
1468 4859 1702 4929 pontiﬁci
1752 4858 2007 4915 successit
2033 4873 2177 4915 anno

603 4935 743 5001 255;
788 4933 987 4999 lttitque
1015 4931 1335 4998 temporibus
1376 4931 1635 4985 Valeriani
1664 4939 1718 5001 et
1742 4931 1964 4985 Gallieni
1988 4944 2018 4983 a
2045 4943 2181 5001 con-

606 4999 779 5061 sulatn
815 5004 1082 5057 Volusiani
1108 5012 1161 5054 et
1184 5001 1392 5054 Maximi
1424 5016 1590 5069 usque
1616 5000 1681 5053 ad
1711 5004 2042 5069 consulatum
2079 4999 2176 5053 Va-

606 5076 789 5131 leriani
813 5088 867 5128 tv
891 5084 944 5127 et
965 5071 1187 5125 Gallieni
1205 5085 1281 5134 nt,
1299 5072 1489 5125 hocest
1504 5068 1569 5124 ab
1588 5085 1726 5123 anno
1742 5068 1922 5124 353ml
1946 5070 2177 5124 an.257.

603 5148 660 5200 S.
675 5148 939 5217 Cypriane
958 5151 1012 5195 et
1028 5140 1290 5217 Al'ﬂcante
1309 5142 1554 5196 Ecclesia)
1575 5143 2175 5217 “communicationem

605 5210 836 5270 minatus
882 5223 985 5277 est,
1015 5220 1069 5266 et
1094 5211 1396 5265 Firtniliano
1421 5227 1539 5265 cum
1565 5211 1677 5264 suis
1713 5210 1947 5279 partibus
1985 5211 2177 5264 Orien-

608 5289 819 5353 talibus,
840 5299 906 5339 eo
930 5282 1069 5352 quod
1090 5280 1788 5353 rebaptizandoshzereticos
1807 5290 1861 5353 et
1878 5280 2179 5353 schismati-

603 5372 695 5411 cus
725 5350 1068 5412 censuerunt.
1102 5352 1230 5405 Vide
1270 5351 1329 5406 8.
1355 5350 1638 5404 Firmiliani
1668 5350 1946 5418 epistolam
1972 5353 2036 5402 ad
2069 5351 2174 5420 Cy-

608 5428 847 5491 prianum
875 5438 994 5493 qua:
1017 5430 1195 5477 exstat
1226 5421 1278 5473 in
1309 5422 1568 5493 Operibus
1597 5422 1661 5493 SA.
1693 5420 1963 5493 Cypriani.
2008 5420 2178 5493 Hodie

609 5488 915 5566 martyrium
950 5508 1135 5566 passus
1177 5500 1285 5554 est,
1330 5488 1385 5566 et
1420 5491 1575 5566 juxta
1622 5488 1924 5566 Chronicon
1968 5488 2177 5566 auctius

610 5559 843 5620 veter'um
870 5559 1173 5633 pontiﬁcum
1198 5559 1438 5633 sepultus
1464 5571 1546 5615 est
1566 5562 1618 5616 in
1642 5560 1949 5617 cmmeterio
1972 5559 2176 5614 Callisti

608 5635 689 5687 via
723 5632 886 5703 Appia
918 5648 975 5687 ιιι
1004 5632 1443 5703 Nonaséugusti.

686 5702 703 5742 ί
747 5700 1013 5758 ιέοεαάὲο.
1041 5705 1139 5768 Qui
1167 5702 1492 5756 Theodotatn
1521 5716 1613 5769 per
1633 5701 1825 5756 multos
1844 5700 1956 5755 dies
1981 5712 2173 5764 cogere

2288 3465 2431 3516 nullo
2449 3465 2609 3517 modo
2629 3466 2973 3529 consentiret,
3001 3464 3141 3520 ferro
3164 3469 3384 3521 vinctam
3410 3484 3527 3523 cum
3555 3471 3672 3523 ﬁliis
3695 3472 3851 3527 Nico.

2285 3532 2357 3589 tio
2380 3534 2677 3588 destinavit.
2707 3536 2841 3600 Atio,
2872 3534 3039 3589 Pera.
3070 3552 3137 3589 ne
3167 3536 3369 3591 ΝΑτΑι..

2356 3613 2381 3650 ε
2405 3606 2700 3658 Anastasiw.
2726 3605 2853 3671 Quze
2884 3607 3013 3658 inl‘ra
3045 3607 3230 3659 colitur
3258 3606 3342 3659 die
3384 3623 3488 3661 xxv
3519 3610 3841 3665 Decembris.

2357 3672 2382 3708 ⁸³
2422 3673 2594 3731 Nicei.
2647 3674 2739 3729 llic
2790 3674 3021 3730 Nicetius
3055 3676 3194 3744 apud
3235 3674 3521 3732 Notkcrum
3566 3694 3843 3748 nuncupa-

2285 3750 2388 3796 1111⁵.

2360 3810 2377 3849 ι
2423 3810 2674 3880 Eufrom’t'.
2707 3813 2781 3867 De
2828 3813 2928 3866 hoc
2957 3812 3117 3882 Greg.
3146 3814 3367 3878 Turon.,
3408 3831 3466 3881 tt,
3499 3817 3586 3879 l5,
3615 3819 3689 3872 sic
3712 3820 3850 3873 scri-

2284 3880 2362 3956 bit
2383 3898 2445 3956 _:__t
2477 3884 2555 3956 Eo
2572 3892 2830 3956 tempore,
2857 3884 2906 3956 id
2928 3880 3354 3956 esttetnporibus
3376 3880 3649 3941 Childerici
3678 3890 3843 3956 regis,

2284 3951 2498 4022 basilica
2522 3951 2581 4005 Β.
2613 3953 2984 4022 Symphoriani
3008 3954 3493 4021 Augustodunensis
3516 3951 3764 4022 martyris
3776 3960 3844 4012 ab

2280 4020 2533 4091 Eulronio
2563 4020 2873 4091 presbytero
2899 4020 3157 4076 aediﬁcata
3185 4034 3285 4078 est.
3329 4026 3393 4077 Et
3422 4026 3533 4091 ipse
3564 4020 3843 4081 Eufraains

2280 4092 2435 4172 hujus
2482 4090 2735 4160 deinceps
2782 4093 2927 4172 urbis
2978 4094 3339 4161 episcopatum
3370 4100 3582 4172 sortitus
3608 4097 3839 4172 est.__llic

2277 4161 2416 4215 enim
2443 4175 2675 4214 marmor
2696 4161 2833 4228 quod
2854 4177 3013 4229 super
3032 4174 3269 4217 sanctum
3292 4167 3589 4229 sepulcmtn
3616 4167 3670 4217 Β.
3693 4165 3836 4218 Mar-

2278 4230 2377 4301 ti_ni_
2426 4229 2669 4301 habetur,
2731 4245 2849 4285 cum
2897 4232 3084 4301 grantli
3134 4234 3410 4287 devotione
3455 4237 3766 4288 transmisit.
3805 4254 3825 4287 ι

2276 4299 2534 4354 Αἰάιιθιιδὶ
2562 4301 2799 4369 ecclesia
2823 4299 3031 4369 praefuit
3058 4301 3266 4356 labente
3287 4304 3480 4357 sa‘culo
3506 4320 3559 4356 v.
3593 4305 3834 4359 Interfuit

2275 4369 2592 4441 ordinationi
2616 4367 2836 4441 Joannis
2860 4369 3249 4441 Cabillonensis
3280 4373 3530 4441 episcopi,
3563 4376 3633 4427 uti
3666 4385 3834 4428 testa-

2284 4440 2703 4511 turquollinaris
2730 4440 2997 4507 Sidonius,
3022 4442 3121 4511 lib.
3143 4457 3213 4503 tv,
3236 4442 3390 4511 epist.
3418 4440 3590 4511 25.7%
3617 4447 3680 4496 ad
3713 4460 3835 4498 eum

2284 4510 2493 4579 scripsit
2518 4510 2658 4563 idem
2686 4521 2869 4567 auctor
2892 4512 3047 4576 epist.
3096 4509 3148 4568 8.
3200 4509 3289 4566 lib.
3321 4528 3411 4575 vn,
3445 4521 3498 4567 et
3531 4510 3583 4574 2,
3629 4513 3721 4567 lib.
3754 4529 3836 4566 ιι.

2283 4579 2469 4652 Exstat
2495 4579 2614 4652 ejus
2642 4579 2859 4652 etULupi
2886 4579 3195 4652 Trecasseni
3226 4583 3458 4650 episcopi
3486 4586 3687 4651 egregia
3718 4585 3834 4652 epi-

2281 4651 2419 4703 stola
2433 4649 2506 4720 de
2526 4648 2802 4720 disciplina
2826 4650 3183 4720 ecclesiastica
3205 4648 3339 4720 apud
3364 4648 3631 4706 Sirmondi
3661 4648 3792 4704 toni.
3817 4652 3837 4706 l

2278 4718 2517 4791 Concita
2540 4719 2779 4791 Alteram
2826 4717 3063 4791 ejusdem
3111 4722 3176 4775 ad
3217 4717 3556 4789 Agrippinum
3586 4724 3833 4776 comitem

2282 4789 2462 4843 laudat
2500 4787 2695 4844 ldatius
2740 4792 2792 4843 in
2836 4787 3118 4844 Chronico.
3165 4787 3405 4845 Interfuit
3428 4794 3584 4845 etiam
3611 4793 3836 4845 concilio

2282 4858 2656 4927 Lugdunensi,
2738 4859 3154 4927 subscripsitque
3227 4876 3344 4914 cum
3393 4861 3511 4915 aliis
3560 4863 3833 4928 epiStolam

2282 4928 2791 4998 Faustiidatnnantis
2823 4928 3222 4998 Pelagianorum
3263 4928 3492 4985 errores.
3543 4931 3597 4985 in
3648 4931 3837 4997 llagio—

2280 4998 2418 5067 logio
2445 4997 2822 5065 Francogallize
2849 5002 2899 5052 in
2925 4997 3066 5052 tonio
3090 5000 3130 5053 ll
3152 5000 3346 5054 Labbci
3370 5001 3703 5054 Bibliouiecze
3729 5001 3833 5053 No-

2279 5082 2359 5122 va:
2393 5076 2580 5138 quarto
2617 5068 2794 5123 Nonas
2825 5069 3016 5123 natalis
3054 5069 3168 5139 ejus
3207 5070 3569 5139 Augustoduni
3603 5072 3839 5124 celebra-

2279 5145 2385 5192 tur.

2354 5209 2369 5257 i
2418 5209 2644 5263 Ancona.
2672 5207 2826 5279 Apud
2856 5205 3069 5262 Baedam
3099 5209 3484 5279 supposititium
3510 5224 3601 5277 pro
3627 5211 3839 5263 Ancona

2278 5280 2532 5351 mendose
2560 5278 2769 5346 ponitur
2798 5281 3096 5333 Antiochia.
3144 5278 3217 5335 oe
3246 5281 3559 5351 perantiqua
3582 5282 3834 5351 memoria

2278 5348 2531 5417 Stephani
2564 5352 2964 5419 protomartyris
3004 5354 3236 5404 Ancona:
3289 5348 3489 5417 posita,
3532 5350 3702 5416 deque
3748 5349 3836 5401 illo

2277 5433 2408 5473 saxo
2432 5432 2537 5488 quo
2566 5418 2705 5472 idem
2739 5420 2791 5472 in
2829 5418 3005 5472 cubito
3048 5434 3324 5488 percussus
3358 5430 3461 5484 est,
3501 5422 3639 5487 quod
3666 5418 3835 5471 colle-

2276 5490 2354 5557 git
2379 5487 2467 5556 qui
2498 5487 2805 5557 lapidationi
2829 5488 2965 5543 illius
2994 5487 3230 5543 interluit
3253 5498 3307 5543 et
3328 5490 3379 5544 in
3410 5490 3605 5543 Italiam
3628 5488 3833 5550 detulit,

2276 5568 2329 5611 et
2359 5562 2589 5611 Ancona:
2632 5557 2873 5626 reliquit,
2923 5574 2985 5613 ex
3032 5574 3138 5627 quo
3172 5570 3409 5627 tempore
3442 5560 3551 5613 illic
3583 5559 3837 5627 memoria

2274 5627 2621 5754 férztegggnl
2645 5624 2762 5685 esse
2782 5628 2965 5698 cmpit,
2986 5624 3388 5699 S.'Augusti'nus
3412 5630 3593 5685 scribit
3615 5638 3742 5684 tom.
3771 5624 3835 5693 V,

2276 5712 2435 5754 serto.
2467 5712 2591 5754 320-
