  <div class='ocr_page' id='page_1' title='image "/cluster/home/n/w/nwhite01/storage/ocr_20150623/94/umn.31951002477387e/504.png"; bbox 0 0 4110 6448; ppageno 0'>
   <div class='ocr_carea' id='block_1_1' title="bbox 271 316 372 371">
    <p class='ocr_par' dir='ltr' id='par_1_1' title="bbox 271 316 372 371">
     <span class='ocr_line' id='line_1_1' title="bbox 271 316 372 371; baseline -0.01 0"><span class='ocrx_word' id='word_1_1' title='bbox 271 316 372 371; x_wconf 82' lang='lat'><strong>997</strong></span> 
     </span>
    </p>
   </div>
   <div class='ocr_carea' id='block_1_2' title="bbox 1388 310 2398 368">
    <p class='ocr_par' dir='ltr' id='par_1_2' title="bbox 1388 310 2398 368">
     <span class='ocr_line' id='line_1_2' title="bbox 1388 310 2398 368; baseline 0.001 -1"><span class='ocrx_word' id='word_1_2' title='bbox 1388 311 1580 368; x_wconf 81' lang='lat' dir='ltr'><strong>SECT.</strong></span> <span class='ocrx_word' id='word_1_3' title='bbox 1624 310 1686 367; x_wconf 91' lang='lat' dir='ltr'><strong>ll.</strong></span> <span class='ocrx_word' id='word_1_4' title='bbox 1727 343 1794 353; x_wconf 90' lang='lat'><strong>--</strong></span> <span class='ocrx_word' id='word_1_5' title='bbox 1835 310 2398 368; x_wconf 71' lang='lat' dir='ltr'><strong>MARTYHOLOCIA.</strong></span> 
     </span>
    </p>
   </div>
   <div class='ocr_carea' id='block_1_3' title="bbox 3422 309 3526 366">
    <p class='ocr_par' dir='ltr' id='par_1_3' title="bbox 3422 309 3526 366">
     <span class='ocr_line' id='line_1_3' title="bbox 3422 309 3526 366; baseline -0.019 -1"><span class='ocrx_word' id='word_1_6' title='bbox 3422 309 3526 366; x_wconf 64' lang='lat'><strong>9‘38</strong></span> 
     </span>
    </p>
   </div>
   <div class='ocr_carea' id='block_1_4' title="bbox 1535 417 2256 477">
    <p class='ocr_par' dir='ltr' id='par_1_4' title="bbox 1535 417 2256 477">
     <span class='ocr_line' id='line_1_4' title="bbox 1535 417 2256 477; baseline 0.007 -5"><span class='ocrx_word' id='word_1_7' title='bbox 1535 419 1756 474; x_wconf 83' lang='lat' dir='ltr'><strong>EDITIO</strong></span> <span class='ocrx_word' id='word_1_8' title='bbox 1793 417 2256 477; x_wconf 71' lang='lat' dir='ltr'><strong>COLONIENSIS.</strong></span> 
     </span>
    </p>
   </div>
   <div class='ocr_carea' id='block_1_5' title="bbox 273 511 3520 586">
    <p class='ocr_par' dir='ltr' id='par_1_5' title="bbox 273 511 3520 586">
     <span class='ocr_line' id='line_1_5' title="bbox 273 511 3520 586; baseline 0 -17"><span class='ocrx_word' id='word_1_9' title='bbox 273 516 692 586; x_wconf 86' lang='lat' dir='ltr'><strong>protomartyris,</strong></span> <span class='ocrx_word' id='word_1_10' title='bbox 742 514 825 567; x_wconf 85' lang='lat' dir='ltr'><strong>tibi</strong></span> <span class='ocrx_word' id='word_1_11' title='bbox 855 513 1034 568; x_wconf 83' lang='lat' dir='ltr'><strong>haberi</strong></span> <span class='ocrx_word' id='word_1_12' title='bbox 1070 513 1261 566; x_wconf 83' lang='lat' dir='ltr'><strong>dicitur</strong></span> <span class='ocrx_word' id='word_1_13' title='bbox 1295 527 1431 566; x_wconf 85' lang='lat' dir='ltr'><strong>unus</strong></span> <span class='ocrx_word' id='word_1_14' title='bbox 1463 512 1528 566; x_wconf 90' lang='lat' dir='ltr'><strong>de</strong></span> <span class='ocrx_word' id='word_1_15' title='bbox 1559 513 1838 580; x_wconf 83' lang='lat' dir='ltr'><strong>lapidibus,</strong></span> <span class='ocrx_word' id='word_1_16' title='bbox 1869 517 1919 573; x_wconf 76' lang='grc' dir='ltr'><strong>Α</strong></span> <span class='ocrx_word' id='word_1_17' title='bbox 1958 513 2262 567; x_wconf 87' lang='lat' dir='ltr'><strong>Tertulliani</strong></span> <span class='ocrx_word' id='word_1_18' title='bbox 2295 511 2562 583; x_wconf 89' lang='lat' dir='ltr'><strong>martyris,</strong></span> <span class='ocrx_word' id='word_1_19' title='bbox 2605 528 2762 581; x_wconf 87' lang='lat' dir='ltr'><strong>quem</strong></span> <span class='ocrx_word' id='word_1_20' title='bbox 2798 513 2984 570; x_wconf 90' lang='lat' dir='ltr'><strong>beatus</strong></span> <span class='ocrx_word' id='word_1_21' title='bbox 3021 514 3323 582; x_wconf 75' lang='lat' dir='ltr'><strong>Stephanus</strong></span> <span class='ocrx_word' id='word_1_22' title='bbox 3353 517 3520 586; x_wconf 80' lang='lat' dir='ltr'><strong>bapti-</strong></span> 
     </span>
    </p>
   </div>
   <div class='ocr_carea' id='block_1_6' title="bbox 269 607 1841 678">
    <p class='ocr_par' dir='ltr' id='par_1_6' title="bbox 269 607 1841 678">
     <span class='ocr_line' id='line_1_6' title="bbox 269 607 1841 678; baseline -0.002 -19"><span class='ocrx_word' id='word_1_23' title='bbox 269 610 459 678; x_wconf 88' lang='lat' dir='ltr'><strong>quibus</strong></span> <span class='ocrx_word' id='word_1_24' title='bbox 510 608 561 661; x_wconf 91' lang='lat' dir='ltr'><strong>in</strong></span> <span class='ocrx_word' id='word_1_25' title='bbox 614 608 832 661; x_wconf 87' lang='lat' dir='ltr'><strong>brachio</strong></span> <span class='ocrx_word' id='word_1_26' title='bbox 883 622 1165 674; x_wconf 90' lang='lat' dir='ltr'><strong>percussus</strong></span> <span class='ocrx_word' id='word_1_27' title='bbox 1197 614 1304 669; x_wconf 83' lang='lat' dir='ltr'><strong>est,</strong></span> <span class='ocrx_word' id='word_1_28' title='bbox 1347 617 1401 660; x_wconf 90' lang='lat' dir='ltr'><strong>et</strong></span> <span class='ocrx_word' id='word_1_29' title='bbox 1431 607 1625 659; x_wconf 88' lang='lat' dir='ltr'><strong>multas</strong></span> <span class='ocrx_word' id='word_1_30' title='bbox 1656 620 1720 658; x_wconf 75' lang='lat' dir='ltr'><strong>ex</strong></span> <span class='ocrx_word' id='word_1_31' title='bbox 1775 619 1841 658; x_wconf 89' lang='lat' dir='ltr'><strong>eo</strong></span> 
     </span>
    </p>
   </div>
   <div class='ocr_carea' id='block_1_7' title="bbox 271 695 1842 764">
    <p class='ocr_par' dir='ltr' id='par_1_7' title="bbox 271 695 1842 764">
     <span class='ocr_line' id='line_1_7' title="bbox 271 695 1842 764; baseline -0.002 -14"><span class='ocrx_word' id='word_1_32' title='bbox 271 699 490 752; x_wconf 73' lang='lat' dir='ltr'><strong>virtutes</strong></span> <span class='ocrx_word' id='word_1_33' title='bbox 517 699 800 750; x_wconf 86' lang='lat' dir='ltr'><strong>sanitatum</strong></span> <span class='ocrx_word' id='word_1_34' title='bbox 833 695 970 750; x_wconf 89' lang='lat' dir='ltr'><strong>fieri.</strong></span> <span class='ocrx_word' id='word_1_35' title='bbox 1000 696 1456 764; x_wconf 88' lang='lat' dir='ltr'><strong>Constantinopoli</strong></span> <span class='ocrx_word' id='word_1_36' title='bbox 1496 695 1672 750; x_wconf 83' lang='lat' dir='ltr'><strong>natale</strong></span> <span class='ocrx_word' id='word_1_37' title='bbox 1719 709 1842 748; x_wconf 79' lang='lat' dir='ltr'><strong>san-</strong></span> 
     </span>
    </p>
   </div>
   <div class='ocr_carea' id='block_1_8' title="bbox 268 788 909 858">
    <p class='ocr_par' dir='ltr' id='par_1_8' title="bbox 268 788 909 858">
     <span class='ocr_line' id='line_1_8' title="bbox 268 788 909 858; baseline -0.005 -14"><span class='ocrx_word' id='word_1_38' title='bbox 268 791 337 844; x_wconf 86' lang='lat' dir='ltr'><strong>cti</strong></span> <span class='ocrx_word' id='word_1_39' title='bbox 363 788 611 842; x_wconf 84' lang='lat' dir='ltr'><strong>llermelli</strong></span> <span class='ocrx_word' id='word_1_40' title='bbox 642 789 909 858; x_wconf 84' lang='lat' dir='ltr'><strong>martyris.</strong></span> 
     </span>
    </p>
   </div>
   <div class='ocr_carea' id='block_1_9' title="bbox 340 877 1840 941">
    <p class='ocr_par' dir='ltr' id='par_1_9' title="bbox 340 877 1840 941">
     <span class='ocr_line' id='line_1_9' title="bbox 340 877 1840 941; baseline 0.001 -8"><span class='ocrx_word' id='word_1_41' title='bbox 340 879 400 933; x_wconf 88' lang='lat' dir='ltr'><strong>F.</strong></span> <span class='ocrx_word' id='word_1_42' title='bbox 439 879 585 932; x_wconf 82' lang='lat' dir='ltr'><strong>Pntn.</strong></span> <span class='ocrx_word' id='word_1_43' title='bbox 619 877 1023 932; x_wconf 68' lang='lat' dir='ltr'><strong>Nox..Auct151&#39;.</strong></span> <span class='ocrx_word' id='word_1_44' title='bbox 1053 877 1236 932; x_wconf 81' lang='lat' dir='ltr'><strong>Natale</strong></span> <span class='ocrx_word' id='word_1_45' title='bbox 1268 879 1404 932; x_wconf 86' lang='lat' dir='ltr'><strong>beati</strong></span> <span class='ocrx_word' id='word_1_46' title='bbox 1437 878 1744 941; x_wconf 84' lang='lat' dir='ltr'><strong>Aristarchi,</strong></span> <span class='ocrx_word' id='word_1_47' title='bbox 1770 878 1840 935; x_wconf 87' lang='lat' dir='ltr'><strong>de</strong></span> 
     </span>
    </p>
   </div>
   <div class='ocr_carea' id='block_1_10' title="bbox 267 967 1839 1035">
    <p class='ocr_par' dir='ltr' id='par_1_10' title="bbox 267 967 1839 1035">
     <span class='ocr_line' id='line_1_10' title="bbox 267 967 1839 1035; baseline 0.001 -15"><span class='ocrx_word' id='word_1_48' title='bbox 267 983 374 1034; x_wconf 89' lang='lat' dir='ltr'><strong>quo</strong></span> <span class='ocrx_word' id='word_1_49' title='bbox 404 969 584 1020; x_wconf 86' lang='lat' dir='ltr'><strong>beatus</strong></span> <span class='ocrx_word' id='word_1_50' title='bbox 617 967 810 1021; x_wconf 86' lang='lat' dir='ltr'><strong>Paulus</strong></span> <span class='ocrx_word' id='word_1_51' title='bbox 858 968 1128 1035; x_wconf 82' lang='lat' dir='ltr'><strong>apostolus</strong></span> <span class='ocrx_word' id='word_1_52' title='bbox 1182 968 1585 1022; x_wconf 77' lang='lat' dir='ltr'><strong>Colossensibns</strong></span> <span class='ocrx_word' id='word_1_53' title='bbox 1615 969 1839 1022; x_wconf 84' lang='lat' dir='ltr'><strong>scribit:</strong></span> 
     </span>
    </p>
   </div>
   <div class='ocr_carea' id='block_1_11' title="bbox 271 1058 1838 1128">
    <p class='ocr_par' dir='ltr' id='par_1_11' title="bbox 271 1058 1838 1128">
     <span class='ocr_line' id='line_1_11' title="bbox 271 1058 1838 1128; baseline 0 -14"><span class='ocrx_word' id='word_1_54' title='bbox 271 1060 475 1114; x_wconf 78' lang='lat' dir='ltr'><strong>Salutat</strong></span> <span class='ocrx_word' id='word_1_55' title='bbox 504 1075 588 1111; x_wconf 82' lang='lat' dir='ltr'><strong>vos</strong></span> <span class='ocrx_word' id='word_1_56' title='bbox 615 1058 938 1111; x_wconf 72' lang='lat' dir='ltr'><strong>Aristarchus</strong></span> <span class='ocrx_word' id='word_1_57' title='bbox 980 1062 1307 1128; x_wconf 79' lang='lat' dir='ltr'><strong>concaptivus</strong></span> <span class='ocrx_word' id='word_1_58' title='bbox 1340 1076 1499 1113; x_wconf 78' lang='lat' dir='ltr'><strong>nicas.</strong></span> <span class='ocrx_word' id='word_1_59' title='bbox 1528 1061 1626 1125; x_wconf 87' lang='lat' dir='ltr'><strong>Qui</strong></span> <span class='ocrx_word' id='word_1_60' title='bbox 1658 1074 1838 1114; x_wconf 84' lang='lat' dir='ltr'><strong>comes</strong></span> 
     </span>
    </p>
   </div>
   <div class='ocr_carea' id='block_1_12' title="bbox 271 1147 1836 1218">
    <p class='ocr_par' dir='ltr' id='par_1_12' title="bbox 271 1147 1836 1218">
     <span class='ocr_line' id='line_1_12' title="bbox 271 1147 1836 1218; baseline 0.001 -16"><span class='ocrx_word' id='word_1_61' title='bbox 271 1149 576 1203; x_wconf 74' lang='lat' dir='ltr'><strong>individuus</strong></span> <span class='ocrx_word' id='word_1_62' title='bbox 617 1149 872 1214; x_wconf 83' lang='lat' dir='ltr'><strong>Apostolo</strong></span> <span class='ocrx_word' id='word_1_63' title='bbox 903 1147 1196 1217; x_wconf 88' lang='lat' dir='ltr'><strong>permansit</strong></span> <span class='ocrx_word' id='word_1_64' title='bbox 1243 1164 1407 1217; x_wconf 91' lang='lat' dir='ltr'><strong>usque</strong></span> <span class='ocrx_word' id='word_1_65' title='bbox 1429 1151 1492 1202; x_wconf 89' lang='lat' dir='ltr'><strong>ad</strong></span> <span class='ocrx_word' id='word_1_66' title='bbox 1542 1151 1655 1218; x_wconf 83' lang='lat' dir='ltr'><strong>ejus</strong></span> <span class='ocrx_word' id='word_1_67' title='bbox 1706 1165 1836 1204; x_wconf 87' lang='lat' dir='ltr'><strong>eon-</strong></span> 
     </span>
    </p>
   </div>
   <div class='ocr_carea' id='block_1_13' title="bbox 271 1239 1839 1310">
    <p class='ocr_par' dir='ltr' id='par_1_13' title="bbox 271 1239 1839 1310">
     <span class='ocr_line' id='line_1_13' title="bbox 271 1239 1839 1310; baseline 0.003 -20"><span class='ocrx_word' id='word_1_68' title='bbox 271 1239 576 1303; x_wconf 88' lang='lat' dir='ltr'><strong>fessionem,</strong></span> <span class='ocrx_word' id='word_1_69' title='bbox 627 1239 716 1306; x_wconf 91' lang='lat' dir='ltr'><strong>qui</strong></span> <span class='ocrx_word' id='word_1_70' title='bbox 758 1240 1078 1292; x_wconf 89' lang='lat' dir='ltr'><strong>constitutus</strong></span> <span class='ocrx_word' id='word_1_71' title='bbox 1127 1239 1683 1294; x_wconf 85' lang='lat' dir='ltr'><strong>Thessalonicensium</strong></span> <span class='ocrx_word' id='word_1_72' title='bbox 1731 1241 1839 1310; x_wconf 87' lang='lat' dir='ltr'><strong>epi-</strong></span> 
     </span>
    </p>
   </div>
   <div class='ocr_carea' id='block_1_14' title="bbox 269 1330 1838 1398">
    <p class='ocr_par' dir='ltr' id='par_1_14' title="bbox 269 1330 1838 1398">
     <span class='ocr_line' id='line_1_14' title="bbox 269 1330 1838 1398; baseline 0.001 -15"><span class='ocrx_word' id='word_1_73' title='bbox 269 1344 483 1398; x_wconf 85' lang='lat' dir='ltr'><strong>sc0pus,</strong></span> <span class='ocrx_word' id='word_1_74' title='bbox 519 1339 638 1397; x_wconf 89' lang='lat' dir='ltr'><strong>post</strong></span> <span class='ocrx_word' id='word_1_75' title='bbox 662 1330 843 1398; x_wconf 89' lang='lat' dir='ltr'><strong>longos</strong></span> <span class='ocrx_word' id='word_1_76' title='bbox 873 1345 935 1384; x_wconf 88' lang='lat' dir='ltr'><strong>ac</strong></span> <span class='ocrx_word' id='word_1_77' title='bbox 964 1330 1298 1384; x_wconf 87' lang='lat' dir='ltr'><strong>beatissimos</strong></span> <span class='ocrx_word' id='word_1_78' title='bbox 1350 1346 1549 1398; x_wconf 79' lang='lat' dir='ltr'><strong>agones</strong></span> <span class='ocrx_word' id='word_1_79' title='bbox 1572 1348 1597 1382; x_wconf 87' lang='lat' dir='ltr'><strong>a</strong></span> <span class='ocrx_word' id='word_1_80' title='bbox 1629 1331 1838 1385; x_wconf 85' lang='lat' dir='ltr'><strong>Christo</strong></span> 
     </span>
    </p>
   </div>
   <div class='ocr_carea' id='block_1_15' title="bbox 266 1420 1840 1491">
    <p class='ocr_par' dir='ltr' id='par_1_15' title="bbox 266 1420 1840 1491">
     <span class='ocr_line' id='line_1_15' title="bbox 266 1420 1840 1491; baseline 0.002 -18"><span class='ocrx_word' id='word_1_81' title='bbox 266 1431 549 1475; x_wconf 85' lang='lat' dir='ltr'><strong>coronatus</strong></span> <span class='ocrx_word' id='word_1_82' title='bbox 597 1420 817 1489; x_wconf 87' lang='lat' dir='ltr'><strong>quievit.</strong></span> <span class='ocrx_word' id='word_1_83' title='bbox 871 1421 1052 1474; x_wconf 68' lang='lat' dir='ltr'><strong>Romae</strong></span> <span class='ocrx_word' id='word_1_84' title='bbox 1088 1422 1138 1474; x_wconf 92' lang='lat' dir='ltr'><strong>in</strong></span> <span class='ocrx_word' id='word_1_85' title='bbox 1171 1430 1354 1491; x_wconf 88' lang='lat' dir='ltr'><strong>crypta</strong></span> <span class='ocrx_word' id='word_1_86' title='bbox 1397 1423 1638 1475; x_wconf 87' lang='lat' dir='ltr'><strong>arenaria</strong></span> <span class='ocrx_word' id='word_1_87' title='bbox 1700 1423 1840 1476; x_wconf 88' lang='lat' dir='ltr'><strong>beati</strong></span> 
     </span>
    </p>
   </div>
   <div class='ocr_carea' id='block_1_16' title="bbox 1949 603 3522 677">
    <p class='ocr_par' dir='ltr' id='par_1_16' title="bbox 1949 603 3522 677">
     <span class='ocr_line' id='line_1_16' title="bbox 1949 603 3522 677; baseline 0.004 -21"><span class='ocrx_word' id='word_1_88' title='bbox 1949 612 2125 657; x_wconf 79' lang='lat' dir='ltr'><strong>zatuni</strong></span> <span class='ocrx_word' id='word_1_89' title='bbox 2193 604 2243 657; x_wconf 92' lang='lat' dir='ltr'><strong>in</strong></span> <span class='ocrx_word' id='word_1_90' title='bbox 2275 603 2405 657; x_wconf 90' lang='lat' dir='ltr'><strong>albis</strong></span> <span class='ocrx_word' id='word_1_91' title='bbox 2473 603 2837 674; x_wconf 75' lang='lat' dir='ltr'><strong>presbyterum</strong></span> <span class='ocrx_word' id='word_1_92' title='bbox 2882 608 3232 668; x_wconf 79' lang='lat' dir='ltr'><strong>consecravit,</strong></span> <span class='ocrx_word' id='word_1_93' title='bbox 3286 609 3372 677; x_wconf 89' lang='lat' dir='ltr'><strong>qui</strong></span> <span class='ocrx_word' id='word_1_94' title='bbox 3418 624 3522 663; x_wconf 89' lang='lat' dir='ltr'><strong>non</strong></span> 
     </span>
    </p>
   </div>
   <div class='ocr_carea' id='block_1_17' title="bbox 1947 693 3520 766">
    <p class='ocr_par' dir='ltr' id='par_1_17' title="bbox 1947 693 3520 766">
     <span class='ocr_line' id='line_1_17' title="bbox 1947 693 3520 766; baseline 0.004 -20"><span class='ocrx_word' id='word_1_95' title='bbox 1947 693 2102 763; x_wconf 88' lang='lat' dir='ltr'><strong>longe</strong></span> <span class='ocrx_word' id='word_1_96' title='bbox 2149 704 2269 763; x_wconf 89' lang='lat' dir='ltr'><strong>post</strong></span> <span class='ocrx_word' id='word_1_97' title='bbox 2316 693 2639 746; x_wconf 89' lang='lat' dir='ltr'><strong>abscissione</strong></span> <span class='ocrx_word' id='word_1_98' title='bbox 2697 694 2885 761; x_wconf 90' lang='lat' dir='ltr'><strong>capitis</strong></span> <span class='ocrx_word' id='word_1_99' title='bbox 2941 697 3254 766; x_wconf 86' lang='lat' dir='ltr'><strong>martyrium</strong></span> <span class='ocrx_word' id='word_1_100' title='bbox 3306 715 3520 765; x_wconf 90' lang='lat' dir='ltr'><strong>prome-</strong></span> 
     </span>
    </p>
   </div>
   <div class='ocr_carea' id='block_1_18' title="bbox 1949 784 3519 854">
    <p class='ocr_par' dir='ltr' id='par_1_18' title="bbox 1949 784 3519 854">
     <span class='ocr_line' id='line_1_18' title="bbox 1949 784 3519 854; baseline 0.003 -17"><span class='ocrx_word' id='word_1_101' title='bbox 1949 785 2077 849; x_wconf 82' lang='lat' dir='ltr'><strong>ruit,</strong></span> <span class='ocrx_word' id='word_1_102' title='bbox 2114 785 2353 852; x_wconf 87' lang='lat' dir='ltr'><strong>sepultus</strong></span> <span class='ocrx_word' id='word_1_103' title='bbox 2381 793 2462 837; x_wconf 88' lang='lat' dir='ltr'><strong>est</strong></span> <span class='ocrx_word' id='word_1_104' title='bbox 2491 799 2518 836; x_wconf 91' lang='lat' dir='ltr'><strong>a</strong></span> <span class='ocrx_word' id='word_1_105' title='bbox 2545 784 2702 838; x_wconf 84' lang='lat' dir='ltr'><strong>beato</strong></span> <span class='ocrx_word' id='word_1_106' title='bbox 2732 786 3004 852; x_wconf 80' lang='lat' dir='ltr'><strong>Stephano</strong></span> <span class='ocrx_word' id='word_1_107' title='bbox 3035 790 3300 854; x_wconf 88' lang='lat' dir='ltr'><strong>pontifice.</strong></span> <span class='ocrx_word' id='word_1_108' title='bbox 3329 791 3391 842; x_wconf 85' lang='lat' dir='ltr'><strong>Et</strong></span> <span class='ocrx_word' id='word_1_109' title='bbox 3423 806 3519 842; x_wconf 81' lang='lat' dir='ltr'><strong>na-</strong></span> 
     </span>
    </p>
   </div>
   <div class='ocr_carea' id='block_1_19' title="bbox 1945 871 3516 947">
    <p class='ocr_par' dir='ltr' id='par_1_19' title="bbox 1945 871 3516 947">
     <span class='ocr_line' id='line_1_19' title="bbox 1945 871 3516 947; baseline 0.006 -19"><span class='ocrx_word' id='word_1_110' title='bbox 1945 874 2050 928; x_wconf 85' lang='lat' dir='ltr'><strong>tale</strong></span> <span class='ocrx_word' id='word_1_111' title='bbox 2091 875 2257 928; x_wconf 88' lang='lat' dir='ltr'><strong>sancti</strong></span> <span class='ocrx_word' id='word_1_112' title='bbox 2307 871 2501 929; x_wconf 80' lang='lat' dir='ltr'><strong>Justini</strong></span> <span class='ocrx_word' id='word_1_113' title='bbox 2553 877 2895 944; x_wconf 80' lang='lat' dir='ltr'><strong>confessoris,</strong></span> <span class='ocrx_word' id='word_1_114' title='bbox 2958 879 3198 947; x_wconf 79' lang='lat' dir='ltr'><strong>Lugduni</strong></span> <span class='ocrx_word' id='word_1_115' title='bbox 3257 883 3516 938; x_wconf 85' lang='lat' dir='ltr'><strong>adventus</strong></span> 
     </span>
    </p>
   </div>
   <div class='ocr_carea' id='block_1_20' title="bbox 1946 966 3115 1037">
    <p class='ocr_par' dir='ltr' id='par_1_20' title="bbox 1946 966 3115 1037">
     <span class='ocr_line' id='line_1_20' title="bbox 1946 966 3115 1037; baseline 0.005 -18"><span class='ocrx_word' id='word_1_116' title='bbox 1946 966 2188 1033; x_wconf 86' lang='lat' dir='ltr'><strong>corporis</strong></span> <span class='ocrx_word' id='word_1_117' title='bbox 2214 968 2385 1020; x_wconf 90' lang='lat' dir='ltr'><strong>sancti</strong></span> <span class='ocrx_word' id='word_1_118' title='bbox 2408 967 2546 1020; x_wconf 88' lang='lat' dir='ltr'><strong>Jttsti</strong></span> <span class='ocrx_word' id='word_1_119' title='bbox 2574 968 2806 1037; x_wconf 89' lang='lat' dir='ltr'><strong>episcopi</strong></span> <span class='ocrx_word' id='word_1_120' title='bbox 2831 971 2894 1022; x_wconf 87' lang='lat' dir='ltr'><strong>de</strong></span> <span class='ocrx_word' id='word_1_121' title='bbox 2917 986 3115 1025; x_wconf 89' lang='lat' dir='ltr'><strong>eremo.</strong></span> 
     </span>
    </p>
   </div>
   <div class='ocr_carea' id='block_1_21' title="bbox 2010 1055 3522 1129">
    <p class='ocr_par' dir='ltr' id='par_1_21' title="bbox 2010 1055 3522 1129">
     <span class='ocr_line' id='line_1_21' title="bbox 2010 1055 3522 1129; baseline 0.008 -18"><span class='ocrx_word' id='word_1_122' title='bbox 2010 1055 2077 1112; x_wconf 77' lang='grc' dir='ltr'>ϐ.</span> <span class='ocrx_word' id='word_1_123' title='bbox 2118 1057 2246 1111; x_wconf 63' lang='lat' dir='ltr'><strong>Non.</strong></span> <span class='ocrx_word' id='word_1_124' title='bbox 2291 1058 2527 1113; x_wconf 78' lang='lat' dir='ltr'><strong>Avcusr.</strong></span> <span class='ocrx_word' id='word_1_125' title='bbox 2585 1061 2973 1129; x_wconf 88' lang='lat' dir='ltr'><strong>Augustuduno</strong></span> <span class='ocrx_word' id='word_1_126' title='bbox 3049 1067 3218 1118; x_wconf 88' lang='lat' dir='ltr'><strong>sancti</strong></span> <span class='ocrx_word' id='word_1_127' title='bbox 3284 1069 3522 1124; x_wconf 82' lang='lat' dir='ltr'><strong>Cassiani</strong></span> 
     </span>
    </p>
   </div>
   <div class='ocr_carea' id='block_1_22' title="bbox 1943 1147 3520 1222">
    <p class='ocr_par' dir='ltr' id='par_1_22' title="bbox 1943 1147 3520 1222">
     <span class='ocr_line' id='line_1_22' title="bbox 1943 1147 3520 1222; baseline 0.008 -20"><span class='ocrx_word' id='word_1_128' title='bbox 1943 1149 2202 1216; x_wconf 87' lang='lat' dir='ltr'><strong>episc0pi.</strong></span> <span class='ocrx_word' id='word_1_129' title='bbox 2238 1147 2292 1201; x_wconf 93' lang='lat' dir='ltr'><strong>In</strong></span> <span class='ocrx_word' id='word_1_130' title='bbox 2333 1149 2541 1203; x_wconf 85' lang='lat' dir='ltr'><strong>civitate</strong></span> <span class='ocrx_word' id='word_1_131' title='bbox 2571 1150 2930 1206; x_wconf 75' lang='lat' dir='ltr'><strong>Catalauoicze</strong></span> <span class='ocrx_word' id='word_1_132' title='bbox 2977 1154 3242 1222; x_wconf 81' lang='lat' dir='ltr'><strong>depositio</strong></span> <span class='ocrx_word' id='word_1_133' title='bbox 3291 1159 3520 1214; x_wconf 84' lang='lat' dir='ltr'><strong>Memmii</strong></span> 
     </span>
    </p>
   </div>
   <div class='ocr_carea' id='block_1_23' title="bbox 1943 1239 3522 1307">
    <p class='ocr_par' dir='ltr' id='par_1_23' title="bbox 1943 1239 3522 1307">
     <span class='ocr_line' id='line_1_23' title="bbox 1943 1239 3522 1307; baseline 0.01 -17"><span class='ocrx_word' id='word_1_134' title='bbox 1943 1239 2179 1304; x_wconf 87' lang='lat' dir='ltr'><strong>episcopi</strong></span> <span class='ocrx_word' id='word_1_135' title='bbox 2212 1246 2264 1290; x_wconf 91' lang='lat' dir='ltr'><strong>et</strong></span> <span class='ocrx_word' id='word_1_136' title='bbox 2285 1239 2640 1306; x_wconf 84' lang='lat' dir='ltr'><strong>confessoris;</strong></span> <span class='ocrx_word' id='word_1_137' title='bbox 2674 1253 2727 1295; x_wconf 92' lang='lat' dir='ltr'><strong>et</strong></span> <span class='ocrx_word' id='word_1_138' title='bbox 2755 1243 2882 1296; x_wconf 91' lang='lat' dir='ltr'><strong>alibi</strong></span> <span class='ocrx_word' id='word_1_139' title='bbox 2934 1255 3234 1301; x_wconf 89' lang='lat' dir='ltr'><strong>sanctorum</strong></span> <span class='ocrx_word' id='word_1_140' title='bbox 3285 1249 3522 1307; x_wconf 73' lang='lat' dir='ltr'><strong>FlOI‘lalli</strong></span> 
     </span>
    </p>
   </div>
   <div class='ocr_carea' id='block_1_24' title="bbox 1942 1330 3523 1408">
    <p class='ocr_par' dir='ltr' id='par_1_24' title="bbox 1942 1330 3523 1408">
     <span class='ocr_line' id='line_1_24' title="bbox 1942 1330 3523 1408; baseline 0.008 -24"><span class='ocrx_word' id='word_1_141' title='bbox 1942 1340 1994 1384; x_wconf 87' lang='lat' dir='ltr'><strong>et</strong></span> <span class='ocrx_word' id='word_1_142' title='bbox 2027 1330 2340 1385; x_wconf 71' lang='lat' dir='ltr'><strong>Philistinae.</strong></span> <span class='ocrx_word' id='word_1_143' title='bbox 2374 1333 2438 1385; x_wconf 87' lang='lat' dir='ltr'><strong>Et</strong></span> <span class='ocrx_word' id='word_1_144' title='bbox 2477 1333 2651 1387; x_wconf 86' lang='lat' dir='ltr'><strong>natale</strong></span> <span class='ocrx_word' id='word_1_145' title='bbox 2678 1337 2845 1390; x_wconf 86' lang='lat' dir='ltr'><strong>sancti</strong></span> <span class='ocrx_word' id='word_1_146' title='bbox 2886 1337 3116 1394; x_wconf 78' lang='lat' dir='ltr'><strong>Oswaldi</strong></span> <span class='ocrx_word' id='word_1_147' title='bbox 3143 1341 3284 1408; x_wconf 80' lang='lat' dir='ltr'><strong>regis</strong></span> <span class='ocrx_word' id='word_1_148' title='bbox 3311 1382 3327 1408; x_wconf 88' lang='lat'><strong>,</strong></span> <span class='ocrx_word' id='word_1_149' title='bbox 3383 1359 3523 1396; x_wconf 84' lang='lat' dir='ltr'><strong>mar-</strong></span> 
     </span>
    </p>
   </div>
   <div class='ocr_carea' id='block_1_25' title="bbox 1948 1426 2374 1493">
    <p class='ocr_par' dir='ltr' id='par_1_25' title="bbox 1948 1426 2374 1493">
     <span class='ocr_line' id='line_1_25' title="bbox 1948 1426 2374 1493; baseline 0.012 -19"><span class='ocrx_word' id='word_1_150' title='bbox 1948 1426 2084 1493; x_wconf 83' lang='lat' dir='ltr'><strong>tyrio</strong></span> <span class='ocrx_word' id='word_1_151' title='bbox 2111 1426 2374 1479; x_wconf 89' lang='lat' dir='ltr'><strong>coronati.</strong></span> 
     </span>
    </p>
   </div>
   <div class='ocr_carea' id='block_1_26' title="bbox 1505 1512 2273 1569">
    <p class='ocr_par' dir='ltr' id='par_1_26' title="bbox 1505 1512 2273 1569">
     <span class='ocr_line' id='line_1_26' title="bbox 1505 1512 2273 1569; baseline 0.005 -4"><span class='ocrx_word' id='word_1_152' title='bbox 1505 1512 1727 1566; x_wconf 78' lang='lat' dir='ltr'><strong>EDlTlO</strong></span> <span class='ocrx_word' id='word_1_153' title='bbox 1774 1512 2273 1569; x_wconf 66' lang='lat' dir='ltr'><strong>BOLLANDIANA.</strong></span> 
     </span>
    </p>
   </div>
   <div class='ocr_carea' id='block_1_27' title="bbox 267 1601 1836 1672">
    <p class='ocr_par' dir='ltr' id='par_1_27' title="bbox 267 1601 1836 1672">
     <span class='ocr_line' id='line_1_27' title="bbox 267 1601 1836 1672; baseline -0.002 -14"><span class='ocrx_word' id='word_1_154' title='bbox 267 1606 404 1658; x_wconf 87' lang='lat' dir='ltr'><strong>citur</strong></span> <span class='ocrx_word' id='word_1_155' title='bbox 432 1619 568 1658; x_wconf 90' lang='lat' dir='ltr'><strong>unus</strong></span> <span class='ocrx_word' id='word_1_156' title='bbox 597 1605 663 1658; x_wconf 87' lang='lat' dir='ltr'><strong>de</strong></span> <span class='ocrx_word' id='word_1_157' title='bbox 707 1603 971 1670; x_wconf 84' lang='lat' dir='ltr'><strong>lapidibus</strong></span> <span class='ocrx_word' id='word_1_158' title='bbox 997 1601 1186 1672; x_wconf 87' lang='lat' dir='ltr'><strong>quibus</strong></span> <span class='ocrx_word' id='word_1_159' title='bbox 1232 1617 1513 1671; x_wconf 91' lang='lat' dir='ltr'><strong>percussus</strong></span> <span class='ocrx_word' id='word_1_160' title='bbox 1540 1612 1639 1657; x_wconf 90' lang='lat' dir='ltr'><strong>est.</strong></span> <span class='ocrx_word' id='word_1_161' title='bbox 1680 1603 1735 1656; x_wconf 90' lang='grc' dir='ltr'><strong>Β.</strong></span> <span class='ocrx_word' id='word_1_162' title='bbox 1773 1603 1836 1656; x_wconf 93' lang='lat' dir='ltr'><strong>D.</strong></span> 
     </span>
    </p>
   </div>
   <div class='ocr_carea' id='block_1_28' title="bbox 265 1674 1841 1742">
    <p class='ocr_par' dir='ltr' id='par_1_28' title="bbox 265 1674 1841 1742">
     <span class='ocr_line' id='line_1_28' title="bbox 265 1674 1841 1742; baseline -0.003 -11"><span class='ocrx_word' id='word_1_163' title='bbox 265 1678 322 1731; x_wconf 82' lang='lat' dir='ltr'><strong>A</strong></span> <span class='ocrx_word' id='word_1_164' title='bbox 367 1676 429 1730; x_wconf 87' lang='grc' dir='ltr'><strong>Τ.</strong></span> <span class='ocrx_word' id='word_1_165' title='bbox 459 1677 540 1738; x_wconf 84' lang='lat' dir='ltr'><strong>L.,</strong></span> <span class='ocrx_word' id='word_1_166' title='bbox 569 1675 947 1742; x_wconf 82' lang='lat' dir='ltr'><strong>Hierosolymis</strong></span> <span class='ocrx_word' id='word_1_167' title='bbox 970 1683 995 1710; x_wconf 77' lang='grc'>⁸</span> <span class='ocrx_word' id='word_1_168' title='bbox 1031 1675 1261 1726; x_wconf 82' lang='lat' dir='ltr'><strong>inventio</strong></span> <span class='ocrx_word' id='word_1_169' title='bbox 1282 1674 1519 1740; x_wconf 82' lang='lat' dir='ltr'><strong>corporis</strong></span> <span class='ocrx_word' id='word_1_170' title='bbox 1547 1684 1841 1741; x_wconf 72' lang='lat' dir='ltr'><strong>protomar-</strong></span> 
     </span>
    </p>
   </div>
   <div class='ocr_carea' id='block_1_29' title="bbox 275 1742 1838 1816">
    <p class='ocr_par' dir='ltr' id='par_1_29' title="bbox 275 1742 1838 1816">
     <span class='ocr_line' id='line_1_29' title="bbox 275 1742 1838 1816; baseline -0.002 -19"><span class='ocrx_word' id='word_1_171' title='bbox 275 1749 402 1816; x_wconf 87' lang='lat' dir='ltr'><strong>tyris</strong></span> <span class='ocrx_word' id='word_1_172' title='bbox 432 1743 1118 1816; x_wconf 50' lang='lat' dir='ltr'><strong>Stephani(Hactenus/ﬂ),</strong></span> <span class='ocrx_word' id='word_1_173' title='bbox 1151 1757 1202 1796; x_wconf 92' lang='lat' dir='ltr'><strong>et</strong></span> <span class='ocrx_word' id='word_1_174' title='bbox 1247 1745 1344 1798; x_wconf 87' lang='lat' dir='ltr'><strong>SS.</strong></span> <span class='ocrx_word' id='word_1_175' title='bbox 1382 1742 1713 1816; x_wconf 74' lang='lat' dir='ltr'><strong>Camalielis,</strong></span> <span class='ocrx_word' id='word_1_176' title='bbox 1749 1745 1838 1816; x_wconf 65' lang='lat' dir='ltr'><strong>Ni-</strong></span> 
     </span>
    </p>
   </div>
   <div class='ocr_carea' id='block_1_30' title="bbox 271 1814 1836 1882">
    <p class='ocr_par' dir='ltr' id='par_1_30' title="bbox 271 1814 1836 1882">
     <span class='ocr_line' id='line_1_30' title="bbox 271 1814 1836 1882; baseline -0.001 -14"><span class='ocrx_word' id='word_1_177' title='bbox 271 1814 473 1868; x_wconf 26' lang='lat' dir='ltr'><strong>c‘odemi</strong></span> <span class='ocrx_word' id='word_1_178' title='bbox 523 1825 574 1868; x_wconf 90' lang='lat' dir='ltr'><strong>et</strong></span> <span class='ocrx_word' id='word_1_179' title='bbox 613 1815 840 1868; x_wconf 85' lang='lat' dir='ltr'><strong>Abibon.</strong></span> <span class='ocrx_word' id='word_1_180' title='bbox 893 1816 955 1867; x_wconf 91' lang='lat' dir='ltr'><strong>A.</strong></span> <span class='ocrx_word' id='word_1_181' title='bbox 1001 1815 1088 1876; x_wconf 74' lang='lat' dir='ltr'><strong>&#39;I‘.,</strong></span> <span class='ocrx_word' id='word_1_182' title='bbox 1147 1815 1527 1882; x_wconf 86' lang='lat' dir='ltr'><strong>Angustoduno</strong></span> <span class='ocrx_word' id='word_1_183' title='bbox 1576 1814 1836 1879; x_wconf 86' lang='lat' dir='ltr'><strong>depositio</strong></span> 
     </span>
    </p>
   </div>
   <div class='ocr_carea' id='block_1_31' title="bbox 277 1882 1841 1953">
    <p class='ocr_par' dir='ltr' id='par_1_31' title="bbox 277 1882 1841 1953">
     <span class='ocr_line' id='line_1_31' title="bbox 277 1882 1841 1953; baseline -0.001 -16"><span class='ocrx_word' id='word_1_184' title='bbox 277 1885 507 1939; x_wconf 73' lang='lat' dir='ltr'><strong>Eufronii</strong></span> <span class='ocrx_word' id='word_1_185' title='bbox 539 1887 797 1951; x_wconf 88' lang='lat' dir='ltr'><strong>episcopi.</strong></span> <span class='ocrx_word' id='word_1_186' title='bbox 832 1885 911 1945; x_wconf 87' lang='lat' dir='ltr'><strong>B.,</strong></span> <span class='ocrx_word' id='word_1_187' title='bbox 947 1882 1126 1935; x_wconf 64' lang='lat' dir='ltr'><strong>Roma!</strong></span> <span class='ocrx_word' id='word_1_188' title='bbox 1160 1883 1477 1953; x_wconf 9' lang='lat' dir='ltr'><strong>riatalierS.</strong></span> <span class='ocrx_word' id='word_1_189' title='bbox 1507 1883 1753 1953; x_wconf 73' lang='lat' dir='ltr'><strong>Diogenis</strong></span> <span class='ocrx_word' id='word_1_190' title='bbox 1782 1891 1841 1936; x_wconf 90' lang='lat' dir='ltr'><strong>et</strong></span> 
     </span>
    </p>
   </div>
   <div class='ocr_carea' id='block_1_32' title="bbox 271 1952 1625 2024">
    <p class='ocr_par' dir='ltr' id='par_1_32' title="bbox 271 1952 1625 2024">
     <span class='ocr_line' id='line_1_32' title="bbox 271 1952 1625 2024; baseline -0.004 -12"><span class='ocrx_word' id='word_1_191' title='bbox 271 1955 545 2024; x_wconf 85' lang='lat' dir='ltr'><strong>Stephani.</strong></span> <span class='ocrx_word' id='word_1_192' title='bbox 575 1954 1026 2020; x_wconf 86' lang='lat' dir='ltr'><strong>Constantinopoli</strong></span> <span class='ocrx_word' id='word_1_193' title='bbox 1064 1957 1236 2006; x_wconf 80' lang='lat' dir='ltr'><strong>natale</strong></span> <span class='ocrx_word' id='word_1_194' title='bbox 1265 1956 1318 2008; x_wconf 89' lang='grc'><strong>8.</strong></span> <span class='ocrx_word' id='word_1_195' title='bbox 1355 1952 1380 1988; x_wconf 68' lang='grc' dir='ltr'><strong>ι’</strong></span> <span class='ocrx_word' id='word_1_196' title='bbox 1409 1952 1625 2008; x_wconf 72' lang='grc' dir='ltr'><strong>ΑςθΙιιΒ.</strong></span> 
     </span>
    </p>
   </div>
   <div class='ocr_carea' id='block_1_33' title="bbox 336 2041 1186 2102">
    <p class='ocr_par' dir='ltr' id='par_1_33' title="bbox 336 2041 1186 2102">
     <span class='ocr_line' id='line_1_33' title="bbox 336 2041 1186 2102; baseline -0.005 0"><span class='ocrx_word' id='word_1_197' title='bbox 336 2048 390 2102; x_wconf 69' lang='grc'>4.</span> <span class='ocrx_word' id='word_1_198' title='bbox 424 2075 492 2086; x_wconf 88' lang='lat'><strong>-—</strong></span> <span class='ocrx_word' id='word_1_199' title='bbox 519 2045 556 2102; x_wconf 81' lang='lat' dir='ltr'><strong>ll</strong></span> <span class='ocrx_word' id='word_1_200' title='bbox 589 2045 784 2100; x_wconf 67' lang='lat' dir='ltr'><strong>Notus.</strong></span> <span class='ocrx_word' id='word_1_201' title='bbox 816 2041 981 2097; x_wconf 79' lang='lat' dir='ltr'><strong>Vacat</strong></span> <span class='ocrx_word' id='word_1_202' title='bbox 1011 2044 1186 2098; x_wconf 68' lang='lat' dir='ltr'><strong>Bil‘tla.</strong></span> 
     </span>
    </p>
   </div>
   <div class='ocr_carea' id='block_1_34' title="bbox 341 2131 1838 2202">
    <p class='ocr_par' dir='ltr' id='par_1_34' title="bbox 341 2131 1838 2202">
     <span class='ocr_line' id='line_1_34' title="bbox 341 2131 1838 2202; baseline -0.001 -13"><span class='ocrx_word' id='word_1_203' title='bbox 341 2145 362 2173; x_wconf 75' lang='grc' dir='ltr'><strong>ε</strong></span> <span class='ocrx_word' id='word_1_204' title='bbox 395 2135 477 2197; x_wconf 90' lang='lat' dir='ltr'><strong>D.,</strong></span> <span class='ocrx_word' id='word_1_205' title='bbox 511 2135 650 2187; x_wconf 80' lang='lat' dir='ltr'><strong>lleati</strong></span> <span class='ocrx_word' id='word_1_206' title='bbox 679 2139 705 2178; x_wconf 86' lang='lat' dir='ltr'><strong>d</strong></span> <span class='ocrx_word' id='word_1_207' title='bbox 729 2132 1017 2186; x_wconf 82' lang='lat' dir='ltr'><strong>Aristarchi</strong></span> <span class='ocrx_word' id='word_1_208' title='bbox 1048 2133 1290 2201; x_wconf 84' lang='lat' dir='ltr'><strong>discipuli</strong></span> <span class='ocrx_word' id='word_1_209' title='bbox 1329 2132 1381 2186; x_wconf 84' lang='lat' dir='ltr'><strong>S.</strong></span> <span class='ocrx_word' id='word_1_210' title='bbox 1417 2131 1560 2188; x_wconf 86' lang='lat' dir='ltr'><strong>Pauli</strong></span> <span class='ocrx_word' id='word_1_211' title='bbox 1595 2134 1838 2202; x_wconf 86' lang='lat' dir='ltr'><strong>apostoli.</strong></span> 
     </span>
    </p>
   </div>
   <div class='ocr_carea' id='block_1_35' title="bbox 265 2202 1844 2272">
    <p class='ocr_par' dir='ltr' id='par_1_35' title="bbox 265 2202 1844 2272">
     <span class='ocr_line' id='line_1_35' title="bbox 265 2202 1844 2272; baseline -0.003 -11"><span class='ocrx_word' id='word_1_212' title='bbox 265 2205 450 2261; x_wconf 70' lang='lat' dir='ltr'><strong>Roma:</strong></span> <span class='ocrx_word' id='word_1_213' title='bbox 480 2215 503 2242; x_wconf 78' lang='grc' dir='ltr'>θ</span> <span class='ocrx_word' id='word_1_214' title='bbox 537 2203 842 2257; x_wconf 78' lang='lat' dir='ltr'><strong>Tertulliani</strong></span> <span class='ocrx_word' id='word_1_215' title='bbox 872 2205 1136 2272; x_wconf 75' lang='lat' dir='ltr'><strong>martyris.</strong></span> <span class='ocrx_word' id='word_1_216' title='bbox 1165 2205 1221 2257; x_wconf 83' lang='grc' dir='ltr'>Β.</span> <span class='ocrx_word' id='word_1_217' title='bbox 1247 2202 1305 2256; x_wconf 91' lang='lat' dir='ltr'><strong>C.</strong></span> <span class='ocrx_word' id='word_1_218' title='bbox 1336 2203 1421 2264; x_wconf 85' lang='lat' dir='ltr'><strong>V..</strong></span> <span class='ocrx_word' id='word_1_219' title='bbox 1454 2205 1634 2257; x_wconf 71' lang='lat' dir='ltr'><strong>ROIIIIB</strong></span> <span class='ocrx_word' id='word_1_220' title='bbox 1663 2209 1710 2256; x_wconf 89' lang='lat' dir='ltr'><strong>in</strong></span> <span class='ocrx_word' id='word_1_221' title='bbox 1736 2220 1844 2257; x_wconf 75' lang='lat' dir='ltr'><strong>cn:-</strong></span> 
     </span>
    </p>
   </div>
   <div class='ocr_carea' id='block_1_36' title="bbox 268 2273 1844 2339">
    <p class='ocr_par' dir='ltr' id='par_1_36' title="bbox 268 2273 1844 2339">
     <span class='ocr_line' id='line_1_36' title="bbox 268 2273 1844 2339; baseline -0.003 -8"><span class='ocrx_word' id='word_1_222' title='bbox 268 2278 487 2331; x_wconf 78' lang='lat' dir='ltr'><strong>metcrio</strong></span> <span class='ocrx_word' id='word_1_223' title='bbox 518 2276 574 2327; x_wconf 85' lang='lat' dir='ltr'><strong>S.</strong></span> <span class='ocrx_word' id='word_1_224' title='bbox 607 2275 910 2337; x_wconf 91' lang='lat' dir='ltr'><strong>Laurentii,</strong></span> <span class='ocrx_word' id='word_1_225' title='bbox 942 2274 1298 2326; x_wconf 83' lang='lat' dir='ltr'><strong>Crescentiani</strong></span> <span class='ocrx_word' id='word_1_226' title='bbox 1339 2283 1392 2326; x_wconf 89' lang='lat' dir='ltr'><strong>et</strong></span> <span class='ocrx_word' id='word_1_227' title='bbox 1421 2273 1579 2329; x_wconf 90' lang='lat' dir='ltr'><strong>Justi.</strong></span> <span class='ocrx_word' id='word_1_228' title='bbox 1615 2274 1708 2339; x_wconf 87' lang='lat' dir='ltr'><strong>L.,</strong></span> <span class='ocrx_word' id='word_1_229' title='bbox 1742 2274 1844 2327; x_wconf 79' lang='lat' dir='ltr'><strong>Na-</strong></span> 
     </span>
    </p>
   </div>
   <div class='ocr_carea' id='block_1_37' title="bbox 265 2341 1838 2414">
    <p class='ocr_par' dir='ltr' id='par_1_37' title="bbox 265 2341 1838 2414">
     <span class='ocr_line' id='line_1_37' title="bbox 265 2341 1838 2414; baseline -0.003 -13"><span class='ocrx_word' id='word_1_230' title='bbox 265 2348 366 2401; x_wconf 83' lang='lat' dir='ltr'><strong>tale</strong></span> <span class='ocrx_word' id='word_1_231' title='bbox 397 2347 492 2400; x_wconf 90' lang='lat' dir='ltr'><strong>SS.</strong></span> <span class='ocrx_word' id='word_1_232' title='bbox 526 2344 918 2414; x_wconf 85' lang='lat' dir='ltr'><strong>Crescentiani,</strong></span> <span class='ocrx_word' id='word_1_233' title='bbox 965 2341 1099 2396; x_wconf 81' lang='lat' dir='ltr'><strong>Jttsti</strong></span> <span class='ocrx_word' id='word_1_234' title='bbox 1150 2354 1203 2397; x_wconf 84' lang='lat' dir='ltr'><strong>et</strong></span> <span class='ocrx_word' id='word_1_235' title='bbox 1251 2343 1477 2414; x_wconf 68' lang='lat' dir='ltr'><strong>Jocjntlii</strong></span> <span class='ocrx_word' id='word_1_236' title='bbox 1525 2355 1838 2414; x_wconf 86' lang='lat' dir='ltr'><strong>martyrum.</strong></span> 
     </span>
    </p>
   </div>
   <div class='ocr_carea' id='block_1_38' title="bbox 267 2411 1840 2482">
    <p class='ocr_par' dir='ltr' id='par_1_38' title="bbox 267 2411 1840 2482">
     <span class='ocr_line' id='line_1_38' title="bbox 267 2411 1840 2482; baseline -0.003 -11"><span class='ocrx_word' id='word_1_237' title='bbox 267 2419 354 2480; x_wconf 85' lang='lat' dir='ltr'><strong>A.,</strong></span> <span class='ocrx_word' id='word_1_238' title='bbox 390 2417 569 2468; x_wconf 77' lang='lat' dir='ltr'><strong>Itonia:</strong></span> <span class='ocrx_word' id='word_1_239' title='bbox 601 2415 656 2468; x_wconf 93' lang='lat' dir='ltr'><strong>S.</strong></span> <span class='ocrx_word' id='word_1_240' title='bbox 687 2413 875 2466; x_wconf 89' lang='lat' dir='ltr'><strong>Jostini</strong></span> <span class='ocrx_word' id='word_1_241' title='bbox 923 2414 1215 2482; x_wconf 82' lang='lat' dir='ltr'><strong>presbyteri</strong></span> <span class='ocrx_word' id='word_1_242' title='bbox 1248 2424 1300 2466; x_wconf 89' lang='lat' dir='ltr'><strong>et</strong></span> <span class='ocrx_word' id='word_1_243' title='bbox 1328 2411 1387 2465; x_wconf 95' lang='grc'><strong>8.</strong></span> <span class='ocrx_word' id='word_1_244' title='bbox 1425 2411 1840 2467; x_wconf 76' lang='lat' dir='ltr'><strong>Crescentianze.</strong></span> 
     </span>
    </p>
   </div>
   <div class='ocr_carea' id='block_1_39' title="bbox 264 2482 1844 2552">
    <p class='ocr_par' dir='ltr' id='par_1_39' title="bbox 264 2482 1844 2552">
     <span class='ocr_line' id='line_1_39' title="bbox 264 2482 1844 2552; baseline -0.003 -11"><span class='ocrx_word' id='word_1_245' title='bbox 264 2486 355 2552; x_wconf 84' lang='lat' dir='ltr'><strong>T.,</strong></span> <span class='ocrx_word' id='word_1_246' title='bbox 388 2486 567 2538; x_wconf 74' lang='lat' dir='ltr'><strong>Roma:</strong></span> <span class='ocrx_word' id='word_1_247' title='bbox 597 2485 769 2538; x_wconf 84' lang='lat' dir='ltr'><strong>natale</strong></span> <span class='ocrx_word' id='word_1_248' title='bbox 796 2483 852 2536; x_wconf 93' lang='grc'><strong>8.</strong></span> <span class='ocrx_word' id='word_1_249' title='bbox 885 2483 1018 2535; x_wconf 88' lang='lat' dir='ltr'><strong>Justi</strong></span> <span class='ocrx_word' id='word_1_250' title='bbox 1042 2495 1093 2537; x_wconf 89' lang='lat' dir='ltr'><strong>el</strong></span> <span class='ocrx_word' id='word_1_251' title='bbox 1118 2483 1172 2538; x_wconf 88' lang='lat' dir='ltr'><strong>S.</strong></span> <span class='ocrx_word' id='word_1_252' title='bbox 1203 2482 1612 2537; x_wconf 65' lang='lat' dir='ltr'><strong>Crescentinnaz.</strong></span> <span class='ocrx_word' id='word_1_253' title='bbox 1643 2484 1701 2535; x_wconf 82' lang='lat' dir='ltr'><strong>Et</strong></span> <span class='ocrx_word' id='word_1_254' title='bbox 1726 2499 1844 2549; x_wconf 81' lang='lat' dir='ltr'><strong>pas-</strong></span> 
     </span>
    </p>
   </div>
   <div class='ocr_carea' id='block_1_40' title="bbox 266 2554 1844 2622">
    <p class='ocr_par' dir='ltr' id='par_1_40' title="bbox 266 2554 1844 2622">
     <span class='ocr_line' id='line_1_40' title="bbox 266 2554 1844 2622; baseline -0.003 -14"><span class='ocrx_word' id='word_1_255' title='bbox 266 2557 346 2609; x_wconf 90' lang='lat' dir='ltr'><strong>sio</strong></span> <span class='ocrx_word' id='word_1_256' title='bbox 375 2557 432 2610; x_wconf 87' lang='lat' dir='ltr'><strong>S.</strong></span> <span class='ocrx_word' id='word_1_257' title='bbox 469 2555 486 2593; x_wconf 68' lang='grc' dir='ltr'>ί</span> <span class='ocrx_word' id='word_1_258' title='bbox 521 2554 710 2610; x_wconf 80' lang='lat' dir='ltr'><strong>Justitti</strong></span> <span class='ocrx_word' id='word_1_259' title='bbox 740 2555 1055 2622; x_wconf 75' lang='lat' dir='ltr'><strong>presbyteri,</strong></span> <span class='ocrx_word' id='word_1_260' title='bbox 1079 2554 1165 2622; x_wconf 89' lang='lat' dir='ltr'><strong>qui</strong></span> <span class='ocrx_word' id='word_1_261' title='bbox 1194 2554 1350 2606; x_wconf 84' lang='lat' dir='ltr'><strong>multa</strong></span> <span class='ocrx_word' id='word_1_262' title='bbox 1381 2569 1598 2620; x_wconf 83' lang='lat' dir='ltr'><strong>corpora</strong></span> <span class='ocrx_word' id='word_1_263' title='bbox 1630 2566 1844 2607; x_wconf 83' lang='lat' dir='ltr'><strong>Sancto-</strong></span> 
     </span>
    </p>
   </div>
   <div class='ocr_carea' id='block_1_41' title="bbox 267 2623 1845 2694">
    <p class='ocr_par' dir='ltr' id='par_1_41' title="bbox 267 2623 1845 2694">
     <span class='ocr_line' id='line_1_41' title="bbox 267 2623 1845 2694; baseline -0.001 -15"><span class='ocrx_word' id='word_1_264' title='bbox 267 2643 383 2679; x_wconf 84' lang='lat' dir='ltr'><strong>rum</strong></span> <span class='ocrx_word' id='word_1_265' title='bbox 418 2626 627 2694; x_wconf 80' lang='lat' dir='ltr'><strong>collegit</strong></span> <span class='ocrx_word' id='word_1_266' title='bbox 671 2639 732 2678; x_wconf 88' lang='lat' dir='ltr'><strong>ac</strong></span> <span class='ocrx_word' id='word_1_267' title='bbox 777 2623 1040 2694; x_wconf 79' lang='lat' dir='ltr'><strong>sepelivit.</strong></span> <span class='ocrx_word' id='word_1_268' title='bbox 1090 2629 1170 2687; x_wconf 69' lang='lat'><strong>3.,</strong></span> <span class='ocrx_word' id='word_1_269' title='bbox 1219 2623 1271 2677; x_wconf 94' lang='lat' dir='ltr'><strong>ln</strong></span> <span class='ocrx_word' id='word_1_270' title='bbox 1322 2623 1628 2678; x_wconf 78' lang='lat' dir='ltr'><strong>Nicomedia</strong></span> <span class='ocrx_word' id='word_1_271' title='bbox 1672 2626 1845 2678; x_wconf 85' lang='lat' dir='ltr'><strong>natale</strong></span> 
     </span>
    </p>
   </div>
   <div class='ocr_carea' id='block_1_42' title="bbox 266 2693 1042 2764">
    <p class='ocr_par' dir='ltr' id='par_1_42' title="bbox 266 2693 1042 2764">
     <span class='ocr_line' id='line_1_42' title="bbox 266 2693 1042 2764; baseline -0.005 -13"><span class='ocrx_word' id='word_1_272' title='bbox 266 2699 365 2751; x_wconf 81' lang='lat' dir='ltr'><strong>SS.</strong></span> <span class='ocrx_word' id='word_1_273' title='bbox 395 2697 543 2764; x_wconf 70' lang='lat' dir='ltr'><strong>Sagm</strong></span> <span class='ocrx_word' id='word_1_274' title='bbox 565 2693 622 2749; x_wconf 85' lang='lat' dir='ltr'><strong>et</strong></span> <span class='ocrx_word' id='word_1_275' title='bbox 654 2693 1042 2750; x_wconf 72' lang='lat' dir='ltr'><strong>Bartholomaai.</strong></span> 
     </span>
    </p>
   </div>
   <div class='ocr_carea' id='block_1_43' title="bbox 337 2786 1002 2842">
    <p class='ocr_par' dir='ltr' id='par_1_43' title="bbox 337 2786 1002 2842">
     <span class='ocr_line' id='line_1_43' title="bbox 337 2786 1002 2842; baseline -0.005 0"><span class='ocrx_word' id='word_1_276' title='bbox 337 2789 387 2842; x_wconf 75' lang='lat'><strong>5&#39;.</strong></span> <span class='ocrx_word' id='word_1_277' title='bbox 417 2790 601 2842; x_wconf 75' lang='lat' dir='ltr'><strong>Noats.</strong></span> <span class='ocrx_word' id='word_1_278' title='bbox 637 2787 798 2841; x_wconf 82' lang='lat' dir='ltr'><strong>Vacat</strong></span> <span class='ocrx_word' id='word_1_279' title='bbox 828 2786 1002 2840; x_wconf 67' lang='lat' dir='ltr'><strong>Baeda.</strong></span> 
     </span>
    </p>
   </div>
   <div class='ocr_carea' id='block_1_44' title="bbox 340 2875 1841 2944">
    <p class='ocr_par' dir='ltr' id='par_1_44' title="bbox 340 2875 1841 2944">
     <span class='ocr_line' id='line_1_44' title="bbox 340 2875 1841 2944; baseline 0.001 -14"><span class='ocrx_word' id='word_1_280' title='bbox 340 2877 524 2931; x_wconf 82' lang='lat' dir='ltr'><strong>Florus</strong></span> <span class='ocrx_word' id='word_1_281' title='bbox 548 2879 598 2930; x_wconf 90' lang='lat' dir='ltr'><strong>in</strong></span> <span class='ocrx_word' id='word_1_282' title='bbox 633 2879 695 2933; x_wconf 89' lang='lat' dir='ltr'><strong>A.</strong></span> <span class='ocrx_word' id='word_1_283' title='bbox 729 2877 791 2929; x_wconf 91' lang='grc' dir='ltr'>Τ.</span> <span class='ocrx_word' id='word_1_284' title='bbox 825 2877 884 2932; x_wconf 92' lang='lat' dir='ltr'><strong>L.</strong></span> <span class='ocrx_word' id='word_1_285' title='bbox 918 2895 930 2928; x_wconf 86' lang='lat'><strong>:</strong></span> <span class='ocrx_word' id='word_1_286' title='bbox 987 2875 1104 2944; x_wconf 91' lang='lat' dir='ltr'><strong>Ipso</strong></span> <span class='ocrx_word' id='word_1_287' title='bbox 1129 2875 1216 2930; x_wconf 90' lang='lat' dir='ltr'><strong>die</strong></span> <span class='ocrx_word' id='word_1_288' title='bbox 1257 2877 1430 2930; x_wconf 90' lang='lat' dir='ltr'><strong>natale</strong></span> <span class='ocrx_word' id='word_1_289' title='bbox 1470 2876 1526 2933; x_wconf 91' lang='grc'><strong>8.</strong></span> <span class='ocrx_word' id='word_1_290' title='bbox 1556 2884 1580 2922; x_wconf 71' lang='grc' dir='ltr'><strong><em>κ</em></strong></span> <span class='ocrx_word' id='word_1_291' title='bbox 1606 2875 1841 2932; x_wconf 84' lang='lat' dir='ltr'><strong>Cassiani</strong></span> 
     </span>
    </p>
   </div>
   <div class='ocr_carea' id='block_1_45' title="bbox 264 2968 1841 3045">
    <p class='ocr_par' dir='ltr' id='par_1_45' title="bbox 264 2968 1841 3045">
     <span class='ocr_line' id='line_1_45' title="bbox 264 2968 1841 3045; baseline -0.002 -20"><span class='ocrx_word' id='word_1_292' title='bbox 264 2969 497 3038; x_wconf 55' lang='lat' dir='ltr'><strong>episcopi</strong></span> <span class='ocrx_word' id='word_1_293' title='bbox 529 2982 579 3024; x_wconf 87' lang='lat' dir='ltr'><strong>et</strong></span> <span class='ocrx_word' id='word_1_294' title='bbox 603 2968 927 3024; x_wconf 87' lang='lat' dir='ltr'><strong>confessoris</strong></span> <span class='ocrx_word' id='word_1_295' title='bbox 956 2987 968 3022; x_wconf 91' lang='lat'>:</span> <span class='ocrx_word' id='word_1_296' title='bbox 999 2970 1084 3039; x_wconf 91' lang='lat' dir='ltr'><strong>qui</strong></span> <span class='ocrx_word' id='word_1_297' title='bbox 1114 2985 1141 3024; x_wconf 93' lang='lat' dir='ltr'><strong>a</strong></span> <span class='ocrx_word' id='word_1_298' title='bbox 1173 2969 1390 3026; x_wconf 80' lang='lat' dir='ltr'><strong>Tltcone</strong></span> <span class='ocrx_word' id='word_1_299' title='bbox 1421 2970 1530 3045; x_wconf 74' lang='grc' dir='ltr'>[Α.,</span> <span class='ocrx_word' id='word_1_300' title='bbox 1561 2969 1726 3035; x_wconf 82' lang='lat' dir='ltr'><strong>Zone,</strong></span> <span class='ocrx_word' id='word_1_301' title='bbox 1757 2969 1841 3037; x_wconf 91' lang='lat' dir='ltr'><strong>L.,</strong></span> 
     </span>
    </p>
   </div>
   <div class='ocr_carea' id='block_1_46' title="bbox 265 3062 1841 3134">
    <p class='ocr_par' dir='ltr' id='par_1_46' title="bbox 265 3062 1841 3134">
     <span class='ocr_line' id='line_1_46' title="bbox 265 3062 1841 3134; baseline -0.001 -17"><span class='ocrx_word' id='word_1_302' title='bbox 265 3062 467 3134; x_wconf 88' lang='lat' dir='ltr'><strong>Azonc]</strong></span> <span class='ocrx_word' id='word_1_303' title='bbox 525 3071 756 3132; x_wconf 63' lang='lat' dir='ltr'><strong>martyre</strong></span> <span class='ocrx_word' id='word_1_304' title='bbox 813 3065 1121 3118; x_wconf 63' lang='lat' dir='ltr'><strong>caelestibus</strong></span> <span class='ocrx_word' id='word_1_305' title='bbox 1171 3063 1461 3116; x_wconf 84' lang='lat' dir='ltr'><strong>instructus</strong></span> <span class='ocrx_word' id='word_1_306' title='bbox 1505 3063 1841 3132; x_wconf 73' lang='lat' dir='ltr'><strong>disciplinis,</strong></span> 
     </span>
    </p>
   </div>
   <div class='ocr_carea' id='block_1_47' title="bbox 263 3151 1844 3223">
    <p class='ocr_par' dir='ltr' id='par_1_47' title="bbox 263 3151 1844 3223">
     <span class='ocr_line' id='line_1_47' title="bbox 263 3151 1844 3223; baseline 0.003 -18"><span class='ocrx_word' id='word_1_307' title='bbox 263 3151 294 3189; x_wconf 70' lang='grc' dir='ltr'><strong>ιι</strong></span> <span class='ocrx_word' id='word_1_308' title='bbox 312 3154 362 3206; x_wconf 94' lang='lat' dir='ltr'><strong>in</strong></span> <span class='ocrx_word' id='word_1_309' title='bbox 383 3152 598 3208; x_wconf 88' lang='lat' dir='ltr'><strong>civitate</strong></span> <span class='ocrx_word' id='word_1_310' title='bbox 616 3152 1010 3223; x_wconf 62' lang='lat' dir='ltr'><strong>Egyptiorum,</strong></span> <span class='ocrx_word' id='word_1_311' title='bbox 1029 3153 1286 3208; x_wconf 83' lang='lat' dir='ltr'><strong>vocabulo</strong></span> <span class='ocrx_word' id='word_1_312' title='bbox 1304 3154 1538 3220; x_wconf 90' lang='lat' dir='ltr'><strong>Orteusi,</strong></span> <span class='ocrx_word' id='word_1_313' title='bbox 1565 3157 1844 3222; x_wconf 84' lang='lat' dir='ltr'><strong>episcopus</strong></span> 
     </span>
    </p>
   </div>
   <div class='ocr_carea' id='block_1_48' title="bbox 265 3243 1836 3313">
    <p class='ocr_par' dir='ltr' id='par_1_48' title="bbox 265 3243 1836 3313">
     <span class='ocr_line' id='line_1_48' title="bbox 265 3243 1836 3313; baseline -0.001 -18"><span class='ocrx_word' id='word_1_314' title='bbox 265 3251 346 3295; x_wconf 91' lang='lat' dir='ltr'><strong>cst</strong></span> <span class='ocrx_word' id='word_1_315' title='bbox 376 3243 685 3298; x_wconf 90' lang='lat' dir='ltr'><strong>ordinatus:</strong></span> <span class='ocrx_word' id='word_1_316' title='bbox 719 3243 768 3297; x_wconf 90' lang='lat' dir='ltr'><strong>in</strong></span> <span class='ocrx_word' id='word_1_317' title='bbox 798 3259 900 3313; x_wconf 89' lang='lat' dir='ltr'><strong>qua</strong></span> <span class='ocrx_word' id='word_1_318' title='bbox 930 3257 1051 3297; x_wconf 90' lang='lat' dir='ltr'><strong>cum</strong></span> <span class='ocrx_word' id='word_1_319' title='bbox 1086 3243 1367 3298; x_wconf 86' lang='lat' dir='ltr'><strong>ecclesiam</strong></span> <span class='ocrx_word' id='word_1_320' title='bbox 1404 3252 1737 3296; x_wconf 84' lang='lat' dir='ltr'><strong>construeret</strong></span> <span class='ocrx_word' id='word_1_321' title='bbox 1780 3244 1836 3295; x_wconf 85' lang='grc' dir='ltr'>Β.</span> 
     </span>
    </p>
   </div>
   <div class='ocr_carea' id='block_1_49' title="bbox 266 3336 1842 3406">
    <p class='ocr_par' dir='ltr' id='par_1_49' title="bbox 266 3336 1842 3406">
     <span class='ocr_line' id='line_1_49' title="bbox 266 3336 1842 3406; baseline -0.001 -16"><span class='ocrx_word' id='word_1_322' title='bbox 266 3336 583 3391; x_wconf 86' lang='lat' dir='ltr'><strong>Laurentius</strong></span> <span class='ocrx_word' id='word_1_323' title='bbox 613 3347 816 3406; x_wconf 85' lang='lat' dir='ltr'><strong>martyr</strong></span> <span class='ocrx_word' id='word_1_324' title='bbox 853 3337 901 3390; x_wconf 91' lang='lat' dir='ltr'><strong>ei</strong></span> <span class='ocrx_word' id='word_1_325' title='bbox 935 3336 1207 3404; x_wconf 85' lang='lat' dir='ltr'><strong>apparuit,</strong></span> <span class='ocrx_word' id='word_1_326' title='bbox 1251 3343 1305 3388; x_wconf 90' lang='lat' dir='ltr'><strong>et</strong></span> <span class='ocrx_word' id='word_1_327' title='bbox 1348 3343 1406 3387; x_wconf 89' lang='lat' dir='ltr'><strong>ut</strong></span> <span class='ocrx_word' id='word_1_328' title='bbox 1455 3336 1695 3388; x_wconf 79' lang='lat' dir='ltr'><strong>eamdem</strong></span> <span class='ocrx_word' id='word_1_329' title='bbox 1745 3350 1842 3388; x_wconf 85' lang='lat' dir='ltr'><strong>suo</strong></span> 
     </span>
    </p>
   </div>
   <div class='ocr_carea' id='block_1_50' title="bbox 263 3425 1845 3497">
    <p class='ocr_par' dir='ltr' id='par_1_50' title="bbox 263 3425 1845 3497">
     <span class='ocr_line' id='line_1_50' title="bbox 263 3425 1845 3497; baseline -0.004 -11"><span class='ocrx_word' id='word_1_330' title='bbox 263 3431 465 3486; x_wconf 87' lang='lat' dir='ltr'><strong>nomini</strong></span> <span class='ocrx_word' id='word_1_331' title='bbox 513 3430 784 3486; x_wconf 87' lang='lat' dir='ltr'><strong>dedicaret</strong></span> <span class='ocrx_word' id='word_1_332' title='bbox 825 3428 1117 3482; x_wconf 90' lang='lat' dir='ltr'><strong>admonuit.</strong></span> <span class='ocrx_word' id='word_1_333' title='bbox 1165 3427 1469 3497; x_wconf 77' lang='lat' dir='ltr'><strong>(&quot;actenus</strong></span> <span class='ocrx_word' id='word_1_334' title='bbox 1501 3425 1605 3496; x_wconf 88' lang='lat' dir='ltr'><strong>L.)</strong></span> <span class='ocrx_word' id='word_1_335' title='bbox 1647 3426 1845 3480; x_wconf 88' lang='lat' dir='ltr'><strong>Deinde</strong></span> 
     </span>
    </p>
   </div>
   <div class='ocr_carea' id='block_1_51' title="bbox 262 3516 1841 3588">
    <p class='ocr_par' dir='ltr' id='par_1_51' title="bbox 262 3516 1841 3588">
     <span class='ocr_line' id='line_1_51' title="bbox 262 3516 1841 3588; baseline -0.006 -11"><span class='ocrx_word' id='word_1_336' title='bbox 262 3521 440 3577; x_wconf 83' lang='lat' dir='ltr'><strong>divina</strong></span> <span class='ocrx_word' id='word_1_337' title='bbox 474 3520 800 3577; x_wconf 79' lang='lat' dir='ltr'><strong>revelatione</strong></span> <span class='ocrx_word' id='word_1_338' title='bbox 828 3519 1026 3575; x_wconf 87' lang='lat' dir='ltr'><strong>Gallias</strong></span> <span class='ocrx_word' id='word_1_339' title='bbox 1072 3529 1374 3588; x_wconf 89' lang='lat' dir='ltr'><strong>penetrans,</strong></span> <span class='ocrx_word' id='word_1_340' title='bbox 1415 3516 1841 3586; x_wconf 86' lang='lat' dir='ltr'><strong>Augustidunen-</strong></span> 
     </span>
    </p>
   </div>
   <div class='ocr_carea' id='block_1_52' title="bbox 1947 1607 3523 1686">
    <p class='ocr_par' dir='ltr' id='par_1_52' title="bbox 1947 1607 3523 1686">
     <span class='ocr_line' id='line_1_52' title="bbox 1947 1607 3523 1686; baseline 0.01 -28"><span class='ocrx_word' id='word_1_341' title='bbox 1947 1619 2060 1658; x_wconf 83' lang='lat' dir='ltr'><strong>sem</strong></span> <span class='ocrx_word' id='word_1_342' title='bbox 2115 1607 2298 1660; x_wconf 86' lang='lat' dir='ltr'><strong>urbem</strong></span> <span class='ocrx_word' id='word_1_343' title='bbox 2349 1621 2470 1661; x_wconf 90' lang='lat' dir='ltr'><strong>cum</strong></span> <span class='ocrx_word' id='word_1_344' title='bbox 2513 1609 2624 1663; x_wconf 84' lang='lat' dir='ltr'><strong>suis</strong></span> <span class='ocrx_word' id='word_1_345' title='bbox 2661 1624 2972 1680; x_wconf 77' lang='lat' dir='ltr'><strong>aggressus,</strong></span> <span class='ocrx_word' id='word_1_346' title='bbox 3023 1628 3051 1667; x_wconf 90' lang='lat' dir='ltr'><strong>a</strong></span> <span class='ocrx_word' id='word_1_347' title='bbox 3103 1615 3159 1668; x_wconf 90' lang='lat' dir='ltr'><strong>S.</strong></span> <span class='ocrx_word' id='word_1_348' title='bbox 3197 1614 3523 1686; x_wconf 68' lang='lat' dir='ltr'><strong>1Simplicio</strong></span> 
     </span>
    </p>
   </div>
   <div class='ocr_carea' id='block_1_53' title="bbox 1945 1698 3522 1776">
    <p class='ocr_par' dir='ltr' id='par_1_53' title="bbox 1945 1698 3522 1776">
     <span class='ocr_line' id='line_1_53' title="bbox 1945 1698 3522 1776; baseline 0.008 -24"><span class='ocrx_word' id='word_1_349' title='bbox 1945 1698 2184 1765; x_wconf 82' lang='lat' dir='ltr'><strong>ejusdem</strong></span> <span class='ocrx_word' id='word_1_350' title='bbox 2216 1701 2364 1755; x_wconf 91' lang='lat' dir='ltr'><strong>urbis</strong></span> <span class='ocrx_word' id='word_1_351' title='bbox 2387 1703 2637 1770; x_wconf 85' lang='lat' dir='ltr'><strong>episcopo</strong></span> <span class='ocrx_word' id='word_1_352' title='bbox 2665 1705 2954 1759; x_wconf 71' lang='lat' dir='ltr'><strong>honorifice</strong></span> <span class='ocrx_word' id='word_1_353' title='bbox 2976 1715 3058 1759; x_wconf 88' lang='lat' dir='ltr'><strong>est</strong></span> <span class='ocrx_word' id='word_1_354' title='bbox 3079 1719 3390 1776; x_wconf 86' lang='lat' dir='ltr'><strong>susceptus;</strong></span> <span class='ocrx_word' id='word_1_355' title='bbox 3425 1713 3522 1765; x_wconf 90' lang='lat' dir='ltr'><strong>mi-</strong></span> 
     </span>
    </p>
   </div>
   <div class='ocr_carea' id='block_1_54' title="bbox 1946 1790 3520 1868">
    <p class='ocr_par' dir='ltr' id='par_1_54' title="bbox 1946 1790 3520 1868">
     <span class='ocr_line' id='line_1_54' title="bbox 1946 1790 3520 1868; baseline 0.009 -26"><span class='ocrx_word' id='word_1_356' title='bbox 1946 1790 2274 1859; x_wconf 74' lang='lat' dir='ltr'><strong>nistratoque</strong></span> <span class='ocrx_word' id='word_1_357' title='bbox 2303 1806 2330 1842; x_wconf 93' lang='lat' dir='ltr'><strong>a</strong></span> <span class='ocrx_word' id='word_1_358' title='bbox 2358 1792 2412 1847; x_wconf 91' lang='lat' dir='ltr'><strong>S.</strong></span> <span class='ocrx_word' id='word_1_359' title='bbox 2445 1791 2718 1862; x_wconf 83' lang='lat' dir='ltr'><strong>Simplicio</strong></span> <span class='ocrx_word' id='word_1_360' title='bbox 2757 1797 3054 1851; x_wconf 89' lang='lat' dir='ltr'><strong>sacerdotio</strong></span> <span class='ocrx_word' id='word_1_361' title='bbox 3080 1807 3132 1852; x_wconf 92' lang='lat' dir='ltr'><strong>et</strong></span> <span class='ocrx_word' id='word_1_362' title='bbox 3158 1799 3430 1868; x_wconf 91' lang='lat' dir='ltr'><strong>defuncto,</strong></span> <span class='ocrx_word' id='word_1_363' title='bbox 3468 1805 3520 1857; x_wconf 93' lang='lat' dir='ltr'><strong>in</strong></span> 
     </span>
    </p>
   </div>
   <div class='ocr_carea' id='block_1_55' title="bbox 1946 1876 3519 1959">
    <p class='ocr_par' dir='ltr' id='par_1_55' title="bbox 1946 1876 3519 1959">
     <span class='ocr_line' id='line_1_55' title="bbox 1946 1876 3519 1959; baseline 0.012 -30"><span class='ocrx_word' id='word_1_364' title='bbox 1946 1876 2063 1946; x_wconf 90' lang='lat' dir='ltr'><strong>ejns</strong></span> <span class='ocrx_word' id='word_1_365' title='bbox 2091 1880 2259 1932; x_wconf 91' lang='lat' dir='ltr'><strong>locum</strong></span> <span class='ocrx_word' id='word_1_366' title='bbox 2302 1880 2358 1935; x_wconf 90' lang='lat' dir='ltr'><strong>S.</strong></span> <span class='ocrx_word' id='word_1_367' title='bbox 2393 1880 2678 1938; x_wconf 88' lang='lat' dir='ltr'><strong>Cassianus</strong></span> <span class='ocrx_word' id='word_1_368' title='bbox 2716 1886 3030 1954; x_wconf 77' lang='lat' dir='ltr'><strong>subrogatus</strong></span> <span class='ocrx_word' id='word_1_369' title='bbox 3074 1899 3155 1942; x_wconf 87' lang='lat' dir='ltr'><strong>est</strong></span> <span class='ocrx_word' id='word_1_370' title='bbox 3198 1895 3519 1959; x_wconf 84' lang='lat' dir='ltr'><strong>episc0pus:</strong></span> 
     </span>
    </p>
   </div>
   <div class='ocr_carea' id='block_1_56' title="bbox 1869 1944 3520 2048">
    <p class='ocr_par' dir='ltr' id='par_1_56' title="bbox 1869 1944 3520 2048">
     <span class='ocr_line' id='line_1_56' title="bbox 1869 1944 3520 2048; baseline 0.011 -28"><span class='ocrx_word' id='word_1_371' title='bbox 1869 1944 1917 2004; x_wconf 80' lang='grc' dir='ltr'>Β</span> <span class='ocrx_word' id='word_1_372' title='bbox 1951 1969 2036 2021; x_wconf 88' lang='lat' dir='ltr'><strong>ubi</strong></span> <span class='ocrx_word' id='word_1_373' title='bbox 2082 1979 2134 2022; x_wconf 89' lang='lat' dir='ltr'><strong>et</strong></span> <span class='ocrx_word' id='word_1_374' title='bbox 2177 1970 2355 2023; x_wconf 91' lang='lat' dir='ltr'><strong>multis</strong></span> <span class='ocrx_word' id='word_1_375' title='bbox 2403 1975 2704 2027; x_wconf 86' lang='lat' dir='ltr'><strong>coruscavit</strong></span> <span class='ocrx_word' id='word_1_376' title='bbox 2747 1977 3020 2029; x_wconf 89' lang='lat' dir='ltr'><strong>miraculis</strong></span> <span class='ocrx_word' id='word_1_377' title='bbox 3061 1987 3114 2031; x_wconf 91' lang='lat' dir='ltr'><strong>et</strong></span> <span class='ocrx_word' id='word_1_378' title='bbox 3161 1983 3418 2048; x_wconf 89' lang='lat' dir='ltr'><strong>requievit</strong></span> <span class='ocrx_word' id='word_1_379' title='bbox 3467 1985 3520 2038; x_wconf 88' lang='lat' dir='ltr'><strong>in</strong></span> 
     </span>
    </p>
   </div>
   <div class='ocr_carea' id='block_1_57' title="bbox 1946 2061 3523 2132">
    <p class='ocr_par' dir='ltr' id='par_1_57' title="bbox 1946 2061 3523 2132">
     <span class='ocr_line' id='line_1_57' title="bbox 1946 2061 3523 2132; baseline 0.008 -18"><span class='ocrx_word' id='word_1_380' title='bbox 1946 2075 2094 2127; x_wconf 71' lang='lat' dir='ltr'><strong>pace.</strong></span> <span class='ocrx_word' id='word_1_381' title='bbox 2140 2061 2217 2114; x_wconf 87' lang='lat' dir='ltr'><strong>Ad</strong></span> <span class='ocrx_word' id='word_1_382' title='bbox 2246 2062 2396 2131; x_wconf 90' lang='lat' dir='ltr'><strong>cujus</strong></span> <span class='ocrx_word' id='word_1_383' title='bbox 2432 2065 2733 2132; x_wconf 89' lang='lat' dir='ltr'><strong>sepulcrum</strong></span> <span class='ocrx_word' id='word_1_384' title='bbox 2781 2066 2879 2122; x_wconf 86' lang='lat' dir='ltr'><strong>B.i</strong></span> <span class='ocrx_word' id='word_1_385' title='bbox 2921 2066 3218 2124; x_wconf 85' lang='lat' dir='ltr'><strong>Germanus</strong></span> <span class='ocrx_word' id='word_1_386' title='bbox 3263 2074 3523 2128; x_wconf 84' lang='lat' dir='ltr'><strong>Autissio-</strong></span> 
     </span>
    </p>
   </div>
   <div class='ocr_carea' id='block_1_58' title="bbox 1943 2154 3522 2234">
    <p class='ocr_par' dir='ltr' id='par_1_58' title="bbox 1943 2154 3522 2234">
     <span class='ocr_line' id='line_1_58' title="bbox 1943 2154 3522 2234; baseline 0.008 -27"><span class='ocrx_word' id='word_1_387' title='bbox 1943 2154 2185 2208; x_wconf 89' lang='lat' dir='ltr'><strong>dorensis</strong></span> <span class='ocrx_word' id='word_1_388' title='bbox 2215 2155 2496 2224; x_wconf 80' lang='lat' dir='ltr'><strong>episcOpus</strong></span> <span class='ocrx_word' id='word_1_389' title='bbox 2525 2157 2764 2224; x_wconf 88' lang='lat' dir='ltr'><strong>veniens,</strong></span> <span class='ocrx_word' id='word_1_390' title='bbox 2805 2167 2859 2212; x_wconf 91' lang='lat' dir='ltr'><strong>et</strong></span> <span class='ocrx_word' id='word_1_391' title='bbox 2885 2174 2947 2213; x_wconf 83' lang='lat' dir='ltr'><strong>ex</strong></span> <span class='ocrx_word' id='word_1_392' title='bbox 2980 2175 3128 2215; x_wconf 91' lang='lat' dir='ltr'><strong>more</strong></span> <span class='ocrx_word' id='word_1_393' title='bbox 3156 2162 3369 2219; x_wconf 85' lang='lat' dir='ltr'><strong>Christo</strong></span> <span class='ocrx_word' id='word_1_394' title='bbox 3401 2183 3522 2234; x_wconf 84' lang='lat' dir='ltr'><strong>pre-</strong></span> 
     </span>
    </p>
   </div>
   <div class='ocr_carea' id='block_1_59' title="bbox 1943 2246 3526 2325">
    <p class='ocr_par' dir='ltr' id='par_1_59' title="bbox 1943 2246 3526 2325">
     <span class='ocr_line' id='line_1_59' title="bbox 1943 2246 3526 2325; baseline 0.008 -25"><span class='ocrx_word' id='word_1_395' title='bbox 1943 2260 2033 2300; x_wconf 88' lang='lat' dir='ltr'><strong>ces</strong></span> <span class='ocrx_word' id='word_1_396' title='bbox 2062 2246 2308 2311; x_wconf 81' lang='lat' dir='ltr'><strong>fundens,</strong></span> <span class='ocrx_word' id='word_1_397' title='bbox 2341 2248 2506 2302; x_wconf 89' lang='lat' dir='ltr'><strong>fertur</strong></span> <span class='ocrx_word' id='word_1_398' title='bbox 2549 2250 2775 2318; x_wconf 89' lang='lat' dir='ltr'><strong>alloqui:</strong></span> <span class='ocrx_word' id='word_1_399' title='bbox 2817 2250 2949 2314; x_wconf 84' lang='lat' dir='ltr'><strong>Quid</strong></span> <span class='ocrx_word' id='word_1_400' title='bbox 2976 2293 2990 2313; x_wconf 91' lang='lat'><strong>,</strong></span> <span class='ocrx_word' id='word_1_401' title='bbox 3039 2253 3245 2324; x_wconf 89' lang='lat' dir='ltr'><strong>inquit,</strong></span> <span class='ocrx_word' id='word_1_402' title='bbox 3293 2258 3526 2325; x_wconf 82' lang='lat' dir='ltr'><strong>gloriose</strong></span> 
     </span>
    </p>
   </div>
   <div class='ocr_carea' id='block_1_60' title="bbox 1943 2335 3523 2409">
    <p class='ocr_par' dir='ltr' id='par_1_60' title="bbox 1943 2335 3523 2409">
     <span class='ocr_line' id='line_1_60' title="bbox 1943 2335 3523 2409; baseline 0.008 -18"><span class='ocrx_word' id='word_1_403' title='bbox 1943 2335 2111 2392; x_wconf 83' lang='lat' dir='ltr'><strong>frater</strong></span> <span class='ocrx_word' id='word_1_404' title='bbox 2137 2337 2412 2404; x_wconf 87' lang='lat' dir='ltr'><strong>Cassiane,</strong></span> <span class='ocrx_word' id='word_1_405' title='bbox 2445 2341 2597 2406; x_wconf 72' lang='lat' dir='ltr'><strong>agis?</strong></span> <span class='ocrx_word' id='word_1_406' title='bbox 2628 2341 2920 2409; x_wconf 78' lang='lat' dir='ltr'><strong>Respondit</strong></span> <span class='ocrx_word' id='word_1_407' title='bbox 2946 2344 3002 2398; x_wconf 86' lang='grc' dir='ltr'>Β.</span> <span class='ocrx_word' id='word_1_408' title='bbox 3026 2343 3310 2400; x_wconf 85' lang='lat' dir='ltr'><strong>Cassianus</strong></span> <span class='ocrx_word' id='word_1_409' title='bbox 3333 2366 3346 2401; x_wconf 90' lang='lat'><strong>:</strong></span> <span class='ocrx_word' id='word_1_410' title='bbox 3377 2349 3523 2404; x_wconf 87' lang='lat' dir='ltr'><strong>Dulci</strong></span> 
     </span>
    </p>
   </div>
   <div class='ocr_carea' id='block_1_61' title="bbox 1946 2426 3522 2505">
    <p class='ocr_par' dir='ltr' id='par_1_61' title="bbox 1946 2426 3522 2505">
     <span class='ocr_line' id='line_1_61' title="bbox 1946 2426 3522 2505; baseline 0.008 -25"><span class='ocrx_word' id='word_1_411' title='bbox 1946 2426 1998 2480; x_wconf 89' lang='lat' dir='ltr'><strong>in</strong></span> <span class='ocrx_word' id='word_1_412' title='bbox 2031 2441 2161 2494; x_wconf 89' lang='lat' dir='ltr'><strong>pace</strong></span> <span class='ocrx_word' id='word_1_413' title='bbox 2191 2427 2368 2496; x_wconf 90' lang='lat' dir='ltr'><strong>quiete</strong></span> <span class='ocrx_word' id='word_1_414' title='bbox 2395 2429 2589 2498; x_wconf 90' lang='lat' dir='ltr'><strong>potior,</strong></span> <span class='ocrx_word' id='word_1_415' title='bbox 2619 2442 2673 2484; x_wconf 89' lang='lat' dir='ltr'><strong>et</strong></span> <span class='ocrx_word' id='word_1_416' title='bbox 2701 2431 2985 2486; x_wconf 83' lang='lat' dir='ltr'><strong>adventum</strong></span> <span class='ocrx_word' id='word_1_417' title='bbox 3029 2435 3394 2505; x_wconf 78' lang='lat' dir='ltr'><strong>Redemptoris</strong></span> <span class='ocrx_word' id='word_1_418' title='bbox 3424 2456 3522 2493; x_wconf 77' lang='lat' dir='ltr'><strong>ex-</strong></span> 
     </span>
    </p>
   </div>
   <div class='ocr_carea' id='block_1_62' title="bbox 1943 2519 3521 2597">
    <p class='ocr_par' dir='ltr' id='par_1_62' title="bbox 1943 2519 3521 2597">
     <span class='ocr_line' id='line_1_62' title="bbox 1943 2519 3521 2597; baseline 0.01 -27"><span class='ocrx_word' id='word_1_419' title='bbox 1943 2527 2146 2597; x_wconf 83' lang='lat' dir='ltr'><strong>specto.</strong></span> <span class='ocrx_word' id='word_1_420' title='bbox 2175 2519 2336 2587; x_wconf 90' lang='lat' dir='ltr'><strong>Cujus</strong></span> <span class='ocrx_word' id='word_1_421' title='bbox 2357 2529 2539 2587; x_wconf 89' lang='lat' dir='ltr'><strong>postea</strong></span> <span class='ocrx_word' id='word_1_422' title='bbox 2568 2537 2758 2590; x_wconf 89' lang='lat' dir='ltr'><strong>corpus</strong></span> <span class='ocrx_word' id='word_1_423' title='bbox 2787 2525 3121 2581; x_wconf 83' lang='lat' dir='ltr'><strong>multitudine</strong></span> <span class='ocrx_word' id='word_1_424' title='bbox 3149 2529 3521 2586; x_wconf 89' lang='lat' dir='ltr'><strong>miraculorum</strong></span> 
     </span>
    </p>
   </div>
   <div class='ocr_carea' id='block_1_63' title="bbox 1946 2610 3523 2686">
    <p class='ocr_par' dir='ltr' id='par_1_63' title="bbox 1946 2610 3523 2686">
     <span class='ocr_line' id='line_1_63' title="bbox 1946 2610 3523 2686; baseline 0.01 -25"><span class='ocrx_word' id='word_1_425' title='bbox 1946 2610 2172 2677; x_wconf 89' lang='lat' dir='ltr'><strong>pollens,</strong></span> <span class='ocrx_word' id='word_1_426' title='bbox 2205 2610 2256 2664; x_wconf 91' lang='lat' dir='ltr'><strong>in</strong></span> <span class='ocrx_word' id='word_1_427' title='bbox 2288 2611 2659 2681; x_wconf 88' lang='lat' dir='ltr'><strong>municipium,</strong></span> <span class='ocrx_word' id='word_1_428' title='bbox 2701 2615 2840 2682; x_wconf 86' lang='lat' dir='ltr'><strong>quod</strong></span> <span class='ocrx_word' id='word_1_429' title='bbox 2875 2619 3104 2686; x_wconf 81' lang='lat' dir='ltr'><strong>Augusta</strong></span> <span class='ocrx_word' id='word_1_430' title='bbox 3138 2618 3523 2676; x_wconf 83' lang='lat' dir='ltr'><strong>Viromanduo-</strong></span> 
     </span>
    </p>
   </div>
   <div class='ocr_carea' id='block_1_64' title="bbox 1944 2702 3523 2770">
    <p class='ocr_par' dir='ltr' id='par_1_64' title="bbox 1944 2702 3523 2770">
     <span class='ocr_line' id='line_1_64' title="bbox 1944 2702 3523 2770; baseline 0.009 -17"><span class='ocrx_word' id='word_1_431' title='bbox 1944 2715 2063 2754; x_wconf 88' lang='lat' dir='ltr'><strong>rum</strong></span> <span class='ocrx_word' id='word_1_432' title='bbox 2095 2710 2451 2770; x_wconf 88' lang='lat' dir='ltr'><strong>nuncupatur,</strong></span> <span class='ocrx_word' id='word_1_433' title='bbox 2485 2714 2570 2756; x_wconf 77' lang='lat' dir='ltr'><strong>est</strong></span> <span class='ocrx_word' id='word_1_434' title='bbox 2599 2702 2620 2739; x_wconf 82' lang='grc' dir='ltr'>¹ι</span> <span class='ocrx_word' id='word_1_435' title='bbox 2657 2707 2970 2759; x_wconf 86' lang='lat' dir='ltr'><strong>translatum</strong></span> <span class='ocrx_word' id='word_1_436' title='bbox 2997 2719 3050 2762; x_wconf 89' lang='lat' dir='ltr'><strong>et</strong></span> <span class='ocrx_word' id='word_1_437' title='bbox 3081 2708 3216 2763; x_wconf 87' lang='lat' dir='ltr'><strong>intra</strong></span> <span class='ocrx_word' id='word_1_438' title='bbox 3246 2710 3523 2768; x_wconf 85' lang='lat' dir='ltr'><strong>basilicam</strong></span> 
     </span>
    </p>
   </div>
   <div class='ocr_carea' id='block_1_65' title="bbox 1946 2790 2867 2862">
    <p class='ocr_par' dir='ltr' id='par_1_65' title="bbox 1946 2790 2867 2862">
     <span class='ocr_line' id='line_1_65' title="bbox 1946 2790 2867 2862; baseline 0.007 -18"><span class='ocrx_word' id='word_1_439' title='bbox 1946 2790 2003 2844; x_wconf 82' lang='grc' dir='ltr'>Β.</span> <span class='ocrx_word' id='word_1_440' title='bbox 2034 2791 2270 2857; x_wconf 85' lang='lat' dir='ltr'><strong>Quintiui</strong></span> <span class='ocrx_word' id='word_1_441' title='bbox 2302 2798 2552 2862; x_wconf 84' lang='lat' dir='ltr'><strong>martyris</strong></span> <span class='ocrx_word' id='word_1_442' title='bbox 2581 2798 2867 2861; x_wconf 83' lang='lat' dir='ltr'><strong>sepultum.</strong></span> 
     </span>
    </p>
   </div>
   <div class='ocr_carea' id='block_1_66' title="bbox 2017 2881 3520 2960">
    <p class='ocr_par' dir='ltr' id='par_1_66' title="bbox 2017 2881 3520 2960">
     <span class='ocr_line' id='line_1_66' title="bbox 2017 2881 3520 2960; baseline 0.009 -26"><span class='ocrx_word' id='word_1_443' title='bbox 2017 2881 2106 2960; x_wconf 80' lang='lat' dir='ltr'><strong>D.__,</strong></span> <span class='ocrx_word' id='word_1_444' title='bbox 2139 2882 2287 2960; x_wconf 63' lang='lat' dir='ltr'><strong>Apud</strong></span> <span class='ocrx_word' id='word_1_445' title='bbox 2318 2883 2662 2960; x_wconf 64' lang='lat' dir='ltr'><strong>provinciam</strong></span> <span class='ocrx_word' id='word_1_446' title='bbox 2717 2886 2920 2940; x_wconf 57' lang='lat' dir='ltr'><strong>lthctia‘.</strong></span> <span class='ocrx_word' id='word_1_447' title='bbox 2963 2886 3172 2944; x_wconf 84' lang='lat' dir='ltr'><strong>civitate</strong></span> <span class='ocrx_word' id='word_1_448' title='bbox 3218 2890 3520 2960; x_wconf 80' lang='lat' dir='ltr'><strong>Augustana</strong></span> 
     </span>
    </p>
   </div>
   <div class='ocr_carea' id='block_1_67' title="bbox 1945 2950 3521 3027">
    <p class='ocr_par' dir='ltr' id='par_1_67' title="bbox 1945 2950 3521 3027">
     <span class='ocr_line' id='line_1_67' title="bbox 1945 2950 3521 3027; baseline 0.009 -22"><span class='ocrx_word' id='word_1_449' title='bbox 1945 2953 2134 3027; x_wconf 76' lang='lat' dir='ltr'><strong>natalis</strong></span> <span class='ocrx_word' id='word_1_450' title='bbox 2165 2950 2268 3027; x_wconf 65' lang='lat'><strong>8.1</strong></span> <span class='ocrx_word' id='word_1_451' title='bbox 2303 2953 2444 3027; x_wconf 61' lang='lat' dir='ltr'><strong>Afrae</strong></span> <span class='ocrx_word' id='word_1_452' title='bbox 2470 2971 2489 3027; x_wconf 12' lang='lat'><strong>:7</strong></span> <span class='ocrx_word' id='word_1_453' title='bbox 2507 2971 2622 3022; x_wconf 73' lang='lat' dir='ltr'><strong>qua:</strong></span> <span class='ocrx_word' id='word_1_454' title='bbox 2648 2972 2766 3009; x_wconf 91' lang='lat' dir='ltr'><strong>eum</strong></span> <span class='ocrx_word' id='word_1_455' title='bbox 2797 2966 2940 3010; x_wconf 88' lang='lat' dir='ltr'><strong>esset</strong></span> <span class='ocrx_word' id='word_1_456' title='bbox 2962 2974 3160 3027; x_wconf 85' lang='lat' dir='ltr'><strong>pagana</strong></span> <span class='ocrx_word' id='word_1_457' title='bbox 3187 2969 3241 3014; x_wconf 88' lang='lat' dir='ltr'><strong>et</strong></span> <span class='ocrx_word' id='word_1_458' title='bbox 3269 2950 3521 3019; x_wconf 67' lang='lat' dir='ltr'><strong>nieretrix</strong></span> 
     </span>
    </p>
   </div>
   <div class='ocr_carea' id='block_1_68' title="bbox 1946 3023 3519 3093">
    <p class='ocr_par' dir='ltr' id='par_1_68' title="bbox 1946 3023 3519 3093">
     <span class='ocr_line' id='line_1_68' title="bbox 1946 3023 3519 3093; baseline 0.008 -18"><span class='ocrx_word' id='word_1_459' title='bbox 1946 3038 2037 3092; x_wconf 88' lang='lat' dir='ltr'><strong>per</strong></span> <span class='ocrx_word' id='word_1_460' title='bbox 2066 3023 2357 3076; x_wconf 86' lang='lat' dir='ltr'><strong>doctrinam</strong></span> <span class='ocrx_word' id='word_1_461' title='bbox 2385 3025 2439 3076; x_wconf 87' lang='lat' dir='ltr'><strong>S.</strong></span> <span class='ocrx_word' id='word_1_462' title='bbox 2475 3026 2703 3079; x_wconf 69' lang='lat' dir='ltr'><strong>Narcissi</strong></span> <span class='ocrx_word' id='word_1_463' title='bbox 2737 3023 2972 3093; x_wconf 83' lang='lat' dir='ltr'><strong>episcopi</strong></span> <span class='ocrx_word' id='word_1_464' title='bbox 2999 3023 3060 3082; x_wconf 79' lang='lat' dir='ltr'><strong>ad</strong></span> <span class='ocrx_word' id='word_1_465' title='bbox 3090 3031 3356 3085; x_wconf 89' lang='lat' dir='ltr'><strong>Christum</strong></span> <span class='ocrx_word' id='word_1_466' title='bbox 3387 3049 3519 3086; x_wconf 80' lang='lat' dir='ltr'><strong>con-</strong></span> 
     </span>
    </p>
   </div>
   <div class='ocr_carea' id='block_1_69' title="bbox 1943 3097 3524 3166">
    <p class='ocr_par' dir='ltr' id='par_1_69' title="bbox 1943 3097 3524 3166">
     <span class='ocr_line' id='line_1_69' title="bbox 1943 3097 3524 3166; baseline 0.007 -20"><span class='ocrx_word' id='word_1_467' title='bbox 1943 3107 2116 3155; x_wconf 82' lang='lat' dir='ltr'><strong>versa,</strong></span> <span class='ocrx_word' id='word_1_468' title='bbox 2147 3102 2201 3148; x_wconf 89' lang='lat' dir='ltr'><strong>et</strong></span> <span class='ocrx_word' id='word_1_469' title='bbox 2228 3109 2347 3166; x_wconf 88' lang='lat' dir='ltr'><strong>cum</strong></span> <span class='ocrx_word' id='word_1_470' title='bbox 2381 3097 2522 3148; x_wconf 86' lang='lat' dir='ltr'><strong>omni</strong></span> <span class='ocrx_word' id='word_1_471' title='bbox 2550 3097 2708 3148; x_wconf 91' lang='lat' dir='ltr'><strong>domo</strong></span> <span class='ocrx_word' id='word_1_472' title='bbox 2747 3115 2840 3151; x_wconf 88' lang='lat' dir='ltr'><strong>sua</strong></span> <span class='ocrx_word' id='word_1_473' title='bbox 2873 3098 3155 3164; x_wconf 86' lang='lat' dir='ltr'><strong>baptizata,</strong></span> <span class='ocrx_word' id='word_1_474' title='bbox 3187 3117 3280 3166; x_wconf 90' lang='lat' dir='ltr'><strong>pro</strong></span> <span class='ocrx_word' id='word_1_475' title='bbox 3311 3107 3524 3157; x_wconf 81' lang='lat' dir='ltr'><strong>confes-</strong></span> 
     </span>
    </p>
   </div>
   <div class='ocr_carea' id='block_1_70' title="bbox 1943 3164 3520 3239">
    <p class='ocr_par' dir='ltr' id='par_1_70' title="bbox 1943 3164 3520 3239">
     <span class='ocr_line' id='line_1_70' title="bbox 1943 3164 3520 3239; baseline 0.007 -22"><span class='ocrx_word' id='word_1_476' title='bbox 1943 3166 2094 3239; x_wconf 61' lang='lat' dir='ltr'><strong>sione</strong></span> <span class='ocrx_word' id='word_1_477' title='bbox 2126 3164 2333 3239; x_wconf 74' lang='lat' dir='ltr'><strong>Domini</strong></span> <span class='ocrx_word' id='word_1_478' title='bbox 2363 3166 2465 3239; x_wconf 86' lang='lat' dir='ltr'><strong>igni</strong></span> <span class='ocrx_word' id='word_1_479' title='bbox 2497 3167 2683 3239; x_wconf 77' lang='lat' dir='ltr'><strong>tradita</strong></span> <span class='ocrx_word' id='word_1_480' title='bbox 2711 3177 2823 3239; x_wconf 79' lang='lat' dir='ltr'><strong>est.</strong></span> <span class='ocrx_word' id='word_1_481' title='bbox 2847 3168 2903 3219; x_wconf 82' lang='grc' dir='ltr'>Β.</span> <span class='ocrx_word' id='word_1_482' title='bbox 2939 3169 3024 3231; x_wconf 77' lang='grc' dir='ltr'>ν..</span> <span class='ocrx_word' id='word_1_483' title='bbox 3055 3164 3432 3239; x_wconf 83' lang='lat' dir='ltr'><strong>Augustoduno</strong></span> <span class='ocrx_word' id='word_1_484' title='bbox 3459 3176 3520 3228; x_wconf 90' lang='lat' dir='ltr'><strong>S.</strong></span> 
     </span>
    </p>
   </div>
   <div class='ocr_carea' id='block_1_71' title="bbox 1944 3234 3520 3309">
    <p class='ocr_par' dir='ltr' id='par_1_71' title="bbox 1944 3234 3520 3309">
     <span class='ocr_line' id='line_1_71' title="bbox 1944 3234 3520 3309; baseline 0.009 -25"><span class='ocrx_word' id='word_1_485' title='bbox 1944 3234 2179 3309; x_wconf 67' lang='lat' dir='ltr'><strong>Cassiani</strong></span> <span class='ocrx_word' id='word_1_486' title='bbox 2207 3236 2590 3309; x_wconf 86' lang='lat' dir='ltr'><strong>epi_scopi.__B.,</strong></span> <span class='ocrx_word' id='word_1_487' title='bbox 2621 3239 2688 3309; x_wconf 86' lang='lat' dir='ltr'><strong>_ln</strong></span> <span class='ocrx_word' id='word_1_488' title='bbox 2711 3238 2964 3309; x_wconf 57' lang='lat' dir='ltr'><strong>civitate</strong></span> <span class='ocrx_word' id='word_1_489' title='bbox 2987 3234 3220 3309; x_wconf 71' lang='lat' dir='ltr'><strong>Augusta</strong></span> <span class='ocrx_word' id='word_1_490' title='bbox 3255 3247 3430 3309; x_wconf 77' lang='lat' dir='ltr'><strong>passio</strong></span> <span class='ocrx_word' id='word_1_491' title='bbox 3462 3243 3520 3298; x_wconf 94' lang='grc'><strong>8.</strong></span> 
     </span>
    </p>
   </div>
   <div class='ocr_carea' id='block_1_72' title="bbox 1869 3289 3520 3381">
    <p class='ocr_par' dir='ltr' id='par_1_72' title="bbox 1869 3289 3520 3381">
     <span class='ocr_line' id='line_1_72' title="bbox 1869 3289 3520 3381; baseline 0.009 -28"><span class='ocrx_word' id='word_1_492' title='bbox 1869 3289 1915 3353; x_wconf 84' lang='lat' dir='ltr'><strong>C</strong></span> <span class='ocrx_word' id='word_1_493' title='bbox 1948 3305 2056 3381; x_wconf 58' lang='lat' dir='ltr'><strong>Afri</strong></span> <span class='ocrx_word' id='word_1_494' title='bbox 2085 3289 2450 3381; x_wconf 44' lang='lat' dir='ltr'><strong>[party-risi}.</strong></span> <span class='ocrx_word' id='word_1_495' title='bbox 2478 3289 3228 3381; x_wconf 16' lang='grc' dir='ltr'><strong>γηίΟτιιΙ-ιιιιριιἰξί8ξΜξιῖιιιιί</strong></span> 
     </span>
    </p>
   </div>
   <div class='ocr_carea' id='block_1_73' title="bbox 1949 3373 3518 3447">
    <p class='ocr_par' dir='ltr' id='par_1_73' title="bbox 1949 3373 3518 3447">
     <span class='ocr_line' id='line_1_73' title="bbox 1949 3373 3518 3447; baseline 0.006 -20"><span class='ocrx_word' id='word_1_496' title='bbox 1949 3373 2160 3447; x_wconf 40' lang='grc' dir='ltr'><strong>ΥἘΕι-</strong></span> <span class='ocrx_word' id='word_1_497' title='bbox 2195 3373 2316 3447; x_wconf 84' lang='lat' dir='ltr'><strong>alibi</strong></span> <span class='ocrx_word' id='word_1_498' title='bbox 2369 3376 2600 3428; x_wconf 82' lang='lat' dir='ltr'><strong>Floriani</strong></span> <span class='ocrx_word' id='word_1_499' title='bbox 2632 3387 2681 3429; x_wconf 87' lang='lat' dir='ltr'><strong>et</strong></span> <span class='ocrx_word' id='word_1_500' title='bbox 2715 3379 3022 3430; x_wconf 75' lang='lat' dir='ltr'><strong>l’ltilistinzc.</strong></span> <span class='ocrx_word' id='word_1_501' title='bbox 3061 3379 3146 3444; x_wconf 68' lang='grc'>(3.,</span> <span class='ocrx_word' id='word_1_502' title='bbox 3192 3385 3256 3433; x_wconf 77' lang='lat' dir='ltr'><strong>Et</strong></span> <span class='ocrx_word' id='word_1_503' title='bbox 3290 3373 3518 3447; x_wconf 70' lang='lat' dir='ltr'><strong>Agapiti.</strong></span> 
     </span>
    </p>
   </div>
   <div class='ocr_carea' id='block_1_74' title="bbox 1949 3443 3522 3514">
    <p class='ocr_par' dir='ltr' id='par_1_74' title="bbox 1949 3443 3522 3514">
     <span class='ocr_line' id='line_1_74' title="bbox 1949 3443 3522 3514; baseline 0.006 -18"><span class='ocrx_word' id='word_1_504' title='bbox 1949 3445 1992 3496; x_wconf 90' lang='lat' dir='ltr'><strong>A</strong></span> <span class='ocrx_word' id='word_1_505' title='bbox 2023 3443 2109 3506; x_wconf 89' lang='lat' dir='ltr'><strong>T.,</strong></span> <span class='ocrx_word' id='word_1_506' title='bbox 2145 3444 2196 3514; x_wconf 84' lang='grc' dir='ltr'>Ιιι</span> <span class='ocrx_word' id='word_1_507' title='bbox 2224 3446 2436 3498; x_wconf 79' lang='lat' dir='ltr'><strong>civitate</strong></span> <span class='ocrx_word' id='word_1_508' title='bbox 2470 3447 2747 3514; x_wconf 81' lang='lat' dir='ltr'><strong>Anxiopoli</strong></span> <span class='ocrx_word' id='word_1_509' title='bbox 2783 3449 2952 3500; x_wconf 78' lang='lat' dir='ltr'><strong>natale</strong></span> <span class='ocrx_word' id='word_1_510' title='bbox 2972 3449 3027 3501; x_wconf 88' lang='lat' dir='ltr'><strong>s.</strong></span> <span class='ocrx_word' id='word_1_511' title='bbox 3055 3443 3240 3503; x_wconf 80' lang='lat' dir='ltr'><strong>Eraclii</strong></span> <span class='ocrx_word' id='word_1_512' title='bbox 3269 3443 3522 3509; x_wconf 71' lang='lat' dir='ltr'><strong>etLren-</strong></span> 
     </span>
    </p>
   </div>
   <div class='ocr_carea' id='block_1_75' title="bbox 1951 3513 3142 3587">
    <p class='ocr_par' dir='ltr' id='par_1_75' title="bbox 1951 3513 3142 3587">
     <span class='ocr_line' id='line_1_75' title="bbox 1951 3513 3142 3587; baseline 0.004 -21"><span class='ocrx_word' id='word_1_513' title='bbox 1951 3515 2028 3567; x_wconf 86' lang='lat' dir='ltr'><strong>lii.</strong></span> <span class='ocrx_word' id='word_1_514' title='bbox 2064 3516 2127 3567; x_wconf 76' lang='lat' dir='ltr'><strong>Et</strong></span> <span class='ocrx_word' id='word_1_515' title='bbox 2151 3513 2455 3569; x_wconf 74' lang='lat' dir='ltr'><strong>Catalaunis</strong></span> <span class='ocrx_word' id='word_1_516' title='bbox 2483 3517 2540 3570; x_wconf 89' lang='grc'><strong>8.</strong></span> <span class='ocrx_word' id='word_1_517' title='bbox 2562 3526 2599 3552; x_wconf 74' lang='grc' dir='ltr'>ιη</span> <span class='ocrx_word' id='word_1_518' title='bbox 2629 3513 2856 3570; x_wconf 73' lang='lat' dir='ltr'><strong>Memmii</strong></span> <span class='ocrx_word' id='word_1_519' title='bbox 2888 3521 3142 3587; x_wconf 87' lang='lat' dir='ltr'><strong>episcopi.</strong></span> 
     </span>
    </p>
   </div>
   <div class='ocr_carea' id='block_1_76' title="bbox 1639 3602 2110 3659">
    <p class='ocr_par' dir='ltr' id='par_1_76' title="bbox 1639 3602 2110 3659">
     <span class='ocr_line' id='line_1_76' title="bbox 1639 3602 2110 3659; baseline -0.006 0"><span class='ocrx_word' id='word_1_520' title='bbox 1639 3604 1843 3659; x_wconf 61' lang='lat' dir='ltr'><strong>SillTll</strong></span> <span class='ocrx_word' id='word_1_521' title='bbox 1881 3602 2110 3658; x_wconf 73' lang='grc' dir='ltr'><strong>ΝΟΤΑΞ.</strong></span> 
     </span>
    </p>
   </div>
   <div class='ocr_carea' id='block_1_77' title="bbox 339 3698 1834 3768">
    <p class='ocr_par' dir='ltr' id='par_1_77' title="bbox 339 3698 1834 3768">
     <span class='ocr_line' id='line_1_77' title="bbox 339 3698 1834 3768; baseline -0.005 -9"><span class='ocrx_word' id='word_1_522' title='bbox 339 3717 365 3744; x_wconf 74' lang='grc' dir='ltr'><strong>ε</strong></span> <span class='ocrx_word' id='word_1_523' title='bbox 405 3705 656 3760; x_wconf 71' lang='lat' dir='ltr'><strong>Italiamin.</strong></span> <span class='ocrx_word' id='word_1_524' title='bbox 688 3702 745 3758; x_wconf 90' lang='grc'><strong>8.</strong></span> <span class='ocrx_word' id='word_1_525' title='bbox 773 3701 1008 3756; x_wconf 89' lang='lat' dir='ltr'><strong>Lueiano</strong></span> <span class='ocrx_word' id='word_1_526' title='bbox 1035 3699 1288 3768; x_wconf 86' lang='lat' dir='ltr'><strong>reliquias</strong></span> <span class='ocrx_word' id='word_1_527' title='bbox 1319 3698 1506 3751; x_wconf 86' lang='lat' dir='ltr'><strong>horum</strong></span> <span class='ocrx_word' id='word_1_528' title='bbox 1533 3709 1834 3756; x_wconf 85' lang='lat' dir='ltr'><strong>sanctorum</strong></span> 
     </span>
    </p>
   </div>
   <div class='ocr_carea' id='block_1_78' title="bbox 264 3768 1835 3834">
    <p class='ocr_par' dir='ltr' id='par_1_78' title="bbox 264 3768 1835 3834">
     <span class='ocr_line' id='line_1_78' title="bbox 264 3768 1835 3834; baseline -0.008 0"><span class='ocrx_word' id='word_1_529' title='bbox 264 3778 523 3834; x_wconf 78' lang='lat' dir='ltr'><strong>revelavit</strong></span> <span class='ocrx_word' id='word_1_530' title='bbox 565 3773 818 3827; x_wconf 81' lang='lat' dir='ltr'><strong>Gamaliel</strong></span> <span class='ocrx_word' id='word_1_531' title='bbox 869 3774 918 3825; x_wconf 91' lang='lat' dir='ltr'><strong>in</strong></span> <span class='ocrx_word' id='word_1_532' title='bbox 965 3786 1188 3833; x_wconf 85' lang='lat' dir='ltr'><strong>somnis,</strong></span> <span class='ocrx_word' id='word_1_533' title='bbox 1235 3783 1374 3821; x_wconf 86' lang='lat' dir='ltr'><strong>coss.</strong></span> <span class='ocrx_word' id='word_1_534' title='bbox 1419 3768 1652 3822; x_wconf 83' lang='lat' dir='ltr'><strong>Honorio</strong></span> <span class='ocrx_word' id='word_1_535' title='bbox 1687 3769 1835 3822; x_wconf 66' lang='lat' dir='ltr'><strong>decio</strong></span> 
     </span>
    </p>
   </div>
   <div class='ocr_carea' id='block_1_79' title="bbox 263 3839 1838 3904">
    <p class='ocr_par' dir='ltr' id='par_1_79' title="bbox 263 3839 1838 3904">
     <span class='ocr_line' id='line_1_79' title="bbox 263 3839 1838 3904; baseline -0.007 -2"><span class='ocrx_word' id='word_1_536' title='bbox 263 3865 408 3902; x_wconf 89' lang='lat' dir='ltr'><strong>mum</strong></span> <span class='ocrx_word' id='word_1_537' title='bbox 439 3858 491 3901; x_wconf 89' lang='lat' dir='ltr'><strong>et</strong></span> <span class='ocrx_word' id='word_1_538' title='bbox 519 3845 813 3898; x_wconf 88' lang='lat' dir='ltr'><strong>Tlteodosio</strong></span> <span class='ocrx_word' id='word_1_539' title='bbox 850 3853 1078 3904; x_wconf 75' lang='lat' dir='ltr'><strong>sextum,</strong></span> <span class='ocrx_word' id='word_1_540' title='bbox 1121 3841 1166 3893; x_wconf 89' lang='lat' dir='ltr'><strong>id</strong></span> <span class='ocrx_word' id='word_1_541' title='bbox 1196 3847 1280 3894; x_wconf 83' lang='lat' dir='ltr'><strong>est</strong></span> <span class='ocrx_word' id='word_1_542' title='bbox 1315 3855 1456 3890; x_wconf 90' lang='lat' dir='ltr'><strong>anno</strong></span> <span class='ocrx_word' id='word_1_543' title='bbox 1486 3839 1610 3902; x_wconf 74' lang='grc'>415,</span> <span class='ocrx_word' id='word_1_544' title='bbox 1645 3853 1700 3892; x_wconf 88' lang='lat' dir='ltr'><strong>Ill</strong></span> <span class='ocrx_word' id='word_1_545' title='bbox 1734 3839 1838 3893; x_wconf 83' lang='lat' dir='ltr'><strong>No-</strong></span> 
     </span>
    </p>
   </div>
   <div class='ocr_carea' id='block_1_80' title="bbox 269 3913 1831 3979">
    <p class='ocr_par' dir='ltr' id='par_1_80' title="bbox 269 3913 1831 3979">
     <span class='ocr_line' id='line_1_80' title="bbox 269 3913 1831 3979; baseline -0.006 -7"><span class='ocrx_word' id='word_1_546' title='bbox 269 3936 366 3972; x_wconf 82' lang='lat' dir='ltr'><strong>nas</strong></span> <span class='ocrx_word' id='word_1_547' title='bbox 414 3917 660 3970; x_wconf 69' lang='lat' dir='ltr'><strong>Deceml).</strong></span> <span class='ocrx_word' id='word_1_548' title='bbox 715 3914 1108 3979; x_wconf 85' lang='lat' dir='ltr'><strong>Hierosolymas</strong></span> <span class='ocrx_word' id='word_1_549' title='bbox 1147 3919 1325 3962; x_wconf 80' lang='lat' dir='ltr'><strong>autem</strong></span> <span class='ocrx_word' id='word_1_550' title='bbox 1377 3913 1641 3962; x_wconf 70' lang='lat' dir='ltr'><strong>transfatai</strong></span> <span class='ocrx_word' id='word_1_551' title='bbox 1687 3919 1831 3972; x_wconf 85' lang='lat' dir='ltr'><strong>sunt,</strong></span> 
     </span>
    </p>
   </div>
   <div class='ocr_carea' id='block_1_81' title="bbox 265 3979 1835 4054">
    <p class='ocr_par' dir='ltr' id='par_1_81' title="bbox 265 3979 1835 4054">
     <span class='ocr_line' id='line_1_81' title="bbox 265 3979 1835 4054; baseline -0.007 -13"><span class='ocrx_word' id='word_1_552' title='bbox 265 3988 369 4041; x_wconf 85' lang='lat' dir='ltr'><strong>sub</strong></span> <span class='ocrx_word' id='word_1_553' title='bbox 396 3988 697 4054; x_wconf 88' lang='lat' dir='ltr'><strong>episcopatu</strong></span> <span class='ocrx_word' id='word_1_554' title='bbox 725 3985 944 4054; x_wconf 86' lang='lat' dir='ltr'><strong>Joannis</strong></span> <span class='ocrx_word' id='word_1_555' title='bbox 973 3981 1038 4033; x_wconf 92' lang='lat' dir='ltr'><strong>ad</strong></span> <span class='ocrx_word' id='word_1_556' title='bbox 1066 3996 1133 4033; x_wconf 92' lang='lat' dir='ltr'><strong>vn</strong></span> <span class='ocrx_word' id='word_1_557' title='bbox 1161 3979 1278 4054; x_wconf 73' lang='lat' dir='ltr'><strong>Kal.</strong></span> <span class='ocrx_word' id='word_1_558' title='bbox 1300 3979 1554 4054; x_wconf 78' lang='lat' dir='ltr'><strong>Januarii.</strong></span> <span class='ocrx_word' id='word_1_559' title='bbox 1579 3979 1712 4033; x_wconf 89' lang='lat' dir='ltr'><strong>Cum</strong></span> <span class='ocrx_word' id='word_1_560' title='bbox 1740 3995 1835 4054; x_wconf 80' lang='lat' dir='ltr'><strong>au-</strong></span> 
     </span>
    </p>
   </div>
   <div class='ocr_carea' id='block_1_82' title="bbox 264 4050 1833 4117">
    <p class='ocr_par' dir='ltr' id='par_1_82' title="bbox 264 4050 1833 4117">
     <span class='ocr_line' id='line_1_82' title="bbox 264 4050 1833 4117; baseline -0.006 -5"><span class='ocrx_word' id='word_1_561' title='bbox 264 4068 375 4112; x_wconf 87' lang='lat' dir='ltr'><strong>tem</strong></span> <span class='ocrx_word' id='word_1_562' title='bbox 407 4050 697 4110; x_wconf 80' lang='lat' dir='ltr'><strong>hodienec</strong></span> <span class='ocrx_word' id='word_1_563' title='bbox 727 4053 960 4106; x_wconf 77' lang='lat' dir='ltr'><strong>inventio</strong></span> <span class='ocrx_word' id='word_1_564' title='bbox 987 4065 1085 4104; x_wconf 91' lang='lat' dir='ltr'><strong>nec</strong></span> <span class='ocrx_word' id='word_1_565' title='bbox 1122 4051 1396 4103; x_wconf 86' lang='lat' dir='ltr'><strong>translatio</strong></span> <span class='ocrx_word' id='word_1_566' title='bbox 1442 4050 1614 4117; x_wconf 83' lang='lat' dir='ltr'><strong>aliqua</strong></span> <span class='ocrx_word' id='word_1_567' title='bbox 1664 4051 1833 4103; x_wconf 81' lang='lat' dir='ltr'><strong>conti-</strong></span> 
     </span>
    </p>
   </div>
   <div class='ocr_carea' id='block_1_83' title="bbox 260 4119 1828 4196">
    <p class='ocr_par' dir='ltr' id='par_1_83' title="bbox 260 4119 1828 4196">
     <span class='ocr_line' id='line_1_83' title="bbox 260 4119 1828 4196; baseline -0.004 -17"><span class='ocrx_word' id='word_1_568' title='bbox 260 4138 419 4196; x_wconf 61' lang='lat' dir='ltr'><strong>gent,</strong></span> <span class='ocrx_word' id='word_1_569' title='bbox 448 4139 549 4194; x_wconf 90' lang='lat' dir='ltr'><strong>qua</strong></span> <span class='ocrx_word' id='word_1_570' title='bbox 584 4123 1010 4196; x_wconf 84' lang='lat' dir='ltr'><strong>ratiooefactum</strong></span> <span class='ocrx_word' id='word_1_571' title='bbox 1037 4121 1126 4184; x_wconf 87' lang='lat' dir='ltr'><strong>sit,</strong></span> <span class='ocrx_word' id='word_1_572' title='bbox 1159 4127 1218 4196; x_wconf 73' lang='lat' dir='ltr'><strong>ut</strong></span> <span class='ocrx_word' id='word_1_573' title='bbox 1242 4123 1340 4196; x_wconf 62' lang='lat' dir='ltr'><strong>hac</strong></span> <span class='ocrx_word' id='word_1_574' title='bbox 1368 4119 1455 4172; x_wconf 88' lang='lat' dir='ltr'><strong>die</strong></span> <span class='ocrx_word' id='word_1_575' title='bbox 1479 4121 1650 4196; x_wconf 82' lang='lat' dir='ltr'><strong>potius</strong></span> <span class='ocrx_word' id='word_1_576' title='bbox 1669 4135 1828 4196; x_wconf 82' lang='lat' dir='ltr'><strong>quam</strong></span> 
     </span>
    </p>
   </div>
   <div class='ocr_carea' id='block_1_84' title="bbox 260 4188 1828 4257">
    <p class='ocr_par' dir='ltr' id='par_1_84' title="bbox 260 4188 1828 4257">
     <span class='ocr_line' id='line_1_84' title="bbox 260 4188 1828 4257; baseline -0.004 -6"><span class='ocrx_word' id='word_1_577' title='bbox 260 4188 480 4251; x_wconf 65' lang='lat' dir='ltr'><strong>caeteris</strong></span> <span class='ocrx_word' id='word_1_578' title='bbox 502 4197 752 4249; x_wconf 88' lang='lat' dir='ltr'><strong>memoria</strong></span> <span class='ocrx_word' id='word_1_579' title='bbox 799 4193 912 4244; x_wconf 73' lang='lat' dir='ltr'><strong>haec</strong></span> <span class='ocrx_word' id='word_1_580' title='bbox 938 4190 1220 4257; x_wconf 79' lang='lat' dir='ltr'><strong>ageretur?</strong></span> <span class='ocrx_word' id='word_1_581' title='bbox 1270 4188 1364 4243; x_wconf 85' lang='lat' dir='ltr'><strong>Hic</strong></span> <span class='ocrx_word' id='word_1_582' title='bbox 1389 4191 1558 4242; x_wconf 90' lang='lat' dir='ltr'><strong>nodus</strong></span> <span class='ocrx_word' id='word_1_583' title='bbox 1588 4191 1639 4242; x_wconf 91' lang='lat' dir='ltr'><strong>in</strong></span> <span class='ocrx_word' id='word_1_584' title='bbox 1680 4189 1828 4245; x_wconf 77' lang='lat' dir='ltr'><strong>Notis</strong></span> 
     </span>
    </p>
   </div>
   <div class='ocr_carea' id='block_1_85' title="bbox 262 4260 1829 4334">
    <p class='ocr_par' dir='ltr' id='par_1_85' title="bbox 262 4260 1829 4334">
     <span class='ocr_line' id='line_1_85' title="bbox 262 4260 1829 4334; baseline -0.004 -14"><span class='ocrx_word' id='word_1_585' title='bbox 262 4271 332 4320; x_wconf 88' lang='lat' dir='ltr'><strong>ad</strong></span> <span class='ocrx_word' id='word_1_586' title='bbox 363 4267 566 4321; x_wconf 81' lang='lat' dir='ltr'><strong>Baronii</strong></span> <span class='ocrx_word' id='word_1_587' title='bbox 598 4264 864 4334; x_wconf 83' lang='lat' dir='ltr'><strong>Martyrol.</strong></span> <span class='ocrx_word' id='word_1_588' title='bbox 894 4260 1115 4334; x_wconf 80' lang='lat' dir='ltr'><strong>solvitur</strong></span> <span class='ocrx_word' id='word_1_589' title='bbox 1141 4275 1169 4312; x_wconf 85' lang='lat' dir='ltr'><strong>a</strong></span> <span class='ocrx_word' id='word_1_590' title='bbox 1213 4260 1272 4312; x_wconf 92' lang='lat' dir='ltr'><strong>D.</strong></span> <span class='ocrx_word' id='word_1_591' title='bbox 1319 4261 1551 4334; x_wconf 75' lang='lat' dir='ltr'><strong>Antonio</strong></span> <span class='ocrx_word' id='word_1_592' title='bbox 1596 4260 1829 4334; x_wconf 77' lang='lat' dir='ltr'><strong>Geronio</strong></span> 
     </span>
    </p>
   </div>
   <div class='ocr_carea' id='block_1_86' title="bbox 263 4330 1828 4401">
    <p class='ocr_par' dir='ltr' id='par_1_86' title="bbox 263 4330 1828 4401">
     <span class='ocr_line' id='line_1_86' title="bbox 263 4330 1828 4401; baseline -0.004 -10"><span class='ocrx_word' id='word_1_593' title='bbox 263 4336 674 4400; x_wconf 83' lang='lat' dir='ltr'><strong>Tarraconensi,</strong></span> <span class='ocrx_word' id='word_1_594' title='bbox 721 4330 868 4401; x_wconf 81' lang='lat' dir='ltr'><strong>cujus</strong></span> <span class='ocrx_word' id='word_1_595' title='bbox 901 4332 1013 4384; x_wconf 75' lang='lat' dir='ltr'><strong>[nec</strong></span> <span class='ocrx_word' id='word_1_596' title='bbox 1035 4340 1116 4383; x_wconf 91' lang='lat' dir='ltr'><strong>est</strong></span> <span class='ocrx_word' id='word_1_597' title='bbox 1141 4330 1424 4401; x_wconf 83' lang='lat' dir='ltr'><strong>sententia,</strong></span> <span class='ocrx_word' id='word_1_598' title='bbox 1457 4341 1510 4401; x_wconf 82' lang='lat' dir='ltr'><strong>nt</strong></span> <span class='ocrx_word' id='word_1_599' title='bbox 1558 4330 1828 4385; x_wconf 76' lang='lat' dir='ltr'><strong>existimet</strong></span> 
     </span>
    </p>
   </div>
   <div class='ocr_carea' id='block_1_87' title="bbox 261 4398 1823 4474">
    <p class='ocr_par' dir='ltr' id='par_1_87' title="bbox 261 4398 1823 4474">
     <span class='ocr_line' id='line_1_87' title="bbox 261 4398 1823 4474; baseline -0.006 -12"><span class='ocrx_word' id='word_1_600' title='bbox 261 4419 420 4474; x_wconf 88' lang='lat' dir='ltr'><strong>longe</strong></span> <span class='ocrx_word' id='word_1_601' title='bbox 443 4415 566 4460; x_wconf 88' lang='lat' dir='ltr'><strong>ante</strong></span> <span class='ocrx_word' id='word_1_602' title='bbox 587 4398 942 4458; x_wconf 80' lang='lat' dir='ltr'><strong>inventionem</strong></span> <span class='ocrx_word' id='word_1_603' title='bbox 967 4403 1021 4457; x_wconf 91' lang='grc'><strong>8.</strong></span> <span class='ocrx_word' id='word_1_604' title='bbox 1059 4400 1309 4474; x_wconf 89' lang='lat' dir='ltr'><strong>Stephani</strong></span> <span class='ocrx_word' id='word_1_605' title='bbox 1334 4398 1467 4474; x_wconf 80' lang='lat' dir='ltr'><strong>hanc</strong></span> <span class='ocrx_word' id='word_1_606' title='bbox 1492 4399 1658 4466; x_wconf 85' lang='lat' dir='ltr'><strong>ipsam</strong></span> <span class='ocrx_word' id='word_1_607' title='bbox 1682 4401 1823 4454; x_wconf 88' lang='lat' dir='ltr'><strong>diem</strong></span> 
     </span>
    </p>
   </div>
   <div class='ocr_carea' id='block_1_88' title="bbox 1943 3696 3522 3777">
    <p class='ocr_par' dir='ltr' id='par_1_88' title="bbox 1943 3696 3522 3777">
     <span class='ocr_line' id='line_1_88' title="bbox 1943 3696 3522 3777; baseline 0.008 -28"><span class='ocrx_word' id='word_1_608' title='bbox 1943 3696 2208 3777; x_wconf 66' lang='lat' dir='ltr'><strong>Laurentii</strong></span> <span class='ocrx_word' id='word_1_609' title='bbox 2239 3696 2631 3777; x_wconf 73' lang='lat' dir='ltr'><strong>archidiaconi,</strong></span> <span class='ocrx_word' id='word_1_610' title='bbox 2670 3708 2724 3777; x_wconf 83' lang='lat' dir='ltr'><strong>et</strong></span> <span class='ocrx_word' id='word_1_611' title='bbox 2775 3698 3038 3770; x_wconf 88' lang='lat' dir='ltr'><strong>llippolyti</strong></span> <span class='ocrx_word' id='word_1_612' title='bbox 3090 3712 3143 3756; x_wconf 91' lang='lat' dir='ltr'><strong>et</strong></span> <span class='ocrx_word' id='word_1_613' title='bbox 3191 3706 3366 3759; x_wconf 91' lang='lat' dir='ltr'><strong>omnis</strong></span> <span class='ocrx_word' id='word_1_614' title='bbox 3395 3707 3522 3777; x_wconf 85' lang='lat' dir='ltr'><strong>ejus</strong></span> 
     </span>
    </p>
   </div>
   <div class='ocr_carea' id='block_1_89' title="bbox 1941 3767 3512 3842">
    <p class='ocr_par' dir='ltr' id='par_1_89' title="bbox 1941 3767 3512 3842">
     <span class='ocr_line' id='line_1_89' title="bbox 1941 3767 3512 3842; baseline 0.007 -22"><span class='ocrx_word' id='word_1_615' title='bbox 1941 3767 2190 3842; x_wconf 66' lang='lat' dir='ltr'><strong>familiae,</strong></span> <span class='ocrx_word' id='word_1_616' title='bbox 2221 3771 2552 3837; x_wconf 88' lang='lat' dir='ltr'><strong>aliorumque</strong></span> <span class='ocrx_word' id='word_1_617' title='bbox 2586 3771 2810 3835; x_wconf 91' lang='lat' dir='ltr'><strong>plurium</strong></span> <span class='ocrx_word' id='word_1_618' title='bbox 2836 3767 3130 3842; x_wconf 77' lang='lat' dir='ltr'><strong>martyrum</strong></span> <span class='ocrx_word' id='word_1_619' title='bbox 3171 3789 3395 3842; x_wconf 86' lang='lat' dir='ltr'><strong>corpora</strong></span> <span class='ocrx_word' id='word_1_620' title='bbox 3426 3767 3512 3832; x_wconf 78' lang='lat' dir='ltr'><strong>se-</strong></span> 
     </span>
    </p>
   </div>
   <div class='ocr_carea' id='block_1_90' title="bbox 1942 3841 3506 3904">
    <p class='ocr_par' dir='ltr' id='par_1_90' title="bbox 1942 3841 3506 3904">
     <span class='ocr_line' id='line_1_90' title="bbox 1942 3841 3506 3904; baseline 0.006 -12"><span class='ocrx_word' id='word_1_621' title='bbox 1942 3841 2164 3904; x_wconf 76' lang='lat' dir='ltr'><strong>pultura:</strong></span> <span class='ocrx_word' id='word_1_622' title='bbox 2209 3843 2679 3903; x_wconf 74' lang='lat' dir='ltr'><strong>commendasset,</strong></span> <span class='ocrx_word' id='word_1_623' title='bbox 2728 3841 2941 3894; x_wconf 89' lang='lat' dir='ltr'><strong>evoluto</strong></span> <span class='ocrx_word' id='word_1_624' title='bbox 2987 3859 3127 3897; x_wconf 87' lang='lat' dir='ltr'><strong>anno</strong></span> <span class='ocrx_word' id='word_1_625' title='bbox 3172 3841 3277 3897; x_wconf 22' lang='lat' dir='ltr'><strong>suh’</strong></span> <span class='ocrx_word' id='word_1_626' title='bbox 3321 3850 3506 3902; x_wconf 86' lang='lat' dir='ltr'><strong>eadem</strong></span> 
     </span>
    </p>
   </div>
   <div class='ocr_carea' id='block_1_91' title="bbox 1937 3910 3512 3981">
    <p class='ocr_par' dir='ltr' id='par_1_91' title="bbox 1937 3910 3512 3981">
     <span class='ocr_line' id='line_1_91' title="bbox 1937 3910 3512 3981; baseline 0.006 -19"><span class='ocrx_word' id='word_1_627' title='bbox 1937 3910 2306 3976; x_wconf 73' lang='lat' dir='ltr'><strong>persecutione</strong></span> <span class='ocrx_word' id='word_1_628' title='bbox 2335 3921 2387 3962; x_wconf 89' lang='lat' dir='ltr'><strong>et</strong></span> <span class='ocrx_word' id='word_1_629' title='bbox 2419 3912 2530 3976; x_wconf 87' lang='lat' dir='ltr'><strong>ipse</strong></span> <span class='ocrx_word' id='word_1_630' title='bbox 2552 3913 2866 3981; x_wconf 88' lang='lat' dir='ltr'><strong>martyrium</strong></span> <span class='ocrx_word' id='word_1_631' title='bbox 2891 3913 3077 3978; x_wconf 89' lang='lat' dir='ltr'><strong>capitis</strong></span> <span class='ocrx_word' id='word_1_632' title='bbox 3101 3918 3512 3972; x_wconf 80' lang='lat' dir='ltr'><strong>obtruncatione</strong></span> 
     </span>
    </p>
   </div>
   <div class='ocr_carea' id='block_1_92' title="bbox 1938 3982 3506 4055">
    <p class='ocr_par' dir='ltr' id='par_1_92' title="bbox 1938 3982 3506 4055">
     <span class='ocr_line' id='line_1_92' title="bbox 1938 3982 3506 4055; baseline 0.007 -25"><span class='ocrx_word' id='word_1_633' title='bbox 1938 3982 2254 4055; x_wconf 77' lang='lat' dir='ltr'><strong>promeruit:</strong></span> <span class='ocrx_word' id='word_1_634' title='bbox 2289 3991 2336 4034; x_wconf 88' lang='lat' dir='ltr'><strong>et</strong></span> <span class='ocrx_word' id='word_1_635' title='bbox 2367 3982 2606 4055; x_wconf 78' lang='lat' dir='ltr'><strong>sepultus</strong></span> <span class='ocrx_word' id='word_1_636' title='bbox 2629 3983 2919 4055; x_wconf 74' lang='lat' dir='ltr'><strong>est__ﬂorn:e</strong></span> <span class='ocrx_word' id='word_1_637' title='bbox 2946 3983 3022 4055; x_wconf 73' lang='lat' dir='ltr'><strong>via</strong></span> <span class='ocrx_word' id='word_1_638' title='bbox 3052 3984 3324 4038; x_wconf 84' lang='lat' dir='ltr'><strong>Tiburtina</strong></span> <span class='ocrx_word' id='word_1_639' title='bbox 3353 3987 3506 4055; x_wconf 83' lang='lat' dir='ltr'><strong>juxta</strong></span> 
     </span>
    </p>
   </div>
   <div class='ocr_carea' id='block_1_93' title="bbox 1936 4049 3506 4118">
    <p class='ocr_par' dir='ltr' id='par_1_93' title="bbox 1936 4049 3506 4118">
     <span class='ocr_line' id='line_1_93' title="bbox 1936 4049 3506 4118; baseline 0.009 -19"><span class='ocrx_word' id='word_1_640' title='bbox 1936 4062 2128 4118; x_wconf 79' lang='lat' dir='ltr'><strong>corpus</strong></span> <span class='ocrx_word' id='word_1_641' title='bbox 2159 4049 2425 4102; x_wconf 84' lang='lat' dir='ltr'><strong>Laurentii</strong></span> <span class='ocrx_word' id='word_1_642' title='bbox 2459 4052 2508 4103; x_wconf 90' lang='lat' dir='ltr'><strong>in</strong></span> <span class='ocrx_word' id='word_1_643' title='bbox 2536 4065 2664 4118; x_wconf 87' lang='lat' dir='ltr'><strong>agro</strong></span> <span class='ocrx_word' id='word_1_644' title='bbox 2704 4051 2928 4105; x_wconf 84' lang='lat' dir='ltr'><strong>Verano.</strong></span> <span class='ocrx_word' id='word_1_645' title='bbox 2967 4053 3196 4107; x_wconf 72' lang='lat' dir='ltr'><strong>Usuann.</strong></span> <span class='ocrx_word' id='word_1_646' title='bbox 3242 4049 3408 4112; x_wconf 73' lang='lat' dir='ltr'><strong>Perit.</strong></span> <span class='ocrx_word' id='word_1_647' title='bbox 3439 4075 3506 4113; x_wconf 76' lang='lat' dir='ltr'><strong>ne</strong></span> 
     </span>
    </p>
   </div>
   <div class='ocr_carea' id='block_1_94' title="bbox 1935 4116 3498 4191">
    <p class='ocr_par' dir='ltr' id='par_1_94' title="bbox 1935 4116 3498 4191">
     <span class='ocr_line' id='line_1_94' title="bbox 1935 4116 3498 4191; baseline 0.008 -21"><span class='ocrx_word' id='word_1_648' title='bbox 1935 4116 2143 4191; x_wconf 51' lang='lat' dir='ltr'><strong>Nam}.</strong></span> <span class='ocrx_word' id='word_1_649' title='bbox 2177 4119 2328 4191; x_wconf 82' lang='lat' dir='ltr'><strong>Apud</strong></span> <span class='ocrx_word' id='word_1_650' title='bbox 2361 4121 2549 4174; x_wconf 79' lang='lat' dir='ltr'><strong>Baron.</strong></span> <span class='ocrx_word' id='word_1_651' title='bbox 2575 4116 2847 4191; x_wconf 72' lang='lat' dir='ltr'><strong>Martyrol.</strong></span> <span class='ocrx_word' id='word_1_652' title='bbox 2877 4124 3066 4175; x_wconf 87' lang='lat' dir='ltr'><strong>colitur</strong></span> <span class='ocrx_word' id='word_1_653' title='bbox 3093 4139 3196 4178; x_wconf 85' lang='lat' dir='ltr'><strong>xvtt</strong></span> <span class='ocrx_word' id='word_1_654' title='bbox 3226 4125 3498 4189; x_wconf 87' lang='lat' dir='ltr'><strong>Septemb.</strong></span> 
     </span>
    </p>
   </div>
   <div class='ocr_carea' id='block_1_95' title="bbox 2003 4189 3505 4258">
    <p class='ocr_par' dir='ltr' id='par_1_95' title="bbox 2003 4189 3505 4258">
     <span class='ocr_line' id='line_1_95' title="bbox 2003 4189 3505 4258; baseline 0.012 -23"><span class='ocrx_word' id='word_1_655' title='bbox 2003 4197 2029 4235; x_wconf 74' lang='grc' dir='ltr'><strong>ι</strong></span> <span class='ocrx_word' id='word_1_656' title='bbox 2059 4189 2307 4242; x_wconf 75' lang='lat' dir='ltr'><strong>Cassiani.</strong></span> <span class='ocrx_word' id='word_1_657' title='bbox 2361 4191 2455 4243; x_wconf 89' lang='lat' dir='ltr'><strong>llic</strong></span> <span class='ocrx_word' id='word_1_658' title='bbox 2498 4189 2782 4258; x_wconf 82' lang='lat' dir='ltr'><strong>episcopus</strong></span> <span class='ocrx_word' id='word_1_659' title='bbox 2826 4194 3062 4247; x_wconf 85' lang='lat' dir='ltr'><strong>Orteusis</strong></span> <span class='ocrx_word' id='word_1_660' title='bbox 3093 4194 3259 4249; x_wconf 79' lang='lat' dir='ltr'><strong>factus</strong></span> <span class='ocrx_word' id='word_1_661' title='bbox 3287 4196 3382 4252; x_wconf 84' lang='lat' dir='ltr'><strong>fuit</strong></span> <span class='ocrx_word' id='word_1_662' title='bbox 3411 4198 3505 4252; x_wconf 86' lang='lat' dir='ltr'><strong>Jo-</strong></span> 
     </span>
    </p>
   </div>
   <div class='ocr_carea' id='block_1_96' title="bbox 1930 4259 2732 4330">
    <p class='ocr_par' dir='ltr' id='par_1_96' title="bbox 1930 4259 2732 4330">
     <span class='ocr_line' id='line_1_96' title="bbox 1930 4259 2732 4330; baseline 0.002 -18"><span class='ocrx_word' id='word_1_663' title='bbox 1930 4259 2068 4330; x_wconf 77' lang='lat' dir='ltr'><strong>viani</strong></span> <span class='ocrx_word' id='word_1_664' title='bbox 2102 4261 2437 4327; x_wconf 87' lang='lat' dir='ltr'><strong>imperatoris</strong></span> <span class='ocrx_word' id='word_1_665' title='bbox 2474 4271 2732 4330; x_wconf 83' lang='lat' dir='ltr'><strong>tempore.</strong></span> 
     </span>
    </p>
   </div>
   <div class='ocr_carea' id='block_1_97' title="bbox 2004 4327 3502 4402">
    <p class='ocr_par' dir='ltr' id='par_1_97' title="bbox 2004 4327 3502 4402">
     <span class='ocr_line' id='line_1_97' title="bbox 2004 4327 3502 4402; baseline 0.008 -21"><span class='ocrx_word' id='word_1_666' title='bbox 2004 4327 2030 4402; x_wconf 66' lang='lat' dir='ltr'><strong>ll</strong></span> <span class='ocrx_word' id='word_1_667' title='bbox 2068 4330 2232 4402; x_wconf 54' lang='lat' dir='ltr'><strong>Yerha</strong></span> <span class='ocrx_word' id='word_1_668' title='bbox 2264 4331 2315 4402; x_wconf 83' lang='lat' dir='ltr'><strong>in</strong></span> <span class='ocrx_word' id='word_1_669' title='bbox 2345 4331 2565 4402; x_wconf 66' lang='lat' dir='ltr'><strong>cit-itala,</strong></span> <span class='ocrx_word' id='word_1_670' title='bbox 2583 4327 2726 4398; x_wconf 49' lang='lat' dir='ltr'><strong>&#39;etc.,</strong></span> <span class='ocrx_word' id='word_1_671' title='bbox 2755 4348 2920 4401; x_wconf 87' lang='lat' dir='ltr'><strong>usque</strong></span> <span class='ocrx_word' id='word_1_672' title='bbox 2947 4331 3010 4386; x_wconf 88' lang='lat' dir='ltr'><strong>ad</strong></span> <span class='ocrx_word' id='word_1_673' title='bbox 3033 4345 3283 4402; x_wconf 75' lang='lat' dir='ltr'><strong>exspecto,</strong></span> <span class='ocrx_word' id='word_1_674' title='bbox 3303 4352 3411 4392; x_wconf 92' lang='lat' dir='ltr'><strong>om.</strong></span> <span class='ocrx_word' id='word_1_675' title='bbox 3438 4339 3502 4392; x_wconf 85' lang='lat' dir='ltr'><strong>A.</strong></span> 
     </span>
    </p>
   </div>
   <div class='ocr_carea' id='block_1_98' title="bbox 2009 4398 3506 4475">
    <p class='ocr_par' dir='ltr' id='par_1_98' title="bbox 2009 4398 3506 4475">
     <span class='ocr_line' id='line_1_98' title="bbox 2009 4398 3506 4475; baseline 0.006 -21"><span class='ocrx_word' id='word_1_676' title='bbox 2009 4398 2024 4436; x_wconf 75' lang='grc' dir='ltr'>ί</span> <span class='ocrx_word' id='word_1_677' title='bbox 2061 4399 2346 4475; x_wconf 70' lang='lat' dir='ltr'><strong>Simplicio.</strong></span> <span class='ocrx_word' id='word_1_678' title='bbox 2405 4400 2552 4475; x_wconf 71' lang='lat' dir='ltr'><strong>Unde</strong></span> <span class='ocrx_word' id='word_1_679' title='bbox 2575 4398 2960 4475; x_wconf 55' lang='lat' dir='ltr'><strong>emendandus</strong></span> <span class='ocrx_word' id='word_1_680' title='bbox 2989 4398 3190 4458; x_wconf 84' lang='lat' dir='ltr'><strong>videtur</strong></span> <span class='ocrx_word' id='word_1_681' title='bbox 3220 4398 3506 4475; x_wconf 81' lang='lat' dir='ltr'><strong>Gregorius</strong></span> 
     </span>
    </p>
   </div>
   <div class='ocr_carea' id='block_1_99' title="bbox 260 4459 3506 4544">
    <p class='ocr_par' dir='ltr' id='par_1_99' title="bbox 260 4459 3506 4544">
     <span class='ocr_line' id='line_1_99' title="bbox 260 4459 3506 4544; baseline 0.001 -14"><span class='ocrx_word' id='word_1_682' title='bbox 260 4459 834 4543; x_wconf 51' lang='lat' dir='ltr'><strong>inlrunoremejnsdem</strong></span> <span class='ocrx_word' id='word_1_683' title='bbox 857 4459 1256 4544; x_wconf 74' lang='lat' dir='ltr'><strong>protomartyris</strong></span> <span class='ocrx_word' id='word_1_684' title='bbox 1277 4459 1820 4537; x_wconf 75' lang='lat' dir='ltr'><strong>essedicaiam,post-</strong></span> <span class='ocrx_word' id='word_1_685' title='bbox 1855 4459 1910 4520; x_wconf 86' lang='grc' dir='ltr'><strong>Ι)</strong></span> <span class='ocrx_word' id='word_1_686' title='bbox 1937 4468 2134 4544; x_wconf 70' lang='grc' dir='ltr'><strong>’[υιοιι.</strong></span> <span class='ocrx_word' id='word_1_687' title='bbox 2166 4459 2232 4544; x_wconf 74' lang='lat' dir='ltr'><strong>de</strong></span> <span class='ocrx_word' id='word_1_688' title='bbox 2269 4471 2416 4544; x_wconf 77' lang='lat' dir='ltr'><strong>Glor.</strong></span> <span class='ocrx_word' id='word_1_689' title='bbox 2450 4472 2716 4538; x_wconf 83' lang='lat' dir='ltr'><strong>Confess.,</strong></span> <span class='ocrx_word' id='word_1_690' title='bbox 2761 4489 2884 4540; x_wconf 87' lang='lat' dir='ltr'><strong>cap.</strong></span> <span class='ocrx_word' id='word_1_691' title='bbox 2926 4474 3014 4538; x_wconf 71' lang='lat'><strong>25,</strong></span> <span class='ocrx_word' id='word_1_692' title='bbox 3062 4478 3148 4544; x_wconf 92' lang='lat' dir='ltr'><strong>qui</strong></span> <span class='ocrx_word' id='word_1_693' title='bbox 3195 4459 3506 4534; x_wconf 66' lang='lat' dir='ltr'><strong>cassianuin</strong></span> 
     </span>
    </p>
   </div>
   <div class='ocr_carea' id='block_1_100' title="bbox 262 4542 1836 4600">
    <p class='ocr_par' dir='ltr' id='par_1_100' title="bbox 262 4542 1836 4600">
     <span class='ocr_line' id='line_1_100' title="bbox 262 4542 1836 4600; baseline -0.004 0"><span class='ocrx_word' id='word_1_694' title='bbox 262 4547 479 4600; x_wconf 88' lang='lat' dir='ltr'><strong>modum</strong></span> <span class='ocrx_word' id='word_1_695' title='bbox 509 4542 684 4599; x_wconf 87' lang='lat' dir='ltr'><strong>autem</strong></span> <span class='ocrx_word' id='word_1_696' title='bbox 717 4544 974 4597; x_wconf 87' lang='lat' dir='ltr'><strong>redditam</strong></span> <span class='ocrx_word' id='word_1_697' title='bbox 1015 4542 1386 4593; x_wconf 86' lang='lat' dir='ltr'><strong>solemniorem</strong></span> <span class='ocrx_word' id='word_1_698' title='bbox 1412 4555 1477 4593; x_wconf 76' lang='lat' dir='ltr'><strong>ex</strong></span> <span class='ocrx_word' id='word_1_699' title='bbox 1505 4554 1836 4593; x_wconf 82' lang='lat' dir='ltr'><strong>commemo-</strong></span> 
     </span>
    </p>
   </div>
   <div class='ocr_carea' id='block_1_101' title="bbox 263 4611 1835 4682">
    <p class='ocr_par' dir='ltr' id='par_1_101' title="bbox 263 4611 1835 4682">
     <span class='ocr_line' id='line_1_101' title="bbox 263 4611 1835 4682; baseline -0.004 -12"><span class='ocrx_word' id='word_1_700' title='bbox 263 4617 473 4670; x_wconf 83' lang='lat' dir='ltr'><strong>ratione</strong></span> <span class='ocrx_word' id='word_1_701' title='bbox 503 4616 768 4682; x_wconf 73' lang='lat' dir='ltr'><strong>prazdictze</strong></span> <span class='ocrx_word' id='word_1_702' title='bbox 791 4612 1106 4666; x_wconf 87' lang='lat' dir='ltr'><strong>inventionis</strong></span> <span class='ocrx_word' id='word_1_703' title='bbox 1129 4629 1142 4676; x_wconf 90' lang='lat'>;</span> <span class='ocrx_word' id='word_1_704' title='bbox 1177 4626 1296 4663; x_wconf 89' lang='lat' dir='ltr'><strong>nam</strong></span> <span class='ocrx_word' id='word_1_705' title='bbox 1321 4624 1477 4677; x_wconf 88' lang='lat' dir='ltr'><strong>supra</strong></span> <span class='ocrx_word' id='word_1_706' title='bbox 1499 4620 1708 4682; x_wconf 82' lang='lat' dir='ltr'><strong>constat</strong></span> <span class='ocrx_word' id='word_1_707' title='bbox 1731 4611 1835 4682; x_wconf 77' lang='lat' dir='ltr'><strong>hoc</strong></span> 
     </span>
    </p>
   </div>
   <div class='ocr_carea' id='block_1_102' title="bbox 258 4679 1832 4752">
    <p class='ocr_par' dir='ltr' id='par_1_102' title="bbox 258 4679 1832 4752">
     <span class='ocr_line' id='line_1_102' title="bbox 258 4679 1832 4752; baseline -0.004 -12"><span class='ocrx_word' id='word_1_708' title='bbox 258 4687 356 4740; x_wconf 88' lang='lat' dir='ltr'><strong>die</strong></span> <span class='ocrx_word' id='word_1_709' title='bbox 380 4679 703 4752; x_wconf 82' lang='lat' dir='ltr'><strong>Stephanum</strong></span> <span class='ocrx_word' id='word_1_710' title='bbox 730 4686 886 4736; x_wconf 87' lang='lat' dir='ltr'><strong>fuisse</strong></span> <span class='ocrx_word' id='word_1_711' title='bbox 913 4683 1144 4734; x_wconf 80' lang='lat' dir='ltr'><strong>Ancona:</strong></span> <span class='ocrx_word' id='word_1_712' title='bbox 1167 4682 1452 4734; x_wconf 85' lang='lat' dir='ltr'><strong>celebrem.</strong></span> <span class='ocrx_word' id='word_1_713' title='bbox 1485 4679 1622 4752; x_wconf 79' lang='lat' dir='ltr'><strong>Aviti</strong></span> <span class='ocrx_word' id='word_1_714' title='bbox 1652 4694 1704 4733; x_wconf 92' lang='lat' dir='ltr'><strong>et</strong></span> <span class='ocrx_word' id='word_1_715' title='bbox 1728 4679 1832 4733; x_wconf 89' lang='lat' dir='ltr'><strong>Lu-</strong></span> 
     </span>
    </p>
   </div>
   <div class='ocr_carea' id='block_1_103' title="bbox 260 4750 1832 4820">
    <p class='ocr_par' dir='ltr' id='par_1_103' title="bbox 260 4750 1832 4820">
     <span class='ocr_line' id='line_1_103' title="bbox 260 4750 1832 4820; baseline -0.006 -10"><span class='ocrx_word' id='word_1_716' title='bbox 260 4758 405 4810; x_wconf 92' lang='lat' dir='ltr'><strong>ciani</strong></span> <span class='ocrx_word' id='word_1_717' title='bbox 435 4750 633 4810; x_wconf 85' lang='lat' dir='ltr'><strong>litteras</strong></span> <span class='ocrx_word' id='word_1_718' title='bbox 660 4757 726 4808; x_wconf 92' lang='lat' dir='ltr'><strong>de</strong></span> <span class='ocrx_word' id='word_1_719' title='bbox 753 4756 851 4808; x_wconf 90' lang='lat' dir='ltr'><strong>hac</strong></span> <span class='ocrx_word' id='word_1_720' title='bbox 881 4753 1187 4805; x_wconf 88' lang='lat' dir='ltr'><strong>inventione</strong></span> <span class='ocrx_word' id='word_1_721' title='bbox 1229 4753 1385 4820; x_wconf 87' lang='lat' dir='ltr'><strong>legas</strong></span> <span class='ocrx_word' id='word_1_722' title='bbox 1405 4750 1540 4814; x_wconf 83' lang='lat' dir='ltr'><strong>apud</strong></span> <span class='ocrx_word' id='word_1_723' title='bbox 1582 4752 1794 4804; x_wconf 85' lang='lat' dir='ltr'><strong>Surium</strong></span> <span class='ocrx_word' id='word_1_724' title='bbox 1815 4789 1832 4814; x_wconf 90' lang='lat'><strong>,</strong></span> 
     </span>
    </p>
   </div>
   <div class='ocr_carea' id='block_1_104' title="bbox 260 4819 1833 4891">
    <p class='ocr_par' dir='ltr' id='par_1_104' title="bbox 260 4819 1833 4891">
     <span class='ocr_line' id='line_1_104' title="bbox 260 4819 1833 4891; baseline -0.004 -12"><span class='ocrx_word' id='word_1_725' title='bbox 260 4837 396 4880; x_wconf 91' lang='lat' dir='ltr'><strong>tom.</strong></span> <span class='ocrx_word' id='word_1_726' title='bbox 442 4827 526 4885; x_wconf 81' lang='grc' dir='ltr'><strong>ιν,</strong></span> <span class='ocrx_word' id='word_1_727' title='bbox 574 4827 640 4880; x_wconf 90' lang='lat' dir='ltr'><strong>ad</strong></span> <span class='ocrx_word' id='word_1_728' title='bbox 667 4826 806 4880; x_wconf 90' lang='lat' dir='ltr'><strong>diem</strong></span> <span class='ocrx_word' id='word_1_729' title='bbox 834 4837 891 4878; x_wconf 86' lang='grc' dir='ltr'><strong>ιιι</strong></span> <span class='ocrx_word' id='word_1_730' title='bbox 921 4823 1140 4891; x_wconf 83' lang='lat' dir='ltr'><strong>Augusti</strong></span> <span class='ocrx_word' id='word_1_731' title='bbox 1185 4832 1234 4876; x_wconf 90' lang='lat' dir='ltr'><strong>et</strong></span> <span class='ocrx_word' id='word_1_732' title='bbox 1283 4819 1334 4874; x_wconf 80' lang='lat' dir='ltr'><strong>in</strong></span> <span class='ocrx_word' id='word_1_733' title='bbox 1375 4819 1584 4874; x_wconf 86' lang='lat' dir='ltr'><strong>Baronii</strong></span> <span class='ocrx_word' id='word_1_734' title='bbox 1610 4821 1833 4886; x_wconf 87' lang='lat' dir='ltr'><strong>Annal.,</strong></span> 
     </span>
    </p>
   </div>
   <div class='ocr_carea' id='block_1_105' title="bbox 257 4895 552 4952">
    <p class='ocr_par' dir='ltr' id='par_1_105' title="bbox 257 4895 552 4952">
     <span class='ocr_line' id='line_1_105' title="bbox 257 4895 552 4952; baseline -0.01 0"><span class='ocrx_word' id='word_1_735' title='bbox 257 4911 404 4952; x_wconf 86' lang='lat' dir='ltr'><strong>anno</strong></span> <span class='ocrx_word' id='word_1_736' title='bbox 431 4895 552 4950; x_wconf 74' lang='grc'><strong>315.</strong></span> 
     </span>
    </p>
   </div>
   <div class='ocr_carea' id='block_1_106' title="bbox 344 4962 1454 5020">
    <p class='ocr_par' dir='ltr' id='par_1_106' title="bbox 344 4962 1454 5020">
     <span class='ocr_line' id='line_1_106' title="bbox 344 4962 1454 5020; baseline -0.005 -1"><span class='ocrx_word' id='word_1_737' title='bbox 344 4966 370 5006; x_wconf 74' lang='grc' dir='ltr'>δ</span> <span class='ocrx_word' id='word_1_738' title='bbox 397 4969 602 5020; x_wconf 76' lang='grc' dir='ltr'><strong>Αεειιιε.</strong></span> <span class='ocrx_word' id='word_1_739' title='bbox 636 4965 814 5020; x_wconf 85' lang='lat' dir='ltr'><strong>Potius</strong></span> <span class='ocrx_word' id='word_1_740' title='bbox 841 4962 1061 5016; x_wconf 67' lang='lat' dir='ltr'><strong>Achillae</strong></span> <span class='ocrx_word' id='word_1_741' title='bbox 1094 4962 1176 5016; x_wconf 91' lang='lat' dir='ltr'><strong>vel</strong></span> <span class='ocrx_word' id='word_1_742' title='bbox 1209 4962 1454 5016; x_wconf 86' lang='lat' dir='ltr'><strong>Achillei.</strong></span> 
     </span>
    </p>
   </div>
   <div class='ocr_carea' id='block_1_107' title="bbox 341 5031 1737 5100">
    <p class='ocr_par' dir='ltr' id='par_1_107' title="bbox 341 5031 1737 5100">
     <span class='ocr_line' id='line_1_107' title="bbox 341 5031 1737 5100; baseline -0.004 -11"><span class='ocrx_word' id='word_1_743' title='bbox 341 5049 363 5076; x_wconf 74' lang='grc' dir='ltr'><strong>ε</strong></span> <span class='ocrx_word' id='word_1_744' title='bbox 399 5038 479 5100; x_wconf 70' lang='lat'><strong>8.,</strong></span> <span class='ocrx_word' id='word_1_745' title='bbox 515 5035 692 5090; x_wconf 78' lang='lat' dir='ltr'><strong>Roma:</strong></span> <span class='ocrx_word' id='word_1_746' title='bbox 717 5039 796 5088; x_wconf 84' lang='lat' dir='ltr'><strong>via</strong></span> <span class='ocrx_word' id='word_1_747' title='bbox 822 5033 1089 5087; x_wconf 84' lang='lat' dir='ltr'><strong>Tiburtina</strong></span> <span class='ocrx_word' id='word_1_748' title='bbox 1119 5035 1288 5085; x_wconf 83' lang='lat' dir='ltr'><strong>natale</strong></span> <span class='ocrx_word' id='word_1_749' title='bbox 1311 5031 1416 5086; x_wconf 84' lang='lat' dir='ltr'><strong>SS.</strong></span> <span class='ocrx_word' id='word_1_750' title='bbox 1452 5032 1737 5087; x_wconf 80' lang='lat' dir='ltr'><strong>Laurentii.</strong></span> 
     </span>
    </p>
   </div>
   <div class='ocr_carea' id='block_1_108' title="bbox 339 5102 1832 5172">
    <p class='ocr_par' dir='ltr' id='par_1_108' title="bbox 339 5102 1832 5172">
     <span class='ocr_line' id='line_1_108' title="bbox 339 5102 1832 5172; baseline -0.003 -12"><span class='ocrx_word' id='word_1_751' title='bbox 339 5103 365 5143; x_wconf 71' lang='grc' dir='ltr'><em>δ</em></span> <span class='ocrx_word' id='word_1_752' title='bbox 392 5106 692 5160; x_wconf 65' lang='grc' dir='ltr'><strong>Αίιδιαιτιιὶ.</strong></span> <span class='ocrx_word' id='word_1_753' title='bbox 722 5105 821 5172; x_wconf 86' lang='lat' dir='ltr'><strong>Qui</strong></span> <span class='ocrx_word' id='word_1_754' title='bbox 866 5117 1044 5157; x_wconf 89' lang='lat' dir='ltr'><strong>comes</strong></span> <span class='ocrx_word' id='word_1_755' title='bbox 1083 5103 1382 5156; x_wconf 83' lang='lat' dir='ltr'><strong>individuus</strong></span> <span class='ocrx_word' id='word_1_756' title='bbox 1429 5104 1574 5156; x_wconf 86' lang='lat' dir='ltr'><strong>Pauli</strong></span> <span class='ocrx_word' id='word_1_757' title='bbox 1609 5102 1832 5168; x_wconf 89' lang='lat' dir='ltr'><strong>apostoli</strong></span> 
     </span>
    </p>
   </div>
   <div class='ocr_carea' id='block_1_109' title="bbox 258 5173 1834 5244">
    <p class='ocr_par' dir='ltr' id='par_1_109' title="bbox 258 5173 1834 5244">
     <span class='ocr_line' id='line_1_109' title="bbox 258 5173 1834 5244; baseline -0.005 -11"><span class='ocrx_word' id='word_1_758' title='bbox 258 5189 316 5233; x_wconf 84' lang='lat' dir='ltr'><strong>et</strong></span> <span class='ocrx_word' id='word_1_759' title='bbox 349 5194 449 5230; x_wconf 90' lang='lat' dir='ltr'><strong>una</strong></span> <span class='ocrx_word' id='word_1_760' title='bbox 477 5193 595 5229; x_wconf 83' lang='lat' dir='ltr'><strong>cuin</strong></span> <span class='ocrx_word' id='word_1_761' title='bbox 625 5191 689 5229; x_wconf 90' lang='lat' dir='ltr'><strong>eo</strong></span> <span class='ocrx_word' id='word_1_762' title='bbox 715 5176 958 5244; x_wconf 85' lang='lat' dir='ltr'><strong>captivus</strong></span> <span class='ocrx_word' id='word_1_763' title='bbox 989 5174 1040 5227; x_wconf 90' lang='lat' dir='ltr'><strong>in</strong></span> <span class='ocrx_word' id='word_1_764' title='bbox 1073 5173 1295 5229; x_wconf 86' lang='lat' dir='ltr'><strong>vinculis</strong></span> <span class='ocrx_word' id='word_1_765' title='bbox 1340 5174 1521 5244; x_wconf 67' lang='lat' dir='ltr'><strong>Romae</strong></span> <span class='ocrx_word' id='word_1_766' title='bbox 1560 5173 1678 5225; x_wconf 84' lang='lat' dir='ltr'><strong>fuit.</strong></span> <span class='ocrx_word' id='word_1_767' title='bbox 1711 5175 1834 5244; x_wconf 82' lang='lat' dir='ltr'><strong>I&#39;ost</strong></span> 
     </span>
    </p>
   </div>
   <div class='ocr_carea' id='block_1_110' title="bbox 257 5243 1834 5320">
    <p class='ocr_par' dir='ltr' id='par_1_110' title="bbox 257 5243 1834 5320">
     <span class='ocr_line' id='line_1_110' title="bbox 257 5243 1834 5320; baseline -0.002 -23"><span class='ocrx_word' id='word_1_768' title='bbox 257 5250 565 5320; x_wconf 83' lang='lat' dir='ltr'><strong>passionem</strong></span> <span class='ocrx_word' id='word_1_769' title='bbox 609 5243 791 5320; x_wconf 73' lang='lat' dir='ltr'><strong>Pauli,</strong></span> <span class='ocrx_word' id='word_1_770' title='bbox 828 5245 947 5320; x_wconf 89' lang='lat' dir='ltr'><strong>quia</strong></span> <span class='ocrx_word' id='word_1_771' title='bbox 986 5244 1052 5297; x_wconf 90' lang='lat' dir='ltr'><strong>ab</strong></span> <span class='ocrx_word' id='word_1_772' title='bbox 1079 5259 1145 5298; x_wconf 89' lang='lat' dir='ltr'><strong>eo</strong></span> <span class='ocrx_word' id='word_1_773' title='bbox 1175 5247 1454 5320; x_wconf 79' lang='lat' dir='ltr'><strong>episcopus</strong></span> <span class='ocrx_word' id='word_1_774' title='bbox 1482 5243 1834 5320; x_wconf 74' lang='lat' dir='ltr'><strong>Thessaloni-</strong></span> 
     </span>
    </p>
   </div>
   <div class='ocr_carea' id='block_1_111' title="bbox 259 5315 1832 5379">
    <p class='ocr_par' dir='ltr' id='par_1_111' title="bbox 259 5315 1832 5379">
     <span class='ocr_line' id='line_1_111' title="bbox 259 5315 1832 5379; baseline -0.006 -5"><span class='ocrx_word' id='word_1_775' title='bbox 259 5315 501 5374; x_wconf 54' lang='lat' dir='ltr'><strong>censiom</strong></span> <span class='ocrx_word' id='word_1_776' title='bbox 529 5319 845 5370; x_wconf 90' lang='lat' dir='ltr'><strong>constitutus</strong></span> <span class='ocrx_word' id='word_1_777' title='bbox 880 5319 1068 5378; x_wconf 88' lang='lat' dir='ltr'><strong>fuerat,</strong></span> <span class='ocrx_word' id='word_1_778' title='bbox 1113 5315 1218 5379; x_wconf 89' lang='lat' dir='ltr'><strong>vel,</strong></span> <span class='ocrx_word' id='word_1_779' title='bbox 1257 5325 1313 5367; x_wconf 92' lang='lat' dir='ltr'><strong>ut</strong></span> <span class='ocrx_word' id='word_1_780' title='bbox 1339 5315 1500 5366; x_wconf 88' lang='lat' dir='ltr'><strong>abbas</strong></span> <span class='ocrx_word' id='word_1_781' title='bbox 1534 5315 1832 5365; x_wconf 89' lang='lat' dir='ltr'><strong>Dorotheus</strong></span> 
     </span>
    </p>
   </div>
   <div class='ocr_carea' id='block_1_112' title="bbox 256 5385 1833 5456">
    <p class='ocr_par' dir='ltr' id='par_1_112' title="bbox 256 5385 1833 5456">
     <span class='ocr_line' id='line_1_112' title="bbox 256 5385 1833 5456; baseline -0.005 -12"><span class='ocrx_word' id='word_1_782' title='bbox 256 5387 471 5452; x_wconf 85' lang='lat' dir='ltr'><strong>scribit,</strong></span> <span class='ocrx_word' id='word_1_783' title='bbox 519 5388 798 5456; x_wconf 85' lang='lat' dir='ltr'><strong>episcopus</strong></span> <span class='ocrx_word' id='word_1_784' title='bbox 844 5385 1099 5453; x_wconf 72' lang='lat' dir='ltr'><strong>Apamize,</strong></span> <span class='ocrx_word' id='word_1_785' title='bbox 1153 5394 1278 5456; x_wconf 74' lang='lat' dir='ltr'><strong>post</strong></span> <span class='ocrx_word' id='word_1_786' title='bbox 1318 5386 1502 5452; x_wconf 82' lang='lat' dir='ltr'><strong>longos</strong></span> <span class='ocrx_word' id='word_1_787' title='bbox 1550 5397 1749 5454; x_wconf 87' lang='lat' dir='ltr'><strong>agones</strong></span> <span class='ocrx_word' id='word_1_788' title='bbox 1804 5397 1833 5436; x_wconf 85' lang='lat' dir='ltr'><strong>a</strong></span> 
     </span>
    </p>
   </div>
   <div class='ocr_carea' id='block_1_113' title="bbox 255 5453 1443 5514">
    <p class='ocr_par' dir='ltr' id='par_1_113' title="bbox 255 5453 1443 5514">
     <span class='ocr_line' id='line_1_113' title="bbox 255 5453 1443 5514; baseline -0.007 0"><span class='ocrx_word' id='word_1_789' title='bbox 255 5458 476 5514; x_wconf 81' lang='lat' dir='ltr'><strong>Christo</strong></span> <span class='ocrx_word' id='word_1_790' title='bbox 505 5453 788 5510; x_wconf 74' lang='lat' dir='ltr'><strong>cdronatus</strong></span> <span class='ocrx_word' id='word_1_791' title='bbox 817 5466 916 5509; x_wconf 89' lang='lat' dir='ltr'><strong>est.</strong></span> <span class='ocrx_word' id='word_1_792' title='bbox 948 5456 1110 5507; x_wconf 73' lang='lat' dir='ltr'><strong>PETII.</strong></span> <span class='ocrx_word' id='word_1_793' title='bbox 1145 5470 1211 5507; x_wconf 76' lang='lat' dir='ltr'><strong>ne</strong></span> <span class='ocrx_word' id='word_1_794' title='bbox 1239 5453 1443 5509; x_wconf 74' lang='lat' dir='ltr'><strong>NATAL.</strong></span> 
     </span>
    </p>
   </div>
   <div class='ocr_carea' id='block_1_114' title="bbox 338 5522 1704 5593">
    <p class='ocr_par' dir='ltr' id='par_1_114' title="bbox 338 5522 1704 5593">
     <span class='ocr_line' id='line_1_114' title="bbox 338 5522 1704 5593; baseline -0.003 -14"><span class='ocrx_word' id='word_1_795' title='bbox 338 5539 361 5564; x_wconf 74' lang='grc' dir='ltr'><strong><em>ο</em></strong></span> <span class='ocrx_word' id='word_1_796' title='bbox 389 5527 714 5581; x_wconf 83' lang='lat' dir='ltr'><strong>Tertulliani.</strong></span> <span class='ocrx_word' id='word_1_797' title='bbox 749 5530 821 5579; x_wconf 86' lang='lat' dir='ltr'><strong>De</strong></span> <span class='ocrx_word' id='word_1_798' title='bbox 850 5527 950 5579; x_wconf 91' lang='lat' dir='ltr'><strong>hoc</strong></span> <span class='ocrx_word' id='word_1_799' title='bbox 977 5539 1133 5593; x_wconf 86' lang='lat' dir='ltr'><strong>supra</strong></span> <span class='ocrx_word' id='word_1_800' title='bbox 1163 5526 1278 5577; x_wconf 89' lang='lat' dir='ltr'><strong>vide</strong></span> <span class='ocrx_word' id='word_1_801' title='bbox 1306 5525 1394 5578; x_wconf 84' lang='lat' dir='ltr'><strong>(lie</strong></span> <span class='ocrx_word' id='word_1_802' title='bbox 1425 5539 1528 5577; x_wconf 79' lang='lat' dir='ltr'><strong>xu</strong></span> <span class='ocrx_word' id='word_1_803' title='bbox 1558 5522 1704 5577; x_wconf 82' lang='lat' dir='ltr'><strong>Julii.</strong></span> 
     </span>
    </p>
   </div>
   <div class='ocr_carea' id='block_1_115' title="bbox 337 5593 1832 5666">
    <p class='ocr_par' dir='ltr' id='par_1_115' title="bbox 337 5593 1832 5666">
     <span class='ocr_line' id='line_1_115' title="bbox 337 5593 1832 5666; baseline -0.002 -17"><span class='ocrx_word' id='word_1_804' title='bbox 337 5597 356 5636; x_wconf 74' lang='grc' dir='ltr'>ί</span> <span class='ocrx_word' id='word_1_805' title='bbox 388 5597 601 5651; x_wconf 74' lang='lat' dir='ltr'><strong>Justim‘.</strong></span> <span class='ocrx_word' id='word_1_806' title='bbox 630 5597 728 5664; x_wconf 77' lang='lat' dir='ltr'><strong>Qui</strong></span> <span class='ocrx_word' id='word_1_807' title='bbox 775 5597 1144 5666; x_wconf 86' lang='lat' dir='ltr'><strong>persecutione</strong></span> <span class='ocrx_word' id='word_1_808' title='bbox 1187 5595 1350 5660; x_wconf 88' lang='lat' dir='ltr'><strong>Decii,</strong></span> <span class='ocrx_word' id='word_1_809' title='bbox 1402 5595 1536 5666; x_wconf 78' lang='lat' dir='ltr'><strong>Galli</strong></span> <span class='ocrx_word' id='word_1_810' title='bbox 1584 5603 1638 5666; x_wconf 81' lang='lat' dir='ltr'><strong>et</strong></span> <span class='ocrx_word' id='word_1_811' title='bbox 1673 5593 1832 5666; x_wconf 81' lang='lat' dir='ltr'><strong>Volu-</strong></span> 
     </span>
    </p>
   </div>
   <div class='ocr_carea' id='block_1_116' title="bbox 253 5663 1828 5735">
    <p class='ocr_par' dir='ltr' id='par_1_116' title="bbox 253 5663 1828 5735">
     <span class='ocr_line' id='line_1_116' title="bbox 253 5663 1828 5735; baseline -0.002 -15"><span class='ocrx_word' id='word_1_812' title='bbox 253 5671 394 5723; x_wconf 81' lang='lat' dir='ltr'><strong>siani</strong></span> <span class='ocrx_word' id='word_1_813' title='bbox 425 5663 972 5735; x_wconf 57' lang='lat' dir='ltr'><strong>confessionis&#39;gloria</strong></span> <span class='ocrx_word' id='word_1_814' title='bbox 1003 5665 1398 5733; x_wconf 85' lang='lat' dir='ltr'><strong>insignissimus</strong></span> <span class='ocrx_word' id='word_1_815' title='bbox 1430 5664 1742 5735; x_wconf 66' lang='lat' dir='ltr'><strong>fninQuem</strong></span> <span class='ocrx_word' id='word_1_816' title='bbox 1771 5663 1828 5717; x_wconf 80' lang='grc' dir='ltr'>Β.</span> 
     </span>
    </p>
   </div>
   <div class='ocr_carea' id='block_1_117' title="bbox 252 5733 1833 5818">
    <p class='ocr_par' dir='ltr' id='par_1_117' title="bbox 252 5733 1833 5818">
     <span class='ocr_line' id='line_1_117' title="bbox 252 5733 1833 5818; baseline -0.002 -26"><span class='ocrx_word' id='word_1_817' title='bbox 252 5741 440 5796; x_wconf 69' lang='lat' dir='ltr'><strong>Sistos</strong></span> <span class='ocrx_word' id='word_1_818' title='bbox 471 5740 765 5805; x_wconf 83' lang='lat' dir='ltr'><strong>ordinavit;</strong></span> <span class='ocrx_word' id='word_1_819' title='bbox 795 5733 848 5791; x_wconf 80' lang='lat' dir='ltr'><strong>et</strong></span> <span class='ocrx_word' id='word_1_820' title='bbox 885 5736 973 5806; x_wconf 86' lang='lat' dir='ltr'><strong>qui</strong></span> <span class='ocrx_word' id='word_1_821' title='bbox 1015 5745 1292 5818; x_wconf 56' lang='lat' dir='ltr'><strong>postquam</strong></span> <span class='ocrx_word' id='word_1_822' title='bbox 1338 5735 1400 5790; x_wconf 82' lang='grc' dir='ltr'>Β.</span> <span class='ocrx_word' id='word_1_823' title='bbox 1434 5733 1566 5791; x_wconf 79' lang='lat' dir='ltr'><strong>Sixti</strong></span> <span class='ocrx_word' id='word_1_824' title='bbox 1600 5748 1748 5802; x_wconf 72' lang='lat' dir='ltr'><strong>papze</strong></span> <span class='ocrx_word' id='word_1_825' title='bbox 1779 5746 1833 5789; x_wconf 88' lang='lat' dir='ltr'><strong>et</strong></span> 
     </span>
    </p>
   </div>
   <div class='ocr_carea' id='block_1_118' title="bbox 1943 4541 3508 4613">
    <p class='ocr_par' dir='ltr' id='par_1_118' title="bbox 1943 4541 3508 4613">
     <span class='ocr_line' id='line_1_118' title="bbox 1943 4541 3508 4613; baseline 0.006 -19"><span class='ocrx_word' id='word_1_826' title='bbox 1943 4541 2230 4613; x_wconf 77' lang='lat' dir='ltr'><strong>Egemonio</strong></span> <span class='ocrx_word' id='word_1_827' title='bbox 2258 4550 2311 4594; x_wconf 90' lang='lat' dir='ltr'><strong>et</strong></span> <span class='ocrx_word' id='word_1_828' title='bbox 2341 4542 2619 4606; x_wconf 90' lang='lat' dir='ltr'><strong>Simplicio</strong></span> <span class='ocrx_word' id='word_1_829' title='bbox 2649 4545 2923 4612; x_wconf 64' lang='lat' dir='ltr'><strong>praeponit.</strong></span> <span class='ocrx_word' id='word_1_830' title='bbox 2959 4547 3022 4597; x_wconf 77' lang='lat' dir='ltr'><strong>Et</strong></span> <span class='ocrx_word' id='word_1_831' title='bbox 3052 4541 3263 4613; x_wconf 80' lang='lat' dir='ltr'><strong>quidem</strong></span> <span class='ocrx_word' id='word_1_832' title='bbox 3295 4550 3508 4612; x_wconf 86' lang='lat' dir='ltr'><strong>Simpli-</strong></span> 
     </span>
    </p>
   </div>
   <div class='ocr_carea' id='block_1_119' title="bbox 1937 4611 3506 4681">
    <p class='ocr_par' dir='ltr' id='par_1_119' title="bbox 1937 4611 3506 4681">
     <span class='ocr_line' id='line_1_119' title="bbox 1937 4611 3506 4681; baseline 0.005 -17"><span class='ocrx_word' id='word_1_833' title='bbox 1937 4611 2051 4681; x_wconf 87' lang='lat' dir='ltr'><strong>cius</strong></span> <span class='ocrx_word' id='word_1_834' title='bbox 2076 4612 2209 4664; x_wconf 91' lang='lat' dir='ltr'><strong>inter</strong></span> <span class='ocrx_word' id='word_1_835' title='bbox 2229 4613 2505 4680; x_wconf 84' lang='lat' dir='ltr'><strong>episcopos</strong></span> <span class='ocrx_word' id='word_1_836' title='bbox 2527 4611 2853 4678; x_wconf 87' lang='lat' dir='ltr'><strong>recensetur,</strong></span> <span class='ocrx_word' id='word_1_837' title='bbox 2881 4616 2967 4681; x_wconf 89' lang='lat' dir='ltr'><strong>qui</strong></span> <span class='ocrx_word' id='word_1_838' title='bbox 2993 4611 3132 4668; x_wconf 84' lang='lat' dir='ltr'><strong>anno</strong></span> <span class='ocrx_word' id='word_1_839' title='bbox 3154 4615 3256 4668; x_wconf 64' lang='lat'><strong>516</strong></span> <span class='ocrx_word' id='word_1_840' title='bbox 3278 4611 3506 4672; x_wconf 82' lang='lat' dir='ltr'><strong>concilio</strong></span> 
     </span>
    </p>
   </div>
   <div class='ocr_carea' id='block_1_120' title="bbox 1937 4680 3508 4756">
    <p class='ocr_par' dir='ltr' id='par_1_120' title="bbox 1937 4680 3508 4756">
     <span class='ocr_line' id='line_1_120' title="bbox 1937 4680 3508 4756; baseline 0.005 -22"><span class='ocrx_word' id='word_1_841' title='bbox 1937 4680 2237 4756; x_wconf 83' lang='lat' dir='ltr'><strong>Coloniensi</strong></span> <span class='ocrx_word' id='word_1_842' title='bbox 2269 4691 2450 4756; x_wconf 83' lang='lat' dir='ltr'><strong>contra</strong></span> <span class='ocrx_word' id='word_1_843' title='bbox 2486 4685 2806 4756; x_wconf 76' lang='lat' dir='ltr'><strong>Euphratam</strong></span> <span class='ocrx_word' id='word_1_844' title='bbox 2851 4680 3087 4756; x_wconf 83' lang='lat' dir='ltr'><strong>ejusdem</strong></span> <span class='ocrx_word' id='word_1_845' title='bbox 3129 4687 3272 4738; x_wconf 89' lang='lat' dir='ltr'><strong>urbis</strong></span> <span class='ocrx_word' id='word_1_846' title='bbox 3300 4691 3508 4756; x_wconf 84' lang='lat' dir='ltr'><strong>episco-</strong></span> 
     </span>
    </p>
   </div>
   <div class='ocr_carea' id='block_1_121' title="bbox 1938 4753 3568 4822">
    <p class='ocr_par' dir='ltr' id='par_1_121' title="bbox 1938 4753 3568 4822">
     <span class='ocr_line' id='line_1_121' title="bbox 1938 4753 3568 4822; baseline 0.005 -18"><span class='ocrx_word' id='word_1_847' title='bbox 1938 4766 2060 4818; x_wconf 91' lang='lat' dir='ltr'><strong>pum</strong></span> <span class='ocrx_word' id='word_1_848' title='bbox 2091 4753 2350 4822; x_wconf 9' lang='lat' dir='ltr'><strong>dicunturr</strong></span> <span class='ocrx_word' id='word_1_849' title='bbox 2374 4753 2714 4822; x_wconf 82' lang='lat' dir='ltr'><strong>interfuisse;</strong></span> <span class='ocrx_word' id='word_1_850' title='bbox 2763 4754 3085 4822; x_wconf 83' lang='lat' dir='ltr'><strong>proitttlcqtte</strong></span> <span class='ocrx_word' id='word_1_851' title='bbox 3112 4764 3232 4808; x_wconf 89' lang='lat' dir='ltr'><strong>ante</strong></span> <span class='ocrx_word' id='word_1_852' title='bbox 3261 4753 3503 4813; x_wconf 48' lang='lat' dir='ltr'><strong>Caésiani</strong></span> <span class='ocrx_word' id='word_1_853' title='bbox 3560 4754 3568 4764; x_wconf 87' lang='grc'><em>’</em></span> 
     </span>
    </p>
   </div>
   <div class='ocr_carea' id='block_1_122' title="bbox 1935 4821 3502 4892">
    <p class='ocr_par' dir='ltr' id='par_1_122' title="bbox 1935 4821 3502 4892">
     <span class='ocr_line' id='line_1_122' title="bbox 1935 4821 3502 4892; baseline 0.005 -18"><span class='ocrx_word' id='word_1_854' title='bbox 1935 4822 2217 4892; x_wconf 64' lang='lat' dir='ltr'><strong>adventum</strong></span> <span class='ocrx_word' id='word_1_855' title='bbox 2260 4821 2505 4885; x_wconf 85' lang='lat' dir='ltr'><strong>sedebat,</strong></span> <span class='ocrx_word' id='word_1_856' title='bbox 2552 4825 2638 4891; x_wconf 90' lang='lat' dir='ltr'><strong>qui</strong></span> <span class='ocrx_word' id='word_1_857' title='bbox 2677 4821 2886 4876; x_wconf 88' lang='lat' dir='ltr'><strong>Joviani</strong></span> <span class='ocrx_word' id='word_1_858' title='bbox 2916 4821 3171 4892; x_wconf 83' lang='lat' dir='ltr'><strong>tempore.</strong></span> <span class='ocrx_word' id='word_1_859' title='bbox 3202 4826 3252 4878; x_wconf 85' lang='lat' dir='ltr'><strong>id</strong></span> <span class='ocrx_word' id='word_1_860' title='bbox 3291 4836 3374 4881; x_wconf 89' lang='lat' dir='ltr'><strong>est</strong></span> <span class='ocrx_word' id='word_1_861' title='bbox 3413 4845 3502 4885; x_wconf 88' lang='lat' dir='ltr'><strong>an.</strong></span> 
     </span>
    </p>
   </div>
   <div class='ocr_carea' id='block_1_123' title="bbox 1935 4888 2692 4958">
    <p class='ocr_par' dir='ltr' id='par_1_123' title="bbox 1935 4888 2692 4958">
     <span class='ocr_line' id='line_1_123' title="bbox 1935 4888 2692 4958; baseline 0.004 -17"><span class='ocrx_word' id='word_1_862' title='bbox 1935 4888 2059 4953; x_wconf 70' lang='lat'><strong>302&quot;,</strong></span> <span class='ocrx_word' id='word_1_863' title='bbox 2092 4889 2258 4941; x_wconf 82' lang='lat' dir='ltr'><strong>factus</strong></span> <span class='ocrx_word' id='word_1_864' title='bbox 2288 4904 2368 4944; x_wconf 92' lang='lat' dir='ltr'><strong>est</strong></span> <span class='ocrx_word' id='word_1_865' title='bbox 2395 4888 2692 4958; x_wconf 82' lang='lat' dir='ltr'><strong>episcopus.</strong></span> 
     </span>
    </p>
   </div>
   <div class='ocr_carea' id='block_1_124' title="bbox 2010 4959 3501 5034">
    <p class='ocr_par' dir='ltr' id='par_1_124' title="bbox 2010 4959 3501 5034">
     <span class='ocr_line' id='line_1_124' title="bbox 2010 4959 3501 5034; baseline 0.007 -24"><span class='ocrx_word' id='word_1_866' title='bbox 2010 4959 2366 5034; x_wconf 66' lang='lat' dir='ltr'><strong>lCermanur.</strong></span> <span class='ocrx_word' id='word_1_867' title='bbox 2407 4962 2535 5016; x_wconf 84' lang='lat' dir='ltr'><strong>Vide</strong></span> <span class='ocrx_word' id='word_1_868' title='bbox 2580 4962 2873 5016; x_wconf 80' lang='lat' dir='ltr'><strong>Constantii</strong></span> <span class='ocrx_word' id='word_1_869' title='bbox 2920 4963 3093 5018; x_wconf 75' lang='lat' dir='ltr'><strong>Vitam</strong></span> <span class='ocrx_word' id='word_1_870' title='bbox 3135 4965 3192 5021; x_wconf 94' lang='lat' dir='ltr'><strong>S.</strong></span> <span class='ocrx_word' id='word_1_871' title='bbox 3226 4965 3501 5034; x_wconf 86' lang='lat' dir='ltr'><strong>Germani,</strong></span> 
     </span>
    </p>
   </div>
   <div class='ocr_carea' id='block_1_125' title="bbox 1934 5033 2096 5095">
    <p class='ocr_par' dir='ltr' id='par_1_125' title="bbox 1934 5033 2096 5095">
     <span class='ocr_line' id='line_1_125' title="bbox 1934 5033 2096 5095; baseline -0.019 -11"><span class='ocrx_word' id='word_1_872' title='bbox 1934 5046 2004 5095; x_wconf 86' lang='lat' dir='ltr'><strong>tt,</strong></span> <span class='ocrx_word' id='word_1_873' title='bbox 2048 5033 2096 5082; x_wconf 91' lang='lat'><strong>7.</strong></span> 
     </span>
    </p>
   </div>
   <div class='ocr_carea' id='block_1_126' title="bbox 2007 5100 3504 5161">
    <p class='ocr_par' dir='ltr' id='par_1_126' title="bbox 2007 5100 3504 5161">
     <span class='ocr_line' id='line_1_126' title="bbox 2007 5100 3504 5161; baseline 0.006 -9"><span class='ocrx_word' id='word_1_874' title='bbox 2007 5105 2031 5140; x_wconf 77' lang='grc' dir='ltr'><strong>ιι</strong></span> <span class='ocrx_word' id='word_1_875' title='bbox 2054 5100 2404 5154; x_wconf 75' lang='lat' dir='ltr'><strong>Translation.</strong></span> <span class='ocrx_word' id='word_1_876' title='bbox 2426 5100 2547 5153; x_wconf 58' lang='lat' dir='ltr'><strong>llaec</strong></span> <span class='ocrx_word' id='word_1_877' title='bbox 2567 5103 2844 5158; x_wconf 78' lang='lat' dir='ltr'><strong>translatio</strong></span> <span class='ocrx_word' id='word_1_878' title='bbox 2861 5103 2991 5157; x_wconf 54' lang='lat' dir='ltr'><strong>facta</strong></span> <span class='ocrx_word' id='word_1_879' title='bbox 3010 5116 3082 5158; x_wconf 73' lang='grc' dir='ltr'><strong>εει</strong></span> <span class='ocrx_word' id='word_1_880' title='bbox 3109 5105 3247 5159; x_wconf 91' lang='lat' dir='ltr'><strong>circa</strong></span> <span class='ocrx_word' id='word_1_881' title='bbox 3273 5122 3359 5161; x_wconf 92' lang='lat' dir='ltr'><strong>an.</strong></span> <span class='ocrx_word' id='word_1_882' title='bbox 3379 5106 3504 5161; x_wconf 69' lang='grc'>840.</span> 
     </span>
    </p>
   </div>
   <div class='ocr_carea' id='block_1_127' title="bbox 2009 5164 3502 5244">
    <p class='ocr_par' dir='ltr' id='par_1_127' title="bbox 2009 5164 3502 5244">
     <span class='ocr_line' id='line_1_127' title="bbox 2009 5164 3502 5244; baseline 0.005 -21"><span class='ocrx_word' id='word_1_883' title='bbox 2009 5164 2027 5202; x_wconf 82' lang='grc'><strong>¹</strong></span> <span class='ocrx_word' id='word_1_884' title='bbox 2062 5174 2221 5240; x_wconf 69' lang='lat' dir='ltr'><strong>Afris.</strong></span> <span class='ocrx_word' id='word_1_885' title='bbox 2261 5175 2358 5224; x_wconf 80' lang='lat' dir='ltr'><strong>l&#39;ro</strong></span> <span class='ocrx_word' id='word_1_886' title='bbox 2384 5171 2508 5244; x_wconf 89' lang='lat' dir='ltr'><strong>Afra</strong></span> <span class='ocrx_word' id='word_1_887' title='bbox 2533 5173 2825 5241; x_wconf 75' lang='lat' dir='ltr'><strong>Alerjuitta</strong></span> <span class='ocrx_word' id='word_1_888' title='bbox 2848 5175 3136 5229; x_wconf 81' lang='lat' dir='ltr'><strong>Nntkerum</strong></span> <span class='ocrx_word' id='word_1_889' title='bbox 3169 5180 3502 5244; x_wconf 86' lang='lat' dir='ltr'><strong>reponendus</strong></span> 
     </span>
    </p>
   </div>
   <div class='ocr_carea' id='block_1_128' title="bbox 1934 5243 3504 5313">
    <p class='ocr_par' dir='ltr' id='par_1_128' title="bbox 1934 5243 3504 5313">
     <span class='ocr_line' id='line_1_128' title="bbox 1934 5243 3504 5313; baseline 0.005 -19"><span class='ocrx_word' id='word_1_890' title='bbox 1934 5253 2033 5305; x_wconf 89' lang='lat' dir='ltr'><strong>est,</strong></span> <span class='ocrx_word' id='word_1_891' title='bbox 2076 5246 2162 5309; x_wconf 88' lang='lat' dir='ltr'><strong>qui</strong></span> <span class='ocrx_word' id='word_1_892' title='bbox 2196 5246 2272 5313; x_wconf 83' lang='lat' dir='ltr'><strong>sic</strong></span> <span class='ocrx_word' id='word_1_893' title='bbox 2311 5243 2520 5294; x_wconf 84' lang='lat' dir='ltr'><strong>scribit:</strong></span> <span class='ocrx_word' id='word_1_894' title='bbox 2560 5261 2577 5292; x_wconf 83' lang='grc' dir='ltr'><strong>ι</strong></span> <span class='ocrx_word' id='word_1_895' title='bbox 2618 5245 2671 5296; x_wconf 90' lang='lat' dir='ltr'><strong>lu</strong></span> <span class='ocrx_word' id='word_1_896' title='bbox 2713 5249 2944 5312; x_wconf 82' lang='lat' dir='ltr'><strong>Augusta</strong></span> <span class='ocrx_word' id='word_1_897' title='bbox 2987 5243 3316 5313; x_wconf 79' lang='lat' dir='ltr'><strong>Eul&#39;ratensi,</strong></span> <span class='ocrx_word' id='word_1_898' title='bbox 3364 5253 3504 5302; x_wconf 86' lang='lat' dir='ltr'><strong>nati-</strong></span> 
     </span>
    </p>
   </div>
   <div class='ocr_carea' id='block_1_129' title="bbox 1935 5312 3505 5382">
    <p class='ocr_par' dir='ltr' id='par_1_129' title="bbox 1935 5312 3505 5382">
     <span class='ocr_line' id='line_1_129' title="bbox 1935 5312 3505 5382; baseline 0.006 -20"><span class='ocrx_word' id='word_1_899' title='bbox 1935 5313 2068 5382; x_wconf 88' lang='lat' dir='ltr'><strong>vitas</strong></span> <span class='ocrx_word' id='word_1_900' title='bbox 2099 5314 2154 5364; x_wconf 77' lang='lat' dir='ltr'><strong>S.</strong></span> <span class='ocrx_word' id='word_1_901' title='bbox 2190 5312 2304 5364; x_wconf 88' lang='lat' dir='ltr'><strong>Afri</strong></span> <span class='ocrx_word' id='word_1_902' title='bbox 2336 5318 2610 5379; x_wconf 88' lang='lat' dir='ltr'><strong>martyris,</strong></span> <span class='ocrx_word' id='word_1_903' title='bbox 2662 5330 2886 5382; x_wconf 91' lang='lat' dir='ltr'><strong>quorum</strong></span> <span class='ocrx_word' id='word_1_904' title='bbox 2936 5315 3206 5369; x_wconf 90' lang='lat' dir='ltr'><strong>nominum</strong></span> <span class='ocrx_word' id='word_1_905' title='bbox 3254 5319 3505 5372; x_wconf 81' lang='lat' dir='ltr'><strong>similitu-</strong></span> 
     </span>
    </p>
   </div>
   <div class='ocr_carea' id='block_1_130' title="bbox 1933 5381 3500 5457">
    <p class='ocr_par' dir='ltr' id='par_1_130' title="bbox 1933 5381 3500 5457">
     <span class='ocr_line' id='line_1_130' title="bbox 1933 5381 3500 5457; baseline 0.006 -24"><span class='ocrx_word' id='word_1_906' title='bbox 1933 5381 2074 5457; x_wconf 79' lang='lat' dir='ltr'><strong>dine,</strong></span> <span class='ocrx_word' id='word_1_907' title='bbox 2105 5383 2154 5434; x_wconf 89' lang='lat' dir='ltr'><strong>id</strong></span> <span class='ocrx_word' id='word_1_908' title='bbox 2172 5391 2268 5457; x_wconf 87' lang='lat' dir='ltr'><strong>_es_t</strong></span> <span class='ocrx_word' id='word_1_909' title='bbox 2293 5381 2638 5457; x_wconf 26' lang='lat' dir='ltr'><strong>Augusttenet</strong></span> <span class='ocrx_word' id='word_1_910' title='bbox 2681 5381 2820 5457; x_wconf 34' lang='lat' dir='ltr'><strong>:Afr‘i,</strong></span> <span class='ocrx_word' id='word_1_911' title='bbox 2850 5395 3109 5457; x_wconf 79' lang='lat' dir='ltr'><strong>nostrates</strong></span> <span class='ocrx_word' id='word_1_912' title='bbox 3144 5387 3367 5457; x_wconf 83' lang='lat' dir='ltr'><strong>inducti,</strong></span> <span class='ocrx_word' id='word_1_913' title='bbox 3402 5392 3500 5443; x_wconf 88' lang='lat' dir='ltr'><strong>hac</strong></span> 
     </span>
    </p>
   </div>
   <div class='ocr_carea' id='block_1_131' title="bbox 1933 5451 3501 5526">
    <p class='ocr_par' dir='ltr' id='par_1_131' title="bbox 1933 5451 3501 5526">
     <span class='ocr_line' id='line_1_131' title="bbox 1933 5451 3501 5526; baseline 0.004 -21"><span class='ocrx_word' id='word_1_914' title='bbox 1933 5451 2019 5526; x_wconf 84' lang='lat' dir='ltr'><strong>die</strong></span> <span class='ocrx_word' id='word_1_915' title='bbox 2049 5453 2193 5526; x_wconf 81' lang='lat' dir='ltr'><strong>apud</strong></span> <span class='ocrx_word' id='word_1_916' title='bbox 2218 5454 2505 5526; x_wconf 80' lang='lat' dir='ltr'><strong>Augustam</strong></span> <span class='ocrx_word' id='word_1_917' title='bbox 2538 5454 2852 5510; x_wconf 80' lang='lat' dir='ltr'><strong>thetianam</strong></span> <span class='ocrx_word' id='word_1_918' title='bbox 2882 5457 2994 5511; x_wconf 86' lang='lat' dir='ltr'><strong>sive</strong></span> <span class='ocrx_word' id='word_1_919' title='bbox 3028 5455 3352 5512; x_wconf 86' lang='lat' dir='ltr'><strong>Vindelicam</strong></span> <span class='ocrx_word' id='word_1_920' title='bbox 3380 5473 3501 5526; x_wconf 86' lang='lat' dir='ltr'><strong>pas-</strong></span> 
     </span>
    </p>
   </div>
   <div class='ocr_carea' id='block_1_132' title="bbox 1932 5524 3502 5595">
    <p class='ocr_par' dir='ltr' id='par_1_132' title="bbox 1932 5524 3502 5595">
     <span class='ocr_line' id='line_1_132' title="bbox 1932 5524 3502 5595; baseline 0.005 -19"><span class='ocrx_word' id='word_1_921' title='bbox 1932 5524 2220 5595; x_wconf 72' lang='lat' dir='ltr'><strong>sicnemS.</strong></span> <span class='ocrx_word' id='word_1_922' title='bbox 2255 5525 2394 5595; x_wconf 65' lang='lat' dir='ltr'><strong>Afra}</strong></span> <span class='ocrx_word' id='word_1_923' title='bbox 2414 5536 2830 5578; x_wconf 88' lang='lat' dir='ltr'><strong>consummatam</strong></span> <span class='ocrx_word' id='word_1_924' title='bbox 2856 5536 3192 5595; x_wconf 87' lang='lat' dir='ltr'><strong>putaverunt.</strong></span> <span class='ocrx_word' id='word_1_925' title='bbox 3229 5545 3246 5579; x_wconf 80' lang='grc' dir='ltr'><strong>ι</strong></span> <span class='ocrx_word' id='word_1_926' title='bbox 3279 5529 3351 5584; x_wconf 90' lang='lat' dir='ltr'><strong>De</strong></span> <span class='ocrx_word' id='word_1_927' title='bbox 3375 5524 3502 5584; x_wconf 74' lang='lat' dir='ltr'><strong>Afra</strong></span> 
     </span>
    </p>
   </div>
   <div class='ocr_carea' id='block_1_133' title="bbox 1933 5590 3014 5663">
    <p class='ocr_par' dir='ltr' id='par_1_133' title="bbox 1933 5590 3014 5663">
     <span class='ocr_line' id='line_1_133' title="bbox 1933 5590 3014 5663; baseline 0.002 -17"><span class='ocrx_word' id='word_1_928' title='bbox 1933 5592 2056 5649; x_wconf 87' lang='lat' dir='ltr'><strong>vide</strong></span> <span class='ocrx_word' id='word_1_929' title='bbox 2081 5594 2219 5663; x_wconf 79' lang='lat' dir='ltr'><strong>infra</strong></span> <span class='ocrx_word' id='word_1_930' title='bbox 2244 5593 2310 5646; x_wconf 92' lang='lat' dir='ltr'><strong>ad</strong></span> <span class='ocrx_word' id='word_1_931' title='bbox 2339 5590 2476 5644; x_wconf 88' lang='lat' dir='ltr'><strong>diem</strong></span> <span class='ocrx_word' id='word_1_932' title='bbox 2511 5607 2581 5647; x_wconf 90' lang='lat' dir='ltr'><strong>vn</strong></span> <span class='ocrx_word' id='word_1_933' title='bbox 2615 5594 2767 5663; x_wconf 85' lang='lat' dir='ltr'><strong>hujus</strong></span> <span class='ocrx_word' id='word_1_934' title='bbox 2799 5590 3014 5650; x_wconf 64' lang='lat' dir='ltr'><strong>mensis.</strong></span> 
     </span>
    </p>
   </div>
   <div class='ocr_carea' id='block_1_134' title="bbox 2003 5662 3502 5724">
    <p class='ocr_par' dir='ltr' id='par_1_134' title="bbox 2003 5662 3502 5724">
     <span class='ocr_line' id='line_1_134' title="bbox 2003 5662 3502 5724; baseline 0.006 -9"><span class='ocrx_word' id='word_1_935' title='bbox 2003 5672 2042 5700; x_wconf 74' lang='grc' dir='ltr'>ω</span> <span class='ocrx_word' id='word_1_936' title='bbox 2068 5662 2317 5719; x_wconf 73' lang='lat' dir='ltr'><strong>Memmii.</strong></span> <span class='ocrx_word' id='word_1_937' title='bbox 2343 5664 2538 5715; x_wconf 87' lang='lat' dir='ltr'><strong>Auctor</strong></span> <span class='ocrx_word' id='word_1_938' title='bbox 2559 5674 2641 5717; x_wconf 79' lang='lat' dir='ltr'><strong>est</strong></span> <span class='ocrx_word' id='word_1_939' title='bbox 2663 5662 3000 5720; x_wconf 74' lang='lat' dir='ltr'><strong>Frodoardus</strong></span> <span class='ocrx_word' id='word_1_940' title='bbox 3021 5666 3322 5723; x_wconf 81' lang='lat' dir='ltr'><strong>Memmium</strong></span> <span class='ocrx_word' id='word_1_941' title='bbox 3347 5671 3502 5724; x_wconf 87' lang='lat' dir='ltr'><strong>simul</strong></span> 
     </span>
    </p>
   </div>
   <div class='ocr_carea' id='block_1_135' title="bbox 1933 5733 3499 5808">
    <p class='ocr_par' dir='ltr' id='par_1_135' title="bbox 1933 5733 3499 5808">
     <span class='ocr_line' id='line_1_135' title="bbox 1933 5733 3499 5808; baseline 0.005 -20"><span class='ocrx_word' id='word_1_942' title='bbox 1933 5747 2053 5791; x_wconf 84' lang='lat' dir='ltr'><strong>curn</strong></span> <span class='ocrx_word' id='word_1_943' title='bbox 2077 5734 2138 5792; x_wconf 93' lang='lat' dir='ltr'><strong>S.</strong></span> <span class='ocrx_word' id='word_1_944' title='bbox 2156 5735 2305 5791; x_wconf 79' lang='lat' dir='ltr'><strong>Sixto</strong></span> <span class='ocrx_word' id='word_1_945' title='bbox 2325 5733 2644 5789; x_wconf 77' lang='lat' dir='ltr'><strong>lthemorum</strong></span> <span class='ocrx_word' id='word_1_946' title='bbox 2669 5750 2716 5804; x_wconf 81' lang='lat' dir='ltr'><strong>pi</strong></span> <span class='ocrx_word' id='word_1_947' title='bbox 2732 5735 2841 5791; x_wconf 88' lang='lat' dir='ltr'><strong>imo</strong></span> <span class='ocrx_word' id='word_1_948' title='bbox 2870 5738 3165 5808; x_wconf 86' lang='lat' dir='ltr'><strong>episcopoa</strong></span> <span class='ocrx_word' id='word_1_949' title='bbox 3183 5741 3240 5795; x_wconf 85' lang='grc'><strong>8.</strong></span> <span class='ocrx_word' id='word_1_950' title='bbox 3262 5741 3418 5798; x_wconf 71' lang='lat' dir='ltr'><strong>Petro</strong></span> <span class='ocrx_word' id='word_1_951' title='bbox 3448 5760 3499 5797; x_wconf 79' lang='lat' dir='ltr'><strong>in</strong></span> 
     </span>
    </p>
   </div>
  </div>
