4110 6450
593 287 696 346 999

1303 287 1500 343 Dlilh‘E
1541 287 1996 344 VENERABILIS
2032 288 2181 344 OPP.
2227 288 2401 345 PARS
2441 288 2525 343 IV.
2570 317 2636 327 —--
2674 288 3052 346 HISTORICA.

3725 299 3872 356 1000

1865 402 2088 457 ΕΟΙΤΙΟ
2125 401 2589 457 COLUNIENSIS.

665 498 857 553 A.\'lll
877 498 989 553 lous
1009 497 1238 552 Accusr.
1261 496 1443 550 Roma:
1469 497 1521 551 in
1540 498 1848 552 cmmeterio
1871 496 2082 562 Calisti,
2103 497 2182 550 via
2214 509 2263 564 Α
2293 497 2596 562 buerentur,
2627 495 2874 563 projectis
2900 495 2951 549 itt
2980 496 3156 550 schola
3183 495 3598 564 tabulis,spoute
3624 500 3688 553 ad
3719 518 3867 556 mar-

594 592 763 658 Appia
802 590 974 641 natale
1018 589 1191 647 sancti
1227 589 1366 641 Sixti
1415 588 1652 656 episc0pi
1685 598 1738 640 et
1768 589 2050 656 martyris,
2082 587 2181 639 sub

597 681 754 734 Decio
777 681 1094 747 imperatore
1120 689 1175 732 et
1199 679 1484 732 ValerTano
1504 679 1776 748 praefecto,
1797 687 1854 731 et
1876 689 2178 730 sanctorum

597 769 905 824 Felicissimi
954 779 1008 822 et
1066 768 1272 836 Agapiti
1319 769 1660 822 diaconorum
1717 766 1998 836 ejusdem,
2049 782 2181 834 quos

594 858 935 928 simuljussit
985 859 1174 913 Decius
1220 870 1342 913 ante
1379 859 1628 927 templum
1680 855 1858 912 Martis
1901 858 2178 912 decollari.

593 953 759 1009 Noctu
807 970 934 1009 vero
981 965 1238 1009 venerunt
1266 955 1486 1019 clerici,
1521 965 1573 1009 et
1613 955 1842 1008 maxima
1876 971 1994 1024 pars
2023 953 2182 1008 Chri-

594 1045 907 1110 stiattorum,
935 1046 1259 1116 sepelierunt
1288 1056 1588 1100 sanctorum
1616 1062 1848 1115 corpora
1876 1062 1995 1099 cum
2021 1047 2180 1113 digno

596 1135 819 1192 honore.
854 1136 1105 1191 Decollati
1135 1147 1258 1191 sunt
1303 1153 1423 1191 cum
1451 1139 1527 1190 eis
1557 1147 1611 1191 et
1639 1137 1725 1190 alii
1759 1148 2013 1204 quatuor,
2044 1148 2100 1191 ιιι
2130 1138 2181 1191 in

600 1224 774 1280 Cestis
797 1228 1184 1294 pontiﬁcalibus
1213 1228 1426 1296 leg'tur,
1448 1225 1749 1292 Januarius,
1786 1229 2024 1295 Magnus,
2053 1229 2182 1281 Vin-

597 1319 835 1380 centius,
865 1318 1198 1387 Stephanus,
1232 1318 1565 1374 subdiaconi.
1622 1318 1816 1372 Passus
1849 1329 1925 1372 est
1957 1334 2074 1372 cum
2104 1319 2183 1373 eis

598 1418 649 1460 et
677 1410 860 1463 beatus
885 1410 1147 1476 Quartus,
1186 1421 1244 1466 ut
1273 1412 1453 1465 scribit
1483 1421 1702 1465 sanctus
1728 1410 2050 1482 Cyprianus.
2088 1413 2183 1467 llic

601 1498 784 1553 beatus
809 1501 985 1555 Sixtus
1016 1502 1153 1569 apud
1185 1504 1420 1556 Athenas
1451 1514 1602 1556 natus
1629 1513 1683 1557 et
1706 1505 1916 1567 doctus,
1950 1504 2181 1572 primum

602 1591 814 1660 quidem
869 1593 1214 1662 philosophus
1235 1638 1249 1660 ,
1282 1603 1460 1662 postea
1493 1593 1691 1648 Christi
1721 1595 2012 1664 discipulus
2045 1595 2176 1648 fuit:

601 1681 741 1734 sedit
764 1681 816 1736 in
839 1684 1146 1750 episcopatu
1173 1700 1371 1737 annum
1399 1700 1582 1752 unum,
1603 1699 1814 1739 menses
1836 1686 2042 1750 decem,
2070 1685 2184 1739 dies

611 1773 790 1842 viginti
838 1781 962 1828 tres.
998 1775 1050 1830 In
1086 1775 1352 1845 Hispaniis
1380 1777 1592 1831 civitate
1620 1779 1934 1848 Compluto,
1963 1777 2099 1832 Justi
2129 1787 2185 1832 et

2288 588 2477 656 lyriutn
2525 594 2914 639 cucurrerunt:
2941 587 3027 654 qui
3071 603 3190 640 mox
3242 587 3396 655 jussu
3427 590 3638 644 Daciani
3671 607 3700 645 a
3730 610 3860 647 ear-

2285 675 2529 729 niﬁcibus
2562 678 2784 745 jugulati
2811 685 2935 730 sunt
2963 717 2976 739 ,
3011 677 3097 729 ubi
3130 678 3286 730 etiam
3319 680 3367 731 in
3402 681 3613 734 basilica
3655 685 3734 736 sui
3771 701 3868 738 no-

2285 767 2444 820 minis
2473 769 2771 836 quiescunt.
2805 768 2868 820 Et
2891 769 3064 820 natale
3094 767 3388 822 llurmisdze
3418 786 3591 838 papm,
3614 774 3700 840 qui
3724 776 3868 829 sedit

2286 858 2469 914 Romae
2497 875 2665 912 annos
2695 859 2876 913 decem
2905 871 2955 912 et
2985 870 3210 928 septem.
3260 861 3354 915 llic
3404 869 3704 931 composuit
3756 868 3869 919 cle-

2286 969 2402 1008 rum
2427 997 2440 1018 ,
2475 964 2526 1007 et
2560 954 2791 1022 psalmos
2820 954 3067 1008 erudivit.
3115 955 3224 1010 Sub
3256 955 3410 1023 hujus
3446 966 3687 1024 tempore
3725 965 3870 1012 Ana-

2286 1049 2479 1098 stasius
2529 1046 2814 1111 imperator
2865 1044 3148 1099 hzereticus
3203 1061 3487 1111 percussus
3531 1047 3752 1103 fulmine
3787 1051 3870 1102 in-

2287 1135 2446 1188 teriit.
2491 1134 2741 1203 Sepultus
2785 1144 2868 1188 est
2909 1136 3048 1189 idem
3093 1134 3330 1204 pontifex
3379 1138 3428 1190 itt
3460 1139 3688 1191 ecclesia
3728 1140 3869 1193 beati

2289 1224 2450 1279 Petri.

2361 1318 2419 1371 B.
2441 1317 2524 1370 \‘ll
2549 1317 2661 1370 lous
2689 1317 2916 1371 Acocs'r.
2947 1317 3094 1384 Apud
3115 1316 3356 1371 Tusciam
3373 1318 3636 1373 civitatem
3663 1319 3868 1386 Aretio,

2289 1409 2463 1463 natale
2490 1412 2655 1462 sancti
2693 1410 2876 1462 Donati
2908 1411 3144 1478 episcopi
3188 1421 3241 1464 et
3269 1412 3536 1480 martyris,
3569 1414 3659 1480 qui
3692 1423 3873 1466 tentus

2288 1509 2370 1554 est
2412 1511 2653 1568 tempore
2691 1500 2883 1555 Juliani
2931 1503 3264 1568 imperatoris
3294 1518 3322 1555 a
3365 1503 3725 1568 Quadratiano
3761 1509 3874 1557 Au-

2287 1590 2500 1660 gustali,
2529 1591 2684 1643 simul
2717 1606 2837 1644 cum
2871 1590 3106 1643 llilarino
3151 1593 3432 1652 monacho,
3461 1591 3748 1660 jussusque
3789 1600 3877 1645 est

2289 1683 2445 1738 idolis
2463 1685 2794 1748 sacriﬁcare;
2820 1699 2923 1751 quo
2955 1693 3231 1750 renuente,
3253 1682 3408 1751 jussit
3432 1681 3724 1756 Hilarinum
3757 1693 3878 1735 tan-

2290 1776 2380 1831 diu
2413 1777 2640 1830 fustibus
2670 1775 2801 1830 caedi
2835 1777 2884 1830 in
2909 1785 3196 1844 conspectu
3242 1775 3424 1844 ipsius,
3457 1776 3626 1828 donec
3656 1777 3876 1830 emitte-

606 1861 840 1919 Pastoris
871 1864 1114 1931 lratrum,
1147 1867 1235 1934 qui
1274 1882 1394 1922 cum
1439 1867 1613 1923 adhuc
1653 1869 1799 1938 pueri
1841 1869 2032 1922 litteris
2079 1869 2178 1922 itn-
2211 1857 2255 1915 Β
2288 1875 2368 1922 ret
2391 1867 2657 1935 Spiritum,
2681 1865 2873 1922 deinde
2901 1866 3114 1921 beatum
3140 1865 3402 1920 Donatum
3435 1865 3612 1935 gladio
3640 1866 3871 1935 percuti.

1854 1960 2082 2016 EDlTlO
2122 1958 2625 2015 BOLLANDlANA.

674 2069 728 2124 6.
757 2098 828 2108 —
858 2068 963 2124 Vill
989 2069 1105 2124 lous
1133 2069 1367 2126 Aucusr.
1398 2069 1580 2125 Roma:
1601 2070 1660 2127 S.
1693 2080 1718 2108 α
1749 2070 1899 2141 Xysti
1931 2071 2188 2140 episcopi,

603 2157 630 2198 ι’
649 2159 967 2216 Felicissimi
988 2172 1041 2216 et
1063 2163 1270 2232 Agapiti
1301 2163 1666 2228 diaconorum,
1691 2166 1780 2232 qui
1803 2165 2046 2220 decollati
2069 2173 2194 2219 sunt

605 2251 706 2305 sub
737 2262 759 2290 ε
794 2251 973 2306 Decio.
1009 2252 1299 2320 ("actenus
1329 2254 1419 2323 Α.)
1463 2255 1718 2310 Decollati
1744 2267 1866 2310 sunt
1895 2270 2013 2309 cum
2045 2270 2110 2310 eo
2139 2264 2194 2310 et

603 2344 691 2396 alii
723 2352 950 2410 quatuor
974 2344 1308 2410 subdiaconi,
1339 2346 1645 2412 Januarins,
1688 2348 1926 2416 Magnus,
1963 2347 2192 2402 Vincen-

604 2436 709 2489 tius
737 2445 790 2490 et
821 2436 1144 2505 Stephanus,
1177 2447 1235 2492 tit
1263 2439 1313 2492 in
1347 2439 1520 2494 Cestis
1548 2441 1943 2508 pontiﬁcalibus
1973 2440 2186 2511 legitur.

685 2528 769 2590 γ..
805 2529 975 2597 primo
1005 2529 1146 2593 loco,
1195 2531 1268 2584 uti
1303 2540 1356 2584 et
1405 2532 1454 2584 itt
1499 2532 1582 2594 1...
1635 2533 1727 2585 sed
1779 2532 1864 2586 die
1907 2531 2190 2598 sequenti:

607 2598 1025 2668 Transtiguratio
1053 2601 1111 2654 D.
1146 2600 1209 2655 N.
1244 2601 1369 2656 Jesu
1399 2604 1618 2665 Christi,
1662 2603 1712 2656 in
1746 2612 1923 2658 monte
1954 2603 2189 2657 Thabor.

675 2689 868 2747 Florus
898 2694 949 2746 in
980 2692 1044 2746 A.
1077 2692 1138 2746 Τ.
1171 2693 1254 2755 1...
1299 2692 1353 2746 ltt
1381 2692 1745 2762 Complutensi
1772 2694 1987 2748 civitate
2016 2693 2192 2763 passio

604 2783 702 2839 SS.
736 2783 871 2839 Justi
899 2793 951 2838 et
983 2783 1246 2838 Pastoris:
1279 2785 1366 2853 qui
1397 2800 1514 2839 cum
1539 2795 1717 2839 essent
1749 2786 1895 2854 pueri
1929 2787 1980 2839 itt
2007 2785 2191 2839 schola

605 2874 891 2937 discentes,
923 2888 1042 2926 cum
1074 2874 1345 2928 audissent
1382 2875 1447 2928 de
1477 2875 1817 2944 inquisitione
1861 2876 2191 2930 Christiano-

604 2982 748 3030 rum,
779 2965 1034 3034 projectis
1078 2966 1130 3019 in
1182 2966 1361 3019 schola
1407 2966 1598 3020 tabulis
1627 3008 1640 3031 ,
1693 2968 1830 3022 ultro
1868 2981 1926 3022 se
1968 2967 2192 3022 Datiano

611 3057 862 3131 prefecto
892 3059 1200 3114 obtulerunt
1235 3077 1247 3111 :
1300 3075 1434 3130 quos
1480 3060 1568 3114 ille
1609 3069 1884 3130 postquam
1927 3059 2191 3130 ﬁagellare

605 3151 800 3205 acriter
830 3150 1005 3220 jussit,
1038 3149 1235 3219 pariter
1266 3151 1534 3206 decollare
1564 3166 1656 3204 eos
1687 3152 1922 3220 percepit
1953 3150 2093 3220 (sic).

683 3261 740 3330 Β.
777 3259 829 3314 1η
864 3259 1129 3328 provincia
1162 3261 1348 3316 lthetia
1399 3262 1614 3317 civitate
1656 3261 1889 3329 Augusta
1923 3263 2098 3330 passio
2126 3261 2185 3319 S.

607 3329 797 3403 (intra:
817 3331 1032 3401 virginis
1055 3332 1341 3387 etaliurum
1364 3347 1538 3387 cuvt.
1564 3335 1648 3397 (3.,
1677 3333 1876 3388 Eodem
1902 3329 1988 3388 die
2012 3336 2189 3403 passio
2215 3331 2264 3397 C

607 3401 666 3455 S.
696 3402 854 3455 Atra}.

683 3492 734 3546 7.
766 3521 838 3532 —
870 3491 955 3546 Vll
989 3493 1124 3548 lous.
1165 3493 1218 3547 In
1257 3495 1441 3549 Aretio
1481 3495 1540 3550 8.
1573 3505 1596 3532 θ
1628 3495 1818 3550 Donati
1867 3495 2100 3566 episcopi
2133 3504 2189 3551 et

2294 2069 2575 2140 martyris:
2607 2068 2718 2138 qui,
2747 2077 2803 2122 ut
2832 2065 3120 2137 Gregorius
3151 2067 3205 2123 in
3232 2067 3370 2123 libro
3396 2068 3726 2137 Dialogorum
3758 2085 3873 2123 mes

2293 2161 2467 2227 mittit,
2500 2159 2720 2213 fractum
2750 2177 2779 2211 a
2809 2159 3027 2230 paganis
3059 2161 3075 2197 ῐ
3111 2159 3332 2216 calicem
3359 2169 3621 2229 sanctum,
3653 2162 3722 2216 ad
3747 2163 3878 2216 mis-

2293 2266 2380 2306 sas
2409 2251 2611 2307 orando
2639 2253 2980 2307 restauravit.

2367 2391 2556 2445 Florus
2585 2390 2636 2444 in
2666 2389 2729 2444 Τ.
2759 2399 2814 2445 et
2841 2389 2902 2444 L.
2935 2407 2947 2443 :
2978 2388 3031 2443 In
3063 2389 3275 2444 civitate
3319 2389 3551 2459 Augusta
3593 2391 3772 2459 passio
3812 2392 3873 2447 S.

2295 2492 2321 2529 ε
2345 2483 2488 2539 Alne
2513 2500 2528 2536 :
2561 2497 2680 2552 quae
2710 2484 2883 2548 primo
2913 2481 3124 2550 quidem
3151 2483 3362 2552 gentilis
3389 2482 3504 2548 fuit,
3538 2495 3716 2551 postea
3746 2499 3878 2538 vero

2293 2591 2324 2630 a
2355 2575 2601 2630 Narcisso
2627 2576 2880 2644 episcopo
2909 2575 2972 2628 ad
3006 2574 3164 2629 ﬁdem
3193 2589 3467 2640 conversa,
3501 2584 3553 2629 et
3584 2577 3874 2643 baptizata,

2296 2678 2533 2735 tempore
2564 2664 2874 2720 Diocletiani
2905 2665 3002 2718 sub
3029 2663 3212 2734 judice
3239 2664 3370 2718 Gaio
3391 2705 3405 2730 ,
3443 2679 3560 2718 eum
3591 2665 3746 2720 idolis
3778 2681 3873 2720 sa-

2293 2758 2534 2812 criﬁcare
2575 2757 2756 2821 nollet,
2799 2756 2908 2826 igni
2941 2766 3026 2810 est
3056 2755 3328 2824 deputata.
3359 2755 3519 2825 Cujus
3562 2757 3750 2810 eodem
3783 2757 3873 2811 die

2293 2863 2487 2918 corpus
2511 2864 2629 2902 cum
2661 2847 2925 2916 integrum
2958 2847 3229 2901 inventum
3268 2857 3428 2911 esset,
3477 2855 3533 2901 et
3573 2846 3641 2900 ab
3670 2847 3872 2900 llilaria

2294 2950 2467 2996 matre
2491 2941 2605 3010 ejus
2633 2955 2754 2995 cum
2785 2939 2956 2995 tribus
2989 2938 3196 2993 ﬁliabus
3222 2939 3334 2993 suis
3352 2981 3368 3006 ,
3411 2939 3573 3008 Digna
3601 2939 3872 3003 videlicet,

2294 3027 2637 3089 Eumeuia‘et
2663 3032 2948 3103 Euprepia,
2980 3031 3269 3101 sepulturte
3308 3032 3641 3097 traderetur;
3680 3032 3869 3087 eodem

2294 3123 2411 3178 loco
2437 3132 2490 3179 et
2519 3124 2666 3193 ipsae,
2725 3124 2848 3192 quia
2889 3123 3114 3178 cultura:
3161 3123 3380 3177 deorum
3412 3123 3868 3186 contradixerunt,

2293 3216 2501 3288 ignibus
2546 3224 2670 3271 sunt
2704 3223 3058 3269 concremata:
3089 3221 3146 3269 et
3185 3215 3383 3283 pariter
3414 3215 3671 3282 passionis
3701 3214 3866 3283 gloria

2293 3307 2576 3362 decorata.
2625 3304 2828 3361 Eodem
2881 3305 2968 3358 die
3015 3304 3152 3372 apud
3183 3304 3477 3359 Caesaream
3527 3303 3866 3372 Cappadocia

2299 3403 2476 3473 passio
2502 3402 2560 3456 S.
2589 3400 2827 3454 Mametis
2853 3397 2976 3470 [L.,
3005 3394 3275 3468 Mammas]
3315 3399 3590 3465 martyris:
3631 3398 3715 3466 qui
3749 3405 3871 3468 post

2297 3496 2579 3565 equuleum
2605 3502 2661 3549 et
2690 3493 2842 3562 ignes
2870 3491 3149 3561 variasque
3179 3490 3459 3557 torsiones,
3491 3491 3670 3546 bestiis
3699 3490 3867 3546 tradi-

1998 3604 2203 3662 SMITH
2241 3603 2465 3664 ΝΟΤᾸΞ.

608 3695 806 3752 Gallias
836 3697 1055 3751 missum
1087 3695 1270 3750 fuisse.
1306 3696 1450 3750 I-lanc
1482 3698 1791 3751 missionem
1814 3698 1872 3751 8.
1905 3697 2061 3751 Petro
2090 3695 2184 3749 tri-

613 3769 726 3821 ltuit
753 3782 962 3836 quoque
990 3775 1142 3820 vetus
1171 3777 1358 3821 auctor
1395 3767 1512 3836 ejus
1560 3768 1712 3831 Viue,
1756 3768 1844 3835 qui
1875 3767 2072 3821 saeculo
2110 3781 2185 3820 vit

613 3835 857 3891 ﬂoruisse
882 3835 1110 3900 dicitur;
1146 3837 1408 3890 Almattno
1452 3847 1628 3891 tamen
1670 3837 1929 3891 monacho
1978 3836 2185 3891 Altivil-

615 3910 736 3962 laris
757 3925 807 3961 tit
835 3907 1050 3961 dioecesi
1080 3907 1381 3966 lthemeusi,
1408 3911 1495 3976 qui
1519 3909 1775 3962 saeculo“
1801 3907 1999 3970 lloruit,
2017 3907 2186 3976 visum

613 3989 696 4032 est
723 3980 852 4031 satis
882 3992 996 4030 eam
1023 3978 1087 4032 ad
1117 3977 1176 4033 S.
1207 3975 1538 4033 Clementem
1579 3993 1850 4034 revocare.
1895 3976 2030 4032 Vide
2070 3975 2182 4029 Ma-

613 4050 796 4103 billott.
831 4050 1095 4110 Analect.,
1128 4059 1258 4102 tom.
1290 4049 1351 4115 ll,
1379 4065 1429 4113 p.
1462 4051 1527 4103 86
1548 4060 1599 4104 et
1623 4065 1762 4114 seq.,
1794 4049 1880 4102 ubi
1911 4057 1965 4101 et
1985 4048 2052 4100 de
2071 4047 2186 4113 ejus

615 4118 918 4173 inventione
943 4120 1045 4190 sub
1071 4119 1261 4172 Carolo
1289 4118 1452 4173 Calvo
1485 4135 1575 4174 an.
1614 4118 1719 4172 868
1747 4119 1942 4190 agitur.
1982 4118 2184 4173 Catlta-

614 4190 752 4244 lonis
781 4204 876 4258 pro
903 4188 1192 4242 Catalautto
1223 4191 1456 4258 ponitur.

689 4289 714 4349 ξ
748 4280 919 4349 Xysti.
946 4279 1218 4343 Stephano
1247 4281 1490 4348 pontiﬁce
1517 4281 1829 4349 martyrium
1865 4293 2019 4349 passo
2048 4292 2187 4332 anno

614 4347 747 4414 257,
776 4347 974 4418 Xystus
1004 4349 1091 4401 die
1123 4364 1246 4401 xxiv
1279 4351 1493 4417 Augusti
1534 4362 1624 4403 aut
1654 4347 1939 4403 circiter'in
1964 4349 2079 4418 ejus
2108 4349 2184 4401 Io-

616 4421 952 4489 cum_codetn
992 4433 1132 4471 anno
1161 4420 1475 4488 subrogatus
1518 4430 1618 4474 est.
1667 4420 1836 4489 llujus
1867 4419 2183 4486 martyrium

616 4489 715 4542 sub
743 4487 917 4541 Tusco
952 4498 1002 4542 et
1035 4489 1196 4541 Basso
1219 4487 1357 4542 coss.
1403 4505 1431 4542 a
1473 4490 1703 4543 Baronio
1731 4487 1875 4544 recte
1902 4491 2182 4542 recitatum

615 4569 734 4622 est;
762 4560 851 4626 qui
885 4559 934 4612 in
960 4573 1025 4611 co
1051 4569 1251 4611 tantum
1275 4569 1436 4623 errat,
1463 4561 1600 4625 quod
1629 4561 1783 4612 Tusci
1808 4570 1858 4613 et
1891 4561 2034 4611 Bassi
2059 4573 2188 4611 con-

616 4632 841 4684 Stlialutll
867 4632 952 4697 qui
983 4632 1033 4682 itt
1066 4646 1259 4682 annum
1286 4630 1479 4685 Christi
1505 4629 1611 4684 258
1643 4630 1864 4692 incidit,
1895 4644 2015 4682 cum
2047 4643 2188 4682 anno

615 4699 712 4754 261
746 4702 982 4769 ejusdem
1014 4716 1134 4753 tera:
1167 4716 1440 4768 perperam
1484 4703 1715 4769 ecpulet,
1742 4709 1796 4754 et
1823 4701 1900 4753 sic
1934 4702 2188 4768 prochro-

619 4774 793 4825 nismo
826 4771 1034 4824 triennii
1079 4783 1279 4838 peccet.
1321 4774 1468 4825 Sedit
1516 4773 1692 4840 itaque
1738 4781 1938 4823 tantum
1973 4785 2186 4824 menses

621 4843 884 4904 undecim,
933 4843 1046 4894 dies
1084 4855 1197 4895 sex.
1243 4842 1506 4896 Eusebius-
1528 4844 1578 4895 in
1615 4841 1840 4894 llistoria
1872 4855 2038 4894 annos
2087 4856 2184 4892 tm-

617 4911 788 4968 decitn
819 4913 1139 4980 pontilicatui
1169 4911 1281 4981 ejus
1306 4915 1560 4983 assignat,
1590 4928 1708 4965 cum
1733 4926 1941 4966 menses
1966 4910 2184 4964 totidem

614 4986 664 5037 ei
697 4984 957 5035 tribuendi
987 4983 1228 5036 fuissent.

683 5069 709 5107 δ
743 5068 1070 5125 Felicissimi.
1104 5072 1164 5125 lli
1195 5087 1298 5125 non
1329 5071 1472 5126 luere
1501 5072 1744 5135 diaconi,
1791 5086 1961 5136 neque
1990 5069 2191 5124 Janua-

613 5141 743 5206 rius,
776 5153 906 5206 etc.,
937 5141 1247 5196 subdiaconl
1269 5181 1284 5204 ,
1336 5159 1508 5210 neque
1538 5143 1726 5196 eodem
1773 5156 1834 5193 ac
1876 5142 2074 5210 Xysms
2103 5141 2190 5193 die

650 5215 752 5265 :tssi
803 5223 946 5276 sunt,
999 5222 1055 5266 ut
1096 5221 1304 5267 constat
1342 5229 1408 5266 ex
1453 5214 1534 5267 Cl.
1595 5211 1862 5266 l'earsonii
1895 5211 2191 5265 Annalibus

655 5283 958 5353 yprianicis.

685 5349 705 5390 έ
743 5352 913 5407 Decio.
945 5352 1127 5410 Potius
1159 5353 1483 5424 temporibus
1535 5350 1803 5408 Valeriani
1858 5360 1913 5408 et
1958 5349 2186 5407 Gallieni

610 5437 774 5493 tmpp.

680 5491 704 5536 ἃ
733 5496 892 5562 Afris.
939 5491 1014 5549 Le
1044 5495 1145 5551 hac
1174 5495 1292 5550 vide
1319 5493 1460 5548 diem
1489 5500 1825 5562 sequentem.

685 5591 709 5618 ⁸
735 5581 944 5637 Bonan.
972 5584 1044 5638 Ea
1071 5601 1188 5652 quae
1215 5587 1278 5641 de
1301 5584 1492 5640 Juliani
1517 5583 1830 5640 educatione
1853 5584 2036 5639 Roma:
2066 5597 2188 5636 cum

613 5647 816 5706 Donato
855 5655 908 5708 iit
939 5655 996 5708 S.
1029 5647 1215 5710 Donati
1245 5657 1392 5710 Actis
1424 5667 1726 5719 narrantur,
1759 5656 1888 5710 falsa
1917 5655 2185 5708 videntur.

617 5738 638 5772 ι
669 5721 800 5778 Illud
827 5723 985 5781 etiam
1017 5727 1084 5781 ab
1113 5729 1259 5783 omni
1290 5728 1496 5782 ratione
1521 5725 1752 5783 alienum
1784 5738 1887 5791 est,
1914 5735 1966 5782 ut
1991 5724 2185 5781 Juliani

2297 3692 2680 3764 persecutionis
2726 3700 2985 3764 tempore,
3019 3691 3106 3764 qui
3137 3705 3236 3745 nec
3266 3689 3722 3764 integro__biennio
3753 3691 3853 3745 im-

2298 3761 2518 3834 peravit,
2553 3763 2691 3817 idem
2719 3761 2775 3817 S.
2810 3762 3046 3834 Donatus
3075 3763 3241 3814 lector
3276 3763 3432 3834 luisse
3459 3761 3680 3824 dicatur,
3710 3761 3860 3816 inde-

2296 3832 2401 3904 que
2425 3846 2768 3889 consecratus
2792 3833 3074 3904 diaconus,
3093 3846 3155 3884 ac
3179 3832 3506 3904 postmultos
3524 3845 3688 3904 annos
3711 3847 3858 3899 pres-

2298 3901 2456 3975 byter
2489 3904 2763 3975 ordinatus
2788 3943 2802 3965 ,
2853 3915 2928 3975 ac_
2958 3901 3185 3968 denique
3229 3901 3401 3975 adhuc
3437 3902 3854 3975 eo_imperante,

2299 3969 2590 4029 decedente
2617 3973 2810 4027 Saturo
2848 3973 3136 4041 episcopo,
3189 3969 3438 4025 sull‘ectus
3481 3971 3549 4041 sit.
3599 3973 3650 4022 itt
3682 3973 3854 4026 locum

2299 4045 2494 4114 ipsius:
2525 4044 2740 4111 insuper
2767 4051 2823 4096 et
2847 4043 3019 4095 adhuc
3037 4040 3461 4114 eodemvivente
3489 4040 3713 4103 Juliano,
3733 4043 3853 4114 tue-

2298 4111 2366 4169 rit
2391 4115 2643 4181 martyrio
2672 4121 2976 4166 coronatus.
3019 4111 3294 4176 Quomodo
3333 4113 3490 4163 etiam
3524 4113 3850 4178 temporibus

2296 4185 2490 4239 Juliani
2522 4185 2686 4237 lector
2713 4184 2885 4236 adhuc
2918 4181 3083 4236 luisse
3120 4183 3424 4249 perhibetur
3447 4222 3462 4243 ,
3511 4183 3598 4248 qui
3645 4196 3674 4232 a
3716 4181 3854 4234 Jutin

2297 4255 2544 4324 pontiﬁce
2575 4253 2814 4308 Romano
2844 4255 3033 4308 dicitttr
3061 4255 3339 4324 episc0pus
3367 4252 3677 4324 ordinatust
3720 4253 3854 4318 Quid

2295 4321 2470 4378 autem
2500 4324 2567 4378 de
2593 4339 2654 4377 ea
2679 4340 2737 4377 re
2761 4325 3005 4386 sentiam,
3036 4325 3232 4389 absque
3255 4322 3430 4388 aliquo
3459 4321 3691 4372 veritatis
3723 4338 3854 4389 prm-

2289 4393 2494 4463 judicio
2522 4395 2749 4448 libenter
2776 4407 2837 4446 ac
2868 4395 3030 4447 libere
3068 4393 3259 4463 dicam.
3299 4393 3429 4444 Puto
3461 4391 3640 4443 Donati
3675 4395 3852 4458 pueri-

2212 4459 2263 4518 D
2291 4459 2417 4519 tiam
2465 4475 2518 4520 et
2566 4466 2933 4518 educationem
2983 4463 3165 4516 Romae
3213 4462 3424 4524 factam,
3479 4472 3854 4528 parentumque

2295 4551 2502 4601 necem,
2530 4550 2632 4588 non
2656 4536 2752 4588 sub
2773 4534 2986 4598 Juliani,
3017 4533 3107 4586 sed
3136 4532 3438 4586 Diocletiani
3470 4533 3687 4596 imperio
3714 4548 3852 4586 Circa

2293 4617 2529 4660 extrema
2565 4606 2706 4660 illius
2747 4606 3125 4669 persecutionis
3155 4614 3388 4665 tempora
3423 4603 3744 4666 contigisse:
3788 4604 3853 4654 ab

2293 4677 2396 4730 illis
2419 4679 2558 4730 enim
2589 4677 2911 4742 temporibus
2937 4688 3099 4739 usque
3127 4681 3188 4724 ad
3211 4672 3470 4726 Julianutn
3501 4671 3566 4722 52
3598 4687 3850 4725 annorum

2293 4749 2522 4815 Spatium
2557 4747 2854 4810 intercedit,
2896 4762 2998 4814 quo
3031 4745 3263 4815 Donatus
3296 4744 3410 4809 luga
3441 4745 3614 4815 lapsus
3639 4758 3697 4795 se
3723 4757 3851 4815 con-

2295 4812 2412 4870 tulit
2441 4817 2676 4872 Aretiunt
2697 4857 2710 4880 ,
2749 4812 2924 4885 ibique
2952 4814 3117 4868 sacris
3159 4815 3432 4885 ordinibus
3465 4828 3492 4864 a
3523 4812 3854 4885 Satttro_t-pi-

2291 4902 2452 4954 scopo
2486 4889 2717 4940 initiatus
2743 4927 2756 4947 ,
2790 4882 2852 4939 ac
2879 4889 3071 4940 deinde
3119 4885 3206 4936 illo
3249 4884 3537 4948 defuncto,
3568 4900 3593 4931 a
3626 4885 3684 4934 S.
3712 4882 3854 4954 Julio

2293 4952 2424 5026 papa
2473 4960 2522 5010 in
2554 4957 2668 5026 ejus
2701 4958 2872 5010 locum
2905 4961 3217 5026 Subrogatus
3243 4994 3255 5014 .
3303 4965 3359 5007 et
3399 4960 3605 5006 demum
3636 4957 3730 5026 sub
3755 4952 3851 5005 Ju-

2293 5023 2432 5082 liatto
2462 5023 2779 5093 imperatore
2809 5023 3082 5096 martyrio
3109 5025 3204 5078 fuit
3251 5034 3556 5078 coronatus.
3597 5042 3613 5075 ο
3657 5023 3854 5076 Banos.

2294 5101 2345 5152 in
2377 5099 2523 5152 Notis
2555 5101 2618 5150 ad
2650 5097 2920 5167 Martyrol.

2371 5188 2389 5226 τ
2423 5189 2663 5243 Calicem.
2696 5188 2828 5242 Vide
2853 5189 2908 5242 S.
2943 5185 3181 5256 Gregorii
3213 5187 3305 5241 lib.
3335 5201 3354 5240 ι
3390 5185 3618 5255 Dialog.,
3659 5199 3775 5254 cap.
3805 5186 3858 5238 7.

2365 5293 2389 5330 ις
2420 5284 2576 5353 Afris.
2609 5282 2738 5335 Cum
2773 5283 2906 5334 hanc
2935 5284 3145 5334 tradant
3178 5295 3206 5333 a
3239 5279 3294 5334 S.
3327 5279 3574 5353 Narcisso
3613 5279 3859 5346 episcOpo

2291 5354 2355 5407 ad
2388 5349 2545 5408 ﬁdem
2574 5369 2692 5407 esse
2719 5366 3053 5416 converstm,
3101 5362 3280 5418 putant
3330 5349 3512 5420 aliqui,
3555 5351 3690 5420 inter
3730 5363 3857 5415 quos

2293 5425 2478 5479 l’etrus
2506 5425 2572 5478 de
2601 5422 2798 5486 Natal.,
2829 5437 2922 5484 vu,
2953 5422 3045 5486 28,
3080 5425 3218 5475 hunc
3245 5421 3388 5473 illum
3417 5419 3536 5473 esse
3559 5419 3858 5472 Narcissum

2291 5497 2598 5562 episcopum
2657 5492 3192 5561 Hierosolyntitanum
3253 5491 3694 5562 laudatissimum.
3756 5488 3852 5542 Alii

2291 5560 2762 5617 autettt‘dixerunt
2813 5560 2952 5617 hunc
3007 5563 3166 5616 fuisse
3224 5560 3524 5615 Narcissum
3570 5571 3856 5629 martyrem

2293 5632 2728 5701 Gerundenseui;
2763 5635 2921 5706 idque
2952 5642 3211 5690 testantur
3238 5632 3350 5702 ejus
3377 5634 3525 5686 Acta.
