4110 6458
291 295 419 356 titul

1389 294 1586 352 SECT.
1632 289 1690 347 ll.
1734 323 1801 333 -—
1844 283 2399 344 MAIITYIIOLOGIA.

3409 291 3545 345 tona

1560 382 1781 439 EDITIO
1818 376 2288 434 COLONIENSIS.

286 481 524 544 Quorum
558 490 781 540 corpora
812 473 1099 530 Christiani
1132 473 1500 529 venerabiliter
1539 472 1688 544 juxta
1735 472 1859 528 citi-
1892 480 1939 537 Α
1968 470 2172 534 siones,
2204 469 2254 523 id
2281 477 2385 532 est,
2421 466 2655 537 Cyriaci,
2687 465 2839 534 Largi
2874 475 2925 519 et
2956 462 3255 535 Smaragdi,
3279 462 3389 517 suis
3417 462 3547 519 locis

290 580 454 624 tatem
491 567 833 635 sepelierunt.
866 564 1029 635 Cujus
1062 565 1301 619 meminit
1332 564 1519 619 beatus
1546 564 1856 633 Gregorius,

283 661 429 729 quod
486 658 707 712 fractum
748 655 969 711 calicem
1017 655 1221 709 orando
1271 664 1615 709 restauraret.
1679 653 1862 709 Romae

244 756 593 805 "sanctorum
616 760 906 818 martyrum
932 748 1094 812 Petri,
1120 747 1368 813 Juliante,
1392 762 1512 801 cum
1538 748 1655 801 aliis
1678 746 1862 801 decem

285 853 340 896 et
368 854 507 897 ueto.
554 839 836 895 Mediolani
887 840 1056 893 sancti
1106 838 1367 904 Faustini,
1398 848 1639 905 tempore
1662 836 1863 893 Aurelii

285 930 558 985 Commodi
591 928 940 999 martyrizati.
970 928 1119 998 Apud
1151 927 1481 998 provinciam
1526 926 1757 993 Rhetiaa,
1789 928 1864 981 ci-

290 1026 505 1079 vitatem
576 1024 863 1094 Augustam
893 1062 908 1087 ,
941 1021 1117 1076 natale
1172 1028 1374 1075 sanctze
1414 1018 1553 1075 Afrae
1586 1020 1861 1089 martyris.

356 1115 418 1170 C.
450 1113 513 1167 VI
546 1112 664 1167 Inus
690 1114 822 1167 Avo.
876 1111 1057 1165 Romae
1103 1109 1185 1164 via
1215 1109 1471 1175 Ostiensi,
1502 1108 1753 1163 milliaria
1782 1123 1864 1163 se-

287 1209 473 1277 ptimo,
500 1206 673 1259 natale
717 1205 885 1257 sancti
917 1202 1125 1274 Cyriaci
1172 1202 1420 1271 martyris
1440 1243 1454 1263 ,
1487 1216 1643 1267 quem
1675 1200 1866 1253 beatus

289 1298 569 1353 Marcellus
595 1312 714 1350 cum
755 1295 952 1349 Lucina
984 1302 1224 1347 matrona
1255 1292 1719 1355 christianissima,
1744 1306 1863 1344 cum

287 1391 405 1443 aliis
428 1389 515 1457 qui
547 1403 665 1442 cum
706 1402 769 1441 eo
812 1386 950 1455 passi
1001 1392 1124 1439 sunt
1170 1392 1476 1439 sanctorum
1526 1382 1860 1451 corporibus,

290 1477 561 1532 transtulit
600 1479 650 1530 in
694 1477 948 1544 prxdium
994 1490 1171 1542 suum,
1203 1473 1462 1528 condiens
1514 1473 1864 1539 aromatibus,

288 1580 346 1623 et
376 1567 767 1623 linteaminibus
812 1567 1111 1622 recondens
1143 1568 1193 1619 in
1225 1565 1567 1634 sarcophagis
1616 1565 1866 1634 lapideis,

290 1668 475 1714 Octava
506 1657 591 1712 die
614 1657 810 1711 mensis
837 1656 1074 1725 Augusti.
1107 1654 1389 1709 Beatorutn
1420 1665 1711 1723 martyrum
1744 1670 1867 1722 pas-

1968 566 2163 615 notata:
2213 566 2361 623 sunt,
2400 557 2501 612 hoc
2534 567 2638 623 est,
2668 558 2894 625 septima
2940 556 3144 610 decima
3194 549 3551 607 Kalendarum

1969 651 2191 720 Aprilis.
2224 651 2379 719 Apud
2420 650 2678 704 Viennam
2714 648 2888 703 natale
2914 650 3082 702 sancti
3113 645 3299 702 Severi
3329 644 3552 716 presby-

1972 742 2067 795 teri
2099 749 2154 794 et
2180 740 2503 795 confessoris
2524 779 2540 804 ,
2570 739 2661 807 qui
2693 740 2852 792 etiam
2903 739 3171 808 ingentem
3220 750 3543 803 paganorum

1972 832 2366 887 multitudinem
2412 831 2575 886 verbo
2623 837 2678 885 et
2727 832 2996 885 miraculis
3038 830 3103 883 ad
3150 830 3306 884 Iidem
3347 827 3548 883 Christi

1971 924 2258 979 convertit.

2042 1015 2104 1068 ι).
2140 1014 2176 1068 V
2206 1015 2323 1069 Inus
2358 1013 2490 1068 Acc.
2543 1011 2727 1067 Romae
2756 1013 2922 1065 sancti
2966 1009 3188 1064 Romani
3220 1010 3427 1072 militis,
3459 1008 3546 1079 qui

1969 1105 2315 1160 confessione
2337 1104 2503 1158 sancti
2538 1104 2805 1159 Laurentii
2831 1110 3204 1169 compunctus,
3235 1104 3387 1168 petiit
3406 1117 3464 1156 se
3486 1102 3551 1153 ah

1978 1214 2043 1250 eo
2068 1197 2342 1266 baptizari,
2366 1207 2417 1251 et
2442 1211 2558 1248 mox
2578 1196 2797 1264 jubeutc
2825 1195 2987 1248 Decio
3013 1209 3131 1247 cum
3159 1193 3384 1246 fustibus
3407 1194 3556 1246 exhi-

1986 1288 2150 1353 bitus,
2201 1304 2262 1342 ac
2312 1287 2607 1342 decollatus
2645 1292 2746 1340 est.
2802 1284 2854 1339 In
2887 1285 3092 1339 Verona
3140 1284 3350 1338 civitate
3381 1285 3556 1353 passio

1971 1390 2277 1435 sanctorum
2311 1378 2476 1433 Firmi
2517 1387 2571 1432 et
2599 1378 2821 1440 Rustici,
2853 1378 2940 1446 qui
2974 1386 3213 1444 tempore
3245 1376 3546 1430 Maximiani

1972 1470 2310 1540 imperatoris
2359 1475 2416 1524 et
2459 1468 2708 1522 Annoliui
2763 1467 3057 1521 consularis
3106 1469 3240 1534 passi
3297 1474 3440 1520 situt.
3494 1466 3560 1519 Et

1973 1562 2150 1633 v'gilia
2180 1561 2349 1615 sancti
2374 1560 2668 1613 Laurentii.

2051 1655 2108 1706 ιε.
2140 1654 2202 1707 IV
2237 1654 2357 1707 Inus
2388 1655 2522 1707 Anc.
2574 1651 2759 1705 Natdc
2787 1650 2952 1705 sancti
2987 1648 3254 1703 Laurentii
3292 1648 3561 1705 archidia-

1532 1744 1752 1798 LDITIU
1797 1742 2302 1799 BOLLANDIANA.

295 1848 412 1891 tur:
444 1846 645 1892 etcum
688 1851 786 1890 nec
815 1836 928 1901 sic,
962 1835 1153 1888 virtute
1188 1834 1433 1902 Domini,
1474 1834 1629 1889 ltesus
1660 1834 1868 1899 fuisset,
1906 1844 1950 1901 Β
1977 1849 2097 1889 cum
2145 1835 2305 1888 sociis
2343 1832 2476 1897 suis,
2525 1848 2661 1902 quos
2713 1832 3029 1887 Maximinus
3071 1831 3383 1886 Diocletiani
3420 1832 3561 1885 [ilius

294 1928 554 1996 lapidatus
583 1926 852 1993 occubuit,
881 1935 1069 1996 agente
1102 1926 1325 1994 prmside
1353 1926 1611 1980 Adriano.

368 2018 452 2082 D.,
507 2020 687 2071 [toruae
727 2020 902 2086 passio
952 2027 1259 2071 sanctorum
1310 2027 1599 2087 martyrum
1652 2032 1875 2070 numero

294 2090 766 2160 vigintiquinque.
801 2088 854 2140 In
900 2087 1397 2160 Antiocltiawnatale
1441 2089 1537 2142 SS.
1583 2089 1877 2160 SuII'ro_nei,

298 2157 555 2240 Venerin,
590 2169 642 2212 et
669 2161 893 2212 aliorum
925 2174 1035 2210 sex.
1072 2158 1333 2210 Mediolau
1359 2177 1370 2205 ι
1410 2160 1584 2212 natale
1612 2160 1669 2211 S.
1694 2160 1717 2186 ⁸
1746 2157 1877 2209 Fau-

292 2240 440 2283 stitit.

350 2322 402 2372 8.
436 2351 503 2359 -
542 2320 599 2372 \'l
626 2316 769 2373 laus.
804 2318 1002 2372 Natalis
1035 2318 1093 2373 S.
1126 2316 1153 2356 ιι
1182 2318 1412 2389 Cyl-iaci.

284 2460 285 2463 η
366 2409 526 2463 Addit
565 2408 627 2462 Τ.
672 2408 829 2477 Largi
873 2417 926 2463 et
972 2408 1291 2477 Sinaragdi:
1341 2407 1406 2463 V.
1460 2407 1677 2475 insuper
1706 2406 1881 2478 jungit

294 2506 507 2559 nomina
539 2504 919 2568 Crescentiani,
951 2503 1211 2559 Memmize
1233 2513 1288 2557 ct
1312 2502 1535 2557 Juliani:
1570 2505 1654 2568 C.,
1680 2504 1879 2557 omisso

293 2597 610 2667 Smaragdo,
644 2596 802 2649 habet
835 2596 1049 2648 nomina
1088 2594 1449 2650 Crescentiani
1495 2603 1551 2650 et
1589 2594 1877 2650 Theodori.

296 2689 539 2759 Elogium
588 2701 763 2741 autem
814 2685 1015 2741 retexit
1063 2684 1252 2740 Florus
1283 2686 1334 2740 in
1380 2684 1447 2740 A.
1482 2693 1535 2740 et
1563 2684 1626 2738 Τ.
1659 2702 1672 2737 :
1713 2686 1878 2752 Quem

297 2782 658 2835 Diocletianus
714 2778 1004 2847 imperator
1052 2788 1266 2846 propter
1321 2776 1478 2831 tiliam
1537 2793 1565 2830 a
1623 2778 1881 2833 daemonis

294 2874 576 2927 vexatione
594 2873 663 2925 ab
692 2872 807 2936 ipso
833 2880 1069 2924 curatam
1093 2870 1324 2925 maxime
1348 2884 1631 2935 venerans,
1665 2884 1762 2940 pro
1790 2884 1877 2924 ea-

296 2971 419 3022 dem
452 2982 509 3021 re
539 2965 650 3035 rcgi
684 2964 966 3019 Persarum
996 2964 1161 3019 misit.
1193 2962 1355 3032 Cujus
1377 2964 1535 3019 etiam
1572 2963 1734 3018 filiam
1760 2976 1879 3017 cum

298 3076 329 3113 a
350 3058 615 3113 daemonio
644 3057 923 3111 Iibera~set
944 3071 1063 3109 cum
1093 3064 1240 3122 patre
1263 3065 1317 3110 et
1337 3055 1455 3109 aliis
1477 3055 1881 3125 quadringentis

296 3153 511 3220 triginta
547 3150 849 3215 baptiaavit.
878 3147 1009 3201 Hinc
1040 3161 1309 3202 reversum
1338 3146 1652 3200 Maximinus
1682 3147 1881 3200 catenis

302 3240 543 3309 ligatum,
567 3247 690 3292 ante
719 3236 937 3291 rhedam
965 3251 1116 3290 suam
1140 3235 1336 3289 nudum
1364 3235 1525 3303 trahi,
1549 3244 1601 3291 et
1621 3250 1653 3290 a
1682 3235 1882 3291 vicario

297 3346 395 3386 suo
422 3331 681 3401 Carpasio
707 3330 936 3386 diversis
966 3330 1137 3397 pinnis
1166 3328 1421 3384 afﬂictum
1441 3368 1458 3396 ,
1499 3344 1620 3385 cum
1653 3328 1771 3385 aliis
1797 3328 1879 3383 vi-

297 3424 431 3494 ginti
457 3422 622 3492 jussit
649 3425 826 3493 capite
858 3422 1033 3492 plecti.

373 3539 432 3590 L.
461 3537 539 3592 sic
567 3537 780 3592 brevius
810 3553 821 3587 :
858 3535 1039 3589 Roma:
1071 3534 1296 3589 elcvatio
1320 3533 1563 3603 corporis
1587 3533 1642 3590 S.
1670 3536 1877 3605 Cyriaci

1982 1907 2208 1959 diversis
2241 1904 2415 1972 pinnis
2444 1904 2820 1973 afﬂictoscum
2851 1904 2969 1955 aliis
2997 1904 3179 1973 viginti
3201 1902 3362 1971 jussit
3387 1904 3562 1966 capite

1984 1976 2162 2041 plecti.
2201 1975 2280 2038 It.,
2334 1974 2519 2027 Roma:
2566 1974 2623 2029 S.
2663 1972 2871 2041 Cyriaci
2924 1972 3170 2042 martyris
3214 1984 3266 2027 et
3298 1973 3561 2025 sociorum

1981 2044 2117 2111 ejus.
2152 2045 2205 2098 In
2241 2054 2263 2083 ο
2297 2042 2606 2098 Ntcutttetlia
2649 2048 2821 2096 natale
2860 2043 2959 2096 SS.
3012 2044 3218 2107 Nazari,
3269 2043 3463 2097 .Ittliatti
3510 2052 3565 2097 cI.

1986 2115 2180 2184 Agapa:
2210 2114 2449 2185 virginis.
2487 2112 2852 2181 Philadelphia
2880 2114 3055 2167 uitale
3086 2113 3146 2167 S.
3174 2112 3388 2167 Leonis.

2052 2206 2105 2259 9.
2136 2234 2206 2246 —
2238 2204 2274 2257 V
2329 2207 2466 2258 laus.
2513 2207 2539 2245 ιι
2570 2202 2754 2272 Vigilia
2795 2204 2851 2258 S.
2907 2202 3197 2258 Laurentii.
3249 2202 3445 2257 Eodem
3475 2203 3564 2258 die

1983 2294 2165 2350 Romte
2192 2294 2252 2351 S.
2288 2303 2311 2331 ⁶
2340 2291 2567 2347 Romani
2599 2292 2803 2359 militis,
2830 2294 2917 2361 qui
2946 2292 3288 2347 confessione
3316 2292 3375 2347 S.
3422 2293 3563 2347 Lau-

1982 2385 2139 2441 rentii
2184 2392 2557 2453 compunctus,
2590 2383 2744 2452 petiit
2773 2382 2839 2435 ab
2882 2396 2948 2437 eo
2995 2380 3287 2451 baptizari;
3328 2392 3384 2437 et
3411 2399 3563 2448 mox,

1977 2478 2201 2548 juhcnte
2235 2476 2416 2541 Decio,
2451 2490 2572 2530 cum
2604 2474 2833 2529 fustibus
2874 2472 3148 2527 exhibitus
3178 2486 3240 2527 ac
3269 2474 3562 2529 decollatus

1982 2586 2012 2621 0
2046 2580 2083 2620 L

2058 2662 2245 2715 Florus
2266 2662 2317 2714 in
2364 2661 2425 2715 A.
2458 2669 2508 2715 et
2537 2658 2629 2727 T.,
2674 2657 2913 2712 Colonia:
2946 2656 3123 2711 natale
3167 2654 3268 2713 SS.
3301 2653 3565 2722 Faustini,

1990 2750 2004 2788 ¹
2045 2751 2362 2815 Marcellini,
2395 2748 2741 2813 Secundiani,
2778 2757 2833 2802 et
2860 2746 3014 2800 Sixti.
3050 2744 3251 2800 Eodem
3299 2744 3386 2800 die
3424 2744 3565 2814 apud

1990 2847 2250 2900 Veronam
2284 2844 2460 2912 passio
2509 2843 2608 2898 SS.
2656 2852 2680 2889 ε
2734 2838 2893 2895 Firmi
2925 2851 2976 2895 et
3009 2840 3214 2894 RuStici
3266 2839 3400 2911 :qui
3450 2847 3569 2907 post

1984 2938 2157 3005 ignem
2189 2946 2492 3006 catteraque
2523 2944 2811 3002 tormenta,
2844 2935 2943 2988 sub
2966 2934 3305 2998 Maximiano,
3337 2933 3567 2987 Anulino

1986 3028 2072 3103 [Τ.
2123 3027 2341 3099 Amitio]
2393 3028 2702 3083 coiisiliario
2743 3027 2884 3094 ejus,
2927 3026 3188 3095 capitibus
3244 3027 3565 3093 plectuntur.

1988 3122 2077 3189 L.,
2103 3121 2227 3177 Sola
2259 3122 2448 3175 horum
2483 3119 2694 3173 nomina
2720 3127 2773 3172 et
2800 3118 2982 3187 agonis
3003 3118 3176 3172 locum
3208 3117 3385 3173 habet.

1909 3204 1956 3266 C
2064 3214 2144 3274 Β..
2176 3212 2232 3266 1η
2280 3209 2595 3266 Alexandria
2648 3209 2824 3263 natale
2854 3209 2949 3265 SS.
2984 3209 3258 3272 Antonini,
3314 3208 3564 3274 Tiburtii,

1995 3283 2283 3337 Valeriani.
2316 3283 2376 3336 Ο.
2413 3280 2501 3345 V.,
2556 3282 2608 3333 In
2664 3280 2881 3333 Oriente
2933 3278 3119 3343 Firmi,
3171 3278 3395 3342 Rustici,
3436 3280 3566 3333 Cie-

1993 3353 2274 3416 Scentiani,
2305 3350 2594 3414 Theodori,
2634 3350 2717 3404 vel
2742 3349 3029 3402 ‘Tlteodoli.

2068 3445 2151 3500 IO.
2186 3474 2257 3485 -—
2300 3444 2369 3498 IV
2400 3444 2541 3497 Inus.
2585 3441 2770 3495 Natale
2799 3439 2854 3496 S.
2889 3438 2915 3477 ιι
2946 3439 3213 3495 Laurentii
3242 3442 3344 3495 sub
3374 3442 3566 3509 Decio;

1991 3541 2080 3607 qui
2105 3553 2219 3607 post
2250 3537 2473 3607 plut-ima
2504 3543 2761 3590 tormenta
2785 3532 3039 3598 carceris,
3076 3534 3353 3588 Verberum
3379 3533 3559 3589 diver-

1686 3632 1889 3687 SMI'I‘II
1929 3630 2153 3690 ΝΟΤιΕ.

377 3732 399 3758 ⁸
436 3722 695 3778 Faustini.
727 3722 827 3789 Qui
872 3721 971 3774 sub
1004 3720 1218 3775 Aurelio
1245 3718 1540 3775 Commodo
1570 3733 1686 3788 post
1717 3727 1879 3777 multa

300 3794 594 3848 certamina
640 3792 877 3863 martyrii
929 3793 1153 3859 palmam
1205 3792 1429 3859 adeptus
1466 3800 1567 3846 est.
1612 3792 1897 3862 Nomen,

305 3865 441 3927 Ann,
474 3865 669 3917 Ilanna.

382 3934 405 4003 lt
439 3933 659 4003 Cyriaci.
688 3931 851 4001 Hujus
880 3944 931 3986 et
957 3932 1187 4003 Largiet
1213 3932 1486 3999 Sniaragdi
1522 3932 1635 3986 dies
1665 3936 1878 4001 natalis,

308 4001 613 4058 Celi'hratur
640 4020 797 4072 supra
830 4004 914 4055 die
959 4018 1066 4056 xvtt
1109 4001 1229 4057 Kal.
1274 4003 1489 4065 Aprilis.
1526 4004 1720 4057 Eorum
1765 4020 1883 4060 cor-

310 4091 435 4142 pora
486 4088 515 4127 a
560 4072 763 4128 Joanne
815 4074 1125 4140 presbytero
1175 4075 1255 4125 via
1299 4072 1505 4128 Salaria
1551 4075 1780 4140 sepulta,
1820 4075 1879 4130 S.

312 4146 591 4199 Marcellus
621 4160 751 4212 papa
780 4142 831 4196 in
866 4144 1119 4210 praedium
1161 4142 1374 4197 Lucinae
1408 4143 1489 4196 via
1517 4143 1747 4199 Ostiensi
1781 4147 1880 4200 hac

313 4218 399 4269 die
433 4215 719 4269 transtulit.
750 4216 877 4280 Quae
916 4221 1099 4277 postea
1138 4214 1189 4267 in
1224 4213 1420 4269 Urbem
1449 4214 1645 4279 delata,
1678 4214 1731 4268 in
1773 4216 1879 4270 dia:

310 4285 464 4338 conia
498 4285 557 4339 S.
587 4285 763 4338 Mariae
796 4286 846 4337 in
873 4283 955 4336 via
987 4283 1112 4336 Lata
1142 4283 1413 4337 recondita
1442 4283 1676 4340 fuerunt.

386 4367 409 4392 ε
441 4353 766 4409 Nicomedia.
796 4353 851 4407 In
880 4352 1110 4408 Notkero
1142 4355 1253 4407 lucc
1281 4356 1541 4408 sententia
1588 4355 1665 4409 sic
1704 4370 1765 4411 se
1791 4356 1884 4411 ha-

319 4426 438 4479 bet:
478 4424 531 4478 ln
579 4426 884 4479 Nicomedia
935 4424 1123 4478 natalis
1165 4425 1259 4475 SS.
1310 4423 1538 4486 Nazarii,
1589 4425 1783 4480 Juliani
1831 4435 1885 4482 et

317 4501 526 4565 Agapes
556 4497 795 4565 virginis,
829 4496 1159 4565 Eutychiani,
1188 4494 1583 4565 Philadelphim,
1614 4494 1882 4551 Leonidis.

388 4565 415 4603 ἀ
466 4564 671 4635 Vigilia.
714 4568 817 4618 Cur
859 4564 1034 4619 autem
1081 4580 1188 4635 prie
1218 4564 1426 4635 caeteris
1470 4566 1794 4635 martyribus
1823 4570 1881 4623 S.

320 4634 587 4691 Laurentii
618 4646 840 4705 agantur
869 4636 1085 4705 vigilite,
1142 4634 1192 4687 id
1241 4634 1450 4705 quidem
1506 4650 1609 4687 non
1665 4636 1767 4690 alia
1821 4638 1888 4693 de

318 4722 478 4761 causa
522 4703 739 4769 factum,
770 4703 1013 4773 qnam‘ex
1044 4706 1264 4772 pristina
1294 4703 1380 4757 ilta
1416 4704 1671 4758 Fidelium
1702 4706 1888 4763 obser-

321 4779 553 4841 vatione,
582 4780 668 4845 qui
696 4776 1026 4844 propensiori
1059 4777 1235 4829 studio
1267 4777 1330 4845 ad
1359 4789 1553 4840 corpus
1583 4778 1711 4829 tanti
1747 4793 1882 4833 mar-

322 4851 455 4918 tyris
484 4844 703 4915 vigilare
728 4857 1022 4914 cteperuut,
1066 4845 1265 4918 utejus
1296 4844 1425 4899 Acta
1469 4854 1763 4911 te~tantur;
1813 4850 1891 4903 sic

322 4916 465 4973 enim
507 4918 703 4971 habent
734 4936 745 4969 :
782 4937 800 4969 ι
829 4919 959 4971 Cum
989 4916 1327 4970 tradidissent
1356 4918 1644 4982 sepulturae
1666 4918 1721 4972 S.
1755 4918 1890 4973 Lau-

328 5006 348 5038 ι
392 4990 640 5052 reutinm,
665 4988 968 5057 jejunantes
994 4987 1331 5041 celebrarunt
1358 4986 1563 5055 vigilias
1596 4990 1765 5043 noctis
1796 4990 1886 5043 tri-

332 5077 349 5108 ι
389 5059 495 5112 duo
541 5075 660 5111 cum
718 5061 879 5113 multa
945 5058 1366 5112 Christianorum
1424 5057 1742 5125 frequentia,
1796 5076 1893 5115 nec

331 5149 348 5177 ι
386 5139 661 5183 cessarunt
688 5145 715 5181 a
746 5132 883 5181 luctu
911 5141 962 5181 et
992 5128 1260 5198 lacrymis.
1292 5146 1311 5179 ι
1346 5128 1545 5182 ΒΑηοιι.
1578 5127 1629 5181 in
1656 5130 1817 5185 notis.

409 5209 432 5237 ο
476 5200 709 5254 Romani.
755 5200 907 5253 Venit
936 5210 1110 5253 autem
1140 5198 1378 5254 Justinus
1411 5200 1687 5268 presbyter
1711 5212 1890 5265 noctu,

330 5272 716 5338 collectumque
746 5286 939 5336 corpus
961 5270 1076 5342 ejus
1106 5269 1350 5342 sepelivit
1378 5271 1430 5323 in
1463 5283 1647 5339 crypta
1686 5274 1735 5325 in
1766 5285 1894 5342 agro

334 5344 559 5397 Verane.
593 5342 787 5396 Sun'us
818 5352 946 5394 tom.
993 5339 1079 5403 IV,
1113 5354 1164 5407 p.
1196 5340 1322 5395 583.

408 5414 427 5450 ί
471 5412 781 5473 Marcellini,
832 5411 1166 5467 Secundiani.
1206 5411 1303 5475 Qui
1355 5424 1417 5464 ex
1466 5411 1894 5475 persecutoribus

329 5482 455 5538 facti
477 5483 785 5547 Christiani,
819 5494 1057 5549 tempore
1086 5482 1225 5535 Decii
1254 5481 1353 5535 sub
1374 5480 1641 5535 consulari
1677 5482 1895 5535 Promo-

332 5565 385 5608 to
427 5554 653 5622 primum
683 5555 806 5607 cazsi
844 5564 986 5615 sunt,
1029 5553 1221 5606 deinde
1265 5552 1497 5619 equuleo
1544 5566 1740 5621 suspen
1775 5553 1813 5619 i,
1844 5562 1897 5607 ct

332 5627 542 5692 ungulis
568 5626 765 5688 abrasi,
796 5634 953 5690 atque
983 5626 1101 5689 igne
1144 5623 1396 5675 lateribus
1439 5626 1684 5690 apposito
1709 5628 1892 5684 assati.

332 5695 701 5763 trimuphalcm
748 5695 984 5762 martyrii
1018 5692 1246 5763 palmam
1295 5693 1465 5759 capite
1516 5694 1637 5748 ca’si
1692 5709 1897 5750 merue-

331 5774 472 5821 tunI.
500 5762 711 5831 Sumus,
741 5775 869 5816 tom.
895 5763 982 5819 ιν.
1014 5762 1247 5825 υευΑιιη.

731 5856 999 5914 Parant.
1040 5853 1259 5915 XCIV.

1920 4466 1969 4524 Ι)

2067 3737 2092 3773 s
2156 3722 2343 3778 Firmi.
2410 3721 2663 3778 Caucario
2708 3718 2908 3777 viciirio
2971 3720 3289 3778 Verenensis
3336 3722 3568 3780 civitatis

1986 3796 2135 3864 juxta
2178 3810 2403 3862 corpora
2438 3793 2708 3863 vigilante,
2755 3804 2961 3860 septem
2992 3792 3087 3847 viri
3112 3809 3169 3849 se
3196 3797 3561 3862 negociatores

1987 3875 2292 3921 asserentes
2336 3878 2560 3931 corpora
2602 3865 2954 3929 absmlerunt,
2986 3874 3041 3918 et
3067 3879 3185 3918 cum
3217 3864 3427 3934 navigio
3456 3868 3561 3919 im-

1989 3936 2317 4018 posuissent,
2348 3935 2485 4018 ultra
2523 3948 2625 4018 non
2656 3943 3086 4018 comparuerunt.
3116 3934 3351 4002 Corpora
3369 3948 3561 4018 autem

1988 4005 2101 4070 ipsa
2136 4015 2434 4059 transvecta
2464 4011 2588 4059 sunt
2630 4005 2694 4056 ad
2724 4005 3196 4071 Carthaginiensem
3230 4006 3559 4070 provinciam

1988 4079 2039 4131 iu
2068 4077 2339 4132 civitatem
2382 4088 2501 4142 qua:
2530 4074 2721 4127 dicitur
2750 4071 3056 4127 Praedones.
3092 4074 3277 4127 Postea
3312 4078 3563 4129 translata

1988 4155 2112 4201 sunt
2137 4146 2202 4199 ad
2231 4145 2431 4212 Capras
2453 4145 2719 4198 civitatem
2749 4143 2989 4207 Ilistrice;
3017 4144 3103 4198 ubi
3130 4144 3447 4212 quieverunt
3470 4147 3565 4197 do-

1991 4232 2090 4272 nec
2116 4231 2144 4270 a
2171 4216 2229 4271 S.
2258 4215 2419 4270 Maria
2457 4213 2769 4278 Veronensi,
2794 4213 2932 4268 dicta
2980 4215 3365 4278 Consolatricc,
3397 4213 3561 4271 Vero-

1993 4303 2111 4342 nam
2143 4294 2405 4353 reportata
2447 4295 2587 4337 sunt.
2626 4284 2789 4338 Pura.
2837 4284 2906 4339 de
2936 4284 3105 4339 Natal.

2070 4354 2096 4394 δ
2134 4356 2419 4410 Laurentii.
2466 4356 2591 4423 Ejus
2621 4355 2932 4423 tuat'tyiiunt
2968 4365 3085 4423 pert
3109 4366 3195 4409 net
3226 4355 3288 4409 ad
3320 4371 3407 4410 an.
3441 4356 3570 4422 258',

1995 4429 2045 4482 in
2075 4427 2310 4495 Epistula
2352 4428 2491 4479 enim
2506 4421 2576 4480 'S.
2608 4421 2855 4496 Cypria-ii
2885 4426 2947 4477 ad
2971 4421 3299 4482 Successum
3331 4443 3395 4481 eo
3428 4444 3572 4482 anno

1991 4500 2135 4563 data,
2169 4499 2351 4552 Sixtus
2384 4512 2515 4566 papa
2547 4498 2598 4550 in
2648 4497 2960 4551 cmmeterio
2992 4498 3395 4552 animadversus
3432 4498 3563 4552 dici-

1991 4579 2076 4624 tur
2105 4579 2290 4624 octivo
2322 4566 2503 4621 Iduum
2534 4569 2913 4635 Augustarum,
2942 4579 3088 4621 sexta
3120 4568 3322 4622 scilicet
3352 4569 3556 4622 mensis

1987 4641 2105 4709 ejus
2132 4639 2254 4704 die;
2296 4639 2521 4706 ideoque
2548 4652 2678 4709 cuiu,
2700 4638 2836 4709 inter
2885 4640 2942 4692 S.
2977 4636 3111 4709 Sixti
3153 4635 3421 4705 poutilicis
3455 4639 3559 4691 Ito-

1992 4707 2134 4764 mani
2184 4717 2411 4762 mortem
2462 4717 2515 4761 et
2544 4707 2813 4761 Laurentii
2865 4708 3177 4776 martyrium
3221 4708 3450 4760 triduum
3483 4724 3569 4760 so-

1993 4779 2266 4833 lummodo
2296 4778 2685 4840 intercesserit,
2716 4788 2771 4829 ut
2800 4786 3010 4830 constat
3033 4792 3097 4830 ex
3133 4778 3278 4832 Actis
3302 4780 3441 4842 apud
3470 4777 3570 4833 Su-

1991 4851 2148 4913 rium,
2181 4849 2245 4903 ad
2275 4848 2419 4902 diem
2462 4847 2703 4917 ejusdem
2737 4847 3223 4900 mensis-decimam
3256 4847 3382 4900 illud
3418 4850 3557 4901 rel‘e-

1992 4921 2236 4974 rendum.
2290 4919 2449 4971 Divus
2494 4918 2713 4985 Augusti
2741 4933 2820 4969 ius
2876 4918 3073 4986 passim
3126 4920 3285 4972 variis
3330 4917 3381 4972 in
3429 4920 3561 4973 locis

1994 4990 2333 5044 Laurentium
2364 4988 2557 5050 laudat,
2587 4999 2640 5041 et
2672 4988 2979 5051 Ituinartus,
3015 4989 3095 5041 vir
3122 4988 3474 5051 clarissimus,
3514 4991 3566 5041 iu

1993 5062 2140 5115 Actis
2164 5060 2453 5128 primorum
2484 5068 2775 5128 martyrum
2799 5056 3021 5113 sinceris
3042 5068 3095 5113 et
3123 5058 3333 5114 selectis
3360 5076 3409 5127 p.
3444 5058 3571 5118 {80.

1994 5132 2157 5185 multa
2188 5130 2403 5185 exhibet
2430 5130 2497 5183 de
2528 5129 2581 5184 S.
2612 5130 2650 5182 L
2670 5128 2897 5182 inrentia
2925 5145 2989 5183 ex
3015 5130 3241 5184 aliorum
3265 5140 3570 5191 sanctorum

1997 5213 2203 5266 patrum
2251 5212 2306 5254 et
2334 5210 2573 5255 veterum
2615 5200 2936 5267 scriptorum
2983 5201 3255 5268 opusculis
3297 5209 3569 5267 excerpta.

1994 5273 2130 5325 Cum
2162 5273 2221 5325 S.
2252 5272 2434 5327 Sixtus
2462 5274 2560 5323 sub
2594 5270 2880 5323 Valct'iatto
2927 5272 3237 5340 martyrium
3268 5285 3453 5337 passus
3484 5272 3569 5333 sit,

1995 5355 2215 5397 necesse
2260 5349 2345 5396 est
2388 5351 2440 5393 «ιι
2492 5356 2703 5404 passum
2756 5341 2812 5395 S.
2850 5342 3194 5396 Laurentium
3251 5342 3350 5395 sub
3381 5342 3571 5396 eodem

1997 5415 2352 5480 imperatore;
2384 5413 2511 5465 Acta
2560 5413 2716 5479 igitur
2746 5411 2804 5467 S.
2854 5413 3119 5465 Laurentii
3154 5421 3209 5465 et
3234 5415 3411 5463 outnia
3460 5410 3574 5466 fere

2000 5485 2398 5551 Martyrologia,
2420 5493 2645 5551 excepto
2678 5483 2888 5537 Ilaronii
2925 5481 3219 5553 Mai~tyrol.,
3253 5482 3567 5553 corrigenda

1998 5563 2142 5617 sunt,
2171 5565 2290 5622 quae
2317 5553 2452 5607 falso
2478 5567 2605 5623 eum
2632 5554 2732 5605 sub
2779 5554 2942 5607 Decio
2974 5552 3186 5623 passum
3221 5552 3574 5623 tradiderunt.

1999 5625 2167 5689 Hujus
2193 5637 2384 5693 corpus
2411 5638 2439 5675 a
2473 5622 2530 5676 Β.
2564 5622 2848 5693 Ηέρυοιγιυ
2894 5632 2950 5693 et
2978 5622 3207 5693 ’J.tts:ino
3256 5622 3575 5692 presbytero

2000 5688 2265 5758 sepultum
2299 5688 2391 5749 fuit
2440 5693 2489 5746 iu
2531 5688 2842 5749 cwtneterio
2892 5688 3133 5765 Cyriaca:
3188 5688 3437 5764 iu'agro'
3478 5695 3573 5751 Ve—

2002 5779 2151 5821 vano.

3070 5856 3151 5921 32
