  <div class='ocr_page' id='page_1' title='image "/cluster/home/n/w/nwhite01/storage/ocr_20150623/94/umn.31951002477387e/507.png"; bbox 0 0 4110 6458; ppageno 0'>
   <div class='ocr_carea' id='block_1_1' title="bbox 590 247 736 303">
    <p class='ocr_par' dir='ltr' id='par_1_1' title="bbox 590 247 736 303">
     <span class='ocr_line' id='line_1_1' title="bbox 590 247 736 303; baseline -0.021 0"><span class='ocrx_word' id='word_1_1' title='bbox 590 247 736 303; x_wconf 62' lang='grc' dir='ltr'>ῈΟΟΞ</span> 
     </span>
    </p>
   </div>
   <div class='ocr_carea' id='block_1_2' title="bbox 1306 246 3057 306">
    <p class='ocr_par' dir='ltr' id='par_1_2' title="bbox 1306 246 3057 306">
     <span class='ocr_line' id='line_1_2' title="bbox 1306 246 3057 306; baseline -0.001 -5"><span class='ocrx_word' id='word_1_2' title='bbox 1306 248 1510 304; x_wconf 74' lang='grc' dir='ltr'><strong>ΒΕΒΑΞ</strong></span> <span class='ocrx_word' id='word_1_3' title='bbox 1556 248 2005 306; x_wconf 75' lang='lat' dir='ltr'><strong>VENEIIABIIJS</strong></span> <span class='ocrx_word' id='word_1_4' title='bbox 2043 248 2193 305; x_wconf 81' lang='lat' dir='ltr'><strong>OPP.</strong></span> <span class='ocrx_word' id='word_1_5' title='bbox 2240 248 2413 305; x_wconf 78' lang='lat' dir='ltr'><strong>PARS</strong></span> <span class='ocrx_word' id='word_1_6' title='bbox 2454 249 2539 303; x_wconf 84' lang='lat' dir='ltr'><strong>IV.</strong></span> <span class='ocrx_word' id='word_1_7' title='bbox 2575 279 2637 287; x_wconf 88' lang='lat'><strong>-—</strong></span> <span class='ocrx_word' id='word_1_8' title='bbox 2682 246 3057 303; x_wconf 71' lang='lat' dir='ltr'><strong>IIISTOBICA.</strong></span> 
     </span>
    </p>
   </div>
   <div class='ocr_carea' id='block_1_3' title="bbox 3730 252 3871 308">
    <p class='ocr_par' dir='ltr' id='par_1_3' title="bbox 3730 252 3871 308">
     <span class='ocr_line' id='line_1_3' title="bbox 3730 252 3871 308; baseline 0.021 -3"><span class='ocrx_word' id='word_1_9' title='bbox 3730 252 3833 305; x_wconf 65' lang='lat'><strong>100</strong></span> <span class='ocrx_word' id='word_1_10' title='bbox 3844 254 3871 308; x_wconf 68' lang='grc'>4</span> 
     </span>
    </p>
   </div>
   <div class='ocr_carea' id='block_1_4' title="bbox 1870 358 2602 415">
    <p class='ocr_par' dir='ltr' id='par_1_4' title="bbox 1870 358 2602 415">
     <span class='ocr_line' id='line_1_4' title="bbox 1870 358 2602 415; baseline 0 -2"><span class='ocrx_word' id='word_1_11' title='bbox 1870 359 2097 414; x_wconf 80' lang='lat' dir='ltr'><strong>EDITIO</strong></span> <span class='ocrx_word' id='word_1_12' title='bbox 2134 358 2602 415; x_wconf 84' lang='lat' dir='ltr'><strong>COLONIENSIS.</strong></span> 
     </span>
    </p>
   </div>
   <div class='ocr_carea' id='block_1_5' title="bbox 594 448 3874 529">
    <p class='ocr_par' dir='ltr' id='par_1_5' title="bbox 594 448 3874 529">
     <span class='ocr_line' id='line_1_5' title="bbox 594 448 3874 529; baseline 0.001 -23"><span class='ocrx_word' id='word_1_13' title='bbox 594 451 715 506; x_wconf 91' lang='lat' dir='ltr'><strong>coni</strong></span> <span class='ocrx_word' id='word_1_14' title='bbox 749 451 848 505; x_wconf 91' lang='lat' dir='ltr'><strong>sub</strong></span> <span class='ocrx_word' id='word_1_15' title='bbox 884 452 1062 516; x_wconf 88' lang='lat' dir='ltr'><strong>Decio,</strong></span> <span class='ocrx_word' id='word_1_16' title='bbox 1088 450 1174 519; x_wconf 85' lang='lat' dir='ltr'><strong>qui</strong></span> <span class='ocrx_word' id='word_1_17' title='bbox 1203 460 1323 520; x_wconf 89' lang='lat' dir='ltr'><strong>post</strong></span> <span class='ocrx_word' id='word_1_18' title='bbox 1353 449 1579 519; x_wconf 86' lang='lat' dir='ltr'><strong>plurima</strong></span> <span class='ocrx_word' id='word_1_19' title='bbox 1612 458 1881 505; x_wconf 86' lang='lat' dir='ltr'><strong>tormenta</strong></span> <span class='ocrx_word' id='word_1_20' title='bbox 1917 451 2177 516; x_wconf 74' lang='lat' dir='ltr'><strong>carceris,</strong></span> <span class='ocrx_word' id='word_1_21' title='bbox 2212 470 2258 529; x_wconf 62' lang='grc' dir='ltr'><strong>Α</strong></span> <span class='ocrx_word' id='word_1_22' title='bbox 2289 458 2464 505; x_wconf 89' lang='lat' dir='ltr'><strong>menta</strong></span> <span class='ocrx_word' id='word_1_23' title='bbox 2509 449 2560 503; x_wconf 91' lang='lat' dir='ltr'><strong>in</strong></span> <span class='ocrx_word' id='word_1_24' title='bbox 2588 448 2746 503; x_wconf 91' lang='lat' dir='ltr'><strong>domo</strong></span> <span class='ocrx_word' id='word_1_25' title='bbox 2777 448 2986 518; x_wconf 88' lang='lat' dir='ltr'><strong>propria</strong></span> <span class='ocrx_word' id='word_1_26' title='bbox 3016 448 3189 519; x_wconf 89' lang='lat' dir='ltr'><strong>gladio</strong></span> <span class='ocrx_word' id='word_1_27' title='bbox 3220 450 3456 517; x_wconf 89' lang='lat' dir='ltr'><strong>percuti,</strong></span> <span class='ocrx_word' id='word_1_28' title='bbox 3484 459 3537 505; x_wconf 87' lang='lat' dir='ltr'><strong>et</strong></span> <span class='ocrx_word' id='word_1_29' title='bbox 3564 453 3643 505; x_wconf 89' lang='lat' dir='ltr'><strong>sic</strong></span> <span class='ocrx_word' id='word_1_30' title='bbox 3671 464 3874 527; x_wconf 75' lang='lat' dir='ltr'><strong>marty-</strong></span> 
     </span>
    </p>
   </div>
   <div class='ocr_carea' id='block_1_6' title="bbox 598 542 2182 608">
    <p class='ocr_par' dir='ltr' id='par_1_6' title="bbox 598 542 2182 608">
     <span class='ocr_line' id='line_1_6' title="bbox 598 542 2182 608; baseline 0.001 -12"><span class='ocrx_word' id='word_1_31' title='bbox 598 544 883 600; x_wconf 88' lang='lat' dir='ltr'><strong>verberum</strong></span> <span class='ocrx_word' id='word_1_32' title='bbox 914 543 1239 598; x_wconf 79' lang='lat' dir='ltr'><strong>diversarum</strong></span> <span class='ocrx_word' id='word_1_33' title='bbox 1275 542 1587 596; x_wconf 93' lang='lat' dir='ltr'><strong>laminarum</strong></span> <span class='ocrx_word' id='word_1_34' title='bbox 1618 542 1941 608; x_wconf 78' lang='lat' dir='ltr'><strong>ardentium,</strong></span> <span class='ocrx_word' id='word_1_35' title='bbox 1964 543 2028 597; x_wconf 89' lang='lat' dir='ltr'><strong>ad</strong></span> <span class='ocrx_word' id='word_1_36' title='bbox 2057 543 2182 597; x_wconf 80' lang='lat' dir='ltr'><strong>ulti-</strong></span> 
     </span>
    </p>
   </div>
   <div class='ocr_carea' id='block_1_7' title="bbox 600 626 2180 707">
    <p class='ocr_par' dir='ltr' id='par_1_7' title="bbox 600 626 2180 707">
     <span class='ocr_line' id='line_1_7' title="bbox 600 626 2180 707; baseline -0.001 -15"><span class='ocrx_word' id='word_1_37' title='bbox 600 626 743 692; x_wconf 84' lang='lat' dir='ltr'><strong>mum</strong></span> <span class='ocrx_word' id='word_1_38' title='bbox 796 637 847 691; x_wconf 92' lang='lat' dir='ltr'><strong>in</strong></span> <span class='ocrx_word' id='word_1_39' title='bbox 892 636 1141 690; x_wconf 78' lang='lat' dir='ltr'><strong>craticula</strong></span> <span class='ocrx_word' id='word_1_40' title='bbox 1193 634 1364 689; x_wconf 88' lang='lat' dir='ltr'><strong>ferrea</strong></span> <span class='ocrx_word' id='word_1_41' title='bbox 1414 644 1648 701; x_wconf 82' lang='lat' dir='ltr'><strong>assatus,</strong></span> <span class='ocrx_word' id='word_1_42' title='bbox 1681 635 1991 707; x_wconf 90' lang='lat' dir='ltr'><strong>martyrium</strong></span> <span class='ocrx_word' id='word_1_43' title='bbox 2032 651 2180 692; x_wconf 85' lang='lat' dir='ltr'><strong>corn-</strong></span> 
     </span>
    </p>
   </div>
   <div class='ocr_carea' id='block_1_8' title="bbox 602 727 2183 797">
    <p class='ocr_par' dir='ltr' id='par_1_8' title="bbox 602 727 2183 797">
     <span class='ocr_line' id='line_1_8' title="bbox 602 727 2183 797; baseline 0.001 -15"><span class='ocrx_word' id='word_1_44' title='bbox 602 728 783 796; x_wconf 65' lang='lat' dir='ltr'><strong>plevit.</strong></span> <span class='ocrx_word' id='word_1_45' title='bbox 818 728 968 781; x_wconf 76' lang='lat' dir='ltr'><strong>Mane</strong></span> <span class='ocrx_word' id='word_1_46' title='bbox 1015 736 1194 781; x_wconf 91' lang='lat' dir='ltr'><strong>autem</strong></span> <span class='ocrx_word' id='word_1_47' title='bbox 1240 727 1411 795; x_wconf 89' lang='lat' dir='ltr'><strong>primo</strong></span> <span class='ocrx_word' id='word_1_48' title='bbox 1438 728 1614 782; x_wconf 89' lang='lat' dir='ltr'><strong>adhuc</strong></span> <span class='ocrx_word' id='word_1_49' title='bbox 1650 728 1966 797; x_wconf 88' lang='lat' dir='ltr'><strong>crepusculo</strong></span> <span class='ocrx_word' id='word_1_50' title='bbox 2007 730 2183 796; x_wconf 89' lang='lat' dir='ltr'><strong>rapuit</strong></span> 
     </span>
    </p>
   </div>
   <div class='ocr_carea' id='block_1_9' title="bbox 596 818 2181 889">
    <p class='ocr_par' dir='ltr' id='par_1_9' title="bbox 596 818 2181 889">
     <span class='ocr_line' id='line_1_9' title="bbox 596 818 2181 889; baseline 0.001 -16"><span class='ocrx_word' id='word_1_51' title='bbox 596 833 790 889; x_wconf 72' lang='lat' dir='ltr'><strong>corpus</strong></span> <span class='ocrx_word' id='word_1_52' title='bbox 832 819 948 888; x_wconf 86' lang='lat' dir='ltr'><strong>ejus</strong></span> <span class='ocrx_word' id='word_1_53' title='bbox 998 818 1335 889; x_wconf 91' lang='lat' dir='ltr'><strong>llippolytus,</strong></span> <span class='ocrx_word' id='word_1_54' title='bbox 1369 829 1421 873; x_wconf 89' lang='lat' dir='ltr'><strong>et</strong></span> <span class='ocrx_word' id='word_1_55' title='bbox 1453 820 1691 873; x_wconf 88' lang='lat' dir='ltr'><strong>condivit</strong></span> <span class='ocrx_word' id='word_1_56' title='bbox 1733 834 1855 875; x_wconf 92' lang='lat' dir='ltr'><strong>cum</strong></span> <span class='ocrx_word' id='word_1_57' title='bbox 1899 819 2079 875; x_wconf 79' lang='lat' dir='ltr'><strong>linteis</strong></span> <span class='ocrx_word' id='word_1_58' title='bbox 2126 831 2181 875; x_wconf 90' lang='lat' dir='ltr'><strong>et</strong></span> 
     </span>
    </p>
   </div>
   <div class='ocr_carea' id='block_1_10' title="bbox 594 910 2178 983">
    <p class='ocr_par' dir='ltr' id='par_1_10' title="bbox 594 910 2178 983">
     <span class='ocr_line' id='line_1_10' title="bbox 594 910 2178 983; baseline 0.003 -20"><span class='ocrx_word' id='word_1_59' title='bbox 594 910 959 975; x_wconf 81' lang='lat' dir='ltr'><strong>aromatibus,</strong></span> <span class='ocrx_word' id='word_1_60' title='bbox 1014 926 1135 965; x_wconf 93' lang='lat' dir='ltr'><strong>cum</strong></span> <span class='ocrx_word' id='word_1_61' title='bbox 1192 910 1349 964; x_wconf 85' lang='lat' dir='ltr'><strong>beato</strong></span> <span class='ocrx_word' id='word_1_62' title='bbox 1402 910 1614 966; x_wconf 85' lang='lat' dir='ltr'><strong>Justino</strong></span> <span class='ocrx_word' id='word_1_63' title='bbox 1671 913 2021 983; x_wconf 81' lang='lat' dir='ltr'><strong>presbytero,</strong></span> <span class='ocrx_word' id='word_1_64' title='bbox 2067 913 2178 982; x_wconf 91' lang='lat' dir='ltr'><strong>jam</strong></span> 
     </span>
    </p>
   </div>
   <div class='ocr_carea' id='block_1_11' title="bbox 594 999 2180 1071">
    <p class='ocr_par' dir='ltr' id='par_1_11' title="bbox 594 999 2180 1071">
     <span class='ocr_line' id='line_1_11' title="bbox 594 999 2180 1071; baseline 0.003 -19"><span class='ocrx_word' id='word_1_65' title='bbox 594 1000 895 1066; x_wconf 89' lang='lat' dir='ltr'><strong>vespertina</strong></span> <span class='ocrx_word' id='word_1_66' title='bbox 921 999 1073 1064; x_wconf 87' lang='lat' dir='ltr'><strong>hora,</strong></span> <span class='ocrx_word' id='word_1_67' title='bbox 1090 1009 1142 1054; x_wconf 86' lang='lat' dir='ltr'><strong>et</strong></span> <span class='ocrx_word' id='word_1_68' title='bbox 1163 1000 1490 1069; x_wconf 82' lang='lat' dir='ltr'><strong>sepelierunt</strong></span> <span class='ocrx_word' id='word_1_69' title='bbox 1513 1002 1563 1055; x_wconf 94' lang='lat' dir='ltr'><strong>in</strong></span> <span class='ocrx_word' id='word_1_70' title='bbox 1587 1016 1716 1071; x_wconf 86' lang='lat' dir='ltr'><strong>agro</strong></span> <span class='ocrx_word' id='word_1_71' title='bbox 1736 1001 1964 1058; x_wconf 78' lang='lat' dir='ltr'><strong>Verane.</strong></span> <span class='ocrx_word' id='word_1_72' title='bbox 1993 1003 2180 1057; x_wconf 76' lang='lat' dir='ltr'><strong>Roma:</strong></span> 
     </span>
    </p>
   </div>
   <div class='ocr_carea' id='block_1_12' title="bbox 595 1090 2174 1165">
    <p class='ocr_par' dir='ltr' id='par_1_12' title="bbox 595 1090 2174 1165">
     <span class='ocr_line' id='line_1_12' title="bbox 595 1090 2174 1165; baseline 0.004 -21"><span class='ocrx_word' id='word_1_73' title='bbox 595 1090 821 1145; x_wconf 89' lang='lat' dir='ltr'><strong>militum</strong></span> <span class='ocrx_word' id='word_1_74' title='bbox 873 1107 1001 1147; x_wconf 74' lang='lat' dir='ltr'><strong>xxv.</strong></span> <span class='ocrx_word' id='word_1_75' title='bbox 1057 1091 1209 1146; x_wconf 86' lang='lat' dir='ltr'><strong>Tunc</strong></span> <span class='ocrx_word' id='word_1_76' title='bbox 1262 1092 1401 1161; x_wconf 81' lang='lat' dir='ltr'><strong>passi</strong></span> <span class='ocrx_word' id='word_1_77' title='bbox 1450 1099 1575 1147; x_wconf 91' lang='lat' dir='ltr'><strong>sunt</strong></span> <span class='ocrx_word' id='word_1_78' title='bbox 1616 1092 1892 1161; x_wconf 86' lang='lat' dir='ltr'><strong>Claudius,</strong></span> <span class='ocrx_word' id='word_1_79' title='bbox 1924 1095 2174 1165; x_wconf 82' lang='lat' dir='ltr'><strong>Severus,</strong></span> 
     </span>
    </p>
   </div>
   <div class='ocr_carea' id='block_1_13' title="bbox 590 1181 1594 1252">
    <p class='ocr_par' dir='ltr' id='par_1_13' title="bbox 590 1181 1594 1252">
     <span class='ocr_line' id='line_1_13' title="bbox 590 1181 1594 1252; baseline 0 -15"><span class='ocrx_word' id='word_1_80' title='bbox 590 1181 935 1237; x_wconf 88' lang='lat' dir='ltr'><strong>Crescentius</strong></span> <span class='ocrx_word' id='word_1_81' title='bbox 965 1192 1018 1238; x_wconf 90' lang='lat' dir='ltr'><strong>et</strong></span> <span class='ocrx_word' id='word_1_82' title='bbox 1045 1181 1315 1238; x_wconf 82' lang='lat' dir='ltr'><strong>Romanus</strong></span> <span class='ocrx_word' id='word_1_83' title='bbox 1345 1182 1461 1252; x_wconf 88' lang='lat' dir='ltr'><strong>ipso</strong></span> <span class='ocrx_word' id='word_1_84' title='bbox 1487 1183 1594 1238; x_wconf 93' lang='lat' dir='ltr'><strong>die.</strong></span> 
     </span>
    </p>
   </div>
   <div class='ocr_carea' id='block_1_14' title="bbox 666 1275 2179 1336">
    <p class='ocr_par' dir='ltr' id='par_1_14' title="bbox 666 1275 2179 1336">
     <span class='ocr_line' id='line_1_14' title="bbox 666 1275 2179 1336; baseline 0.004 -7"><span class='ocrx_word' id='word_1_85' title='bbox 666 1275 726 1330; x_wconf 72' lang='grc' dir='ltr'>Ρ.</span> <span class='ocrx_word' id='word_1_86' title='bbox 761 1275 823 1330; x_wconf 89' lang='lat' dir='ltr'><strong>Ill</strong></span> <span class='ocrx_word' id='word_1_87' title='bbox 853 1276 970 1330; x_wconf 80' lang='lat' dir='ltr'><strong>Inus</strong></span> <span class='ocrx_word' id='word_1_88' title='bbox 998 1278 1131 1333; x_wconf 77' lang='lat' dir='ltr'><strong>Ave.</strong></span> <span class='ocrx_word' id='word_1_89' title='bbox 1184 1275 1367 1331; x_wconf 77' lang='lat' dir='ltr'><strong>Romae</strong></span> <span class='ocrx_word' id='word_1_90' title='bbox 1414 1278 1553 1332; x_wconf 90' lang='lat' dir='ltr'><strong>inter</strong></span> <span class='ocrx_word' id='word_1_91' title='bbox 1601 1278 1732 1331; x_wconf 91' lang='lat' dir='ltr'><strong>duas</strong></span> <span class='ocrx_word' id='word_1_92' title='bbox 1778 1279 1954 1334; x_wconf 89' lang='lat' dir='ltr'><strong>lauros</strong></span> <span class='ocrx_word' id='word_1_93' title='bbox 2003 1281 2179 1336; x_wconf 84' lang='lat' dir='ltr'><strong>natale</strong></span> 
     </span>
    </p>
   </div>
   <div class='ocr_carea' id='block_1_15' title="bbox 591 1368 2177 1443">
    <p class='ocr_par' dir='ltr' id='par_1_15' title="bbox 591 1368 2177 1443">
     <span class='ocr_line' id='line_1_15' title="bbox 591 1368 2177 1443; baseline 0.005 -22"><span class='ocrx_word' id='word_1_94' title='bbox 591 1369 757 1423; x_wconf 88' lang='lat' dir='ltr'><strong>sancti</strong></span> <span class='ocrx_word' id='word_1_95' title='bbox 786 1368 1009 1424; x_wconf 89' lang='lat' dir='ltr'><strong>Tiburtii</strong></span> <span class='ocrx_word' id='word_1_96' title='bbox 1043 1370 1327 1441; x_wconf 85' lang='lat' dir='ltr'><strong>martyris,</strong></span> <span class='ocrx_word' id='word_1_97' title='bbox 1360 1370 1447 1440; x_wconf 85' lang='lat' dir='ltr'><strong>qui</strong></span> <span class='ocrx_word' id='word_1_98' title='bbox 1475 1370 1625 1440; x_wconf 85' lang='lat' dir='ltr'><strong>jussu</strong></span> <span class='ocrx_word' id='word_1_99' title='bbox 1671 1371 1887 1427; x_wconf 85' lang='lat' dir='ltr'><strong>Fabiani</strong></span> <span class='ocrx_word' id='word_1_100' title='bbox 1934 1373 2177 1443; x_wconf 68' lang='lat' dir='ltr'><strong>prmsidis</strong></span> 
     </span>
    </p>
   </div>
   <div class='ocr_carea' id='block_1_16' title="bbox 591 1460 2175 1531">
    <p class='ocr_par' dir='ltr' id='par_1_16' title="bbox 591 1460 2175 1531">
     <span class='ocr_line' id='line_1_16' title="bbox 591 1460 2175 1531; baseline 0.003 -17"><span class='ocrx_word' id='word_1_101' title='bbox 591 1472 751 1530; x_wconf 85' lang='lat' dir='ltr'><strong>super</strong></span> <span class='ocrx_word' id='word_1_102' title='bbox 802 1476 1000 1529; x_wconf 85' lang='lat' dir='ltr'><strong>prunas</strong></span> <span class='ocrx_word' id='word_1_103' title='bbox 1045 1460 1294 1516; x_wconf 89' lang='lat' dir='ltr'><strong>ardentes</strong></span> <span class='ocrx_word' id='word_1_104' title='bbox 1343 1461 1496 1516; x_wconf 89' lang='lat' dir='ltr'><strong>nudis</strong></span> <span class='ocrx_word' id='word_1_105' title='bbox 1547 1461 1770 1531; x_wconf 89' lang='lat' dir='ltr'><strong>pedibus</strong></span> <span class='ocrx_word' id='word_1_106' title='bbox 1824 1463 2094 1531; x_wconf 80' lang='lat' dir='ltr'><strong>incedens,</strong></span> <span class='ocrx_word' id='word_1_107' title='bbox 2123 1463 2175 1519; x_wconf 90' lang='lat' dir='ltr'><strong>in</strong></span> 
     </span>
    </p>
   </div>
   <div class='ocr_carea' id='block_1_17' title="bbox 592 1551 2178 1623">
    <p class='ocr_par' dir='ltr' id='par_1_17' title="bbox 592 1551 2178 1623">
     <span class='ocr_line' id='line_1_17' title="bbox 592 1551 2178 1623; baseline 0.002 -18"><span class='ocrx_word' id='word_1_108' title='bbox 592 1552 737 1605; x_wconf 89' lang='lat' dir='ltr'><strong>nullo</strong></span> <span class='ocrx_word' id='word_1_109' title='bbox 764 1551 923 1607; x_wconf 67' lang='lat' dir='ltr'><strong>Izesus</strong></span> <span class='ocrx_word' id='word_1_110' title='bbox 949 1560 1053 1607; x_wconf 85' lang='lat' dir='ltr'><strong>est.</strong></span> <span class='ocrx_word' id='word_1_111' title='bbox 1078 1552 1267 1608; x_wconf 80' lang='lat' dir='ltr'><strong>Postea</strong></span> <span class='ocrx_word' id='word_1_112' title='bbox 1295 1568 1422 1607; x_wconf 86' lang='lat' dir='ltr'><strong>vero</strong></span> <span class='ocrx_word' id='word_1_113' title='bbox 1444 1568 1471 1607; x_wconf 92' lang='lat' dir='ltr'><strong>a</strong></span> <span class='ocrx_word' id='word_1_114' title='bbox 1497 1553 1752 1622; x_wconf 71' lang='lat' dir='ltr'><strong>prazdicto</strong></span> <span class='ocrx_word' id='word_1_115' title='bbox 1781 1553 2034 1623; x_wconf 86' lang='lat' dir='ltr'><strong>Fabiano,</strong></span> <span class='ocrx_word' id='word_1_116' title='bbox 2066 1572 2178 1610; x_wconf 89' lang='lat' dir='ltr'><strong>ma-</strong></span> 
     </span>
    </p>
   </div>
   <div class='ocr_carea' id='block_1_18' title="bbox 589 1645 2173 1716">
    <p class='ocr_par' dir='ltr' id='par_1_18' title="bbox 589 1645 2173 1716">
     <span class='ocr_line' id='line_1_18' title="bbox 589 1645 2173 1716; baseline 0.001 -15"><span class='ocrx_word' id='word_1_117' title='bbox 589 1646 839 1702; x_wconf 89' lang='lat' dir='ltr'><strong>cltinante</strong></span> <span class='ocrx_word' id='word_1_118' title='bbox 877 1647 1151 1715; x_wconf 83' lang='lat' dir='ltr'><strong>Torquato</strong></span> <span class='ocrx_word' id='word_1_119' title='bbox 1194 1655 1455 1715; x_wconf 83' lang='lat' dir='ltr'><strong>apostata,</strong></span> <span class='ocrx_word' id='word_1_120' title='bbox 1483 1645 1661 1716; x_wconf 91' lang='lat' dir='ltr'><strong>gladio</strong></span> <span class='ocrx_word' id='word_1_121' title='bbox 1692 1649 2173 1713; x_wconf 83' lang='lat' dir='ltr'><strong>transverberatus,</strong></span> 
     </span>
    </p>
   </div>
   <div class='ocr_carea' id='block_1_19' title="bbox 590 1737 2175 1809">
    <p class='ocr_par' dir='ltr' id='par_1_19' title="bbox 590 1737 2175 1809">
     <span class='ocr_line' id='line_1_19' title="bbox 590 1737 2175 1809; baseline 0.002 -16"><span class='ocrx_word' id='word_1_122' title='bbox 590 1740 905 1809; x_wconf 84' lang='lat' dir='ltr'><strong>martyrium</strong></span> <span class='ocrx_word' id='word_1_123' title='bbox 938 1738 1186 1808; x_wconf 86' lang='lat' dir='ltr'><strong>explevit.</strong></span> <span class='ocrx_word' id='word_1_124' title='bbox 1238 1740 1367 1792; x_wconf 92' lang='lat' dir='ltr'><strong>Item</strong></span> <span class='ocrx_word' id='word_1_125' title='bbox 1399 1737 1582 1793; x_wconf 69' lang='lat' dir='ltr'><strong>Romae</strong></span> <span class='ocrx_word' id='word_1_126' title='bbox 1613 1740 1788 1795; x_wconf 88' lang='lat' dir='ltr'><strong>natale</strong></span> <span class='ocrx_word' id='word_1_127' title='bbox 1832 1750 2032 1795; x_wconf 71' lang='lat' dir='ltr'><strong>sancta:</strong></span> <span class='ocrx_word' id='word_1_128' title='bbox 2071 1740 2175 1796; x_wconf 87' lang='lat' dir='ltr'><strong>Su-</strong></span> 
     </span>
    </p>
   </div>
   <div class='ocr_carea' id='block_1_20' title="bbox 588 1830 2173 1904">
    <p class='ocr_par' dir='ltr' id='par_1_20' title="bbox 588 1830 2173 1904">
     <span class='ocr_line' id='line_1_20' title="bbox 588 1830 2173 1904; baseline 0.002 -19"><span class='ocrx_word' id='word_1_129' title='bbox 588 1847 771 1888; x_wconf 75' lang='lat' dir='ltr'><strong>sanna:</strong></span> <span class='ocrx_word' id='word_1_130' title='bbox 819 1831 1060 1902; x_wconf 79' lang='lat' dir='ltr'><strong>virginis,</strong></span> <span class='ocrx_word' id='word_1_131' title='bbox 1108 1848 1227 1901; x_wconf 69' lang='grc' dir='ltr'>ιιιιίε</span> <span class='ocrx_word' id='word_1_132' title='bbox 1280 1830 1379 1885; x_wconf 93' lang='lat' dir='ltr'><strong>fuit</strong></span> <span class='ocrx_word' id='word_1_133' title='bbox 1434 1830 1539 1885; x_wconf 89' lang='lat' dir='ltr'><strong>ﬁlia</strong></span> <span class='ocrx_word' id='word_1_134' title='bbox 1595 1832 1802 1886; x_wconf 86' lang='lat' dir='ltr'><strong>Gabinii</strong></span> <span class='ocrx_word' id='word_1_135' title='bbox 1853 1831 2173 1904; x_wconf 81' lang='lat' dir='ltr'><strong>presbyteri,</strong></span> 
     </span>
    </p>
   </div>
   <div class='ocr_carea' id='block_1_21' title="bbox 587 1921 2250 2004">
    <p class='ocr_par' dir='ltr' id='par_1_21' title="bbox 587 1921 2250 2004">
     <span class='ocr_line' id='line_1_21' title="bbox 587 1921 2250 2004; baseline 0.001 -27"><span class='ocrx_word' id='word_1_136' title='bbox 587 1923 767 1979; x_wconf 77' lang='lat' dir='ltr'><strong>fratris</strong></span> <span class='ocrx_word' id='word_1_137' title='bbox 798 1921 913 1978; x_wconf 90' lang='lat' dir='ltr'><strong>Gaii</strong></span> <span class='ocrx_word' id='word_1_138' title='bbox 942 1938 1111 1993; x_wconf 74' lang='lat' dir='ltr'><strong>papre.</strong></span> <span class='ocrx_word' id='word_1_139' title='bbox 1146 1923 1269 1977; x_wconf 73' lang='lat' dir='ltr'><strong>Iltcc</strong></span> <span class='ocrx_word' id='word_1_140' title='bbox 1297 1937 1424 1992; x_wconf 91' lang='lat' dir='ltr'><strong>ergo</strong></span> <span class='ocrx_word' id='word_1_141' title='bbox 1453 1922 1553 1977; x_wconf 91' lang='lat' dir='ltr'><strong>sub</strong></span> <span class='ocrx_word' id='word_1_142' title='bbox 1585 1921 1917 1977; x_wconf 82' lang='lat' dir='ltr'><strong>Diocletiano</strong></span> <span class='ocrx_word' id='word_1_143' title='bbox 1942 1924 2174 1993; x_wconf 89' lang='lat' dir='ltr'><strong>impera-</strong></span> <span class='ocrx_word' id='word_1_144' title='bbox 2205 1944 2250 2004; x_wconf 75' lang='grc' dir='ltr'>Β</span> 
     </span>
    </p>
   </div>
   <div class='ocr_carea' id='block_1_22' title="bbox 586 2012 2172 2086">
    <p class='ocr_par' dir='ltr' id='par_1_22' title="bbox 586 2012 2172 2086">
     <span class='ocr_line' id='line_1_22' title="bbox 586 2012 2172 2086; baseline 0.001 -17"><span class='ocrx_word' id='word_1_145' title='bbox 586 2026 704 2071; x_wconf 88' lang='lat' dir='ltr'><strong>tore</strong></span> <span class='ocrx_word' id='word_1_146' title='bbox 752 2029 909 2086; x_wconf 89' lang='lat' dir='ltr'><strong>passa</strong></span> <span class='ocrx_word' id='word_1_147' title='bbox 951 2024 1054 2081; x_wconf 88' lang='lat' dir='ltr'><strong>est,</strong></span> <span class='ocrx_word' id='word_1_148' title='bbox 1086 2028 1149 2069; x_wconf 89' lang='lat' dir='ltr'><strong>eo</strong></span> <span class='ocrx_word' id='word_1_149' title='bbox 1179 2014 1320 2084; x_wconf 91' lang='lat' dir='ltr'><strong>quod</strong></span> <span class='ocrx_word' id='word_1_150' title='bbox 1354 2013 1516 2068; x_wconf 92' lang='lat' dir='ltr'><strong>nollet</strong></span> <span class='ocrx_word' id='word_1_151' title='bbox 1562 2012 1792 2069; x_wconf 82' lang='lat' dir='ltr'><strong>Maximo</strong></span> <span class='ocrx_word' id='word_1_152' title='bbox 1822 2014 1931 2069; x_wconf 92' lang='lat' dir='ltr'><strong>ﬁlio</strong></span> <span class='ocrx_word' id='word_1_153' title='bbox 1976 2016 2092 2083; x_wconf 87' lang='lat' dir='ltr'><strong>ejus</strong></span> <span class='ocrx_word' id='word_1_154' title='bbox 2121 2017 2172 2070; x_wconf 93' lang='lat' dir='ltr'><strong>in</strong></span> 
     </span>
    </p>
   </div>
   <div class='ocr_carea' id='block_1_23' title="bbox 587 2105 2172 2178">
    <p class='ocr_par' dir='ltr' id='par_1_23' title="bbox 587 2105 2172 2178">
     <span class='ocr_line' id='line_1_23' title="bbox 587 2105 2172 2178; baseline -0.001 -16"><span class='ocrx_word' id='word_1_155' title='bbox 587 2107 835 2178; x_wconf 86' lang='lat' dir='ltr'><strong>conjugio</strong></span> <span class='ocrx_word' id='word_1_156' title='bbox 881 2107 1105 2173; x_wconf 90' lang='lat' dir='ltr'><strong>sociari,</strong></span> <span class='ocrx_word' id='word_1_157' title='bbox 1132 2107 1227 2163; x_wconf 89' lang='lat' dir='ltr'><strong>sed</strong></span> <span class='ocrx_word' id='word_1_158' title='bbox 1256 2105 1309 2161; x_wconf 91' lang='lat' dir='ltr'><strong>in</strong></span> <span class='ocrx_word' id='word_1_159' title='bbox 1340 2106 1640 2176; x_wconf 81' lang='lat' dir='ltr'><strong>virginitate</strong></span> <span class='ocrx_word' id='word_1_160' title='bbox 1687 2120 2018 2176; x_wconf 89' lang='lat' dir='ltr'><strong>permanere,</strong></span> <span class='ocrx_word' id='word_1_161' title='bbox 2046 2107 2172 2162; x_wconf 83' lang='lat' dir='ltr'><strong>hor-</strong></span> 
     </span>
    </p>
   </div>
   <div class='ocr_carea' id='block_1_24' title="bbox 586 2196 2172 2267">
    <p class='ocr_par' dir='ltr' id='par_1_24' title="bbox 586 2196 2172 2267">
     <span class='ocr_line' id='line_1_24' title="bbox 586 2196 2172 2267; baseline 0.001 -15"><span class='ocrx_word' id='word_1_162' title='bbox 586 2209 734 2255; x_wconf 89' lang='lat' dir='ltr'><strong>tante</strong></span> <span class='ocrx_word' id='word_1_163' title='bbox 758 2213 876 2253; x_wconf 89' lang='lat' dir='ltr'><strong>eam</strong></span> <span class='ocrx_word' id='word_1_164' title='bbox 909 2198 1042 2254; x_wconf 84' lang='lat' dir='ltr'><strong>Gaio</strong></span> <span class='ocrx_word' id='word_1_165' title='bbox 1074 2211 1228 2267; x_wconf 88' lang='lat' dir='ltr'><strong>papa,</strong></span> <span class='ocrx_word' id='word_1_166' title='bbox 1257 2212 1357 2252; x_wconf 91' lang='lat' dir='ltr'><strong>nec</strong></span> <span class='ocrx_word' id='word_1_167' title='bbox 1383 2211 1486 2251; x_wconf 92' lang='lat' dir='ltr'><strong>non</strong></span> <span class='ocrx_word' id='word_1_168' title='bbox 1518 2205 1571 2251; x_wconf 91' lang='lat' dir='ltr'><strong>et</strong></span> <span class='ocrx_word' id='word_1_169' title='bbox 1598 2196 1796 2251; x_wconf 89' lang='lat' dir='ltr'><strong>Serena</strong></span> <span class='ocrx_word' id='word_1_170' title='bbox 1828 2196 2083 2266; x_wconf 85' lang='lat' dir='ltr'><strong>Augusta,</strong></span> <span class='ocrx_word' id='word_1_171' title='bbox 2116 2208 2172 2254; x_wconf 91' lang='lat' dir='ltr'><strong>ut</strong></span> 
     </span>
    </p>
   </div>
   <div class='ocr_carea' id='block_1_25' title="bbox 582 2286 2167 2357">
    <p class='ocr_par' dir='ltr' id='par_1_25' title="bbox 582 2286 2167 2357">
     <span class='ocr_line' id='line_1_25' title="bbox 582 2286 2167 2357; baseline 0.001 -16"><span class='ocrx_word' id='word_1_172' title='bbox 582 2287 786 2343; x_wconf 78' lang='lat' dir='ltr'><strong>stabilis</strong></span> <span class='ocrx_word' id='word_1_173' title='bbox 844 2297 1178 2355; x_wconf 85' lang='lat' dir='ltr'><strong>permaneret</strong></span> <span class='ocrx_word' id='word_1_174' title='bbox 1222 2287 1275 2342; x_wconf 93' lang='lat' dir='ltr'><strong>in</strong></span> <span class='ocrx_word' id='word_1_175' title='bbox 1330 2286 1434 2340; x_wconf 91' lang='lat' dir='ltr'><strong>ﬁde</strong></span> <span class='ocrx_word' id='word_1_176' title='bbox 1488 2294 1541 2340; x_wconf 90' lang='lat' dir='ltr'><strong>et</strong></span> <span class='ocrx_word' id='word_1_177' title='bbox 1588 2286 1837 2342; x_wconf 87' lang='lat' dir='ltr'><strong>castitate</strong></span> <span class='ocrx_word' id='word_1_178' title='bbox 1894 2297 2167 2357; x_wconf 82' lang='lat' dir='ltr'><strong>perpetua.</strong></span> 
     </span>
    </p>
   </div>
   <div class='ocr_carea' id='block_1_26' title="bbox 585 2374 2175 2448">
    <p class='ocr_par' dir='ltr' id='par_1_26' title="bbox 585 2374 2175 2448">
     <span class='ocr_line' id='line_1_26' title="bbox 585 2374 2175 2448; baseline -0.001 -15"><span class='ocrx_word' id='word_1_179' title='bbox 585 2378 808 2448; x_wconf 87' lang='lat' dir='ltr'><strong>Propter</strong></span> <span class='ocrx_word' id='word_1_180' title='bbox 839 2377 938 2433; x_wconf 93' lang='lat' dir='ltr'><strong>hoc</strong></span> <span class='ocrx_word' id='word_1_181' title='bbox 966 2376 1127 2446; x_wconf 89' lang='lat' dir='ltr'><strong>jussit</strong></span> <span class='ocrx_word' id='word_1_182' title='bbox 1165 2390 1286 2431; x_wconf 87' lang='lat' dir='ltr'><strong>eam</strong></span> <span class='ocrx_word' id='word_1_183' title='bbox 1340 2374 1701 2431; x_wconf 84' lang='lat' dir='ltr'><strong>Diocletianus</strong></span> <span class='ocrx_word' id='word_1_184' title='bbox 1753 2384 1873 2446; x_wconf 86' lang='lat' dir='ltr'><strong>post</strong></span> <span class='ocrx_word' id='word_1_185' title='bbox 1910 2376 2014 2430; x_wconf 89' lang='lat' dir='ltr'><strong>alia</strong></span> <span class='ocrx_word' id='word_1_186' title='bbox 2055 2384 2175 2431; x_wconf 89' lang='lat' dir='ltr'><strong>tor-</strong></span> 
     </span>
    </p>
   </div>
   <div class='ocr_carea' id='block_1_27' title="bbox 2289 539 3872 615">
    <p class='ocr_par' dir='ltr' id='par_1_27' title="bbox 2289 539 3872 615">
     <span class='ocr_line' id='line_1_27' title="bbox 2289 539 3872 615; baseline 0.005 -20"><span class='ocrx_word' id='word_1_187' title='bbox 2289 541 2423 595; x_wconf 88' lang='lat' dir='ltr'><strong>rium</strong></span> <span class='ocrx_word' id='word_1_188' title='bbox 2472 540 2880 596; x_wconf 73' lang='lat' dir='ltr'><strong>consummavit.</strong></span> <span class='ocrx_word' id='word_1_189' title='bbox 2929 539 3188 594; x_wconf 71' lang='lat' dir='ltr'><strong>Prasdicta</strong></span> <span class='ocrx_word' id='word_1_190' title='bbox 3228 555 3357 596; x_wconf 89' lang='lat' dir='ltr'><strong>vero</strong></span> <span class='ocrx_word' id='word_1_191' title='bbox 3402 541 3600 597; x_wconf 89' lang='lat' dir='ltr'><strong>Serena</strong></span> <span class='ocrx_word' id='word_1_192' title='bbox 3630 543 3872 615; x_wconf 79' lang='lat' dir='ltr'><strong>Augusta</strong></span> 
     </span>
    </p>
   </div>
   <div class='ocr_carea' id='block_1_28' title="bbox 2287 632 3870 707">
    <p class='ocr_par' dir='ltr' id='par_1_28' title="bbox 2287 632 3870 707">
     <span class='ocr_line' id='line_1_28' title="bbox 2287 632 3870 707; baseline 0.004 -20"><span class='ocrx_word' id='word_1_193' title='bbox 2287 633 2498 701; x_wconf 79' lang='lat' dir='ltr'><strong>collegit</strong></span> <span class='ocrx_word' id='word_1_194' title='bbox 2526 646 2719 703; x_wconf 87' lang='lat' dir='ltr'><strong>corpus</strong></span> <span class='ocrx_word' id='word_1_195' title='bbox 2748 640 2947 686; x_wconf 78' lang='lat' dir='ltr'><strong>sancta:</strong></span> <span class='ocrx_word' id='word_1_196' title='bbox 2985 632 3236 702; x_wconf 78' lang='lat' dir='ltr'><strong>virginis,</strong></span> <span class='ocrx_word' id='word_1_197' title='bbox 3273 641 3328 688; x_wconf 87' lang='lat' dir='ltr'><strong>et</strong></span> <span class='ocrx_word' id='word_1_198' title='bbox 3367 636 3678 705; x_wconf 50' lang='lat' dir='ltr'><strong>sanguinem</strong></span> <span class='ocrx_word' id='word_1_199' title='bbox 3712 653 3870 707; x_wconf 87' lang='lat' dir='ltr'><strong>quem</strong></span> 
     </span>
    </p>
   </div>
   <div class='ocr_carea' id='block_1_29' title="bbox 2285 724 3873 791">
    <p class='ocr_par' dir='ltr' id='par_1_29' title="bbox 2285 724 3873 791">
     <span class='ocr_line' id='line_1_29' title="bbox 2285 724 3873 791; baseline 0.003 -12"><span class='ocrx_word' id='word_1_200' title='bbox 2285 724 2525 789; x_wconf 85' lang='lat' dir='ltr'><strong>sutlerat,</strong></span> <span class='ocrx_word' id='word_1_201' title='bbox 2558 724 2613 777; x_wconf 93' lang='lat' dir='ltr'><strong>in</strong></span> <span class='ocrx_word' id='word_1_202' title='bbox 2656 724 2843 779; x_wconf 88' lang='lat' dir='ltr'><strong>eodem</strong></span> <span class='ocrx_word' id='word_1_203' title='bbox 2890 724 3008 779; x_wconf 92' lang='lat' dir='ltr'><strong>loco</strong></span> <span class='ocrx_word' id='word_1_204' title='bbox 3036 739 3156 779; x_wconf 88' lang='lat' dir='ltr'><strong>cum</strong></span> <span class='ocrx_word' id='word_1_205' title='bbox 3189 740 3285 779; x_wconf 92' lang='lat' dir='ltr'><strong>suo</strong></span> <span class='ocrx_word' id='word_1_206' title='bbox 3316 725 3576 781; x_wconf 91' lang='lat' dir='ltr'><strong>velamine</strong></span> <span class='ocrx_word' id='word_1_207' title='bbox 3618 730 3793 791; x_wconf 84' lang='lat' dir='ltr'><strong>tersit,</strong></span> <span class='ocrx_word' id='word_1_208' title='bbox 3818 738 3873 784; x_wconf 89' lang='lat' dir='ltr'><strong>et</strong></span> 
     </span>
    </p>
   </div>
   <div class='ocr_carea' id='block_1_30' title="bbox 2287 816 3871 887">
    <p class='ocr_par' dir='ltr' id='par_1_30' title="bbox 2287 816 3871 887">
     <span class='ocr_line' id='line_1_30' title="bbox 2287 816 3871 887; baseline 0.001 -16"><span class='ocrx_word' id='word_1_209' title='bbox 2287 819 2463 886; x_wconf 88' lang='lat' dir='ltr'><strong>posuit</strong></span> <span class='ocrx_word' id='word_1_210' title='bbox 2491 818 2539 870; x_wconf 92' lang='lat' dir='ltr'><strong>in</strong></span> <span class='ocrx_word' id='word_1_211' title='bbox 2571 832 2726 885; x_wconf 88' lang='lat' dir='ltr'><strong>capsa</strong></span> <span class='ocrx_word' id='word_1_212' title='bbox 2758 826 3007 887; x_wconf 89' lang='lat' dir='ltr'><strong>argentea</strong></span> <span class='ocrx_word' id='word_1_213' title='bbox 3053 816 3105 870; x_wconf 92' lang='lat' dir='ltr'><strong>in</strong></span> <span class='ocrx_word' id='word_1_214' title='bbox 3139 816 3335 886; x_wconf 90' lang='lat' dir='ltr'><strong>palatio</strong></span> <span class='ocrx_word' id='word_1_215' title='bbox 3376 832 3504 883; x_wconf 89' lang='lat' dir='ltr'><strong>suo,</strong></span> <span class='ocrx_word' id='word_1_216' title='bbox 3535 818 3622 872; x_wconf 89' lang='lat' dir='ltr'><strong>ubi</strong></span> <span class='ocrx_word' id='word_1_217' title='bbox 3655 820 3742 874; x_wconf 90' lang='lat' dir='ltr'><strong>die</strong></span> <span class='ocrx_word' id='word_1_218' title='bbox 3773 835 3871 872; x_wconf 77' lang='lat' dir='ltr'><strong>no-</strong></span> 
     </span>
    </p>
   </div>
   <div class='ocr_carea' id='block_1_31' title="bbox 2282 908 3869 979">
    <p class='ocr_par' dir='ltr' id='par_1_31' title="bbox 2282 908 3869 979">
     <span class='ocr_line' id='line_1_31' title="bbox 2282 908 3869 979; baseline 0.001 -17"><span class='ocrx_word' id='word_1_219' title='bbox 2282 918 2475 979; x_wconf 89' lang='lat' dir='ltr'><strong>ctuque</strong></span> <span class='ocrx_word' id='word_1_220' title='bbox 2524 909 2726 963; x_wconf 81' lang='lat' dir='ltr'><strong>furtivis</strong></span> <span class='ocrx_word' id='word_1_221' title='bbox 2763 909 2962 962; x_wconf 88' lang='lat' dir='ltr'><strong>vicibus</strong></span> <span class='ocrx_word' id='word_1_222' title='bbox 3005 922 3158 963; x_wconf 90' lang='lat' dir='ltr'><strong>orare</strong></span> <span class='ocrx_word' id='word_1_223' title='bbox 3189 923 3293 961; x_wconf 89' lang='lat' dir='ltr'><strong>non</strong></span> <span class='ocrx_word' id='word_1_224' title='bbox 3347 909 3609 963; x_wconf 80' lang='lat' dir='ltr'><strong>ceSSabat.</strong></span> <span class='ocrx_word' id='word_1_225' title='bbox 3659 908 3869 979; x_wconf 85' lang='lat' dir='ltr'><strong>Corpus</strong></span> 
     </span>
    </p>
   </div>
   <div class='ocr_carea' id='block_1_32' title="bbox 2281 1000 3865 1070">
    <p class='ocr_par' dir='ltr' id='par_1_32' title="bbox 2281 1000 3865 1070">
     <span class='ocr_line' id='line_1_32' title="bbox 2281 1000 3865 1070; baseline 0.001 -17"><span class='ocrx_word' id='word_1_226' title='bbox 2281 1009 2457 1055; x_wconf 89' lang='lat' dir='ltr'><strong>autem</strong></span> <span class='ocrx_word' id='word_1_227' title='bbox 2506 1012 2705 1056; x_wconf 85' lang='lat' dir='ltr'><strong>sanctae</strong></span> <span class='ocrx_word' id='word_1_228' title='bbox 2743 1000 3001 1056; x_wconf 76' lang='lat' dir='ltr'><strong>Susannze</strong></span> <span class='ocrx_word' id='word_1_229' title='bbox 3032 1001 3145 1070; x_wconf 85' lang='lat' dir='ltr'><strong>ipse</strong></span> <span class='ocrx_word' id='word_1_230' title='bbox 3193 1001 3433 1055; x_wconf 88' lang='lat' dir='ltr'><strong>manibus</strong></span> <span class='ocrx_word' id='word_1_231' title='bbox 3476 1003 3587 1056; x_wconf 87' lang='lat' dir='ltr'><strong>suis</strong></span> <span class='ocrx_word' id='word_1_232' title='bbox 3630 1007 3865 1069; x_wconf 82' lang='lat' dir='ltr'><strong>ornavit,</strong></span> 
     </span>
    </p>
   </div>
   <div class='ocr_carea' id='block_1_33' title="bbox 2281 1092 3865 1162">
    <p class='ocr_par' dir='ltr' id='par_1_33' title="bbox 2281 1092 3865 1162">
     <span class='ocr_line' id='line_1_33' title="bbox 2281 1092 3865 1162; baseline -0.001 -15"><span class='ocrx_word' id='word_1_233' title='bbox 2281 1107 2401 1147; x_wconf 91' lang='lat' dir='ltr'><strong>cum</strong></span> <span class='ocrx_word' id='word_1_234' title='bbox 2453 1092 2845 1147; x_wconf 77' lang='lat' dir='ltr'><strong>linteaminibus</strong></span> <span class='ocrx_word' id='word_1_235' title='bbox 2897 1101 2952 1145; x_wconf 89' lang='lat' dir='ltr'><strong>et</strong></span> <span class='ocrx_word' id='word_1_236' title='bbox 2999 1092 3358 1160; x_wconf 88' lang='lat' dir='ltr'><strong>aromatibus,</strong></span> <span class='ocrx_word' id='word_1_237' title='bbox 3390 1102 3443 1147; x_wconf 91' lang='lat' dir='ltr'><strong>et</strong></span> <span class='ocrx_word' id='word_1_238' title='bbox 3494 1093 3667 1161; x_wconf 86' lang='lat' dir='ltr'><strong>posuit</strong></span> <span class='ocrx_word' id='word_1_239' title='bbox 3715 1093 3865 1162; x_wconf 86' lang='lat' dir='ltr'><strong>juxta</strong></span> 
     </span>
    </p>
   </div>
   <div class='ocr_carea' id='block_1_34' title="bbox 2279 1182 3864 1253">
    <p class='ocr_par' dir='ltr' id='par_1_34' title="bbox 2279 1182 3864 1253">
     <span class='ocr_line' id='line_1_34' title="bbox 2279 1182 3864 1253; baseline -0.001 -16"><span class='ocrx_word' id='word_1_240' title='bbox 2279 1198 2500 1253; x_wconf 89' lang='lat' dir='ltr'><strong>corpora</strong></span> <span class='ocrx_word' id='word_1_241' title='bbox 2546 1193 2852 1238; x_wconf 87' lang='lat' dir='ltr'><strong>sanctorum</strong></span> <span class='ocrx_word' id='word_1_242' title='bbox 2888 1182 2939 1237; x_wconf 88' lang='lat' dir='ltr'><strong>in</strong></span> <span class='ocrx_word' id='word_1_243' title='bbox 2971 1184 3281 1239; x_wconf 73' lang='lat' dir='ltr'><strong>cmmeterio</strong></span> <span class='ocrx_word' id='word_1_244' title='bbox 3312 1183 3618 1237; x_wconf 78' lang='lat' dir='ltr'><strong>Alexandri.</strong></span> <span class='ocrx_word' id='word_1_245' title='bbox 3667 1183 3735 1238; x_wconf 86' lang='lat' dir='ltr'><strong>Et</strong></span> <span class='ocrx_word' id='word_1_246' title='bbox 3764 1185 3864 1236; x_wconf 86' lang='lat' dir='ltr'><strong>de-</strong></span> 
     </span>
    </p>
   </div>
   <div class='ocr_carea' id='block_1_35' title="bbox 2282 1271 3861 1345">
    <p class='ocr_par' dir='ltr' id='par_1_35' title="bbox 2282 1271 3861 1345">
     <span class='ocr_line' id='line_1_35' title="bbox 2282 1271 3861 1345; baseline -0.001 -17"><span class='ocrx_word' id='word_1_247' title='bbox 2282 1275 2477 1345; x_wconf 90' lang='lat' dir='ltr'><strong>positio</strong></span> <span class='ocrx_word' id='word_1_248' title='bbox 2507 1274 2787 1344; x_wconf 87' lang='lat' dir='ltr'><strong>Gaugerici</strong></span> <span class='ocrx_word' id='word_1_249' title='bbox 2818 1273 3051 1343; x_wconf 89' lang='lat' dir='ltr'><strong>episcopi</strong></span> <span class='ocrx_word' id='word_1_250' title='bbox 3083 1281 3136 1327; x_wconf 92' lang='lat' dir='ltr'><strong>et</strong></span> <span class='ocrx_word' id='word_1_251' title='bbox 3179 1271 3521 1338; x_wconf 82' lang='lat' dir='ltr'><strong>confessoris,</strong></span> <span class='ocrx_word' id='word_1_252' title='bbox 3553 1274 3639 1327; x_wconf 87' lang='lat' dir='ltr'><strong>oui</strong></span> <span class='ocrx_word' id='word_1_253' title='bbox 3692 1289 3861 1327; x_wconf 83' lang='lat' dir='ltr'><strong>xxxtu</strong></span> 
     </span>
    </p>
   </div>
   <div class='ocr_carea' id='block_1_36' title="bbox 2279 1362 3484 1421">
    <p class='ocr_par' dir='ltr' id='par_1_36' title="bbox 2279 1362 3484 1421">
     <span class='ocr_line' id='line_1_36' title="bbox 2279 1362 3484 1421; baseline -0.003 -2"><span class='ocrx_word' id='word_1_254' title='bbox 2279 1380 2447 1421; x_wconf 82' lang='lat' dir='ltr'><strong>annos</strong></span> <span class='ocrx_word' id='word_1_255' title='bbox 2475 1366 2976 1419; x_wconf 83' lang='lat' dir='ltr'><strong>Cameracorensem</strong></span> <span class='ocrx_word' id='word_1_256' title='bbox 3001 1364 3138 1418; x_wconf 77' lang='lat' dir='ltr'><strong>rexit</strong></span> <span class='ocrx_word' id='word_1_257' title='bbox 3168 1362 3484 1416; x_wconf 82' lang='lat' dir='ltr'><strong>Ecclesiam.</strong></span> 
     </span>
    </p>
   </div>
   <div class='ocr_carea' id='block_1_37' title="bbox 2349 1452 3861 1512">
    <p class='ocr_par' dir='ltr' id='par_1_37' title="bbox 2349 1452 3861 1512">
     <span class='ocr_line' id='line_1_37' title="bbox 2349 1452 3861 1512; baseline -0.003 -1"><span class='ocrx_word' id='word_1_258' title='bbox 2349 1456 2415 1512; x_wconf 86' lang='lat' dir='ltr'><strong>G.</strong></span> <span class='ocrx_word' id='word_1_259' title='bbox 2446 1457 2598 1510; x_wconf 83' lang='lat' dir='ltr'><strong>Pntp.</strong></span> <span class='ocrx_word' id='word_1_260' title='bbox 2635 1456 2752 1510; x_wconf 80' lang='lat' dir='ltr'><strong>Inus</strong></span> <span class='ocrx_word' id='word_1_261' title='bbox 2785 1457 2918 1510; x_wconf 75' lang='lat' dir='ltr'><strong>Anc.</strong></span> <span class='ocrx_word' id='word_1_262' title='bbox 2959 1454 3013 1508; x_wconf 93' lang='lat' dir='ltr'><strong>In</strong></span> <span class='ocrx_word' id='word_1_263' title='bbox 3044 1453 3220 1510; x_wconf 78' lang='lat' dir='ltr'><strong>Sicilia</strong></span> <span class='ocrx_word' id='word_1_264' title='bbox 3251 1454 3463 1507; x_wconf 83' lang='lat' dir='ltr'><strong>civitate</strong></span> <span class='ocrx_word' id='word_1_265' title='bbox 3493 1452 3861 1508; x_wconf 74' lang='lat' dir='ltr'><strong>Catinettsintn</strong></span> 
     </span>
    </p>
   </div>
   <div class='ocr_carea' id='block_1_38' title="bbox 2282 1544 3861 1617">
    <p class='ocr_par' dir='ltr' id='par_1_38' title="bbox 2282 1544 3861 1617">
     <span class='ocr_line' id='line_1_38' title="bbox 2282 1544 3861 1617; baseline 0 -16"><span class='ocrx_word' id='word_1_266' title='bbox 2282 1548 2455 1602; x_wconf 88' lang='lat' dir='ltr'><strong>natale</strong></span> <span class='ocrx_word' id='word_1_267' title='bbox 2486 1547 2633 1617; x_wconf 86' lang='lat' dir='ltr'><strong>Eupli</strong></span> <span class='ocrx_word' id='word_1_268' title='bbox 2680 1546 2908 1601; x_wconf 82' lang='lat' dir='ltr'><strong>diaconi.</strong></span> <span class='ocrx_word' id='word_1_269' title='bbox 2943 1546 3042 1614; x_wconf 87' lang='lat' dir='ltr'><strong>Qui</strong></span> <span class='ocrx_word' id='word_1_270' title='bbox 3082 1561 3202 1600; x_wconf 91' lang='lat' dir='ltr'><strong>cum</strong></span> <span class='ocrx_word' id='word_1_271' title='bbox 3242 1544 3540 1599; x_wconf 87' lang='lat' dir='ltr'><strong>diutissime</strong></span> <span class='ocrx_word' id='word_1_272' title='bbox 3584 1555 3861 1616; x_wconf 83' lang='lat' dir='ltr'><strong>torquere-</strong></span> 
     </span>
    </p>
   </div>
   <div class='ocr_carea' id='block_1_39' title="bbox 2281 1636 3864 1707">
    <p class='ocr_par' dir='ltr' id='par_1_39' title="bbox 2281 1636 3864 1707">
     <span class='ocr_line' id='line_1_39' title="bbox 2281 1636 3864 1707; baseline -0.003 -12"><span class='ocrx_word' id='word_1_273' title='bbox 2281 1650 2386 1707; x_wconf 90' lang='lat' dir='ltr'><strong>tur,</strong></span> <span class='ocrx_word' id='word_1_274' title='bbox 2418 1640 2714 1695; x_wconf 87' lang='lat' dir='ltr'><strong>decollatus</strong></span> <span class='ocrx_word' id='word_1_275' title='bbox 2760 1648 2845 1694; x_wconf 88' lang='lat' dir='ltr'><strong>est</strong></span> <span class='ocrx_word' id='word_1_276' title='bbox 2886 1653 2914 1692; x_wconf 90' lang='lat' dir='ltr'><strong>a</strong></span> <span class='ocrx_word' id='word_1_277' title='bbox 2946 1637 3248 1692; x_wconf 89' lang='lat' dir='ltr'><strong>Calvisiano</strong></span> <span class='ocrx_word' id='word_1_278' title='bbox 3290 1636 3591 1699; x_wconf 90' lang='lat' dir='ltr'><strong>consulari,</strong></span> <span class='ocrx_word' id='word_1_279' title='bbox 3618 1646 3864 1706; x_wconf 84' lang='lat' dir='ltr'><strong>tempore</strong></span> 
     </span>
    </p>
   </div>
   <div class='ocr_carea' id='block_1_40' title="bbox 2279 1728 3859 1793">
    <p class='ocr_par' dir='ltr' id='par_1_40' title="bbox 2279 1728 3859 1793">
     <span class='ocr_line' id='line_1_40' title="bbox 2279 1728 3859 1793; baseline -0.003 -6"><span class='ocrx_word' id='word_1_280' title='bbox 2279 1733 2594 1788; x_wconf 88' lang='lat' dir='ltr'><strong>Diocletiani</strong></span> <span class='ocrx_word' id='word_1_281' title='bbox 2622 1740 2675 1788; x_wconf 90' lang='lat' dir='ltr'><strong>et</strong></span> <span class='ocrx_word' id='word_1_282' title='bbox 2697 1730 3022 1786; x_wconf 78' lang='lat' dir='ltr'><strong>Maximiani.</strong></span> <span class='ocrx_word' id='word_1_283' title='bbox 3058 1730 3254 1784; x_wconf 87' lang='lat' dir='ltr'><strong>Eodem</strong></span> <span class='ocrx_word' id='word_1_284' title='bbox 3284 1729 3371 1782; x_wconf 91' lang='lat' dir='ltr'><strong>die</strong></span> <span class='ocrx_word' id='word_1_285' title='bbox 3395 1738 3589 1782; x_wconf 67' lang='lat' dir='ltr'><strong>sancta:</strong></span> <span class='ocrx_word' id='word_1_286' title='bbox 3622 1728 3859 1793; x_wconf 70' lang='lat' dir='ltr'><strong>Ililaritr,</strong></span> 
     </span>
    </p>
   </div>
   <div class='ocr_carea' id='block_1_41' title="bbox 2280 1818 3857 1891">
    <p class='ocr_par' dir='ltr' id='par_1_41' title="bbox 2280 1818 3857 1891">
     <span class='ocr_line' id='line_1_41' title="bbox 2280 1818 3857 1891; baseline -0.004 -13"><span class='ocrx_word' id='word_1_287' title='bbox 2280 1825 2463 1879; x_wconf 89' lang='lat' dir='ltr'><strong>matris</strong></span> <span class='ocrx_word' id='word_1_288' title='bbox 2484 1833 2682 1879; x_wconf 75' lang='lat' dir='ltr'><strong>sancta:</strong></span> <span class='ocrx_word' id='word_1_289' title='bbox 2705 1822 2850 1879; x_wconf 68' lang='lat' dir='ltr'><strong>Afra:</strong></span> <span class='ocrx_word' id='word_1_290' title='bbox 2874 1821 3142 1891; x_wconf 88' lang='lat' dir='ltr'><strong>martyris.</strong></span> <span class='ocrx_word' id='word_1_291' title='bbox 3167 1818 3297 1886; x_wconf 70' lang='lat' dir='ltr'><strong>Quae</strong></span> <span class='ocrx_word' id='word_1_292' title='bbox 3318 1834 3436 1873; x_wconf 91' lang='lat' dir='ltr'><strong>cum</strong></span> <span class='ocrx_word' id='word_1_293' title='bbox 3464 1819 3527 1872; x_wconf 89' lang='lat' dir='ltr'><strong>ad</strong></span> <span class='ocrx_word' id='word_1_294' title='bbox 3551 1819 3857 1887; x_wconf 88' lang='lat' dir='ltr'><strong>sepulcrum</strong></span> 
     </span>
    </p>
   </div>
   <div class='ocr_carea' id='block_1_42' title="bbox 2278 1910 3862 1987">
    <p class='ocr_par' dir='ltr' id='par_1_42' title="bbox 2278 1910 3862 1987">
     <span class='ocr_line' id='line_1_42' title="bbox 2278 1910 3862 1987; baseline -0.003 -16"><span class='ocrx_word' id='word_1_295' title='bbox 2278 1918 2394 1987; x_wconf 86' lang='lat' dir='ltr'><strong>ejus</strong></span> <span class='ocrx_word' id='word_1_296' title='bbox 2436 1917 2723 1972; x_wconf 82' lang='lat' dir='ltr'><strong>excubaret</strong></span> <span class='ocrx_word' id='word_1_297' title='bbox 2749 1956 2763 1979; x_wconf 94' lang='lat'><strong>,</strong></span> <span class='ocrx_word' id='word_1_298' title='bbox 2795 1914 2988 1968; x_wconf 89' lang='lat' dir='ltr'><strong>ibidem</strong></span> <span class='ocrx_word' id='word_1_299' title='bbox 3019 1928 3114 1982; x_wconf 91' lang='lat' dir='ltr'><strong>pro</strong></span> <span class='ocrx_word' id='word_1_300' title='bbox 3145 1912 3247 1967; x_wconf 93' lang='lat' dir='ltr'><strong>ﬁde</strong></span> <span class='ocrx_word' id='word_1_301' title='bbox 3272 1910 3465 1966; x_wconf 84' lang='lat' dir='ltr'><strong>Christi</strong></span> <span class='ocrx_word' id='word_1_302' title='bbox 3494 1926 3522 1964; x_wconf 92' lang='lat' dir='ltr'><strong>a</strong></span> <span class='ocrx_word' id='word_1_303' title='bbox 3554 1921 3862 1980; x_wconf 87' lang='lat' dir='ltr'><strong>persecuto-</strong></span> 
     </span>
    </p>
   </div>
   <div class='ocr_carea' id='block_1_43' title="bbox 2279 2002 3859 2076">
    <p class='ocr_par' dir='ltr' id='par_1_43' title="bbox 2279 2002 3859 2076">
     <span class='ocr_line' id='line_1_43' title="bbox 2279 2002 3859 2076; baseline -0.004 -15"><span class='ocrx_word' id='word_1_304' title='bbox 2279 2008 2427 2061; x_wconf 88' lang='lat' dir='ltr'><strong>ribus</strong></span> <span class='ocrx_word' id='word_1_305' title='bbox 2475 2007 2581 2076; x_wconf 89' lang='lat' dir='ltr'><strong>igni</strong></span> <span class='ocrx_word' id='word_1_306' title='bbox 2635 2006 2824 2060; x_wconf 87' lang='lat' dir='ltr'><strong>tradita</strong></span> <span class='ocrx_word' id='word_1_307' title='bbox 2871 2014 2989 2068; x_wconf 89' lang='lat' dir='ltr'><strong>est,</strong></span> <span class='ocrx_word' id='word_1_308' title='bbox 3022 2018 3140 2058; x_wconf 91' lang='lat' dir='ltr'><strong>cum</strong></span> <span class='ocrx_word' id='word_1_309' title='bbox 3184 2002 3349 2072; x_wconf 86' lang='lat' dir='ltr'><strong>Digna</strong></span> <span class='ocrx_word' id='word_1_310' title='bbox 3399 2013 3450 2056; x_wconf 88' lang='lat' dir='ltr'><strong>et</strong></span> <span class='ocrx_word' id='word_1_311' title='bbox 3497 2002 3772 2065; x_wconf 86' lang='lat' dir='ltr'><strong>Eumenia,</strong></span> <span class='ocrx_word' id='word_1_312' title='bbox 3803 2015 3859 2056; x_wconf 87' lang='lat' dir='ltr'><strong>et</strong></span> 
     </span>
    </p>
   </div>
   <div class='ocr_carea' id='block_1_44' title="bbox 2279 2092 3858 2169">
    <p class='ocr_par' dir='ltr' id='par_1_44' title="bbox 2279 2092 3858 2169">
     <span class='ocr_line' id='line_1_44' title="bbox 2279 2092 3858 2169; baseline -0.004 -14"><span class='ocrx_word' id='word_1_313' title='bbox 2279 2100 2568 2169; x_wconf 89' lang='lat' dir='ltr'><strong>Enprepia,</strong></span> <span class='ocrx_word' id='word_1_314' title='bbox 2598 2113 2715 2167; x_wconf 63' lang='lat' dir='ltr'><strong>quae</strong></span> <span class='ocrx_word' id='word_1_315' title='bbox 2746 2097 2956 2152; x_wconf 84' lang='lat' dir='ltr'><strong>fuerunt</strong></span> <span class='ocrx_word' id='word_1_316' title='bbox 2985 2095 3172 2165; x_wconf 82' lang='lat' dir='ltr'><strong>puellae</strong></span> <span class='ocrx_word' id='word_1_317' title='bbox 3203 2103 3401 2149; x_wconf 70' lang='lat' dir='ltr'><strong>sancta:</strong></span> <span class='ocrx_word' id='word_1_318' title='bbox 3425 2092 3585 2148; x_wconf 61' lang='lat' dir='ltr'><strong>Afra).</strong></span> <span class='ocrx_word' id='word_1_319' title='bbox 3619 2092 3673 2147; x_wconf 92' lang='lat' dir='ltr'><strong>In</strong></span> <span class='ocrx_word' id='word_1_320' title='bbox 3697 2094 3858 2166; x_wconf 83' lang='lat' dir='ltr'><strong>Syria</strong></span> 
     </span>
    </p>
   </div>
   <div class='ocr_carea' id='block_1_45' title="bbox 2279 2187 3394 2249">
    <p class='ocr_par' dir='ltr' id='par_1_45' title="bbox 2279 2187 3394 2249">
     <span class='ocr_line' id='line_1_45' title="bbox 2279 2187 3394 2249; baseline -0.006 -1"><span class='ocrx_word' id='word_1_321' title='bbox 2279 2194 2453 2249; x_wconf 88' lang='lat' dir='ltr'><strong>natale</strong></span> <span class='ocrx_word' id='word_1_322' title='bbox 2485 2203 2788 2247; x_wconf 90' lang='lat' dir='ltr'><strong>sanctorum</strong></span> <span class='ocrx_word' id='word_1_323' title='bbox 2818 2190 3068 2244; x_wconf 82' lang='lat' dir='ltr'><strong>Macharii</strong></span> <span class='ocrx_word' id='word_1_324' title='bbox 3101 2196 3154 2241; x_wconf 90' lang='lat' dir='ltr'><strong>et</strong></span> <span class='ocrx_word' id='word_1_325' title='bbox 3174 2187 3394 2243; x_wconf 79' lang='lat' dir='ltr'><strong>Juliani.</strong></span> 
     </span>
    </p>
   </div>
   <div class='ocr_carea' id='block_1_46' title="bbox 2350 2276 3861 2347">
    <p class='ocr_par' dir='ltr' id='par_1_46' title="bbox 2350 2276 3861 2347">
     <span class='ocr_line' id='line_1_46' title="bbox 2350 2276 3861 2347; baseline -0.004 -9"><span class='ocrx_word' id='word_1_326' title='bbox 2350 2288 2414 2338; x_wconf 84' lang='lat' dir='ltr'><strong>A.</strong></span> <span class='ocrx_word' id='word_1_327' title='bbox 2447 2282 2563 2336; x_wconf 79' lang='lat' dir='ltr'><strong>Inus</strong></span> <span class='ocrx_word' id='word_1_328' title='bbox 2597 2283 2732 2336; x_wconf 79' lang='lat' dir='ltr'><strong>Anc.</strong></span> <span class='ocrx_word' id='word_1_329' title='bbox 2765 2280 2947 2335; x_wconf 64' lang='lat' dir='ltr'><strong>Romae</strong></span> <span class='ocrx_word' id='word_1_330' title='bbox 2976 2278 3143 2332; x_wconf 80' lang='lat' dir='ltr'><strong>sancti</strong></span> <span class='ocrx_word' id='word_1_331' title='bbox 3181 2276 3470 2347; x_wconf 81' lang='lat' dir='ltr'><strong>Hippolyti,</strong></span> <span class='ocrx_word' id='word_1_332' title='bbox 3501 2276 3588 2347; x_wconf 88' lang='lat' dir='ltr'><strong>qui</strong></span> <span class='ocrx_word' id='word_1_333' title='bbox 3616 2286 3861 2346; x_wconf 83' lang='lat' dir='ltr'><strong>tempore</strong></span> 
     </span>
    </p>
   </div>
   <div class='ocr_carea' id='block_1_47' title="bbox 2285 2368 3857 2443">
    <p class='ocr_par' dir='ltr' id='par_1_47' title="bbox 2285 2368 3857 2443">
     <span class='ocr_line' id='line_1_47' title="bbox 2285 2368 3857 2443; baseline -0.006 -13"><span class='ocrx_word' id='word_1_334' title='bbox 2285 2375 2427 2430; x_wconf 90' lang='lat' dir='ltr'><strong>Decii</strong></span> <span class='ocrx_word' id='word_1_335' title='bbox 2455 2374 2630 2443; x_wconf 88' lang='lat' dir='ltr'><strong>ligatis</strong></span> <span class='ocrx_word' id='word_1_336' title='bbox 2661 2373 2883 2441; x_wconf 90' lang='lat' dir='ltr'><strong>pedibus</strong></span> <span class='ocrx_word' id='word_1_337' title='bbox 2909 2374 2974 2423; x_wconf 91' lang='lat' dir='ltr'><strong>ad</strong></span> <span class='ocrx_word' id='word_1_338' title='bbox 3002 2369 3138 2424; x_wconf 92' lang='lat' dir='ltr'><strong>colla</strong></span> <span class='ocrx_word' id='word_1_339' title='bbox 3169 2368 3543 2424; x_wconf 89' lang='lat' dir='ltr'><strong>indomitorum</strong></span> <span class='ocrx_word' id='word_1_340' title='bbox 3567 2382 3857 2435; x_wconf 84' lang='lat' dir='ltr'><strong>equorum,</strong></span> 
     </span>
    </p>
   </div>
   <div class='ocr_carea' id='block_1_48' title="bbox 1836 2480 2595 2542">
    <p class='ocr_par' dir='ltr' id='par_1_48' title="bbox 1836 2480 2595 2542">
     <span class='ocr_line' id='line_1_48' title="bbox 1836 2480 2595 2542; baseline -0.004 -3"><span class='ocrx_word' id='word_1_341' title='bbox 1836 2484 2061 2541; x_wconf 81' lang='lat' dir='ltr'><strong>EDITIO</strong></span> <span class='ocrx_word' id='word_1_342' title='bbox 2099 2480 2595 2542; x_wconf 78' lang='lat' dir='ltr'><strong>BOLLANDIANA.</strong></span> 
     </span>
    </p>
   </div>
   <div class='ocr_carea' id='block_1_49' title="bbox 579 2578 2169 2651">
    <p class='ocr_par' dir='ltr' id='par_1_49' title="bbox 579 2578 2169 2651">
     <span class='ocr_line' id='line_1_49' title="bbox 579 2578 2169 2651; baseline -0.004 -11"><span class='ocrx_word' id='word_1_343' title='bbox 579 2600 785 2651; x_wconf 77' lang='lat' dir='ltr'><strong>serum,</strong></span> <span class='ocrx_word' id='word_1_344' title='bbox 832 2584 1148 2638; x_wconf 87' lang='lat' dir='ltr'><strong>laminarum</strong></span> <span class='ocrx_word' id='word_1_345' title='bbox 1172 2581 1495 2646; x_wconf 90' lang='lat' dir='ltr'><strong>ardentium,</strong></span> <span class='ocrx_word' id='word_1_346' title='bbox 1539 2580 1606 2635; x_wconf 89' lang='lat' dir='ltr'><strong>ad</strong></span> <span class='ocrx_word' id='word_1_347' title='bbox 1640 2580 1884 2633; x_wconf 87' lang='lat' dir='ltr'><strong>ultimum</strong></span> <span class='ocrx_word' id='word_1_348' title='bbox 1916 2578 1969 2634; x_wconf 93' lang='lat' dir='ltr'><strong>in</strong></span> <span class='ocrx_word' id='word_1_349' title='bbox 2008 2580 2169 2634; x_wconf 88' lang='lat' dir='ltr'><strong>crati-</strong></span> 
     </span>
    </p>
   </div>
   <div class='ocr_carea' id='block_1_50' title="bbox 580 2672 1815 2743">
    <p class='ocr_par' dir='ltr' id='par_1_50' title="bbox 580 2672 1815 2743">
     <span class='ocr_line' id='line_1_50' title="bbox 580 2672 1815 2743; baseline -0.005 -10"><span class='ocrx_word' id='word_1_350' title='bbox 580 2679 697 2733; x_wconf 77' lang='lat' dir='ltr'><strong>Cttla</strong></span> <span class='ocrx_word' id='word_1_351' title='bbox 730 2676 898 2731; x_wconf 87' lang='lat' dir='ltr'><strong>ferrea</strong></span> <span class='ocrx_word' id='word_1_352' title='bbox 926 2683 1136 2731; x_wconf 90' lang='lat' dir='ltr'><strong>assatus</strong></span> <span class='ocrx_word' id='word_1_353' title='bbox 1165 2673 1480 2743; x_wconf 90' lang='lat' dir='ltr'><strong>martyrium</strong></span> <span class='ocrx_word' id='word_1_354' title='bbox 1504 2672 1815 2740; x_wconf 83' lang='lat' dir='ltr'><strong>complevit.</strong></span> 
     </span>
    </p>
   </div>
   <div class='ocr_carea' id='block_1_51' title="bbox 653 2763 2167 2834">
    <p class='ocr_par' dir='ltr' id='par_1_51' title="bbox 653 2763 2167 2834">
     <span class='ocr_line' id='line_1_51' title="bbox 653 2763 2167 2834; baseline -0.004 -13"><span class='ocrx_word' id='word_1_355' title='bbox 653 2767 718 2822; x_wconf 77' lang='grc' dir='ltr'>ν.</span> <span class='ocrx_word' id='word_1_356' title='bbox 748 2768 832 2832; x_wconf 75' lang='grc'><strong>0.,</strong></span> <span class='ocrx_word' id='word_1_357' title='bbox 870 2768 934 2822; x_wconf 87' lang='lat' dir='ltr'><strong>Et</strong></span> <span class='ocrx_word' id='word_1_358' title='bbox 960 2769 1062 2821; x_wconf 89' lang='lat' dir='ltr'><strong>vita</strong></span> <span class='ocrx_word' id='word_1_359' title='bbox 1091 2778 1395 2820; x_wconf 90' lang='lat' dir='ltr'><strong>sanctorum</strong></span> <span class='ocrx_word' id='word_1_360' title='bbox 1444 2774 1648 2834; x_wconf 88' lang='lat' dir='ltr'><strong>septem</strong></span> <span class='ocrx_word' id='word_1_361' title='bbox 1702 2763 1923 2834; x_wconf 80' lang='lat' dir='ltr'><strong>fratrum</strong></span> <span class='ocrx_word' id='word_1_362' title='bbox 1958 2770 1982 2798; x_wconf 75' lang='grc' dir='ltr'>α</span> <span class='ocrx_word' id='word_1_363' title='bbox 2033 2763 2167 2818; x_wconf 74' lang='grc' dir='ltr'><strong>θοι-σ-</strong></span> 
     </span>
    </p>
   </div>
   <div class='ocr_carea' id='block_1_52' title="bbox 585 2833 2161 2903">
    <p class='ocr_par' dir='ltr' id='par_1_52' title="bbox 585 2833 2161 2903">
     <span class='ocr_line' id='line_1_52' title="bbox 585 2833 2161 2903; baseline -0.003 -11"><span class='ocrx_word' id='word_1_364' title='bbox 585 2841 885 2893; x_wconf 89' lang='lat' dir='ltr'><strong>micntium.</strong></span> <span class='ocrx_word' id='word_1_365' title='bbox 918 2839 1001 2903; x_wconf 80' lang='lat'><strong>8.,</strong></span> <span class='ocrx_word' id='word_1_366' title='bbox 1035 2839 1097 2891; x_wconf 83' lang='lat' dir='ltr'><strong>Et</strong></span> <span class='ocrx_word' id='word_1_367' title='bbox 1124 2837 1246 2890; x_wconf 91' lang='lat' dir='ltr'><strong>alibi</strong></span> <span class='ocrx_word' id='word_1_368' title='bbox 1282 2833 1699 2898; x_wconf 87' lang='lat' dir='ltr'><strong>Crescentionis,</strong></span> <span class='ocrx_word' id='word_1_369' title='bbox 1733 2833 1993 2902; x_wconf 84' lang='lat' dir='ltr'><strong>Januarii,</strong></span> <span class='ocrx_word' id='word_1_370' title='bbox 2024 2835 2161 2889; x_wconf 80' lang='lat' dir='ltr'><strong>Exu-</strong></span> 
     </span>
    </p>
   </div>
   <div class='ocr_carea' id='block_1_53' title="bbox 584 2910 776 2980">
    <p class='ocr_par' dir='ltr' id='par_1_53' title="bbox 584 2910 776 2980">
     <span class='ocr_line' id='line_1_53' title="bbox 584 2910 776 2980; baseline -0.01 -17"><span class='ocrx_word' id='word_1_371' title='bbox 584 2910 776 2980; x_wconf 88' lang='lat' dir='ltr'><strong>perati.</strong></span> 
     </span>
    </p>
   </div>
   <div class='ocr_carea' id='block_1_54' title="bbox 661 3008 2173 3080">
    <p class='ocr_par' dir='ltr' id='par_1_54' title="bbox 661 3008 2173 3080">
     <span class='ocr_line' id='line_1_54' title="bbox 661 3008 2173 3080; baseline -0.001 -15"><span class='ocrx_word' id='word_1_372' title='bbox 661 3017 747 3068; x_wconf 77' lang='lat' dir='ltr'><strong>tl.</strong></span> <span class='ocrx_word' id='word_1_373' title='bbox 780 3010 935 3066; x_wconf 86' lang='lat' dir='ltr'><strong>—-lll</strong></span> <span class='ocrx_word' id='word_1_374' title='bbox 988 3012 1124 3066; x_wconf 84' lang='lat' dir='ltr'><strong>Inus.</strong></span> <span class='ocrx_word' id='word_1_375' title='bbox 1171 3011 1354 3064; x_wconf 76' lang='lat' dir='ltr'><strong>Romae</strong></span> <span class='ocrx_word' id='word_1_376' title='bbox 1398 3010 1456 3064; x_wconf 91' lang='grc'><strong>8.</strong></span> <span class='ocrx_word' id='word_1_377' title='bbox 1491 3008 1516 3047; x_wconf 72' lang='grc' dir='ltr'><strong>ιι</strong></span> <span class='ocrx_word' id='word_1_378' title='bbox 1548 3008 1772 3064; x_wconf 89' lang='lat' dir='ltr'><strong>Tiburtii</strong></span> <span class='ocrx_word' id='word_1_379' title='bbox 1814 3010 2064 3080; x_wconf 87' lang='lat' dir='ltr'><strong>martyris</strong></span> <span class='ocrx_word' id='word_1_380' title='bbox 2118 3017 2173 3064; x_wconf 91' lang='lat' dir='ltr'><strong>et</strong></span> 
     </span>
    </p>
   </div>
   <div class='ocr_carea' id='block_1_55' title="bbox 593 3107 927 3161">
    <p class='ocr_par' dir='ltr' id='par_1_55' title="bbox 593 3107 927 3161">
     <span class='ocr_line' id='line_1_55' title="bbox 593 3107 927 3161; baseline 0.003 -2"><span class='ocrx_word' id='word_1_381' title='bbox 593 3119 615 3146; x_wconf 70' lang='grc' dir='ltr'><strong><em>ο</em></strong></span> <span class='ocrx_word' id='word_1_382' title='bbox 648 3107 927 3161; x_wconf 66' lang='grc' dir='ltr'>Βιιείιιιηω.</span> 
     </span>
    </p>
   </div>
   <div class='ocr_carea' id='block_1_56' title="bbox 660 3191 2174 3265">
    <p class='ocr_par' dir='ltr' id='par_1_56' title="bbox 660 3191 2174 3265">
     <span class='ocr_line' id='line_1_56' title="bbox 660 3191 2174 3265; baseline -0.002 -14"><span class='ocrx_word' id='word_1_383' title='bbox 660 3197 868 3252; x_wconf 83' lang='lat' dir='ltr'><strong>Excidit</strong></span> <span class='ocrx_word' id='word_1_384' title='bbox 901 3197 1014 3250; x_wconf 76' lang='lat' dir='ltr'><strong>lucc</strong></span> <span class='ocrx_word' id='word_1_385' title='bbox 1047 3196 1099 3250; x_wconf 92' lang='lat' dir='ltr'><strong>in</strong></span> <span class='ocrx_word' id='word_1_386' title='bbox 1132 3195 1195 3250; x_wconf 75' lang='grc' dir='ltr'>Α.</span> <span class='ocrx_word' id='word_1_387' title='bbox 1220 3193 1285 3249; x_wconf 85' lang='grc' dir='ltr'>Τ.</span> <span class='ocrx_word' id='word_1_388' title='bbox 1321 3193 1403 3255; x_wconf 86' lang='lat' dir='ltr'><strong>L.,</strong></span> <span class='ocrx_word' id='word_1_389' title='bbox 1438 3192 1563 3248; x_wconf 89' lang='lat' dir='ltr'><strong>dum</strong></span> <span class='ocrx_word' id='word_1_390' title='bbox 1595 3191 1748 3248; x_wconf 87' lang='lat' dir='ltr'><strong>istius</strong></span> <span class='ocrx_word' id='word_1_391' title='bbox 1775 3204 1923 3265; x_wconf 87' lang='lat' dir='ltr'><strong>gesta</strong></span> <span class='ocrx_word' id='word_1_392' title='bbox 1964 3195 2041 3248; x_wconf 85' lang='lat' dir='ltr'><strong>sic</strong></span> <span class='ocrx_word' id='word_1_393' title='bbox 2080 3194 2174 3249; x_wconf 82' lang='lat' dir='ltr'><strong>de-</strong></span> 
     </span>
    </p>
   </div>
   <div class='ocr_carea' id='block_1_57' title="bbox 600 3284 2173 3353">
    <p class='ocr_par' dir='ltr' id='par_1_57' title="bbox 600 3284 2173 3353">
     <span class='ocr_line' id='line_1_57' title="bbox 600 3284 2173 3353; baseline -0.001 -11"><span class='ocrx_word' id='word_1_394' title='bbox 600 3290 785 3344; x_wconf 87' lang='lat' dir='ltr'><strong>scribit</strong></span> <span class='ocrx_word' id='word_1_395' title='bbox 816 3288 1039 3344; x_wconf 80' lang='lat' dir='ltr'><strong>Florus:</strong></span> <span class='ocrx_word' id='word_1_396' title='bbox 1069 3286 1167 3353; x_wconf 84' lang='lat' dir='ltr'><strong>Qui</strong></span> <span class='ocrx_word' id='word_1_397' title='bbox 1196 3287 1263 3340; x_wconf 89' lang='lat' dir='ltr'><strong>de</strong></span> <span class='ocrx_word' id='word_1_398' title='bbox 1308 3299 1461 3340; x_wconf 89' lang='lat' dir='ltr'><strong>sacro</strong></span> <span class='ocrx_word' id='word_1_399' title='bbox 1492 3285 1637 3339; x_wconf 90' lang='lat' dir='ltr'><strong>fonte</strong></span> <span class='ocrx_word' id='word_1_400' title='bbox 1683 3299 1711 3338; x_wconf 90' lang='lat' dir='ltr'><strong>a</strong></span> <span class='ocrx_word' id='word_1_401' title='bbox 1750 3285 1807 3339; x_wconf 88' lang='grc' dir='ltr'><strong>Β.</strong></span> <span class='ocrx_word' id='word_1_402' title='bbox 1850 3284 2173 3341; x_wconf 89' lang='lat' dir='ltr'><strong>Sebastiano</strong></span> 
     </span>
    </p>
   </div>
   <div class='ocr_carea' id='block_1_58' title="bbox 586 3375 2165 3450">
    <p class='ocr_par' dir='ltr' id='par_1_58' title="bbox 586 3375 2165 3450">
     <span class='ocr_line' id='line_1_58' title="bbox 586 3375 2165 3450; baseline -0.003 -15"><span class='ocrx_word' id='word_1_403' title='bbox 586 3390 864 3450; x_wconf 67' lang='lat' dir='ltr'><strong>saceptus</strong></span> <span class='ocrx_word' id='word_1_404' title='bbox 892 3387 948 3434; x_wconf 90' lang='lat' dir='ltr'><strong>et</strong></span> <span class='ocrx_word' id='word_1_405' title='bbox 984 3376 1038 3432; x_wconf 90' lang='lat' dir='ltr'><strong>in</strong></span> <span class='ocrx_word' id='word_1_406' title='bbox 1063 3376 1167 3432; x_wconf 88' lang='lat' dir='ltr'><strong>ﬁde</strong></span> <span class='ocrx_word' id='word_1_407' title='bbox 1190 3376 1385 3432; x_wconf 87' lang='lat' dir='ltr'><strong>Christi</strong></span> <span class='ocrx_word' id='word_1_408' title='bbox 1428 3379 1735 3442; x_wconf 87' lang='lat' dir='ltr'><strong>roboratus,</strong></span> <span class='ocrx_word' id='word_1_409' title='bbox 1767 3391 1887 3429; x_wconf 92' lang='lat' dir='ltr'><strong>cum</strong></span> <span class='ocrx_word' id='word_1_410' title='bbox 1915 3375 2165 3446; x_wconf 87' lang='lat' dir='ltr'><strong>ﬁgmenta</strong></span> 
     </span>
    </p>
   </div>
   <div class='ocr_carea' id='block_1_59' title="bbox 2281 2569 3856 2641">
    <p class='ocr_par' dir='ltr' id='par_1_59' title="bbox 2281 2569 3856 2641">
     <span class='ocr_line' id='line_1_59' title="bbox 2281 2569 3856 2641; baseline -0.004 -8"><span class='ocrx_word' id='word_1_411' title='bbox 2281 2578 2473 2633; x_wconf 85' lang='lat' dir='ltr'><strong>ductus</strong></span> <span class='ocrx_word' id='word_1_412' title='bbox 2503 2576 2584 2630; x_wconf 88' lang='lat' dir='ltr'><strong>via</strong></span> <span class='ocrx_word' id='word_1_413' title='bbox 2626 2574 2911 2637; x_wconf 88' lang='lat' dir='ltr'><strong>Lavicana,</strong></span> <span class='ocrx_word' id='word_1_414' title='bbox 2956 2571 3181 2627; x_wconf 89' lang='lat' dir='ltr'><strong>fundens</strong></span> <span class='ocrx_word' id='word_1_415' title='bbox 3212 2569 3276 2624; x_wconf 84' lang='lat' dir='ltr'><strong>ad</strong></span> <span class='ocrx_word' id='word_1_416' title='bbox 3318 2569 3599 2625; x_wconf 90' lang='lat' dir='ltr'><strong>Dominum</strong></span> <span class='ocrx_word' id='word_1_417' title='bbox 3643 2585 3856 2641; x_wconf 78' lang='lat' dir='ltr'><strong>preces.</strong></span> 
     </span>
    </p>
   </div>
   <div class='ocr_carea' id='block_1_60' title="bbox 2280 2660 3860 2738">
    <p class='ocr_par' dir='ltr' id='par_1_60' title="bbox 2280 2660 3860 2738">
     <span class='ocr_line' id='line_1_60' title="bbox 2280 2660 3860 2738; baseline -0.003 -16"><span class='ocrx_word' id='word_1_418' title='bbox 2280 2669 2387 2723; x_wconf 86' lang='lat' dir='ltr'><strong>ictu</strong></span> <span class='ocrx_word' id='word_1_419' title='bbox 2413 2667 2577 2738; x_wconf 83' lang='lat' dir='ltr'><strong>gladii</strong></span> <span class='ocrx_word' id='word_1_420' title='bbox 2610 2666 2945 2728; x_wconf 89' lang='lat' dir='ltr'><strong>verberatus,</strong></span> <span class='ocrx_word' id='word_1_421' title='bbox 2977 2662 3221 2733; x_wconf 82' lang='lat' dir='ltr'><strong>migravit</strong></span> <span class='ocrx_word' id='word_1_422' title='bbox 3252 2662 3317 2715; x_wconf 87' lang='lat' dir='ltr'><strong>ad</strong></span> <span class='ocrx_word' id='word_1_423' title='bbox 3368 2660 3656 2716; x_wconf 86' lang='lat' dir='ltr'><strong>Christum.</strong></span> <span class='ocrx_word' id='word_1_424' title='bbox 3707 2661 3860 2719; x_wconf 87' lang='lat' dir='ltr'><strong>Scri-</strong></span> 
     </span>
    </p>
   </div>
   <div class='ocr_carea' id='block_1_61' title="bbox 2278 2754 3160 2828">
    <p class='ocr_par' dir='ltr' id='par_1_61' title="bbox 2278 2754 3160 2828">
     <span class='ocr_line' id='line_1_61' title="bbox 2278 2754 3160 2828; baseline -0.005 -14"><span class='ocrx_word' id='word_1_425' title='bbox 2278 2770 2422 2828; x_wconf 91' lang='lat' dir='ltr'><strong>ptum</strong></span> <span class='ocrx_word' id='word_1_426' title='bbox 2455 2760 2506 2812; x_wconf 92' lang='lat' dir='ltr'><strong>in</strong></span> <span class='ocrx_word' id='word_1_427' title='bbox 2537 2757 2713 2814; x_wconf 87' lang='lat' dir='ltr'><strong>Gestis</strong></span> <span class='ocrx_word' id='word_1_428' title='bbox 2745 2757 2804 2811; x_wconf 90' lang='lat' dir='ltr'><strong>B.</strong></span> <span class='ocrx_word' id='word_1_429' title='bbox 2840 2754 3160 2811; x_wconf 72' lang='lat' dir='ltr'><strong>Sebastiani.</strong></span> 
     </span>
    </p>
   </div>
   <div class='ocr_carea' id='block_1_62' title="bbox 2362 2843 3859 2904">
    <p class='ocr_par' dir='ltr' id='par_1_62' title="bbox 2362 2843 3859 2904">
     <span class='ocr_line' id='line_1_62' title="bbox 2362 2843 3859 2904; baseline -0.001 -1"><span class='ocrx_word' id='word_1_430' title='bbox 2362 2843 2503 2904; x_wconf 81' lang='lat' dir='ltr'><strong>Ideni</strong></span> <span class='ocrx_word' id='word_1_431' title='bbox 2536 2848 2723 2902; x_wconf 86' lang='lat' dir='ltr'><strong>Florus</strong></span> <span class='ocrx_word' id='word_1_432' title='bbox 2748 2846 2943 2902; x_wconf 90' lang='lat' dir='ltr'><strong>ibidem</strong></span> <span class='ocrx_word' id='word_1_433' title='bbox 2970 2864 2981 2898; x_wconf 87' lang='lat'>:</span> <span class='ocrx_word' id='word_1_434' title='bbox 3019 2846 3214 2899; x_wconf 81' lang='lat' dir='ltr'><strong>Eodem</strong></span> <span class='ocrx_word' id='word_1_435' title='bbox 3244 2844 3332 2900; x_wconf 89' lang='lat' dir='ltr'><strong>die</strong></span> <span class='ocrx_word' id='word_1_436' title='bbox 3359 2844 3410 2899; x_wconf 92' lang='lat' dir='ltr'><strong>in</strong></span> <span class='ocrx_word' id='word_1_437' title='bbox 3440 2844 3604 2900; x_wconf 83' lang='lat' dir='ltr'><strong>Gallia</strong></span> <span class='ocrx_word' id='word_1_438' title='bbox 3638 2846 3859 2903; x_wconf 84' lang='lat' dir='ltr'><strong>civitate</strong></span> 
     </span>
    </p>
   </div>
   <div class='ocr_carea' id='block_1_63' title="bbox 2283 2922 3858 3009">
    <p class='ocr_par' dir='ltr' id='par_1_63' title="bbox 2283 2922 3858 3009">
     <span class='ocr_line' id='line_1_63' title="bbox 2283 2922 3858 3009; baseline -0.001 -13"><span class='ocrx_word' id='word_1_439' title='bbox 2283 2943 2568 2996; x_wconf 89' lang='lat' dir='ltr'><strong>Cameraco</strong></span> <span class='ocrx_word' id='word_1_440' title='bbox 2598 2939 2859 3009; x_wconf 86' lang='lat' dir='ltr'><strong>depositio</strong></span> <span class='ocrx_word' id='word_1_441' title='bbox 2881 2938 2936 2993; x_wconf 90' lang='lat' dir='ltr'><strong>S.</strong></span> <span class='ocrx_word' id='word_1_442' title='bbox 2955 2935 2981 2974; x_wconf 74' lang='grc' dir='ltr'><strong><em>ἀ</em></strong></span> <span class='ocrx_word' id='word_1_443' title='bbox 3004 2935 3279 3009; x_wconf 86' lang='lat' dir='ltr'><strong>Gangerici</strong></span> <span class='ocrx_word' id='word_1_444' title='bbox 3308 2936 3539 3007; x_wconf 86' lang='lat' dir='ltr'><strong>episc0pi</strong></span> <span class='ocrx_word' id='word_1_445' title='bbox 3568 2922 3858 3008; x_wconf 64' lang='lat' dir='ltr'><strong>(Hactenus</strong></span> 
     </span>
    </p>
   </div>
   <div class='ocr_carea' id='block_1_64' title="bbox 2289 3031 3856 3105">
    <p class='ocr_par' dir='ltr' id='par_1_64' title="bbox 2289 3031 3856 3105">
     <span class='ocr_line' id='line_1_64' title="bbox 2289 3031 3856 3105; baseline 0.001 -17"><span class='ocrx_word' id='word_1_446' title='bbox 2289 3035 2407 3103; x_wconf 83' lang='lat' dir='ltr'><strong>A.),</strong></span> <span class='ocrx_word' id='word_1_447' title='bbox 2435 3034 2523 3103; x_wconf 91' lang='lat' dir='ltr'><strong>qui</strong></span> <span class='ocrx_word' id='word_1_448' title='bbox 2549 3042 2601 3087; x_wconf 88' lang='lat' dir='ltr'><strong>et</strong></span> <span class='ocrx_word' id='word_1_449' title='bbox 2631 3048 2836 3101; x_wconf 70' lang='lat' dir='ltr'><strong>magnae</strong></span> <span class='ocrx_word' id='word_1_450' title='bbox 2862 3031 3196 3087; x_wconf 65' lang='lat' dir='ltr'><strong>abstinentiae</strong></span> <span class='ocrx_word' id='word_1_451' title='bbox 3225 3045 3533 3101; x_wconf 67' lang='lat' dir='ltr'><strong>magnaeque</strong></span> <span class='ocrx_word' id='word_1_452' title='bbox 3563 3034 3856 3105; x_wconf 87' lang='lat' dir='ltr'><strong>religionis,</strong></span> 
     </span>
    </p>
   </div>
   <div class='ocr_carea' id='block_1_65' title="bbox 2283 3122 3858 3197">
    <p class='ocr_par' dir='ltr' id='par_1_65' title="bbox 2283 3122 3858 3197">
     <span class='ocr_line' id='line_1_65' title="bbox 2283 3122 3858 3197; baseline 0 -18"><span class='ocrx_word' id='word_1_453' title='bbox 2283 3132 2340 3179; x_wconf 88' lang='lat' dir='ltr'><strong>et</strong></span> <span class='ocrx_word' id='word_1_454' title='bbox 2365 3124 2828 3195; x_wconf 86' lang='lat' dir='ltr'><strong>eleetnosynarum</strong></span> <span class='ocrx_word' id='word_1_455' title='bbox 2860 3123 3167 3194; x_wconf 53' lang='lat' dir='ltr'><strong>largitor‘ac</strong></span> <span class='ocrx_word' id='word_1_456' title='bbox 3208 3122 3584 3179; x_wconf 89' lang='lat' dir='ltr'><strong>miraculorum</strong></span> <span class='ocrx_word' id='word_1_457' title='bbox 3618 3135 3858 3197; x_wconf 82' lang='lat' dir='ltr'><strong>patrator</strong></span> 
     </span>
    </p>
   </div>
   <div class='ocr_carea' id='block_1_66' title="bbox 2276 3212 3210 3282">
    <p class='ocr_par' dir='ltr' id='par_1_66' title="bbox 2276 3212 3210 3282">
     <span class='ocr_line' id='line_1_66' title="bbox 2276 3212 3210 3282; baseline -0.004 -12"><span class='ocrx_word' id='word_1_458' title='bbox 2276 3215 2376 3270; x_wconf 85' lang='lat' dir='ltr'><strong>fuit</strong></span> <span class='ocrx_word' id='word_1_459' title='bbox 2404 3232 2417 3268; x_wconf 91' lang='lat'>:</span> <span class='ocrx_word' id='word_1_460' title='bbox 2449 3224 2503 3270; x_wconf 89' lang='lat' dir='ltr'><strong>et</strong></span> <span class='ocrx_word' id='word_1_461' title='bbox 2524 3215 2583 3271; x_wconf 97' lang='grc'><strong>8.</strong></span> <span class='ocrx_word' id='word_1_462' title='bbox 2615 3214 2832 3269; x_wconf 85' lang='lat' dir='ltr'><strong>Taurini</strong></span> <span class='ocrx_word' id='word_1_463' title='bbox 2865 3214 3044 3268; x_wconf 83' lang='lat' dir='ltr'><strong>fratris</strong></span> <span class='ocrx_word' id='word_1_464' title='bbox 3074 3212 3210 3282; x_wconf 88' lang='lat' dir='ltr'><strong>ejus.</strong></span> 
     </span>
    </p>
   </div>
   <div class='ocr_carea' id='block_1_67' title="bbox 2348 3304 3353 3376">
    <p class='ocr_par' dir='ltr' id='par_1_67' title="bbox 2348 3304 3353 3376">
     <span class='ocr_line' id='line_1_67' title="bbox 2348 3304 3353 3376; baseline -0.003 -14"><span class='ocrx_word' id='word_1_465' title='bbox 2348 3307 2413 3362; x_wconf 83' lang='lat' dir='ltr'><strong>V.</strong></span> <span class='ocrx_word' id='word_1_466' title='bbox 2446 3307 2508 3364; x_wconf 85' lang='grc' dir='ltr'>Β.</span> <span class='ocrx_word' id='word_1_467' title='bbox 2534 3307 2621 3373; x_wconf 88' lang='lat' dir='ltr'><strong>C.,</strong></span> <span class='ocrx_word' id='word_1_468' title='bbox 2654 3307 2720 3361; x_wconf 82' lang='lat' dir='ltr'><strong>Et</strong></span> <span class='ocrx_word' id='word_1_469' title='bbox 2744 3305 2918 3376; x_wconf 87' lang='lat' dir='ltr'><strong>passio</strong></span> <span class='ocrx_word' id='word_1_470' title='bbox 2954 3305 3009 3360; x_wconf 92' lang='grc'><strong>8.</strong></span> <span class='ocrx_word' id='word_1_471' title='bbox 3047 3307 3069 3334; x_wconf 73' lang='grc' dir='ltr'>ε</span> <span class='ocrx_word' id='word_1_472' title='bbox 3094 3304 3353 3360; x_wconf 61' lang='lat' dir='ltr'><strong>Cassiani.</strong></span> 
     </span>
    </p>
   </div>
   <div class='ocr_carea' id='block_1_68' title="bbox 2349 3396 3849 3454">
    <p class='ocr_par' dir='ltr' id='par_1_68' title="bbox 2349 3396 3849 3454">
     <span class='ocr_line' id='line_1_68' title="bbox 2349 3396 3849 3454; baseline 0.001 -1"><span class='ocrx_word' id='word_1_473' title='bbox 2349 3398 2437 3453; x_wconf 74' lang='grc'>12.</span> <span class='ocrx_word' id='word_1_474' title='bbox 2467 3430 2537 3439; x_wconf 91' lang='grc'><strong><em>-</em></strong></span> <span class='ocrx_word' id='word_1_475' title='bbox 2567 3399 2607 3453; x_wconf 98' lang='grc' dir='ltr'><strong>ΙΙ</strong></span> <span class='ocrx_word' id='word_1_476' title='bbox 2643 3398 2781 3453; x_wconf 82' lang='lat' dir='ltr'><strong>Inus.</strong></span> <span class='ocrx_word' id='word_1_477' title='bbox 2815 3397 2869 3453; x_wconf 93' lang='lat' dir='ltr'><strong>In</strong></span> <span class='ocrx_word' id='word_1_478' title='bbox 2895 3396 3077 3453; x_wconf 88' lang='lat' dir='ltr'><strong>Sicilia</strong></span> <span class='ocrx_word' id='word_1_479' title='bbox 3105 3396 3321 3452; x_wconf 90' lang='lat' dir='ltr'><strong>civitate</strong></span> <span class='ocrx_word' id='word_1_480' title='bbox 3346 3396 3721 3454; x_wconf 86' lang='lat' dir='ltr'><strong>Catanensium</strong></span> <span class='ocrx_word' id='word_1_481' title='bbox 3754 3414 3849 3454; x_wconf 79' lang='lat' dir='ltr'><strong>na-</strong></span> 
     </span>
    </p>
   </div>
   <div class='ocr_carea' id='block_1_69' title="bbox 586 3466 3852 3565">
    <p class='ocr_par' dir='ltr' id='par_1_69' title="bbox 586 3466 3852 3565">
     <span class='ocr_line' id='line_1_69' title="bbox 586 3466 3852 3565; baseline 0.008 -47"><span class='ocrx_word' id='word_1_482' title='bbox 586 3474 848 3526; x_wconf 59' lang='lat' dir='ltr'><strong>iitotorum</strong></span> <span class='ocrx_word' id='word_1_483' title='bbox 878 3470 1252 3565; x_wconf 51' lang='lat' dir='ltr'><strong>deiectat-etum</strong></span> <span class='ocrx_word' id='word_1_484' title='bbox 1291 3466 1594 3565; x_wconf 35' lang='lat' dir='ltr'><strong>‘a‘Fabiano</strong></span> <span class='ocrx_word' id='word_1_485' title='bbox 1636 3467 2164 3565; x_wconf 38' lang='lat' dir='ltr'><strong>praefecto-compre-</strong></span> <span class='ocrx_word' id='word_1_486' title='bbox 2192 3474 2239 3538; x_wconf 85' lang='lat' dir='ltr'><strong><em>C</em></strong></span> <span class='ocrx_word' id='word_1_487' title='bbox 2273 3492 2378 3548; x_wconf 88' lang='lat' dir='ltr'><strong>tale</strong></span> <span class='ocrx_word' id='word_1_488' title='bbox 2415 3490 2566 3561; x_wconf 86' lang='lat' dir='ltr'><strong>Eupli</strong></span> <span class='ocrx_word' id='word_1_489' title='bbox 2594 3490 2841 3565; x_wconf 84' lang='lat' dir='ltr'><strong>diaconi;</strong></span> <span class='ocrx_word' id='word_1_490' title='bbox 2876 3488 2969 3559; x_wconf 87' lang='lat' dir='ltr'><strong>qui</strong></span> <span class='ocrx_word' id='word_1_491' title='bbox 3012 3503 3133 3545; x_wconf 90' lang='lat' dir='ltr'><strong>cum</strong></span> <span class='ocrx_word' id='word_1_492' title='bbox 3167 3488 3462 3545; x_wconf 87' lang='lat' dir='ltr'><strong>diutissime</strong></span> <span class='ocrx_word' id='word_1_493' title='bbox 3494 3498 3852 3561; x_wconf 84' lang='lat' dir='ltr'><strong>torqueretur,</strong></span> 
     </span>
    </p>
   </div>
   <div class='ocr_carea' id='block_1_70' title="bbox 584 3556 2167 3630">
    <p class='ocr_par' dir='ltr' id='par_1_70' title="bbox 584 3556 2167 3630">
     <span class='ocr_line' id='line_1_70' title="bbox 584 3556 2167 3630; baseline -0.003 -14"><span class='ocrx_word' id='word_1_494' title='bbox 584 3565 784 3616; x_wconf 75' lang='lat' dir='ltr'><strong>liensus</strong></span> <span class='ocrx_word' id='word_1_495' title='bbox 812 3572 915 3616; x_wconf 74' lang='grc' dir='ltr'><strong>εει.</strong></span> <span class='ocrx_word' id='word_1_496' title='bbox 952 3558 1235 3630; x_wconf 83' lang='lat' dir='ltr'><strong>(Hactenus</strong></span> <span class='ocrx_word' id='word_1_497' title='bbox 1277 3557 1370 3628; x_wconf 88' lang='lat' dir='ltr'><strong>A.)</strong></span> <span class='ocrx_word' id='word_1_498' title='bbox 1422 3558 1560 3612; x_wconf 85' lang='lat' dir='ltr'><strong>Ante</strong></span> <span class='ocrx_word' id='word_1_499' title='bbox 1609 3556 1763 3625; x_wconf 90' lang='lat' dir='ltr'><strong>cujus</strong></span> <span class='ocrx_word' id='word_1_500' title='bbox 1813 3558 1977 3627; x_wconf 84' lang='lat' dir='ltr'><strong>pedes</strong></span> <span class='ocrx_word' id='word_1_501' title='bbox 2028 3558 2167 3613; x_wconf 89' lang='lat' dir='ltr'><strong>idem</strong></span> 
     </span>
    </p>
   </div>
   <div class='ocr_carea' id='block_1_71' title="bbox 586 3648 2166 3724">
    <p class='ocr_par' dir='ltr' id='par_1_71' title="bbox 586 3648 2166 3724">
     <span class='ocr_line' id='line_1_71' title="bbox 586 3648 2166 3724; baseline -0.001 -18"><span class='ocrx_word' id='word_1_502' title='bbox 586 3655 866 3724; x_wconf 76' lang='lat' dir='ltr'><strong>prml&#39;ecws</strong></span> <span class='ocrx_word' id='word_1_503' title='bbox 919 3651 1182 3705; x_wconf 89' lang='lat' dir='ltr'><strong>carbones</strong></span> <span class='ocrx_word' id='word_1_504' title='bbox 1228 3648 1481 3704; x_wconf 89' lang='lat' dir='ltr'><strong>ardentes</strong></span> <span class='ocrx_word' id='word_1_505' title='bbox 1538 3649 1725 3705; x_wconf 79' lang='lat' dir='ltr'><strong>effudit</strong></span> <span class='ocrx_word' id='word_1_506' title='bbox 1775 3648 1997 3705; x_wconf 88' lang='lat' dir='ltr'><strong>dicens:</strong></span> <span class='ocrx_word' id='word_1_507' title='bbox 2056 3652 2166 3705; x_wconf 85' lang='lat' dir='ltr'><strong>Aut</strong></span> 
     </span>
    </p>
   </div>
   <div class='ocr_carea' id='block_1_72' title="bbox 586 3742 2171 3812">
    <p class='ocr_par' dir='ltr' id='par_1_72' title="bbox 586 3742 2171 3812">
     <span class='ocr_line' id='line_1_72' title="bbox 586 3742 2171 3812; baseline 0.001 -13"><span class='ocrx_word' id='word_1_508' title='bbox 586 3751 740 3799; x_wconf 89' lang='lat' dir='ltr'><strong>thura</strong></span> <span class='ocrx_word' id='word_1_509' title='bbox 772 3744 825 3799; x_wconf 91' lang='lat' dir='ltr'><strong>in</strong></span> <span class='ocrx_word' id='word_1_510' title='bbox 859 3744 977 3799; x_wconf 91' lang='lat' dir='ltr'><strong>istis</strong></span> <span class='ocrx_word' id='word_1_511' title='bbox 1007 3742 1328 3797; x_wconf 90' lang='lat' dir='ltr'><strong>carbonibus</strong></span> <span class='ocrx_word' id='word_1_512' title='bbox 1358 3742 1555 3810; x_wconf 76' lang='lat' dir='ltr'><strong>adjice,</strong></span> <span class='ocrx_word' id='word_1_513' title='bbox 1600 3752 1693 3796; x_wconf 88' lang='lat' dir='ltr'><strong>aut</strong></span> <span class='ocrx_word' id='word_1_514' title='bbox 1745 3743 1966 3812; x_wconf 89' lang='lat' dir='ltr'><strong>pedibus</strong></span> <span class='ocrx_word' id='word_1_515' title='bbox 2016 3747 2171 3802; x_wconf 90' lang='lat' dir='ltr'><strong>nudis</strong></span> 
     </span>
    </p>
   </div>
   <div class='ocr_carea' id='block_1_73' title="bbox 587 3832 2169 3906">
    <p class='ocr_par' dir='ltr' id='par_1_73' title="bbox 587 3832 2169 3906">
     <span class='ocr_line' id='line_1_73' title="bbox 587 3832 2169 3906; baseline 0.001 -17"><span class='ocrx_word' id='word_1_516' title='bbox 587 3850 747 3902; x_wconf 74' lang='lat' dir='ltr'><strong>super</strong></span> <span class='ocrx_word' id='word_1_517' title='bbox 796 3849 893 3890; x_wconf 88' lang='lat' dir='ltr'><strong>eos</strong></span> <span class='ocrx_word' id='word_1_518' title='bbox 938 3832 1147 3889; x_wconf 88' lang='lat' dir='ltr'><strong>incede.</strong></span> <span class='ocrx_word' id='word_1_519' title='bbox 1190 3835 1260 3888; x_wconf 82' lang='lat' dir='ltr'><strong>At</strong></span> <span class='ocrx_word' id='word_1_520' title='bbox 1315 3832 1407 3887; x_wconf 91' lang='lat' dir='ltr'><strong>ille</strong></span> <span class='ocrx_word' id='word_1_521' title='bbox 1454 3834 1665 3903; x_wconf 85' lang='lat' dir='ltr'><strong>signum</strong></span> <span class='ocrx_word' id='word_1_522' title='bbox 1722 3836 1900 3890; x_wconf 87' lang='lat' dir='ltr'><strong>crucis</strong></span> <span class='ocrx_word' id='word_1_523' title='bbox 1949 3837 2169 3906; x_wconf 80' lang='lat' dir='ltr'><strong>faciens,</strong></span> 
     </span>
    </p>
   </div>
   <div class='ocr_carea' id='block_1_74' title="bbox 589 3927 2173 3997">
    <p class='ocr_par' dir='ltr' id='par_1_74' title="bbox 589 3927 2173 3997">
     <span class='ocr_line' id='line_1_74' title="bbox 589 3927 2173 3997; baseline 0.003 -15"><span class='ocrx_word' id='word_1_524' title='bbox 589 3936 898 3983; x_wconf 85' lang='lat' dir='ltr'><strong>constanter</strong></span> <span class='ocrx_word' id='word_1_525' title='bbox 928 3941 1091 3996; x_wconf 89' lang='lat' dir='ltr'><strong>super</strong></span> <span class='ocrx_word' id='word_1_526' title='bbox 1112 3941 1206 3982; x_wconf 89' lang='lat' dir='ltr'><strong>eos</strong></span> <span class='ocrx_word' id='word_1_527' title='bbox 1231 3927 1369 3981; x_wconf 90' lang='lat' dir='ltr'><strong>nuda</strong></span> <span class='ocrx_word' id='word_1_528' title='bbox 1396 3927 1666 3997; x_wconf 86' lang='lat' dir='ltr'><strong>ingressus</strong></span> <span class='ocrx_word' id='word_1_529' title='bbox 1696 3938 1777 3982; x_wconf 91' lang='lat' dir='ltr'><strong>est</strong></span> <span class='ocrx_word' id='word_1_530' title='bbox 1804 3928 2005 3996; x_wconf 90' lang='lat' dir='ltr'><strong>planta.</strong></span> <span class='ocrx_word' id='word_1_531' title='bbox 2040 3930 2173 3987; x_wconf 90' lang='lat' dir='ltr'><strong>Hinc</strong></span> 
     </span>
    </p>
   </div>
   <div class='ocr_carea' id='block_1_75' title="bbox 2276 3582 3853 3655">
    <p class='ocr_par' dir='ltr' id='par_1_75' title="bbox 2276 3582 3853 3655">
     <span class='ocr_line' id='line_1_75' title="bbox 2276 3582 3853 3655; baseline -0.003 -13"><span class='ocrx_word' id='word_1_532' title='bbox 2276 3587 2573 3642; x_wconf 88' lang='lat' dir='ltr'><strong>decollatus</strong></span> <span class='ocrx_word' id='word_1_533' title='bbox 2600 3596 2681 3642; x_wconf 88' lang='lat' dir='ltr'><strong>est</strong></span> <span class='ocrx_word' id='word_1_534' title='bbox 2725 3602 2754 3640; x_wconf 92' lang='lat' dir='ltr'><strong>a</strong></span> <span class='ocrx_word' id='word_1_535' title='bbox 2802 3583 3101 3641; x_wconf 88' lang='lat' dir='ltr'><strong>Calvisione</strong></span> <span class='ocrx_word' id='word_1_536' title='bbox 3145 3583 3223 3655; x_wconf 75' lang='grc' dir='ltr'><strong>[ϐ.</strong></span> <span class='ocrx_word' id='word_1_537' title='bbox 3275 3584 3523 3639; x_wconf 89' lang='lat' dir='ltr'><strong>Lusione.</strong></span> <span class='ocrx_word' id='word_1_538' title='bbox 3573 3582 3636 3637; x_wconf 86' lang='grc' dir='ltr'>Β.</span> <span class='ocrx_word' id='word_1_539' title='bbox 3688 3585 3853 3639; x_wconf 84' lang='lat' dir='ltr'><strong>Clau-</strong></span> 
     </span>
    </p>
   </div>
   <div class='ocr_carea' id='block_1_76' title="bbox 2280 3675 3853 3751">
    <p class='ocr_par' dir='ltr' id='par_1_76' title="bbox 2280 3675 3853 3751">
     <span class='ocr_line' id='line_1_76' title="bbox 2280 3675 3853 3751; baseline -0.002 -16"><span class='ocrx_word' id='word_1_540' title='bbox 2280 3679 2473 3751; x_wconf 87' lang='lat' dir='ltr'><strong>siano]</strong></span> <span class='ocrx_word' id='word_1_541' title='bbox 2520 3678 2809 3747; x_wconf 90' lang='lat' dir='ltr'><strong>consulari,</strong></span> <span class='ocrx_word' id='word_1_542' title='bbox 2839 3688 3079 3748; x_wconf 88' lang='lat' dir='ltr'><strong>tempore</strong></span> <span class='ocrx_word' id='word_1_543' title='bbox 3118 3675 3423 3731; x_wconf 91' lang='lat' dir='ltr'><strong>Diocletiani</strong></span> <span class='ocrx_word' id='word_1_544' title='bbox 3452 3684 3505 3730; x_wconf 91' lang='lat' dir='ltr'><strong>et</strong></span> <span class='ocrx_word' id='word_1_545' title='bbox 3531 3676 3853 3732; x_wconf 76' lang='lat' dir='ltr'><strong>Maximiani.</strong></span> 
     </span>
    </p>
   </div>
   <div class='ocr_carea' id='block_1_77' title="bbox 2350 3766 3852 3840">
    <p class='ocr_par' dir='ltr' id='par_1_77' title="bbox 2350 3766 3852 3840">
     <span class='ocr_line' id='line_1_77' title="bbox 2350 3766 3852 3840; baseline 0 -16"><span class='ocrx_word' id='word_1_546' title='bbox 2350 3770 2437 3835; x_wconf 77' lang='grc' dir='ltr'><strong>Β..</strong></span> <span class='ocrx_word' id='word_1_547' title='bbox 2468 3771 2648 3825; x_wconf 72' lang='lat' dir='ltr'><strong>Roma!</strong></span> <span class='ocrx_word' id='word_1_548' title='bbox 2681 3769 2857 3825; x_wconf 88' lang='lat' dir='ltr'><strong>natale</strong></span> <span class='ocrx_word' id='word_1_549' title='bbox 2886 3766 3205 3838; x_wconf 81' lang='lat' dir='ltr'><strong>Cltrysanthi</strong></span> <span class='ocrx_word' id='word_1_550' title='bbox 3257 3777 3312 3824; x_wconf 91' lang='lat' dir='ltr'><strong>et</strong></span> <span class='ocrx_word' id='word_1_551' title='bbox 3362 3768 3554 3823; x_wconf 61' lang='lat' dir='ltr'><strong>Duriae.</strong></span> <span class='ocrx_word' id='word_1_552' title='bbox 3592 3768 3644 3822; x_wconf 88' lang='lat' dir='ltr'><strong>In</strong></span> <span class='ocrx_word' id='word_1_553' title='bbox 3691 3769 3852 3840; x_wconf 83' lang='lat' dir='ltr'><strong>Syria</strong></span> 
     </span>
    </p>
   </div>
   <div class='ocr_carea' id='block_1_78' title="bbox 2282 3840 3191 3896">
    <p class='ocr_par' dir='ltr' id='par_1_78' title="bbox 2282 3840 3191 3896">
     <span class='ocr_line' id='line_1_78' title="bbox 2282 3840 3191 3896; baseline 0 -1"><span class='ocrx_word' id='word_1_554' title='bbox 2282 3842 2457 3896; x_wconf 90' lang='lat' dir='ltr'><strong>natale</strong></span> <span class='ocrx_word' id='word_1_555' title='bbox 2487 3841 2584 3896; x_wconf 90' lang='lat' dir='ltr'><strong>SS.</strong></span> <span class='ocrx_word' id='word_1_556' title='bbox 2612 3841 2859 3895; x_wconf 82' lang='lat' dir='ltr'><strong>Macharii</strong></span> <span class='ocrx_word' id='word_1_557' title='bbox 2894 3850 2947 3894; x_wconf 93' lang='lat' dir='ltr'><strong>et</strong></span> <span class='ocrx_word' id='word_1_558' title='bbox 2973 3840 3191 3895; x_wconf 80' lang='lat' dir='ltr'><strong>Jttliani.</strong></span> 
     </span>
    </p>
   </div>
   <div class='ocr_carea' id='block_1_79' title="bbox 2354 3926 3851 3999">
    <p class='ocr_par' dir='ltr' id='par_1_79' title="bbox 2354 3926 3851 3999">
     <span class='ocr_line' id='line_1_79' title="bbox 2354 3926 3851 3999; baseline -0.001 -13"><span class='ocrx_word' id='word_1_559' title='bbox 2354 3931 2441 3986; x_wconf 77' lang='lat' dir='ltr'><strong>I5.</strong></span> <span class='ocrx_word' id='word_1_560' title='bbox 2468 3962 2536 3972; x_wconf 88' lang='lat'><strong><em>—</em></strong></span> <span class='ocrx_word' id='word_1_561' title='bbox 2568 3932 2761 3987; x_wconf 74' lang='lat' dir='ltr'><strong>IDIBUS.</strong></span> <span class='ocrx_word' id='word_1_562' title='bbox 2806 3931 2988 3985; x_wconf 67' lang='lat' dir='ltr'><strong>Romae</strong></span> <span class='ocrx_word' id='word_1_563' title='bbox 3037 3930 3096 3985; x_wconf 92' lang='lat' dir='ltr'><strong>S.</strong></span> <span class='ocrx_word' id='word_1_564' title='bbox 3158 3927 3177 3967; x_wconf 75' lang='grc' dir='ltr'>ί</span> <span class='ocrx_word' id='word_1_565' title='bbox 3215 3926 3433 3997; x_wconf 83' lang='lat' dir='ltr'><strong>Ypoliti,</strong></span> <span class='ocrx_word' id='word_1_566' title='bbox 3484 3928 3571 3999; x_wconf 92' lang='lat' dir='ltr'><strong>qui</strong></span> <span class='ocrx_word' id='word_1_567' title='bbox 3609 3938 3851 3999; x_wconf 89' lang='lat' dir='ltr'><strong>tempore</strong></span> 
     </span>
    </p>
   </div>
   <div class='ocr_carea' id='block_1_80' title="bbox 2007 4021 2479 4080">
    <p class='ocr_par' dir='ltr' id='par_1_80' title="bbox 2007 4021 2479 4080">
     <span class='ocr_line' id='line_1_80' title="bbox 2007 4021 2479 4080; baseline -0.004 -3"><span class='ocrx_word' id='word_1_568' title='bbox 2007 4021 2214 4080; x_wconf 78' lang='lat' dir='ltr'><strong>SMITII</strong></span> <span class='ocrx_word' id='word_1_569' title='bbox 2254 4021 2479 4079; x_wconf 69' lang='lat' dir='ltr'><strong>NOTAE.</strong></span> 
     </span>
    </p>
   </div>
   <div class='ocr_carea' id='block_1_81' title="bbox 660 4110 1877 4167">
    <p class='ocr_par' dir='ltr' id='par_1_81' title="bbox 660 4110 1877 4167">
     <span class='ocr_line' id='line_1_81' title="bbox 660 4110 1877 4167; baseline 0.001 -3"><span class='ocrx_word' id='word_1_570' title='bbox 660 4113 687 4142; x_wconf 67' lang='grc' dir='ltr'>α</span> <span class='ocrx_word' id='word_1_571' title='bbox 730 4110 1121 4166; x_wconf 81' lang='lat' dir='ltr'><strong>Dormientittm.</strong></span> <span class='ocrx_word' id='word_1_572' title='bbox 1167 4110 1246 4167; x_wconf 89' lang='lat' dir='ltr'><strong>De</strong></span> <span class='ocrx_word' id='word_1_573' title='bbox 1281 4111 1365 4167; x_wconf 90' lang='lat' dir='ltr'><strong>his</strong></span> <span class='ocrx_word' id='word_1_574' title='bbox 1391 4110 1512 4167; x_wconf 89' lang='lat' dir='ltr'><strong>vide</strong></span> <span class='ocrx_word' id='word_1_575' title='bbox 1536 4126 1682 4166; x_wconf 89' lang='lat' dir='ltr'><strong>xxvn</strong></span> <span class='ocrx_word' id='word_1_576' title='bbox 1709 4111 1877 4167; x_wconf 86' lang='lat' dir='ltr'><strong>Junii.</strong></span> 
     </span>
    </p>
   </div>
   <div class='ocr_carea' id='block_1_82' title="bbox 656 4180 2168 4248">
    <p class='ocr_par' dir='ltr' id='par_1_82' title="bbox 656 4180 2168 4248">
     <span class='ocr_line' id='line_1_82' title="bbox 656 4180 2168 4248; baseline 0.003 -13"><span class='ocrx_word' id='word_1_577' title='bbox 656 4180 682 4220; x_wconf 68' lang='grc' dir='ltr'>δ</span> <span class='ocrx_word' id='word_1_578' title='bbox 709 4182 950 4237; x_wconf 79' lang='lat' dir='ltr'><strong>Ttburtii.</strong></span> <span class='ocrx_word' id='word_1_579' title='bbox 1010 4183 1129 4237; x_wconf 84' lang='lat' dir='ltr'><strong>Filii</strong></span> <span class='ocrx_word' id='word_1_580' title='bbox 1174 4184 1494 4237; x_wconf 86' lang='lat' dir='ltr'><strong>Cltromatii.</strong></span> <span class='ocrx_word' id='word_1_581' title='bbox 1540 4184 1634 4236; x_wconf 82' lang='lat' dir='ltr'><strong>Hic</strong></span> <span class='ocrx_word' id='word_1_582' title='bbox 1685 4183 2014 4248; x_wconf 90' lang='lat' dir='ltr'><strong>temporibus</strong></span> <span class='ocrx_word' id='word_1_583' title='bbox 2044 4184 2168 4239; x_wconf 82' lang='lat' dir='ltr'><strong>Dio-</strong></span> 
     </span>
    </p>
   </div>
   <div class='ocr_carea' id='block_1_83' title="bbox 585 4252 2167 4322">
    <p class='ocr_par' dir='ltr' id='par_1_83' title="bbox 585 4252 2167 4322">
     <span class='ocr_line' id='line_1_83' title="bbox 585 4252 2167 4322; baseline 0 -15"><span class='ocrx_word' id='word_1_584' title='bbox 585 4254 819 4316; x_wconf 84' lang='lat' dir='ltr'><strong>cletiani,</strong></span> <span class='ocrx_word' id='word_1_585' title='bbox 865 4267 908 4322; x_wconf 12' lang='lat' dir='ltr'><strong>a7</strong></span> <span class='ocrx_word' id='word_1_586' title='bbox 941 4253 1238 4321; x_wconf 84' lang='lat' dir='ltr'><strong>Torquato,</strong></span> <span class='ocrx_word' id='word_1_587' title='bbox 1291 4252 1379 4322; x_wconf 90' lang='lat' dir='ltr'><strong>qui</strong></span> <span class='ocrx_word' id='word_1_588' title='bbox 1424 4254 1677 4307; x_wconf 89' lang='lat' dir='ltr'><strong>mentitus</strong></span> <span class='ocrx_word' id='word_1_589' title='bbox 1707 4264 1793 4308; x_wconf 87' lang='lat' dir='ltr'><strong>est</strong></span> <span class='ocrx_word' id='word_1_590' title='bbox 1822 4268 1881 4307; x_wconf 88' lang='lat' dir='ltr'><strong>se</strong></span> <span class='ocrx_word' id='word_1_591' title='bbox 1908 4254 2167 4308; x_wconf 86' lang='lat' dir='ltr'><strong>Christia-</strong></span> 
     </span>
    </p>
   </div>
   <div class='ocr_carea' id='block_1_84' title="bbox 588 4321 2164 4391">
    <p class='ocr_par' dir='ltr' id='par_1_84' title="bbox 588 4321 2164 4391">
     <span class='ocr_line' id='line_1_84' title="bbox 588 4321 2164 4391; baseline 0.002 -16"><span class='ocrx_word' id='word_1_592' title='bbox 588 4340 738 4389; x_wconf 88' lang='lat' dir='ltr'><strong>num,</strong></span> <span class='ocrx_word' id='word_1_593' title='bbox 768 4321 950 4377; x_wconf 87' lang='lat' dir='ltr'><strong>fraude</strong></span> <span class='ocrx_word' id='word_1_594' title='bbox 976 4334 1167 4391; x_wconf 89' lang='lat' dir='ltr'><strong>agente</strong></span> <span class='ocrx_word' id='word_1_595' title='bbox 1212 4332 1472 4390; x_wconf 88' lang='lat' dir='ltr'><strong>quatenus</strong></span> <span class='ocrx_word' id='word_1_596' title='bbox 1500 4333 1740 4377; x_wconf 88' lang='lat' dir='ltr'><strong>orantem</strong></span> <span class='ocrx_word' id='word_1_597' title='bbox 1774 4322 1830 4378; x_wconf 91' lang='lat' dir='ltr'><strong>S.</strong></span> <span class='ocrx_word' id='word_1_598' title='bbox 1866 4324 2164 4378; x_wconf 87' lang='lat' dir='ltr'><strong>Tiburtium</strong></span> 
     </span>
    </p>
   </div>
   <div class='ocr_carea' id='block_1_85' title="bbox 2275 4112 3214 4176">
    <p class='ocr_par' dir='ltr' id='par_1_85' title="bbox 2275 4112 3214 4176">
     <span class='ocr_line' id='line_1_85' title="bbox 2275 4112 3214 4176; baseline -0.003 -6"><span class='ocrx_word' id='word_1_599' title='bbox 2275 4113 2664 4170; x_wconf 83' lang='lat' dir='ltr'><strong>Alexandrum.</strong></span> <span class='ocrx_word' id='word_1_600' title='bbox 2691 4112 2909 4176; x_wconf 73' lang='lat' dir='ltr'><strong>Sumus,</strong></span> <span class='ocrx_word' id='word_1_601' title='bbox 2953 4122 3081 4167; x_wconf 90' lang='lat' dir='ltr'><strong>tom.</strong></span> <span class='ocrx_word' id='word_1_602' title='bbox 3126 4112 3214 4167; x_wconf 88' lang='lat' dir='ltr'><strong>IV.</strong></span> 
     </span>
    </p>
   </div>
   <div class='ocr_carea' id='block_1_86' title="bbox 2348 4181 3849 4254">
    <p class='ocr_par' dir='ltr' id='par_1_86' title="bbox 2348 4181 3849 4254">
     <span class='ocr_line' id='line_1_86' title="bbox 2348 4181 3849 4254; baseline -0.005 -15"><span class='ocrx_word' id='word_1_603' title='bbox 2348 4183 2375 4223; x_wconf 69' lang='grc' dir='ltr'><em>ά</em></span> <span class='ocrx_word' id='word_1_604' title='bbox 2419 4184 2711 4254; x_wconf 71' lang='grc' dir='ltr'><strong>(ἰαυςρνὶεἱ.</strong></span> <span class='ocrx_word' id='word_1_605' title='bbox 2747 4185 2942 4237; x_wconf 79' lang='lat' dir='ltr'><strong>Evosio</strong></span> <span class='ocrx_word' id='word_1_606' title='bbox 2972 4184 3258 4237; x_wconf 85' lang='lat' dir='ltr'><strong>Galliarum</strong></span> <span class='ocrx_word' id='word_1_607' title='bbox 3287 4181 3505 4254; x_wconf 82' lang='lat' dir='ltr'><strong>oppido,</strong></span> <span class='ocrx_word' id='word_1_608' title='bbox 3536 4181 3674 4254; x_wconf 83' lang='lat' dir='ltr'><strong>quod</strong></span> <span class='ocrx_word' id='word_1_609' title='bbox 3702 4194 3849 4254; x_wconf 73' lang='lat' dir='ltr'><strong>nunc</strong></span> 
     </span>
    </p>
   </div>
   <div class='ocr_carea' id='block_1_87' title="bbox 2278 4253 3854 4323">
    <p class='ocr_par' dir='ltr' id='par_1_87' title="bbox 2278 4253 3854 4323">
     <span class='ocr_line' id='line_1_87' title="bbox 2278 4253 3854 4323; baseline -0.004 -12"><span class='ocrx_word' id='word_1_610' title='bbox 2278 4256 2514 4311; x_wconf 87' lang='lat' dir='ltr'><strong>lvodiuut</strong></span> <span class='ocrx_word' id='word_1_611' title='bbox 2539 4253 2762 4319; x_wconf 81' lang='lat' dir='ltr'><strong>dicitur,</strong></span> <span class='ocrx_word' id='word_1_612' title='bbox 2811 4256 3043 4318; x_wconf 88' lang='lat' dir='ltr'><strong>oriundi,</strong></span> <span class='ocrx_word' id='word_1_613' title='bbox 3083 4268 3240 4323; x_wconf 82' lang='lat' dir='ltr'><strong>quem</strong></span> <span class='ocrx_word' id='word_1_614' title='bbox 3271 4254 3331 4306; x_wconf 91' lang='lat' dir='ltr'><strong>S.</strong></span> <span class='ocrx_word' id='word_1_615' title='bbox 3376 4253 3701 4323; x_wconf 83' lang='lat' dir='ltr'><strong>Magnericus</strong></span> <span class='ocrx_word' id='word_1_616' title='bbox 3723 4253 3854 4305; x_wconf 54' lang='lat' dir='ltr'><strong>Trw</strong></span> 
     </span>
    </p>
   </div>
   <div class='ocr_carea' id='block_1_88' title="bbox 2278 4322 3849 4394">
    <p class='ocr_par' dir='ltr' id='par_1_88' title="bbox 2278 4322 3849 4394">
     <span class='ocr_line' id='line_1_88' title="bbox 2278 4322 3849 4394; baseline -0.002 -16"><span class='ocrx_word' id='word_1_617' title='bbox 2278 4329 2515 4381; x_wconf 88' lang='lat' dir='ltr'><strong>virorum</strong></span> <span class='ocrx_word' id='word_1_618' title='bbox 2576 4326 2861 4394; x_wconf 87' lang='lat' dir='ltr'><strong>episcopus</strong></span> <span class='ocrx_word' id='word_1_619' title='bbox 2900 4322 3152 4380; x_wconf 88' lang='lat' dir='ltr'><strong>clericum</strong></span> <span class='ocrx_word' id='word_1_620' title='bbox 3203 4334 3256 4378; x_wconf 89' lang='lat' dir='ltr'><strong>et</strong></span> <span class='ocrx_word' id='word_1_621' title='bbox 3305 4324 3516 4377; x_wconf 85' lang='lat' dir='ltr'><strong>levitam</strong></span> <span class='ocrx_word' id='word_1_622' title='bbox 3566 4322 3849 4394; x_wconf 79' lang='lat' dir='ltr'><strong>ordinavit.</strong></span> 
     </span>
    </p>
   </div>
   <div class='ocr_carea' id='block_1_89' title="bbox 585 4391 3850 4463">
    <p class='ocr_par' dir='ltr' id='par_1_89' title="bbox 585 4391 3850 4463">
     <span class='ocr_line' id='line_1_89' title="bbox 585 4391 3850 4463; baseline -0.001 -16"><span class='ocrx_word' id='word_1_623' title='bbox 585 4392 1103 4463; x_wconf 84' lang='lat' dir='ltr'><strong>comprehenderent</strong></span> <span class='ocrx_word' id='word_1_624' title='bbox 1127 4393 1390 4458; x_wconf 87' lang='lat' dir='ltr'><strong>inﬁdeles,</strong></span> <span class='ocrx_word' id='word_1_625' title='bbox 1418 4391 1678 4463; x_wconf 78' lang='lat' dir='ltr'><strong>proditus,</strong></span> <span class='ocrx_word' id='word_1_626' title='bbox 1704 4395 2170 4449; x_wconf 89' lang='lat' dir='ltr'><strong>ohtruneationem</strong></span> <span class='ocrx_word' id='word_1_627' title='bbox 2204 4391 2252 4451; x_wconf 89' lang='lat' dir='ltr'><strong>D</strong></span> <span class='ocrx_word' id='word_1_628' title='bbox 2283 4396 2592 4463; x_wconf 85' lang='lat' dir='ltr'><strong>Vedulphus</strong></span> <span class='ocrx_word' id='word_1_629' title='bbox 2613 4391 2826 4450; x_wconf 77' lang='lat' dir='ltr'><strong>interea</strong></span> <span class='ocrx_word' id='word_1_630' title='bbox 2872 4394 3274 4450; x_wconf 83' lang='lat' dir='ltr'><strong>Cameracensis</strong></span> <span class='ocrx_word' id='word_1_631' title='bbox 3306 4396 3584 4461; x_wconf 87' lang='lat' dir='ltr'><strong>episcopus</strong></span> <span class='ocrx_word' id='word_1_632' title='bbox 3614 4392 3767 4454; x_wconf 89' lang='lat' dir='ltr'><strong>obiit,</strong></span> <span class='ocrx_word' id='word_1_633' title='bbox 3797 4402 3850 4445; x_wconf 88' lang='lat' dir='ltr'><strong>et</strong></span> 
     </span>
    </p>
   </div>
   <div class='ocr_carea' id='block_1_90' title="bbox 588 4461 2172 4533">
    <p class='ocr_par' dir='ltr' id='par_1_90' title="bbox 588 4461 2172 4533">
     <span class='ocr_line' id='line_1_90' title="bbox 588 4461 2172 4533; baseline 0.003 -17"><span class='ocrx_word' id='word_1_634' title='bbox 588 4464 782 4530; x_wconf 86' lang='lat' dir='ltr'><strong>capitis</strong></span> <span class='ocrx_word' id='word_1_635' title='bbox 814 4462 997 4533; x_wconf 88' lang='lat' dir='ltr'><strong>subiit.</strong></span> <span class='ocrx_word' id='word_1_636' title='bbox 1035 4463 1166 4517; x_wconf 80' lang='lat' dir='ltr'><strong>Vide</strong></span> <span class='ocrx_word' id='word_1_637' title='bbox 1218 4464 1347 4517; x_wconf 89' lang='lat' dir='ltr'><strong>Acta</strong></span> <span class='ocrx_word' id='word_1_638' title='bbox 1399 4463 1458 4519; x_wconf 92' lang='lat' dir='ltr'><strong>S.</strong></span> <span class='ocrx_word' id='word_1_639' title='bbox 1510 4461 1804 4518; x_wconf 87' lang='lat' dir='ltr'><strong>Sebastiani</strong></span> <span class='ocrx_word' id='word_1_640' title='bbox 1852 4465 1990 4533; x_wconf 90' lang='lat' dir='ltr'><strong>apud</strong></span> <span class='ocrx_word' id='word_1_641' title='bbox 2049 4466 2172 4520; x_wconf 85' lang='lat' dir='ltr'><strong>Bol-</strong></span> 
     </span>
    </p>
   </div>
   <div class='ocr_carea' id='block_1_91' title="bbox 588 4532 1093 4588">
    <p class='ocr_par' dir='ltr' id='par_1_91' title="bbox 588 4532 1093 4588">
     <span class='ocr_line' id='line_1_91' title="bbox 588 4532 1093 4588; baseline 0 -1"><span class='ocrx_word' id='word_1_642' title='bbox 588 4535 733 4587; x_wconf 89' lang='lat' dir='ltr'><strong>laud.</strong></span> <span class='ocrx_word' id='word_1_643' title='bbox 767 4549 835 4587; x_wconf 84' lang='lat' dir='ltr'><strong>xx</strong></span> <span class='ocrx_word' id='word_1_644' title='bbox 872 4532 1093 4588; x_wconf 78' lang='lat' dir='ltr'><strong>Januar.</strong></span> 
     </span>
    </p>
   </div>
   <div class='ocr_carea' id='block_1_92' title="bbox 662 4602 2170 4679">
    <p class='ocr_par' dir='ltr' id='par_1_92' title="bbox 662 4602 2170 4679">
     <span class='ocr_line' id='line_1_92' title="bbox 662 4602 2170 4679; baseline 0.003 -23"><span class='ocrx_word' id='word_1_645' title='bbox 662 4613 682 4679; x_wconf 57' lang='lat' dir='ltr'>f</span> <span class='ocrx_word' id='word_1_646' title='bbox 727 4604 1001 4679; x_wconf 74' lang='lat' dir='ltr'><strong>Suscnmc.</strong></span> <span class='ocrx_word' id='word_1_647' title='bbox 1037 4604 1364 4679; x_wconf 27' lang='lat' dir='ltr'><strong>“Presbyteri</strong></span> <span class='ocrx_word' id='word_1_648' title='bbox 1403 4602 1649 4679; x_wconf 63' lang='lat' dir='ltr'><strong>Gabinii,</strong></span> <span class='ocrx_word' id='word_1_649' title='bbox 1694 4604 1785 4677; x_wconf 76' lang='lat' dir='ltr'><strong>qui</strong></span> <span class='ocrx_word' id='word_1_650' title='bbox 1833 4619 1990 4679; x_wconf 65' lang='lat' dir='ltr'><strong>supra</strong></span> <span class='ocrx_word' id='word_1_651' title='bbox 2042 4622 2170 4661; x_wconf 88' lang='lat' dir='ltr'><strong>xvttt</strong></span> 
     </span>
    </p>
   </div>
   <div class='ocr_carea' id='block_1_93' title="bbox 590 4675 2169 4743">
    <p class='ocr_par' dir='ltr' id='par_1_93' title="bbox 590 4675 2169 4743">
     <span class='ocr_line' id='line_1_93' title="bbox 590 4675 2169 4743; baseline 0 -15"><span class='ocrx_word' id='word_1_652' title='bbox 590 4676 746 4729; x_wconf 77' lang='lat' dir='ltr'><strong>Febr.</strong></span> <span class='ocrx_word' id='word_1_653' title='bbox 780 4676 997 4738; x_wconf 91' lang='lat' dir='ltr'><strong>colitur,</strong></span> <span class='ocrx_word' id='word_1_654' title='bbox 1031 4676 1134 4728; x_wconf 91' lang='lat' dir='ltr'><strong>lilia</strong></span> <span class='ocrx_word' id='word_1_655' title='bbox 1189 4676 1303 4729; x_wconf 71' lang='lat' dir='ltr'><strong>haec</strong></span> <span class='ocrx_word' id='word_1_656' title='bbox 1346 4675 1568 4739; x_wconf 68' lang='lat' dir='ltr'><strong>Iuit,&#39;et</strong></span> <span class='ocrx_word' id='word_1_657' title='bbox 1615 4675 1791 4743; x_wconf 81' lang='lat' dir='ltr'><strong>neptis</strong></span> <span class='ocrx_word' id='word_1_658' title='bbox 1845 4675 1957 4730; x_wconf 85' lang='lat' dir='ltr'><strong>Caii</strong></span> <span class='ocrx_word' id='word_1_659' title='bbox 2000 4691 2169 4743; x_wconf 69' lang='lat' dir='ltr'><strong>papzc,</strong></span> 
     </span>
    </p>
   </div>
   <div class='ocr_carea' id='block_1_94' title="bbox 585 4744 2172 4816">
    <p class='ocr_par' dir='ltr' id='par_1_94' title="bbox 585 4744 2172 4816">
     <span class='ocr_line' id='line_1_94' title="bbox 585 4744 2172 4816; baseline 0.003 -18"><span class='ocrx_word' id='word_1_660' title='bbox 585 4748 671 4813; x_wconf 87' lang='lat' dir='ltr'><strong>qui</strong></span> <span class='ocrx_word' id='word_1_661' title='bbox 702 4760 859 4816; x_wconf 88' lang='lat' dir='ltr'><strong>supra</strong></span> <span class='ocrx_word' id='word_1_662' title='bbox 891 4747 1082 4801; x_wconf 90' lang='lat' dir='ltr'><strong>colitur</strong></span> <span class='ocrx_word' id='word_1_663' title='bbox 1130 4762 1201 4801; x_wconf 78' lang='lat' dir='ltr'><strong>xx</strong></span> <span class='ocrx_word' id='word_1_664' title='bbox 1245 4745 1404 4801; x_wconf 82' lang='lat' dir='ltr'><strong>Febr.</strong></span> <span class='ocrx_word' id='word_1_665' title='bbox 1456 4748 1647 4811; x_wconf 85' lang='lat' dir='ltr'><strong>Quam,</strong></span> <span class='ocrx_word' id='word_1_666' title='bbox 1680 4762 1801 4801; x_wconf 91' lang='lat' dir='ltr'><strong>cum</strong></span> <span class='ocrx_word' id='word_1_667' title='bbox 1834 4746 1932 4799; x_wconf 91' lang='lat' dir='ltr'><strong>fuit</strong></span> <span class='ocrx_word' id='word_1_668' title='bbox 1961 4744 2172 4802; x_wconf 89' lang='lat' dir='ltr'><strong>formo-</strong></span> 
     </span>
    </p>
   </div>
   <div class='ocr_carea' id='block_1_95' title="bbox 584 4816 2167 4879">
    <p class='ocr_par' dir='ltr' id='par_1_95' title="bbox 584 4816 2167 4879">
     <span class='ocr_line' id='line_1_95' title="bbox 584 4816 2167 4879; baseline 0.002 -10"><span class='ocrx_word' id='word_1_669' title='bbox 584 4818 820 4879; x_wconf 84' lang='lat' dir='ltr'><strong>sissinta,</strong></span> <span class='ocrx_word' id='word_1_670' title='bbox 850 4816 1208 4872; x_wconf 85' lang='lat' dir='ltr'><strong>Diocletianus</strong></span> <span class='ocrx_word' id='word_1_671' title='bbox 1242 4818 1458 4872; x_wconf 92' lang='lat' dir='ltr'><strong>mittens</strong></span> <span class='ocrx_word' id='word_1_672' title='bbox 1483 4818 1761 4872; x_wconf 82' lang='lat' dir='ltr'><strong>Claudium</strong></span> <span class='ocrx_word' id='word_1_673' title='bbox 1788 4818 2167 4872; x_wconf 88' lang='lat' dir='ltr'><strong>consobrinum</strong></span> 
     </span>
    </p>
   </div>
   <div class='ocr_carea' id='block_1_96' title="bbox 586 4886 2166 4956">
    <p class='ocr_par' dir='ltr' id='par_1_96' title="bbox 586 4886 2166 4956">
     <span class='ocr_line' id='line_1_96' title="bbox 586 4886 2166 4956; baseline 0.001 -14"><span class='ocrx_word' id='word_1_674' title='bbox 586 4904 738 4942; x_wconf 81' lang='lat' dir='ltr'><strong>suum</strong></span> <span class='ocrx_word' id='word_1_675' title='bbox 792 4886 1038 4951; x_wconf 87' lang='lat' dir='ltr'><strong>Gabinio,</strong></span> <span class='ocrx_word' id='word_1_676' title='bbox 1100 4888 1421 4942; x_wconf 84' lang='lat' dir='ltr'><strong>Maximiano</strong></span> <span class='ocrx_word' id='word_1_677' title='bbox 1472 4886 1670 4942; x_wconf 69' lang='lat' dir='ltr'><strong>Caesari</strong></span> <span class='ocrx_word' id='word_1_678' title='bbox 1725 4902 1943 4942; x_wconf 81' lang='lat' dir='ltr'><strong>uxorem</strong></span> <span class='ocrx_word' id='word_1_679' title='bbox 1999 4888 2166 4956; x_wconf 87' lang='lat' dir='ltr'><strong>petiit.</strong></span> 
     </span>
    </p>
   </div>
   <div class='ocr_carea' id='block_1_97' title="bbox 586 4957 2169 5026">
    <p class='ocr_par' dir='ltr' id='par_1_97' title="bbox 586 4957 2169 5026">
     <span class='ocr_line' id='line_1_97' title="bbox 586 4957 2169 5026; baseline 0.004 -17"><span class='ocrx_word' id='word_1_680' title='bbox 586 4957 763 5023; x_wconf 78' lang='lat' dir='ltr'><strong>Pater,</strong></span> <span class='ocrx_word' id='word_1_681' title='bbox 795 4957 1048 5012; x_wconf 76' lang='lat' dir='ltr'><strong>dilatione</strong></span> <span class='ocrx_word' id='word_1_682' title='bbox 1077 4959 1358 5025; x_wconf 83' lang='lat' dir='ltr'><strong>postulata,</strong></span> <span class='ocrx_word' id='word_1_683' title='bbox 1390 4959 1506 5011; x_wconf 75' lang='lat' dir='ltr'><strong>ﬁlia:</strong></span> <span class='ocrx_word' id='word_1_684' title='bbox 1539 4959 1589 5013; x_wconf 90' lang='lat' dir='ltr'><strong>id</strong></span> <span class='ocrx_word' id='word_1_685' title='bbox 1618 4958 1791 5026; x_wconf 90' lang='lat' dir='ltr'><strong>aperit</strong></span> <span class='ocrx_word' id='word_1_686' title='bbox 1830 4973 2009 5012; x_wconf 86' lang='lat' dir='ltr'><strong>coram</strong></span> <span class='ocrx_word' id='word_1_687' title='bbox 2040 4958 2169 5015; x_wconf 85' lang='lat' dir='ltr'><strong>Caio</strong></span> 
     </span>
    </p>
   </div>
   <div class='ocr_carea' id='block_1_98' title="bbox 586 5029 2161 5098">
    <p class='ocr_par' dir='ltr' id='par_1_98' title="bbox 586 5029 2161 5098">
     <span class='ocr_line' id='line_1_98' title="bbox 586 5029 2161 5098; baseline 0.004 -21"><span class='ocrx_word' id='word_1_688' title='bbox 586 5044 751 5098; x_wconf 85' lang='lat' dir='ltr'><strong>papa;</strong></span> <span class='ocrx_word' id='word_1_689' title='bbox 795 5036 971 5083; x_wconf 87' lang='lat' dir='ltr'><strong>tamen</strong></span> <span class='ocrx_word' id='word_1_690' title='bbox 1018 5031 1191 5082; x_wconf 91' lang='lat' dir='ltr'><strong>renuit</strong></span> <span class='ocrx_word' id='word_1_691' title='bbox 1233 5029 1342 5091; x_wconf 88' lang='lat' dir='ltr'><strong>illa,</strong></span> <span class='ocrx_word' id='word_1_692' title='bbox 1373 5030 1568 5097; x_wconf 89' lang='lat' dir='ltr'><strong>quippe</strong></span> <span class='ocrx_word' id='word_1_693' title='bbox 1600 5029 1764 5095; x_wconf 88' lang='lat' dir='ltr'><strong>patris</strong></span> <span class='ocrx_word' id='word_1_694' title='bbox 1806 5030 2017 5082; x_wconf 87' lang='lat' dir='ltr'><strong>hortatu</strong></span> <span class='ocrx_word' id='word_1_695' title='bbox 2047 5043 2161 5083; x_wconf 84' lang='lat' dir='ltr'><strong>am-</strong></span> 
     </span>
    </p>
   </div>
   <div class='ocr_carea' id='block_1_99' title="bbox 583 5099 2163 5168">
    <p class='ocr_par' dir='ltr' id='par_1_99' title="bbox 583 5099 2163 5168">
     <span class='ocr_line' id='line_1_99' title="bbox 583 5099 2163 5168; baseline 0.001 -16"><span class='ocrx_word' id='word_1_696' title='bbox 583 5101 742 5165; x_wconf 88' lang='lat' dir='ltr'><strong>plexa</strong></span> <span class='ocrx_word' id='word_1_697' title='bbox 771 5099 1146 5167; x_wconf 83' lang='lat' dir='ltr'><strong>virginitatem.</strong></span> <span class='ocrx_word' id='word_1_698' title='bbox 1183 5099 1403 5153; x_wconf 72' lang='lat' dir='ltr'><strong>Claudio</strong></span> <span class='ocrx_word' id='word_1_699' title='bbox 1434 5111 1611 5153; x_wconf 88' lang='lat' dir='ltr'><strong>autem</strong></span> <span class='ocrx_word' id='word_1_700' title='bbox 1644 5114 1765 5153; x_wconf 87' lang='lat' dir='ltr'><strong>eam</strong></span> <span class='ocrx_word' id='word_1_701' title='bbox 1816 5103 2009 5153; x_wconf 85' lang='lat' dir='ltr'><strong>iterum</strong></span> <span class='ocrx_word' id='word_1_702' title='bbox 2065 5115 2163 5168; x_wconf 89' lang='lat' dir='ltr'><strong>pe-</strong></span> 
     </span>
    </p>
   </div>
   <div class='ocr_carea' id='block_1_100' title="bbox 581 5170 2166 5238">
    <p class='ocr_par' dir='ltr' id='par_1_100' title="bbox 581 5170 2166 5238">
     <span class='ocr_line' id='line_1_100' title="bbox 581 5170 2166 5238; baseline 0.003 -18"><span class='ocrx_word' id='word_1_703' title='bbox 581 5182 743 5235; x_wconf 87' lang='lat' dir='ltr'><strong>tente,</strong></span> <span class='ocrx_word' id='word_1_704' title='bbox 780 5173 889 5237; x_wconf 87' lang='lat' dir='ltr'><strong>ipsa</strong></span> <span class='ocrx_word' id='word_1_705' title='bbox 929 5185 1044 5238; x_wconf 72' lang='lat' dir='ltr'><strong>ejus</strong></span> <span class='ocrx_word' id='word_1_706' title='bbox 1072 5171 1311 5224; x_wconf 88' lang='lat' dir='ltr'><strong>osculum</strong></span> <span class='ocrx_word' id='word_1_707' title='bbox 1339 5178 1606 5236; x_wconf 83' lang='lat' dir='ltr'><strong>aversata,</strong></span> <span class='ocrx_word' id='word_1_708' title='bbox 1662 5170 1903 5224; x_wconf 81' lang='lat' dir='ltr'><strong>hortatur</strong></span> <span class='ocrx_word' id='word_1_709' title='bbox 1949 5186 2071 5225; x_wconf 80' lang='lat' dir='ltr'><strong>eum</strong></span> <span class='ocrx_word' id='word_1_710' title='bbox 2100 5172 2166 5225; x_wconf 89' lang='lat' dir='ltr'><strong>ad</strong></span> 
     </span>
    </p>
   </div>
   <div class='ocr_carea' id='block_1_101' title="bbox 584 5240 2166 5309">
    <p class='ocr_par' dir='ltr' id='par_1_101' title="bbox 584 5240 2166 5309">
     <span class='ocr_line' id='line_1_101' title="bbox 584 5240 2166 5309; baseline 0.004 -18"><span class='ocrx_word' id='word_1_711' title='bbox 584 5242 938 5307; x_wconf 82' lang='lat' dir='ltr'><strong>baptismum;</strong></span> <span class='ocrx_word' id='word_1_712' title='bbox 987 5255 1085 5296; x_wconf 89' lang='lat' dir='ltr'><strong>nec</strong></span> <span class='ocrx_word' id='word_1_713' title='bbox 1116 5240 1284 5295; x_wconf 89' lang='lat' dir='ltr'><strong>multo</strong></span> <span class='ocrx_word' id='word_1_714' title='bbox 1317 5249 1433 5308; x_wconf 92' lang='lat' dir='ltr'><strong>post</strong></span> <span class='ocrx_word' id='word_1_715' title='bbox 1463 5257 1489 5292; x_wconf 89' lang='lat' dir='ltr'><strong>a</strong></span> <span class='ocrx_word' id='word_1_716' title='bbox 1522 5240 1649 5294; x_wconf 88' lang='lat' dir='ltr'><strong>Caio</strong></span> <span class='ocrx_word' id='word_1_717' title='bbox 1683 5256 1813 5309; x_wconf 88' lang='lat' dir='ltr'><strong>papa</strong></span> <span class='ocrx_word' id='word_1_718' title='bbox 1844 5255 1964 5293; x_wconf 92' lang='lat' dir='ltr'><strong>cum</strong></span> <span class='ocrx_word' id='word_1_719' title='bbox 2001 5256 2166 5297; x_wconf 79' lang='lat' dir='ltr'><strong>uxore</strong></span> 
     </span>
    </p>
   </div>
   <div class='ocr_carea' id='block_1_102' title="bbox 580 5310 2166 5378">
    <p class='ocr_par' dir='ltr' id='par_1_102' title="bbox 580 5310 2166 5378">
     <span class='ocr_line' id='line_1_102' title="bbox 580 5310 2166 5378; baseline 0.002 -15"><span class='ocrx_word' id='word_1_720' title='bbox 580 5321 634 5363; x_wconf 79' lang='lat' dir='ltr'><strong>et</strong></span> <span class='ocrx_word' id='word_1_721' title='bbox 666 5313 846 5365; x_wconf 85' lang='lat' dir='ltr'><strong>liberis</strong></span> <span class='ocrx_word' id='word_1_722' title='bbox 877 5321 931 5366; x_wconf 90' lang='lat' dir='ltr'><strong>et</strong></span> <span class='ocrx_word' id='word_1_723' title='bbox 975 5311 1203 5365; x_wconf 82' lang='lat' dir='ltr'><strong>Maximo</strong></span> <span class='ocrx_word' id='word_1_724' title='bbox 1234 5310 1397 5364; x_wconf 86' lang='lat' dir='ltr'><strong>fratre</strong></span> <span class='ocrx_word' id='word_1_725' title='bbox 1430 5311 1728 5378; x_wconf 80' lang='lat' dir='ltr'><strong>baptizatus</strong></span> <span class='ocrx_word' id='word_1_726' title='bbox 1755 5322 1859 5366; x_wconf 92' lang='lat' dir='ltr'><strong>est.</strong></span> <span class='ocrx_word' id='word_1_727' title='bbox 1891 5311 2022 5366; x_wconf 82' lang='lat' dir='ltr'><strong>Cum</strong></span> <span class='ocrx_word' id='word_1_728' title='bbox 2071 5328 2166 5366; x_wconf 85' lang='lat' dir='ltr'><strong>au-</strong></span> 
     </span>
    </p>
   </div>
   <div class='ocr_carea' id='block_1_103' title="bbox 583 5380 2163 5451">
    <p class='ocr_par' dir='ltr' id='par_1_103' title="bbox 583 5380 2163 5451">
     <span class='ocr_line' id='line_1_103' title="bbox 583 5380 2163 5451; baseline 0.003 -21"><span class='ocrx_word' id='word_1_729' title='bbox 583 5390 688 5434; x_wconf 78' lang='lat' dir='ltr'><strong>tem</strong></span> <span class='ocrx_word' id='word_1_730' title='bbox 722 5382 892 5435; x_wconf 89' lang='lat' dir='ltr'><strong>noluit</strong></span> <span class='ocrx_word' id='word_1_731' title='bbox 924 5380 1231 5437; x_wconf 87' lang='lat' dir='ltr'><strong>Diocletiani</strong></span> <span class='ocrx_word' id='word_1_732' title='bbox 1284 5380 1421 5435; x_wconf 89' lang='lat' dir='ltr'><strong>votis</strong></span> <span class='ocrx_word' id='word_1_733' title='bbox 1468 5382 1778 5445; x_wconf 86' lang='lat' dir='ltr'><strong>convenire,</strong></span> <span class='ocrx_word' id='word_1_734' title='bbox 1831 5383 1990 5451; x_wconf 88' lang='lat' dir='ltr'><strong>jussit</strong></span> <span class='ocrx_word' id='word_1_735' title='bbox 2045 5382 2163 5436; x_wconf 82' lang='lat' dir='ltr'><strong>Dio-</strong></span> 
     </span>
    </p>
   </div>
   <div class='ocr_carea' id='block_1_104' title="bbox 580 5451 2160 5520">
    <p class='ocr_par' dir='ltr' id='par_1_104' title="bbox 580 5451 2160 5520">
     <span class='ocr_line' id='line_1_104' title="bbox 580 5451 2160 5520; baseline 0.003 -18"><span class='ocrx_word' id='word_1_736' title='bbox 580 5454 840 5506; x_wconf 84' lang='lat' dir='ltr'><strong>cletianus</strong></span> <span class='ocrx_word' id='word_1_737' title='bbox 885 5461 940 5505; x_wconf 94' lang='lat' dir='ltr'><strong>ut</strong></span> <span class='ocrx_word' id='word_1_738' title='bbox 978 5453 1114 5506; x_wconf 88' lang='lat' dir='ltr'><strong>intra</strong></span> <span class='ocrx_word' id='word_1_739' title='bbox 1164 5454 1379 5505; x_wconf 90' lang='lat' dir='ltr'><strong>domum</strong></span> <span class='ocrx_word' id='word_1_740' title='bbox 1427 5467 1577 5506; x_wconf 87' lang='lat' dir='ltr'><strong>suam</strong></span> <span class='ocrx_word' id='word_1_741' title='bbox 1633 5454 1813 5520; x_wconf 84' lang='lat' dir='ltr'><strong>gladio</strong></span> <span class='ocrx_word' id='word_1_742' title='bbox 1864 5451 2160 5519; x_wconf 90' lang='lat' dir='ltr'><strong>puniretur.</strong></span> 
     </span>
    </p>
   </div>
   <div class='ocr_carea' id='block_1_105' title="bbox 580 5525 2163 5592">
    <p class='ocr_par' dir='ltr' id='par_1_105' title="bbox 580 5525 2163 5592">
     <span class='ocr_line' id='line_1_105' title="bbox 580 5525 2163 5592; baseline 0.002 -20"><span class='ocrx_word' id='word_1_743' title='bbox 580 5526 695 5582; x_wconf 69' lang='lat' dir='ltr'><strong>Quo</strong></span> <span class='ocrx_word' id='word_1_744' title='bbox 724 5527 860 5575; x_wconf 87' lang='lat' dir='ltr'><strong>facto</strong></span> <span class='ocrx_word' id='word_1_745' title='bbox 882 5525 1080 5580; x_wconf 86' lang='lat' dir='ltr'><strong>Serena</strong></span> <span class='ocrx_word' id='word_1_746' title='bbox 1114 5525 1346 5591; x_wconf 82' lang='lat' dir='ltr'><strong>Augusta</strong></span> <span class='ocrx_word' id='word_1_747' title='bbox 1377 5534 1532 5577; x_wconf 90' lang='lat' dir='ltr'><strong>noctu</strong></span> <span class='ocrx_word' id='word_1_748' title='bbox 1563 5537 1753 5592; x_wconf 90' lang='lat' dir='ltr'><strong>corpus</strong></span> <span class='ocrx_word' id='word_1_749' title='bbox 1779 5533 1977 5577; x_wconf 66' lang='lat' dir='ltr'><strong>sanctae</strong></span> <span class='ocrx_word' id='word_1_750' title='bbox 2021 5539 2163 5575; x_wconf 83' lang='lat' dir='ltr'><strong>utar-</strong></span> 
     </span>
    </p>
   </div>
   <div class='ocr_carea' id='block_1_106' title="bbox 585 5593 2161 5663">
    <p class='ocr_par' dir='ltr' id='par_1_106' title="bbox 585 5593 2161 5663">
     <span class='ocr_line' id='line_1_106' title="bbox 585 5593 2161 5663; baseline 0.003 -21"><span class='ocrx_word' id='word_1_751' title='bbox 585 5593 712 5659; x_wconf 76' lang='lat' dir='ltr'><strong>tyris</strong></span> <span class='ocrx_word' id='word_1_752' title='bbox 741 5594 979 5660; x_wconf 84' lang='lat' dir='ltr'><strong>collegit,</strong></span> <span class='ocrx_word' id='word_1_753' title='bbox 1010 5595 1291 5662; x_wconf 75' lang='lat' dir='ltr'><strong>posuitque</strong></span> <span class='ocrx_word' id='word_1_754' title='bbox 1318 5593 1465 5662; x_wconf 80' lang='lat' dir='ltr'><strong>juxta</strong></span> <span class='ocrx_word' id='word_1_755' title='bbox 1512 5608 1737 5663; x_wconf 88' lang='lat' dir='ltr'><strong>corpora</strong></span> <span class='ocrx_word' id='word_1_756' title='bbox 1772 5604 2073 5648; x_wconf 90' lang='lat' dir='ltr'><strong>sanctorum</strong></span> <span class='ocrx_word' id='word_1_757' title='bbox 2108 5595 2161 5647; x_wconf 93' lang='lat' dir='ltr'><strong>in</strong></span> 
     </span>
    </p>
   </div>
   <div class='ocr_carea' id='block_1_107' title="bbox 582 5663 2158 5734">
    <p class='ocr_par' dir='ltr' id='par_1_107' title="bbox 582 5663 2158 5734">
     <span class='ocr_line' id='line_1_107' title="bbox 582 5663 2158 5734; baseline 0.004 -23"><span class='ocrx_word' id='word_1_758' title='bbox 582 5664 892 5716; x_wconf 68' lang='lat' dir='ltr'><strong>uctneterio</strong></span> <span class='ocrx_word' id='word_1_759' title='bbox 924 5666 1241 5727; x_wconf 79' lang='lat' dir='ltr'><strong>Alexandri,</strong></span> <span class='ocrx_word' id='word_1_760' title='bbox 1279 5666 1327 5717; x_wconf 88' lang='lat' dir='ltr'><strong>iu</strong></span> <span class='ocrx_word' id='word_1_761' title='bbox 1362 5667 1607 5719; x_wconf 79' lang='lat' dir='ltr'><strong>arcnario</strong></span> <span class='ocrx_word' id='word_1_762' title='bbox 1635 5666 1683 5718; x_wconf 91' lang='lat' dir='ltr'><strong>in</strong></span> <span class='ocrx_word' id='word_1_763' title='bbox 1719 5674 1902 5734; x_wconf 70' lang='lat' dir='ltr'><strong>crypta</strong></span> <span class='ocrx_word' id='word_1_764' title='bbox 1926 5663 2073 5732; x_wconf 77' lang='lat' dir='ltr'><strong>juxta</strong></span> <span class='ocrx_word' id='word_1_765' title='bbox 2100 5665 2158 5718; x_wconf 92' lang='lat' dir='ltr'><strong>S.</strong></span> 
     </span>
    </p>
   </div>
   <div class='ocr_carea' id='block_1_108' title="bbox 2276 4463 3846 4536">
    <p class='ocr_par' dir='ltr' id='par_1_108' title="bbox 2276 4463 3846 4536">
     <span class='ocr_line' id='line_1_108' title="bbox 2276 4463 3846 4536; baseline -0.004 -13"><span class='ocrx_word' id='word_1_766' title='bbox 2276 4468 2611 4536; x_wconf 89' lang='lat' dir='ltr'><strong>Gangerieus</strong></span> <span class='ocrx_word' id='word_1_767' title='bbox 2639 4468 2875 4536; x_wconf 85' lang='lat' dir='ltr'><strong>omnium</strong></span> <span class='ocrx_word' id='word_1_768' title='bbox 2920 4479 3187 4520; x_wconf 87' lang='lat' dir='ltr'><strong>consensu</strong></span> <span class='ocrx_word' id='word_1_769' title='bbox 3236 4465 3303 4517; x_wconf 86' lang='lat' dir='ltr'><strong>ab</strong></span> <span class='ocrx_word' id='word_1_770' title='bbox 3353 4464 3563 4536; x_wconf 68' lang='lat' dir='ltr'><strong>Aigidio</strong></span> <span class='ocrx_word' id='word_1_771' title='bbox 3591 4463 3846 4536; x_wconf 87' lang='lat' dir='ltr'><strong>episc_opo</strong></span> 
     </span>
    </p>
   </div>
   <div class='ocr_carea' id='block_1_109' title="bbox 2277 4530 3845 4605">
    <p class='ocr_par' dir='ltr' id='par_1_109' title="bbox 2277 4530 3845 4605">
     <span class='ocr_line' id='line_1_109' title="bbox 2277 4530 3845 4605; baseline -0.004 -13"><span class='ocrx_word' id='word_1_772' title='bbox 2277 4530 2564 4594; x_wconf 65' lang='lat' dir='ltr'><strong>lilientensi</strong></span> <span class='ocrx_word' id='word_1_773' title='bbox 2606 4538 2659 4589; x_wconf 91' lang='lat' dir='ltr'><strong>in</strong></span> <span class='ocrx_word' id='word_1_774' title='bbox 2699 4534 3070 4605; x_wconf 78' lang='lat' dir='ltr'><strong>cameracensi</strong></span> <span class='ocrx_word' id='word_1_775' title='bbox 3118 4536 3244 4589; x_wconf 90' lang='lat' dir='ltr'><strong>sede</strong></span> <span class='ocrx_word' id='word_1_776' title='bbox 3281 4530 3567 4587; x_wconf 79' lang='lat' dir='ltr'><strong>collocatus</strong></span> <span class='ocrx_word' id='word_1_777' title='bbox 3592 4542 3693 4588; x_wconf 84' lang='lat' dir='ltr'><strong>est.</strong></span> <span class='ocrx_word' id='word_1_778' title='bbox 3723 4530 3845 4605; x_wconf 71' lang='lat' dir='ltr'><strong>Ple-</strong></span> 
     </span>
    </p>
   </div>
   <div class='ocr_carea' id='block_1_110' title="bbox 2276 4603 3846 4673">
    <p class='ocr_par' dir='ltr' id='par_1_110' title="bbox 2276 4603 3846 4673">
     <span class='ocr_line' id='line_1_110' title="bbox 2276 4603 3846 4673; baseline -0.004 -11"><span class='ocrx_word' id='word_1_779' title='bbox 2276 4625 2375 4663; x_wconf 91' lang='lat' dir='ltr'><strong>nus</strong></span> <span class='ocrx_word' id='word_1_780' title='bbox 2420 4611 2680 4663; x_wconf 88' lang='lat' dir='ltr'><strong>bonorum</strong></span> <span class='ocrx_word' id='word_1_781' title='bbox 2730 4621 2952 4673; x_wconf 82' lang='lat' dir='ltr'><strong>Operum</strong></span> <span class='ocrx_word' id='word_1_782' title='bbox 3006 4616 3061 4659; x_wconf 89' lang='lat' dir='ltr'><strong>et</strong></span> <span class='ocrx_word' id='word_1_783' title='bbox 3110 4607 3316 4660; x_wconf 88' lang='lat' dir='ltr'><strong>dierum</strong></span> <span class='ocrx_word' id='word_1_784' title='bbox 3372 4605 3424 4658; x_wconf 92' lang='lat' dir='ltr'><strong>in</strong></span> <span class='ocrx_word' id='word_1_785' title='bbox 3480 4619 3606 4670; x_wconf 89' lang='lat' dir='ltr'><strong>pace</strong></span> <span class='ocrx_word' id='word_1_786' title='bbox 3650 4603 3846 4670; x_wconf 82' lang='lat' dir='ltr'><strong>quievit</strong></span> 
     </span>
    </p>
   </div>
   <div class='ocr_carea' id='block_1_111' title="bbox 2275 4673 3845 4744">
    <p class='ocr_par' dir='ltr' id='par_1_111' title="bbox 2275 4673 3845 4744">
     <span class='ocr_line' id='line_1_111' title="bbox 2275 4673 3845 4744; baseline -0.006 -11"><span class='ocrx_word' id='word_1_787' title='bbox 2275 4694 2418 4734; x_wconf 90' lang='lat' dir='ltr'><strong>anno</strong></span> <span class='ocrx_word' id='word_1_788' title='bbox 2446 4678 2656 4733; x_wconf 91' lang='lat' dir='ltr'><strong>Domini</strong></span> <span class='ocrx_word' id='word_1_789' title='bbox 2689 4677 2811 4743; x_wconf 73' lang='grc'><strong>594,</strong></span> <span class='ocrx_word' id='word_1_790' title='bbox 2837 4678 3176 4744; x_wconf 84' lang='lat' dir='ltr'><strong>episcopatus</strong></span> <span class='ocrx_word' id='word_1_791' title='bbox 3204 4673 3293 4729; x_wconf 83' lang='grc'><strong>59.</strong></span> <span class='ocrx_word' id='word_1_792' title='bbox 3325 4674 3575 4739; x_wconf 83' lang='lat' dir='ltr'><strong>Sepultus</strong></span> <span class='ocrx_word' id='word_1_793' title='bbox 3600 4685 3681 4728; x_wconf 71' lang='lat' dir='ltr'><strong>eat</strong></span> <span class='ocrx_word' id='word_1_794' title='bbox 3706 4673 3845 4740; x_wconf 86' lang='lat' dir='ltr'><strong>apud</strong></span> 
     </span>
    </p>
   </div>
   <div class='ocr_carea' id='block_1_112' title="bbox 2276 4747 3850 4815">
    <p class='ocr_par' dir='ltr' id='par_1_112' title="bbox 2276 4747 3850 4815">
     <span class='ocr_line' id='line_1_112' title="bbox 2276 4747 3850 4815; baseline -0.006 -11"><span class='ocrx_word' id='word_1_795' title='bbox 2276 4750 2626 4806; x_wconf 86' lang='lat' dir='ltr'><strong>Cameracum</strong></span> <span class='ocrx_word' id='word_1_796' title='bbox 2675 4749 2725 4800; x_wconf 92' lang='lat' dir='ltr'><strong>in</strong></span> <span class='ocrx_word' id='word_1_797' title='bbox 2761 4747 2975 4801; x_wconf 87' lang='lat' dir='ltr'><strong>basilica</strong></span> <span class='ocrx_word' id='word_1_798' title='bbox 3009 4762 3166 4815; x_wconf 90' lang='lat' dir='ltr'><strong>quam</strong></span> <span class='ocrx_word' id='word_1_799' title='bbox 3215 4748 3328 4813; x_wconf 88' lang='lat' dir='ltr'><strong>ipse</strong></span> <span class='ocrx_word' id='word_1_800' title='bbox 3354 4752 3721 4800; x_wconf 80' lang='lat' dir='ltr'><strong>construxerat</strong></span> <span class='ocrx_word' id='word_1_801' title='bbox 3751 4758 3850 4815; x_wconf 81' lang='lat' dir='ltr'><strong>no-</strong></span> 
     </span>
    </p>
   </div>
   <div class='ocr_carea' id='block_1_113' title="bbox 2276 4814 3848 4876">
    <p class='ocr_par' dir='ltr' id='par_1_113' title="bbox 2276 4814 3848 4876">
     <span class='ocr_line' id='line_1_113' title="bbox 2276 4814 3848 4876; baseline -0.006 -2"><span class='ocrx_word' id='word_1_802' title='bbox 2276 4821 2417 4874; x_wconf 90' lang='lat' dir='ltr'><strong>mine</strong></span> <span class='ocrx_word' id='word_1_803' title='bbox 2462 4820 2521 4876; x_wconf 91' lang='lat' dir='ltr'><strong>S.</strong></span> <span class='ocrx_word' id='word_1_804' title='bbox 2556 4818 2829 4872; x_wconf 76' lang='lat' dir='ltr'><strong>Medardi:</strong></span> <span class='ocrx_word' id='word_1_805' title='bbox 2863 4819 2956 4872; x_wconf 91' lang='lat' dir='ltr'><strong>sed</strong></span> <span class='ocrx_word' id='word_1_806' title='bbox 2987 4814 3108 4872; x_wconf 85' lang='lat' dir='ltr'><strong>inde</strong></span> <span class='ocrx_word' id='word_1_807' title='bbox 3136 4832 3255 4871; x_wconf 93' lang='lat' dir='ltr'><strong>cum</strong></span> <span class='ocrx_word' id='word_1_808' title='bbox 3286 4817 3661 4869; x_wconf 85' lang='lat' dir='ltr'><strong>canonicorum</strong></span> <span class='ocrx_word' id='word_1_809' title='bbox 3682 4814 3848 4867; x_wconf 83' lang='lat' dir='ltr'><strong>colle-</strong></span> 
     </span>
    </p>
   </div>
   <div class='ocr_carea' id='block_1_114' title="bbox 2272 4884 3847 4959">
    <p class='ocr_par' dir='ltr' id='par_1_114' title="bbox 2272 4884 3847 4959">
     <span class='ocr_line' id='line_1_114' title="bbox 2272 4884 3847 4959; baseline -0.005 -16"><span class='ocrx_word' id='word_1_810' title='bbox 2272 4908 2359 4959; x_wconf 78' lang='lat' dir='ltr'><strong>gio</strong></span> <span class='ocrx_word' id='word_1_811' title='bbox 2393 4891 2680 4945; x_wconf 86' lang='lat' dir='ltr'><strong>translatus</strong></span> <span class='ocrx_word' id='word_1_812' title='bbox 2726 4900 2808 4943; x_wconf 90' lang='lat' dir='ltr'><strong>est</strong></span> <span class='ocrx_word' id='word_1_813' title='bbox 2850 4891 2914 4943; x_wconf 87' lang='lat' dir='ltr'><strong>ad</strong></span> <span class='ocrx_word' id='word_1_814' title='bbox 2958 4888 3238 4944; x_wconf 75' lang='lat' dir='ltr'><strong>ecclesiam</strong></span> <span class='ocrx_word' id='word_1_815' title='bbox 3272 4885 3604 4959; x_wconf 29' lang='lat' dir='ltr'><strong>SLVedasti,</strong></span> <span class='ocrx_word' id='word_1_816' title='bbox 3633 4884 3847 4959; x_wconf 62' lang='lat' dir='ltr'><strong>quaeat)</strong></span> 
     </span>
    </p>
   </div>
   <div class='ocr_carea' id='block_1_115' title="bbox 2272 4954 3839 5031">
    <p class='ocr_par' dir='ltr' id='par_1_115' title="bbox 2272 4954 3839 5031">
     <span class='ocr_line' id='line_1_115' title="bbox 2272 4954 3839 5031; baseline -0.006 -15"><span class='ocrx_word' id='word_1_817' title='bbox 2272 4954 2339 5015; x_wconf 72' lang='lat' dir='ltr'><strong>eo</strong></span> <span class='ocrx_word' id='word_1_818' title='bbox 2380 4964 2538 5015; x_wconf 90' lang='lat' dir='ltr'><strong>etiam</strong></span> <span class='ocrx_word' id='word_1_819' title='bbox 2571 4960 2630 5014; x_wconf 92' lang='lat' dir='ltr'><strong>S.</strong></span> <span class='ocrx_word' id='word_1_820' title='bbox 2672 4959 2953 5031; x_wconf 80' lang='lat' dir='ltr'><strong>Gaugerici</strong></span> <span class='ocrx_word' id='word_1_821' title='bbox 2988 4961 3128 5031; x_wconf 78' lang='lat' dir='ltr'><strong>dicta</strong></span> <span class='ocrx_word' id='word_1_822' title='bbox 3177 4968 3283 5013; x_wconf 85' lang='lat' dir='ltr'><strong>est.</strong></span> <span class='ocrx_word' id='word_1_823' title='bbox 3333 4957 3581 5031; x_wconf 57' lang='lat' dir='ltr'><strong>Mutamus</strong></span> <span class='ocrx_word' id='word_1_824' title='bbox 3630 4954 3697 5009; x_wconf 89' lang='lat' dir='ltr'><strong>de</strong></span> 
     </span>
    </p>
   </div>
   <div class='ocr_carea' id='block_1_116' title="bbox 2273 5027 3491 5103">
    <p class='ocr_par' dir='ltr' id='par_1_116' title="bbox 2273 5027 3491 5103">
     <span class='ocr_line' id='line_1_116' title="bbox 2273 5027 3491 5103; baseline -0.003 -18"><span class='ocrx_word' id='word_1_825' title='bbox 2273 5034 2459 5103; x_wconf 77' lang='lat' dir='ltr'><strong>Delgii.</strong></span> <span class='ocrx_word' id='word_1_826' title='bbox 2490 5032 2648 5085; x_wconf 72' lang='lat' dir='ltr'><strong>GHIN.</strong></span> <span class='ocrx_word' id='word_1_827' title='bbox 2679 5027 2959 5103; x_wconf 61' lang='lat' dir='ltr'><strong>Sgaénsrs.</strong></span> <span class='ocrx_word' id='word_1_828' title='bbox 2999 5030 3214 5103; x_wconf 75' lang='lat' dir='ltr'><strong>sumus,</strong></span> <span class='ocrx_word' id='word_1_829' title='bbox 3245 5038 3372 5082; x_wconf 88' lang='lat' dir='ltr'><strong>tom.</strong></span> <span class='ocrx_word' id='word_1_830' title='bbox 3404 5027 3491 5081; x_wconf 87' lang='lat' dir='ltr'><strong>IV.</strong></span> 
     </span>
    </p>
   </div>
   <div class='ocr_carea' id='block_1_117' title="bbox 2349 5095 3839 5167">
    <p class='ocr_par' dir='ltr' id='par_1_117' title="bbox 2349 5095 3839 5167">
     <span class='ocr_line' id='line_1_117' title="bbox 2349 5095 3839 5167; baseline -0.008 -8"><span class='ocrx_word' id='word_1_831' title='bbox 2349 5095 2398 5137; x_wconf 48' lang='lat' dir='ltr'><strong>ev</strong></span> <span class='ocrx_word' id='word_1_832' title='bbox 2425 5102 2680 5158; x_wconf 82' lang='lat' dir='ltr'><strong>Cassiani.</strong></span> <span class='ocrx_word' id='word_1_833' title='bbox 2717 5101 2914 5156; x_wconf 83' lang='lat' dir='ltr'><strong>Forsan</strong></span> <span class='ocrx_word' id='word_1_834' title='bbox 2950 5102 3034 5154; x_wconf 91' lang='lat' dir='ltr'><strong>hic</strong></span> <span class='ocrx_word' id='word_1_835' title='bbox 3058 5101 3196 5155; x_wconf 92' lang='lat' dir='ltr'><strong>idem</strong></span> <span class='ocrx_word' id='word_1_836' title='bbox 3233 5108 3317 5153; x_wconf 88' lang='lat' dir='ltr'><strong>est</strong></span> <span class='ocrx_word' id='word_1_837' title='bbox 3345 5112 3465 5152; x_wconf 90' lang='lat' dir='ltr'><strong>cum</strong></span> <span class='ocrx_word' id='word_1_838' title='bbox 3493 5110 3557 5152; x_wconf 89' lang='lat' dir='ltr'><strong>eo</strong></span> <span class='ocrx_word' id='word_1_839' title='bbox 3586 5095 3672 5167; x_wconf 90' lang='lat' dir='ltr'><strong>qui</strong></span> <span class='ocrx_word' id='word_1_840' title='bbox 3700 5110 3729 5149; x_wconf 80' lang='grc' dir='ltr'><strong>ν</strong></span> <span class='ocrx_word' id='word_1_841' title='bbox 3757 5095 3839 5148; x_wconf 89' lang='lat' dir='ltr'><strong>vel</strong></span> 
     </span>
    </p>
   </div>
   <div class='ocr_carea' id='block_1_118' title="bbox 2271 5172 3251 5241">
    <p class='ocr_par' dir='ltr' id='par_1_118' title="bbox 2271 5172 3251 5241">
     <span class='ocr_line' id='line_1_118' title="bbox 2271 5172 3251 5241; baseline -0.002 -13"><span class='ocrx_word' id='word_1_842' title='bbox 2271 5189 2365 5228; x_wconf 69' lang='grc' dir='ltr'>χιιι</span> <span class='ocrx_word' id='word_1_843' title='bbox 2398 5174 2483 5227; x_wconf 88' lang='lat' dir='ltr'><strong>die</strong></span> <span class='ocrx_word' id='word_1_844' title='bbox 2516 5172 2672 5241; x_wconf 89' lang='lat' dir='ltr'><strong>hujus</strong></span> <span class='ocrx_word' id='word_1_845' title='bbox 2699 5174 2898 5227; x_wconf 89' lang='lat' dir='ltr'><strong>mensis</strong></span> <span class='ocrx_word' id='word_1_846' title='bbox 2928 5172 3251 5227; x_wconf 86' lang='lat' dir='ltr'><strong>celebratur.</strong></span> 
     </span>
    </p>
   </div>
   <div class='ocr_carea' id='block_1_119' title="bbox 2348 5236 3844 5312">
    <p class='ocr_par' dir='ltr' id='par_1_119' title="bbox 2348 5236 3844 5312">
     <span class='ocr_line' id='line_1_119' title="bbox 2348 5236 3844 5312; baseline -0.007 -14"><span class='ocrx_word' id='word_1_847' title='bbox 2348 5242 2365 5282; x_wconf 70' lang='grc' dir='ltr'><em>τ</em></span> <span class='ocrx_word' id='word_1_848' title='bbox 2414 5236 2628 5312; x_wconf 68' lang='grc' dir='ltr'><strong>Υροιὶιῖ.</strong></span> <span class='ocrx_word' id='word_1_849' title='bbox 2663 5247 2701 5297; x_wconf 84' lang='grc' dir='ltr'><strong>Α</strong></span> <span class='ocrx_word' id='word_1_850' title='bbox 2754 5244 2815 5297; x_wconf 86' lang='grc' dir='ltr'>Β.</span> <span class='ocrx_word' id='word_1_851' title='bbox 2849 5242 3155 5304; x_wconf 83' lang='lat' dir='ltr'><strong>Laurentio,</strong></span> <span class='ocrx_word' id='word_1_852' title='bbox 3187 5241 3275 5309; x_wconf 93' lang='lat' dir='ltr'><strong>qui</strong></span> <span class='ocrx_word' id='word_1_853' title='bbox 3307 5254 3465 5312; x_wconf 88' lang='lat' dir='ltr'><strong>supra</strong></span> <span class='ocrx_word' id='word_1_854' title='bbox 3495 5255 3531 5312; x_wconf 3' lang='lat' dir='ltr'><strong>xy</strong></span> <span class='ocrx_word' id='word_1_855' title='bbox 3555 5236 3640 5293; x_wconf 88' lang='lat' dir='ltr'><strong>die</strong></span> <span class='ocrx_word' id='word_1_856' title='bbox 3670 5238 3844 5304; x_wconf 81' lang='lat' dir='ltr'><strong>Augu-</strong></span> 
     </span>
    </p>
   </div>
   <div class='ocr_carea' id='block_1_120' title="bbox 2268 5310 3838 5376">
    <p class='ocr_par' dir='ltr' id='par_1_120' title="bbox 2268 5310 3838 5376">
     <span class='ocr_line' id='line_1_120' title="bbox 2268 5310 3838 5376; baseline -0.006 -8"><span class='ocrx_word' id='word_1_857' title='bbox 2268 5316 2335 5368; x_wconf 92' lang='lat' dir='ltr'><strong>sti</strong></span> <span class='ocrx_word' id='word_1_858' title='bbox 2368 5310 2585 5376; x_wconf 85' lang='lat' dir='ltr'><strong>colitur,</strong></span> <span class='ocrx_word' id='word_1_859' title='bbox 2634 5312 2720 5367; x_wconf 92' lang='lat' dir='ltr'><strong>bic</strong></span> <span class='ocrx_word' id='word_1_860' title='bbox 2753 5315 2815 5365; x_wconf 89' lang='lat' dir='ltr'><strong>ad</strong></span> <span class='ocrx_word' id='word_1_861' title='bbox 2851 5313 3006 5367; x_wconf 87' lang='lat' dir='ltr'><strong>ﬁdem</strong></span> <span class='ocrx_word' id='word_1_862' title='bbox 3055 5326 3347 5365; x_wconf 86' lang='lat' dir='ltr'><strong>conversus</strong></span> <span class='ocrx_word' id='word_1_863' title='bbox 3397 5310 3689 5375; x_wconf 81' lang='lat' dir='ltr'><strong>baptizatus</strong></span> <span class='ocrx_word' id='word_1_864' title='bbox 3733 5316 3838 5359; x_wconf 89' lang='lat' dir='ltr'><strong>est.</strong></span> 
     </span>
    </p>
   </div>
   <div class='ocr_carea' id='block_1_121' title="bbox 2268 5378 3842 5452">
    <p class='ocr_par' dir='ltr' id='par_1_121' title="bbox 2268 5378 3842 5452">
     <span class='ocr_line' id='line_1_121' title="bbox 2268 5378 3842 5452; baseline -0.005 -15"><span class='ocrx_word' id='word_1_865' title='bbox 2268 5384 2384 5438; x_wconf 83' lang='lat' dir='ltr'><strong>Non</strong></span> <span class='ocrx_word' id='word_1_866' title='bbox 2418 5384 2517 5438; x_wconf 82' lang='lat' dir='ltr'><strong>Sub</strong></span> <span class='ocrx_word' id='word_1_867' title='bbox 2548 5385 2727 5448; x_wconf 89' lang='lat' dir='ltr'><strong>Decio,</strong></span> <span class='ocrx_word' id='word_1_868' title='bbox 2759 5393 2815 5437; x_wconf 86' lang='grc' dir='ltr'><strong>ιιι</strong></span> <span class='ocrx_word' id='word_1_869' title='bbox 2848 5382 3220 5452; x_wconf 80' lang='lat' dir='ltr'><strong>Martyrologia</strong></span> <span class='ocrx_word' id='word_1_870' title='bbox 3260 5392 3315 5434; x_wconf 91' lang='lat' dir='ltr'><strong>et</strong></span> <span class='ocrx_word' id='word_1_871' title='bbox 3344 5384 3469 5434; x_wconf 83' lang='lat' dir='ltr'><strong>Acta</strong></span> <span class='ocrx_word' id='word_1_872' title='bbox 3515 5379 3573 5452; x_wconf 83' lang='lat' dir='ltr'><strong>S.</strong></span> <span class='ocrx_word' id='word_1_873' title='bbox 3609 5378 3842 5452; x_wconf 71' lang='lat' dir='ltr'><strong>Lauren-</strong></span> 
     </span>
    </p>
   </div>
   <div class='ocr_carea' id='block_1_122' title="bbox 2270 5447 3839 5519">
    <p class='ocr_par' dir='ltr' id='par_1_122' title="bbox 2270 5447 3839 5519">
     <span class='ocr_line' id='line_1_122' title="bbox 2270 5447 3839 5519; baseline -0.005 -12"><span class='ocrx_word' id='word_1_874' title='bbox 2270 5454 2328 5507; x_wconf 89' lang='lat' dir='ltr'><strong>tii</strong></span> <span class='ocrx_word' id='word_1_875' title='bbox 2362 5455 2497 5508; x_wconf 83' lang='lat' dir='ltr'><strong>falso</strong></span> <span class='ocrx_word' id='word_1_876' title='bbox 2526 5464 2794 5519; x_wconf 87' lang='lat' dir='ltr'><strong>asserunt,</strong></span> <span class='ocrx_word' id='word_1_877' title='bbox 2843 5454 2936 5508; x_wconf 87' lang='lat' dir='ltr'><strong>sed</strong></span> <span class='ocrx_word' id='word_1_878' title='bbox 2971 5447 3070 5508; x_wconf 76' lang='lat' dir='ltr'><strong>sub</strong></span> <span class='ocrx_word' id='word_1_879' title='bbox 3116 5447 3399 5506; x_wconf 65' lang='lat' dir='ltr'><strong>Valeriano</strong></span> <span class='ocrx_word' id='word_1_880' title='bbox 3431 5450 3605 5504; x_wconf 88' lang='lat' dir='ltr'><strong>triduo</strong></span> <span class='ocrx_word' id='word_1_881' title='bbox 3631 5456 3751 5514; x_wconf 84' lang='lat' dir='ltr'><strong>post</strong></span> <span class='ocrx_word' id='word_1_882' title='bbox 3779 5447 3839 5500; x_wconf 92' lang='lat' dir='ltr'><strong>S.</strong></span> 
     </span>
    </p>
   </div>
   <div class='ocr_carea' id='block_1_123' title="bbox 2269 5519 3842 5595">
    <p class='ocr_par' dir='ltr' id='par_1_123' title="bbox 2269 5519 3842 5595">
     <span class='ocr_line' id='line_1_123' title="bbox 2269 5519 3842 5595; baseline -0.005 -17"><span class='ocrx_word' id='word_1_883' title='bbox 2269 5524 2612 5579; x_wconf 83' lang='lat' dir='ltr'><strong>Laurentium</strong></span> <span class='ocrx_word' id='word_1_884' title='bbox 2640 5540 2855 5595; x_wconf 87' lang='lat' dir='ltr'><strong>passus</strong></span> <span class='ocrx_word' id='word_1_885' title='bbox 2902 5536 2985 5578; x_wconf 87' lang='lat' dir='ltr'><strong>est</strong></span> <span class='ocrx_word' id='word_1_886' title='bbox 3033 5538 3153 5577; x_wconf 90' lang='lat' dir='ltr'><strong>cum</strong></span> <span class='ocrx_word' id='word_1_887' title='bbox 3205 5532 3311 5575; x_wconf 89' lang='lat' dir='ltr'><strong>tota</strong></span> <span class='ocrx_word' id='word_1_888' title='bbox 3341 5519 3842 5595; x_wconf 33' lang='lat' dir='ltr'><strong>_rallli|ia.‘Q_t_lttrltlft</strong></span> 
     </span>
    </p>
   </div>
   <div class='ocr_carea' id='block_1_124' title="bbox 2270 5590 3843 5665">
    <p class='ocr_par' dir='ltr' id='par_1_124' title="bbox 2270 5590 3843 5665">
     <span class='ocr_line' id='line_1_124' title="bbox 2270 5590 3843 5665; baseline -0.006 -16"><span class='ocrx_word' id='word_1_889' title='bbox 2270 5609 2496 5661; x_wconf 87' lang='lat' dir='ltr'><strong>corpora</strong></span> <span class='ocrx_word' id='word_1_890' title='bbox 2526 5595 2584 5649; x_wconf 91' lang='lat' dir='ltr'><strong>S.</strong></span> <span class='ocrx_word' id='word_1_891' title='bbox 2628 5590 2871 5651; x_wconf 77' lang='lat' dir='ltr'><strong>Justinus</strong></span> <span class='ocrx_word' id='word_1_892' title='bbox 2918 5597 2969 5649; x_wconf 90' lang='lat' dir='ltr'><strong>in</strong></span> <span class='ocrx_word' id='word_1_893' title='bbox 3015 5608 3205 5665; x_wconf 84' lang='lat' dir='ltr'><strong>campo</strong></span> <span class='ocrx_word' id='word_1_894' title='bbox 3231 5596 3295 5648; x_wconf 87' lang='lat' dir='ltr'><strong>ad</strong></span> <span class='ocrx_word' id='word_1_895' title='bbox 3339 5593 3473 5647; x_wconf 87' lang='lat' dir='ltr'><strong>latus</strong></span> <span class='ocrx_word' id='word_1_896' title='bbox 3499 5591 3609 5661; x_wconf 84' lang='lat' dir='ltr'><strong>agri</strong></span> <span class='ocrx_word' id='word_1_897' title='bbox 3646 5590 3843 5645; x_wconf 79' lang='lat' dir='ltr'><strong>Verani</strong></span> 
     </span>
    </p>
   </div>
   <div class='ocr_carea' id='block_1_125' title="bbox 2268 5666 2529 5734">
    <p class='ocr_par' dir='ltr' id='par_1_125' title="bbox 2268 5666 2529 5734">
     <span class='ocr_line' id='line_1_125' title="bbox 2268 5666 2529 5734; baseline 0 -16"><span class='ocrx_word' id='word_1_898' title='bbox 2268 5666 2529 5734; x_wconf 85' lang='lat' dir='ltr'><strong>sepelivit.</strong></span> 
     </span>
    </p>
   </div>
  </div>
