4110 6462
310 299 441 353 Mitt?)
1430 299 1618 355 SECT.
1662 299 1723 353 Il.
1768 330 1833 340 --
1876 298 2434 357 MARTYROLOGIA.
3430 308 3563 369 I006

1548 411 1773 466 EDITIO
1811 409 2274 467 COLONIENSIS.

297 516 355 558 et
375 505 451 559 sic
484 518 576 573 per
603 500 830 557 carduos
850 509 904 558 et
926 500 1149 556 tribulos
1176 509 1373 557 tractus
1400 504 1579 559 emisit
1607 504 1872 574 spiritum.
1907 507 1953 565 Α
1983 524 2124 578 diem
2152 522 2466 577 ροηειαηιίο
2514 521 2803 579 includitur
2832 526 2884 580 in
2916 527 3148 594 quodam
3190 530 3436 587 (vhiculo
3462 532 3562 587 αθ,

298 597 363 651 Ει
394 595 579 651 Natale
604 594 918 650 Concordiae
950 594 1169 678 nutricis
1198 594 1332 664 ejus,
1364 611 1518 665 quam
1552 609 1675 653 ante
1702 599 1871 666 ipsum

302 687 587 757 plumbatis
613 700 808 739 caesam
841 684 1233 758 martyrizavit,
1268 698 1320 741 et
1356 688 1580 743 aliorum
1608 688 1793 745 decem
1820 702 1875 748 et

301 797 494 837 novem
526 782 593 837 de
631 781 790 836 domo
820 778 937 850 ejus
958 823 972 849 ,
1002 781 1089 849 qui
1127 781 1282 835 simul
1315 780 1563 837 decoIIati
1590 793 1736 838 sunt.
1770 785 1873 839 Eo-

298 874 418 929 dem
446 874 533 928 die
562 872 739 926 natale
767 872 937 926 sancti
964 870 1201 925 Cassiani
1235 870 1437 926 Romus.
1464 870 1568 938 Qui
1594 888 1712 926 cum
1747 875 1874 927 ado-

301 973 419 1013 rare
470 958 608 1012 idola
661 956 846 1019 nollet,
902 958 1264 1025 interrogatus
1292 971 1321 1011 a
1355 966 1699 1026 persecutore
1747 959 1875 1028 quid

296 1050 430 1105 artis
472 1049 714 1114 haberet,
745 1047 1022 1116 respondit
1063 1049 1183 1118 quia
1222 1062 1414 1117 pueros
1446 1058 1595 1104 notas
1635 1050 1873 1115 doceret,

294 1152 363 1198 et-
409 1156 530 1196 mox
575 1141 830 1210 spoliatus
882 1139 1138 1206 vestibus,
1171 1155 1233 1195 ac
1282 1140 1525 1196 manibus
1568 1153 1684 1211 post
1731 1152 1873 1213 terga

295 1236 569 1301 revinctis,
602 1235 852 1289 statuitur
878 1233 931 1288 in
963 1234 1159 1299 medio,
1190 1234 1496 1304 vocatisque
1525 1236 1728 1304 pueris,
1752 1237 1873 1304 qui-

297 1328 396 1381 bus
422 1325 660 1381 docendo
707 1338 908 1379 exosus
954 1321 1121 1378 factus
1168 1322 1360 1391 fuerat,
1393 1324 1514 1377 data
1541 1336 1623 1379 est
1655 1323 1877 1379 facultas

294 1433 418 1476 eum
452 1415 766 1487 perimendi.
796 1414 865 1469 At
891 1413 967 1468 illi
993 1423 1246 1483 quantum
1276 1413 1555 1468 doluerant
1582 1414 1870 1480 discentes,

293 1522 498 1568 tantum
521 1527 580 1568 se
607 1510 788 1566 ulcisci
813 1509 1125 1580 gaudentes,
1147 1509 1235 1561 alii
1261 1522 1382 1563 eum
1414 1508 1603 1561 tabulis
1632 1522 1694 1561 ac
1718 1507 1873 1562 buxis

293 1604 586 1669 feriebant,
618 1602 707 1658 alii
766 1600 920 1672 stylis
972 1600 1338 1654 vulnerabant.
1395 1599 1606 1666 Quanto
1649 1613 1870 1668 quorum

292 1697 558 1752 infirmior
587 1704 702 1752 erat
725 1710 931 1760 manus,
961 1699 1111 1746 tanto
1149 1692 1449 1762 graviorem
1479 1705 1688 1760 poenam
1721 1705 1868 1744 mar-

291 1789 415 1861 tyrii
439 1789 599 1843 dilata
624 1796 797 1842 morte
821 1785 1102 1840 faciebant.
1123 1782 1350 1839 Pictavis
1372 1782 1584 1837 civitate
1605 1780 1870 1852 depositio

1981 628 2098 669 mus
2139 628 2273 681 sum,
2308 612 2538 669 habente
2579 615 2633 669 in
2668 616 2945 673 latitudine
2981 620 3143 688 pedes
3183 632 3448 691 quatuor:
3474 625 3565 681 ubi

1981 704 2176 761 multos
2206 705 2320 760 dies
2350 705 2402 759 in
2427 706 2671 761 oratione
2701 712 3081 778 perseveravit,
3112 720 3167 767 et
3189 728 3329 769 nono
3354 715 3564 771 decimo

1982 797 2337 853 Kalendarum
2362 797 2716 868 Septembris,
2741 810 2863 870 post
2890 816 3104 859 menses
3130 817 3358 875 septem,
3387 810 3563 865 adhuc

1980 898 2158 944 tamen
2209 890 2446 945 inclusus
2492 890 2875 948 dormitionem
2910 898 3135 966 accepit.
3176 899 3338 969 Cujus
3369 917 3563 972 corpus

1978 982 2190 1053 collegit
2218 982 2506 1053 Grlgorius
2538 993 2592 1041 et
2637 985 2857 1042 Orosius
2905 990 3225 1061 presbyteri,
3255 1004 3309 1050 et
3337 997 3564 1064 sepelie-

1979 1082 2103 1128 runt
2142 1076 2194 1130 in
2225 1083 2409 1146 crypta
2447 1076 2598 1147 juxta
2639 1091 2833 1146 corpus
2874 1078 3011 1135 beati
3059 1082 3199 1138 Sixti
3244 1084 3475 1154 episcopi
3508 1099 3563 1143 et

1981 1166 2255 1237 martyris,
2284 1167 2364 1221 via
2392 1167 2584 1237 Appia,
2618 1168 2671 1223 in
2716 1173 3024 1226 cmmeterio
3065 1173 3268 1238 Calisti,
3298 1176 3385 1231 ubi
3416 1187 3469 1232 et
3497 1179 3565 1232 ti-

1981 1254 2147 1309 tulum
2190 1254 2354 1324 ipsius
2399 1258 2701 1315 scribentes
2743 1272 3037 1328 posuerunt
3065 1264 3134 1317 ita
3162 1282 3173 1316 :
3201 1263 3421 1320 Eusebio
3468 1268 3557 1320 Ιιο-

1978 1346 2103 1399 mini
2130 1345 2247 1403 Dei.
2297 1349 2534 1403 Audiens
2575 1347 2949 1418 Constantius,
2985 1355 3125 1426 quod
3175 1356 3465 1427 Gregorius
3507 1369 3564 1414 et

1978 1438 2197 1496 Orosius
2236 1443 2554 1509 sepelissent
2584 1458 2779 1514 corpus
2812 1446 2950 1502 beati
2996 1447 3244 1516 Eusebii,
3277 1450 3329 1504 in
3373 1451 3561 1507 eadem

1976 1539 2184 1600 crypta,
2208 1532 2295 1586 ubi
2327 1531 2455 1586 illud
2478 1533 2850 1600 condiderant,
2881 1541 3132 1609 praecepit
3154 1540 3331 1595 vivum
3360 1541 3560 1597 includi

1976 1622 2315 1693 Gregorium.
2351 1623 2502 1679 llunc
2546 1625 2865 1681 semivivum
2910 1638 3066 1685 nocte
3106 1630 3328 1687 Orosius
3354 1633 3568 1702 excepit

1974 1711 2119 1777 inde,
2143 1724 2197 1769 et
2226 1723 2347 1784 post
2370 1715 2641 1785 paululum
2664 1715 2975 1773 defunctum
2994 1719 3144 1790 juxta
3172 1737 3366 1792 corpus
3387 1725 3559 1779 sancti

1977 1805 2192 1861 Eusebii
2220 1808 2487 1878 sepelivit.
2510 1807 2779 1879 Factaque
2809 1822 2891 1865 est
2917 1810 3231 1881 gravissima
3260 1816 3564 1883 persecutio

288 1892 488 1938 sancta:
518 1878 858 1951 Radegundis
906 1877 1123 1949 reginm.
1175 1880 1229 1930 In
1266 1874 1550 1930 Germania
1596 1872 1865 1943 provincia

1977 1897 2028 1950 in
2058 1897 2320 1951 catholica
2368 1897 2609 1953 Ecclesia
2638 1898 2707 1954 ab
2752 1898 2976 1965 Arianis,
3007 1903 3188 1957 sedem
3216 1867 3563 1972 apostolicam

288 1976 468 2031 natale
492 1974 661 2029 sancti
692 1970 952 2041 Wigberti
984 1966 1279 2038 presbyteri
1306 1978 1356 2021 et
1378 1965 1721 2020 confessoris.

361 2070 419 2123 Β.
449 2068 569 2123 XIX
597 2066 833 2122 KALEND.
878 2062 1148 2121 Ssrrsus.
1198 2058 1384 2114 Natale
1431 2057 1600 2112 sancti
1652 2055 1869 2112 Eusebii

286 2159 583 2232 presbyteri
630 2167 683 2213 et
729 2151 1083 2215 confessoris,
1112 2150 1201 2220 qui
1233 2148 1334 2203 sub
1363 2146 1674 2201 Constantio
1704 2148 1868 2215 impe-

287 2266 463 2306 ratore
485 2252 705 2313 Ariano,
729 2245 1071 2301 machinante
1102 2241 1313 2296 Liberlo
1343 2239 1591 2309 praesule,
1615 2238 1869 2293 similiter

284 2342 557 2406 breretico,
578 2337 971 2396 confessionem
996 2347 1147 2390 suam
1175 2328 1489 2401 complevit.
1515 2327 1643 2383 Nam
1672 2342 1699 2379 a
1726 2342 1865 2395 pras-

1977 1994 2191 2042 tenente
2236 1986 2472 2043 Liberio.
2528 1988 2593 2044 Et
2626 1988 2804 2059 vigilia
2836 1992 3219 2062 assumptionis
3248 1994 3429 2049 Mariae
3458 1996 3562 2051 vir—

1974 2093 2136 2146 ginis.

2046 2211 2107 2268 C.
2142 2213 2301 2268 XVIII
2335 2212 2574 2268 KALEND.
2599 2212 2871 2270 Sarrana.
2903 2216 3213 2286 Assumptio
3241 2225 3439 2273 sancta:
3472 2218 3565 2275 Dei

1973 2307 2246 2376 genitricis
2294 2316 2351 2362 et
2395 2318 2667 2378 perpetuae
2712 2307 2932 2379 virginis
2982 2308 3179 2365 Mariae.
3233 2308 3435 2367 Eodem
3474 2309 3565 2368 die

1545 2415 1776 2473 EDITIO
1814 2415 2317 2473 BOL'LANDIANA.

284 2552 454 2622 Decii,
476 2551 667 2623 ligatus
699 2545 862 2617 pedes
895 2543 958 2597 ad
987 2541 1126 2598 colla
1167 2537 1551 2594 indomitorum
1582 2545 1867 2623 equorum,

280 2647 363 2699 sic
395 2619 488 2713 por
516 2619 745 2696 carduos
775 2635 1107 2703 tribulosque
1149 2638 1348 2684 tractus
1376 2623 1557 2683 emisit
1594 2619 1864 2713 spiritum.

285 2737 353 2790 Et
378 2712 695 2790 Concordiae
724 2725 948 2783 nutricis
989 2722 1128 2793 ejus,
1160 2735 1279 2790 qua:
1306 2726 1431 2773 ante
1470 2716 1645 2785 ipsum
1694 2712 1869 2783 plum-

284 2828 423 2883 batis
466 2838 608 2881 caesa
651 2820 1073 2894 martyrizatur:
1108 2814 1177 2870 Et
1204 2813 1432 2868 aliorum
1463 2809 1530 2864 de
1560 2808 1722 2863 domo
1750 2804 1867 2874 ejus

1974 2511 2079 2580 psit
2111 2510 2433 2568 Prudentius
2462 2522 2616 2582 poeta
2657 2510 2797 2566 abest
2819 2528 2850 2565 α
2883 2511 2985 2585 Β.].

2046 2602 2239 2658 Florus
2280 2605 2333 2659 in
2362 2603 2452 2671 T.,
2486 2605 2542 2660 In
2587 2604 2758 2661 Gallia
2789 2604 3025 2662 Pictavis
3050 2604 3270 2662 civitate
3299 2606 3565 2677 depositio

1970 2695 2027 2752 8.
2049 2693 2075 2732 δ
2106 2694 2443 2766 Radegundis
2469 2695 2693 2766 reginae,
2724 2712 2841 2766 qua:
2874 2695 2927 2751 in
2960 2696 3112 2751 thoro
3136 2696 3368 2752 Lotharii
3397 2696 3562 2753 Fran-

1971 2802 2155 2844 corum
2195 2788 2337 2858 regis
2388 2786 2673 2855 recubans,
2726 2788 2903 2857 potius
2954 2787 3216 2843 monacha
3264 2790 3558 2846 vocabatur

286 2880 812 2978 decemietnovem,‘
858 2910 946 2981 qui
994 2907 1153 2964 simul
1184 2902 1428 2961 decollati
1473 2908 1614 2955 sunt.
1652 2895 1865 2970 (Ham—

1973 2896 2131 2953 quam
2162 2894 2319 2936 uxor.
2371 2881 2538 2951 Cujus
2578 2881 2908 2936 consortium
2958 2894 3238 2951 spernens,
3286 2880 3558 2936 Christum

398 2972 491 3078 λ.)
530 3006 728 3062 Eodem
752 2972 837 3058 die
862 2972 1037 3055 natale
1067 2998 1126 3055 S.
1160 3005 1184 3032 ⁸
1212 2994 1453 3051 Cassiani
1508 2991 1691 3045 Romae
1726 3004 1741 3042 :
1770 2989 1871 3057 (ast
1902 2972 1943 2983 “
1973 2987 2130 3041 (ιιιεπι
2162 2972 2370 3078 “cf”,
2411 2973 2654 3043 ample“
2679 2979 2781 3039 θεῖ»
2813 2980 3123 3075 ιεξηιειηιιιιιθ
3155 2972 3349 3026 ηιθτυῖι
3375 2972 3543 3027 τίνω·

282 3105 347 3160 C.
379 3098 695 3172 hucusque);
748 3095 836 3166 qui
870 3109 989 3149 cum
1034 3089 1257 3144 adorare
1287 3084 1424 3139 idola
1476 3082 1755 3145 noluisset,
1789 3079 1870 3133 in-

282 3201 583 3264 terrogatus
604 3204 635 3244 a
677 3193 1019 3257 persecutore
1043 3180 1169 3250 quid
1197 3177 1328 3233 artis
1360 3174 1603 3239 haberet,
1631 3186 1856 3264 respon-

282 3286 361 3343 dit
401 3263 522 3355 quia
555 3296 749 3353 pueros
780 3287 933 3333 notas
962 3275 1198 3329 doceret.
1236 3268 1304 3325 Et
1333 3282 1458 3323 mox
1501 3263 1748 3335 spoliatis
1776 3276 1866 3355 ve-

284 3353 456 3434 stibus
508 3388 572 3430 ac
605 3371 853 3427 manibus
899 3374 1021 3436 post
1046 3374 1192 3433 terga
1227 3356 1479 3417 revinctis
1520 3356 1774 3412 statuitur
1812 3353 1865 3407 in

284 3468 489 3534 medio;
522 3463 829 3531 vocatisque
877 3456 1079 3528 pueris,
1130 3453 1323 3524 quibus
1376 3447 1621 3506 docendo
1672 3458 1869 3501 exosus

286 3559 456 3616 factus
484 3556 680 3622 fuerat,
709 3552 833 3607 data
878 3558 961 3605 est
1005 3546 1230 3603 facultas
1271 3556 1393 3598 eum
1441 3536 1761 3610 perimendi.
1796 3538 1867 3590 At

285 3651 363 3708 illi
386 3658 642 3719 quantum
670 3644 952 3699 doluerant
974 3639 1262 3702 discentes,
1291 3642 1497 3688 tantum
1522 3628 1717 3719 ulcisci
1738 3641 1875 3719 gau:

285 3716 498 3809 dentes,
546 3739 634 3794 alii
667 3751 787 3793 eum
822 3731 1013 3788 tabulis
1041 3739 1131 3782 aut
1179 3725 1406 3781 buxibus
1452 3719 1548 3795 [0.
1600 3716 1871 3788 buximiis]

287 3834 568 3896 feriebant,
610 3829 698 3884 alii
745 3824 898 3897 stylis
947 3818 1338 3876 vulnerabant:
1389 3826 1617 3884 quorum
1666 3818 1869 3880 quanto

284 3923 550 3981 inﬁrmior
579 3933 729 3985 aetas,
755 3926 896 3972 tanto
922 3912 1220 3983 graviorem
1262 3904 1500 3976 martyrii
1535 3916 1749 3973 poenam
1779 3899 1870 3955 di-

288 4018 391 4073 lata
420 4024 592 4070 morte
620 4010 867 4066 faciebat.
915 4003 1141 4074 Scripsit
1172 3998 1491 4056 Prudentius
1521 4002 1675 4065 poeta
1704 3991 1872 4066 [Scri-

1973 3071 2102 3128 tem,
2137 3072 2193 3117 ut
2218 3063 2376 3118 etiam
2427 3072 2690 3117 mortuam
2722 3062 3024 3117 suscitaret.

2045 3153 2130 3214 L..
2160 3152 2277 3220 Ipso
2304 3153 2390 3207 die
2420 3153 2478 3207 8.
2514 3150 2858 3221 Radegundis
2895 3153 3116 3221 regina.

2045 3223 2129 3278 M.
2158 3252 2227 3264 --
2257 3222 2375 3277 XIX
2407 3222 2540 3277 ΚΑι..
2591 3223 2756 3277 Serr.
2790 3223 2973 3276 Natale
3000 3224 3058 3276 8.
3098 3233 3119 3262 ο
3157 3223 3368 3278 Eusebii
3399 3238 3551 3292 pres-

1972 3317 2165 3386 byteri.

2053 3407 2355 3479 Additurin
2378 3407 2443 3460 T.
2470 3407 2555 3469 L.,
2588 3404 2748 3479 '[ituli
2771 3404 3095 3479 conditoris.
3129 3405 3184 3459 In
3203 3406 3306 3479 _Ar.,
3332 3405 3365 3479 :1
3393 3405 3557 3462 Tituli

1980 3491 2034 3531 ct
2070 3479 2126 3533 8.
2151 3478 2491 3533 Conditoris:
2526 3482 2577 3531 in
2610 3474 2674 3529 V.
2714 3486 2770 3531 et
2796 3478 2881 3542 C.,
2914 3477 2978 3530 Et
2999 3474 3295 3546 Peregrini.
3330 3476 3389 3532 Β.
3417 3492 3558 3546 princ

1979 3572 1995 3601 ξ
2009 3549 2153 3618 ignat
2190 3547 2437 3604 Viridena
2466 3549 2606 3617 Syri.

2052 3622 2117 3673 A.
2164 3619 2228 3673 Τ.
2262 3618 2347 3683 L.,
2383 3614 2569 3687 Vigilia
2598 3614 2995 3687 Assumptionis
3033 3615 3090 3672 S.
3123 3616 3301 3671 Marim
3340 3616 3432 3671 Dei
3460 3632 3553 3685 ge-

1980 3690 2202 3745 nitricis.
2232 3690 2314 3753 8.,
2352 3689 2406 3745 ln
2437 3684 2613 3742 Africa
2644 3688 2819 3741 natale
2849 3684 2904 3739 S.
2941 3686 3214 3742 Demetrii.
3267 3688 3323 3742 In
3374 3684 3555 3742 Africa

1980 3760 2153 3815 natale
2181 3760 2240 3815 8.
2269 3759 2559 3815 Stratonis.
2612 3759 2741 3812 Item
2787 3757 2843 3811 in
2893 3757 3069 3811 Africa
3116 3758 3287 3823 Pauli,
3339 3758 3554 3826 Eraclii,

1980 3830 2332 3886 I'ossessor'rs.
2367 3830 2424 3885 In
2454 3828 2697 3899 Aquileia
2748 3828 2925 3883 natale
2961 3827 3061 3885 SS.
3104 3828 3321 3894 Felicis,
3358 3828 3545 3887 Fortu-

1978 3912 2135 3967 natae,
2180 3900 2491 3955 Vincentius.

2052 3993 2137 4048 15.
2162 4023 2228 4034 -—
2252 3990 2414 4047 XVIII
2434 3990 2577 4082 ‘KAL.
2606 3990 2667 4048 8.
2690 3990 2867 4045 Mariae
2894 3990 3166 4046 dormitio.

1651 4081 1859 4140 SMITII
1900 4080 2130 4137 NOTAE.

360 4209 385 4238 ι
427 4193 674 4253 Cassiani.
708 4190 803 4244 llic
828 4189 880 4241 in
905 4184 1020 4240 foro
1042 4181 1206 4255 Syllae
1236 4186 1548 4255 passusyest.
1575 4175 1763 4229 Petrus
1792 4172 1859 4255 de

286 4247 640 4326 Nataljmdicit
668 4276 788 4317 eum
838 4258 1001 4312 fuisse
1038 4247 1346 4326 episcopum
1402 4247 1763 4326 Bri_x_iense_m,_
1803 4253 1859 4297 et

288 4314 731 4411 peregrinationis
761 4344 922 4411 causa
955 4314 1172 4411 Imolam
1199 4314 1857 4411 y'enisse,_ibi_que‘ludnum

2046 4176 2067 4204 ε
2135 4172 2362 4228 Eusebii.
2413 4172 2512 4238 Qui
2568 4179 2831 4241 praesente
2871 4171 3181 4226 Constantio
3228 4170 3555 4238 imperatore

1969 4245 2169 4298 Ariano
2219 4258 2342 4299 cum
2375 4245 2531 4298 Iidem
2579 4242 2913 4297 Catholicam
2944 4250 3251 4296 constanter
3292 4242 3552 4300 defende-

1970 4323 2074 4377 ret.
2102 4325 2157 4370 et
2186 4314 2458 4369 Liberium
2491 4328 2679 4383 papam
2711 4314 2922 4383 ariaum
2955 4313 3192 4380 perfidia:
3211 4317 3555 4383 consensisse

283 4379 936 4472 iiit'e‘i'tii'r'iiiin'va'iierinsse,
974 4379 1050 4450 iac
1098 4393 1309 4448 tandem
1355 4379 1675 4458 martyrium
1721 4400 1855 4441 con-
1885 4379 2194 4472 Ddoleret,
2243 4379 2712 4472 jubente'codem
2761 4379 3102 4472 Constantio,
3149 4382 3476 4472 iucluditur"
3500 4386 3556 4441 in

280 4495 595 4538 somniasse.
1407 4530 1417 4541 ,
1715 4527 1726 4537 ,

353 4553 381 4592 δ
441 4544 797 4619 ηαάεθωιςιεεο
861 4540 992 4607 ρυτε
1044 4536 1140 4619 “ait
1198 4533 1264 4588 de
1310 4528 1857 4619 {981999_T."_‘i"9531

281 4639 385 4679 avo
411 4603 536 4691 rege
569 4603 824 4691 B'assino,
852 4603 1048 4691 patruo
1079 4603 1470 4691 Ilerntert‘tfrido
1485 4611 1859 4691 ;_.patre‘

287 4674 620 4750 iicre'th'ario.
668 4687 713 4742 A
766 4674 1042 4740 Chlotario
1071 4691 1221 4752 rege
1269 4674 1596 4752 Francorum
1646 4674 1857 4752 captiva

282 4743 492 4821 {illius}
521 4743 664 4815 circa
691 4774 780 4813 an.
816 4753 943 4816 550,
984 4759 1041 4805 et
1070 4749 1123 4803 in
1163 4743 1857 4822 Yeromandensi.civitate

517 4809 754 4886 simul."
770 4809 912 4894 regia
930 4809 1394 4894 nutriendicausa
1422 4811 1737 4894 custodibus
1763 4809 1858 4863 de-

285 4887 537 4978 illum,
570 4899 742 4978 Nupta
789 4887 1063 4975 Chlotario
1092 4887 1571 4978 regihitauvixit:
1615 4890 1724 4978 ﬂ

285 4953 542 5047 Fé'gi'ééii
569 4953 782 5047 Chiisto
808 4964 1057 5045 coniugio
1086 4953 1291 5047 sociata.
1306 4953 1861 5047 videatut-Giuoma‘t‘t:

284 5025 416 5103 is???
445 5025 610 5100 fratre
648 5041 786 5095 forte
827 5025 1007 5090 occiso
1058 5047 1088 5086 a
1135 5032 1194 5104 Β.
1248 5025 1856 5104 Μειιιιι-ιξολῌυνίρωεεί

284 5096 601 5176 Quae],
650 5120 709 5167 et
751 5103 1267 5181 inumonasterium,
1322 5096 1464 5167 quod
1498 5096 1859 5181 Pictavi-(32":

283 5166 609 5256 simiiijsé
652 5178 875 5236 contulit
914 5186 1185 5256 ietﬂcum
1246 5166 1360 5252 eam
1415 5183 1507 5249 rex
1554 5166 1859 5256 imitator-ius

281 5235 523 5329 Eji.§"i{a’r
552 5235 862 5329 repeteret,
915 5235 973 5300 8.
996 5242 1291 5329 "Germani
1323 5235 1852 5329 suasioneudemiti‘t.

284 5304 1058 5396 ῐίόἷιαὲιέηιῖἶιξιίιῖηιίτξευιξε
1086 5315 1300 5396 ﬂente"!
1349 5306 1717 5396 ιῑαιιξεεὶδεε·
1750 5304 1856 5396 ίέθ·

280 5377 693 5472 ίιέξὺἶιέίῖέὸωῦι
732 5408 873 5472 anno
902 5377 1101 5472 Christi
1126 5384 1428 5472 $87,.ljluﬂxta

279 5448 751 5540 iuiiiiii'ixj_'cip.
779 5460 1069 5540 2,_obitum
1103 5457 1216 5540 ejus
1252 5448 1418 5540 illigat
1446 5448 1857 5540 atino‘reg‘is

278 5520 651 5601 Eiiiidébéiii,’
680 5520 733 5590 et
763 5550 792 5589 a
824 5520 1089 5602 Gregorio
1112 5520 1433 5602 Turonensi_
1457 5520 1761 5602 innBasiIica
1788 5520 1849 5572 8.

280 5591 691 5679 tiariTe'sepulta
722 5617 824 5662 est.
873 5591 1207 5679 AVide‘y‘itat‘n
1257 5594 1373 5679 ejus
1424 5591 1684 5679 in_Surio,
1720 5599 1854 5645 tom.

280 5667 370 5750 iv,
397 5694 451 5739 et
477 5684 530 5735 in
550 5667 832 5735 'Mabillon.
863 5676 981 5728 Act.
1015 5669 1115 5727 ss.
1149 5667 1302 5730 Ben.,
1336 5675 1466 5721 tom.
1492 5667 1529 5721 l.

1962 4458 2191 4525 quodam
2222 4453 2469 4509 cubiculo
2500 4454 2692 4511 demus
2741 4469 2875 4525 sum,
2908 4454 3141 4508 habente
3174 4453 3224 4506 in
3272 4454 3553 4511 latitudine

1962 4524 2125 4596 pedes
2149 4537 2411 4598 quatuor;
2455 4526 2543 4598 ubi
2578 4525 2760 4579 multis
2788 4524 2977 4579 diebus
3019 4525 3073 4578 in
3126 4525 3373 4578 oratione
3418 4541 3551 4598 con-

1960 4596 2181 4654 stanter'
2198 4596 2581 4665 perseveravit,
2612 4611 2676 4651 ac
2719 4607 2837 4660 post
2886 4608 3099 4649 menses
3128 4603 3332 4665 septem
3379 4596 3559 4654 aubuc

1963 4677 2141 4724 tamen
2172 4664 2415 4723 inclusus
2446 4668 2600 4721 obiit.
2637 4667 2803 4735 Cujus
2830 4680 3027 4734 corpus
3058 4664 3394 4735 collegerunt
3418 4667 3551 4722 Gre-

1962 4742 2145 4808 gorius
2168 4748 2224 4793 et
2250 4738 2472 4793 Orosius
2498 4735 2801 4808 presbyteri
2833 4734 3330 4808 et_sepelierunt_in
3361 4748 3546 4808 crypta

1956 4805 2109 4878 juxta
2154 4821 2351 4878 corpus
2393 4809 2453 4860 Β.
2497 4807 2631 4878 Sixti
2664 4806 2900 4873 episcopi
2943 4816 2999 4878 et
3050 4805 3299 4873 martyris
3329 4805 3407 4860 via
3428 4805 3547 4877 'Ap-

1966 4876 2069 4949 pia,
2101 4880 2151 4933 in
2181 4876 2492 4933 cremeterio
2521 4876 2747 4949 Calli5ti_.
2780 4877 2915 4949 Aoo,
2950 4876 3196 4949 Nysaea.

2034 4950 2061 4987 ά
2122 4950 2307 5004 Tituli.
2361 4950 2455 5001 Est
2498 4956 2650 5001 vetus
2702 4944 2916 5000 Titulus
2964 4943 3023 4999 S.
3084 4944 3338 5009 Eusebii,
3389 4947 3543 5015 cujus

1963 5022 2164 5075 mentio
2193 5020 2414 5075 habetur
2445 5018 2498 5073 in
2530 5016 2757 5072 concilio
2785 5016 2955 5085 primo
2989 5015 3175 5070 Romae
3222 5014 3403 5071 habito
3442 5014 3545 5073 sub

1963 5092 2289 5161 Symmacho
2324 5104 2482 5161 papa.
2514 5088 2872 5161 Asservantur
2912 5087 3369 5161 illic’veneranda
3415 5103 3537 5141 cor-

1966 5156 2090 5231 pora
2123 5162 2224 5218 SS.
2272 5156 2510 5227 Eusebii,
2555 5158 2731 5231 Orosii
2765 5165 2940 5231 atque
2993 5156 3220 5231 Paulini,
3257 5158 3544 5231 multasque

1963 5227 2187 5287 aliorum
2238 5242 2531 5300 martyrum
2589 5228 2848 5298 reliquiae,
2905 5238 2979 5300 ut_
3011 5227 3247 5300 ejusdem
3301 5229 3547 5284 ecclesiae

1968 5314 2147 5359 vetera
2204 5296 2547 5357 monumenta
2597 5296 2891 5354 declarant.
2944 5296 3197 5352 Eamdem
3255 5300 3541 5355 ecclesiam

1963 5374 2247 5429 Zacharias
2293 5386 2430 5444 papa
2488 5380 2768 5444 vetustate
2805 5369 3098 5444 collapsam
3151 5368 3545 5444 restituendam

1963 5446 2200 5509 curavit;
2229 5439 2438 5512 hocque
2467 5452 2574 5495 tam
2608 5441 2987 5512 inscriptiones
3018 5442 3071 5494 in
3107 5453 3376 5512 marmore
3403 5439 3543 5495 inci-

1963 5534 2059 5583 sae,
2091 5531 2250 5586 quam
2281 5510 2440 5568 etiam
2492 5513 2625 5586 liber
2654 5515 2740 5586 de
2764 5510 3020 5566 Romanis
3076 5510 3417 5580 pontificibus
3464 5523 3547 5566 te-

1963 5582 2192 5645 stantur.
2240 5587 2511 5641 BABONIUS
2552 5582 2605 5637 in
2634 5582 2798 5639 notis.
