4110 6448
609 261 747 316 {3L7

1368 255 1564 311 ΒΕῡλΕ
1609 254 2055 311 VENLRAUILIS
2095 254 2243 311 OPP.
2287 252 2465 309 PARS
2506 254 2592 310 iV.
2638 284 2701 297 --
2744 252 3125 310 illSTORlCA.

3766 253 3898 306 1008

1856 367 2081 424 EDITIO
2120 367 2580 424 COLONIENSIS.

618 470 788 525 sancti
829 465 1084 523 Tharsicii
1129 462 1317 533 aculyti
1367 471 1419 517 et
1470 463 1735 532 martyris.
1786 461 1955 530 Quem
2003 465 2193 532 pagani
2225 468 2271 525 Α
2299 463 2500 517 orando
2533 462 2864 517 interemisse
2894 460 3116 530 legatur.
3172 460 3350 515 Roma:
3397 472 3598 514 sancta:
3649 460 3896 529 Serene,

618 576 739 616 cum
770 559 1092 613 invenissent
1123 553 1314 607 Christi
1344 554 1584 623 corporis
1613 563 1945 607 sacramenta
1978 563 2194 621 portau-

620 662 748 715 tcm,
777 654 1051 715 cmpcrunt
1078 644 1347 699 discntere
1389 644 1515 713 quid
1562 653 1791 712 gereret.
1844 645 1911 697 At
1943 644 2028 699 ille
2057 644 2197 699 indi-

620 756 776 811 gnum
825 740 1065 811 judicans
1104 736 1279 805 parcis
1337 734 1561 802 prodere
1608 735 1966 804 margaritas,
2020 735 2199 789 tandiu

622 833 843 886 lustibus
874 846 933 883 ac
975 828 1113 897 lapid
1138 830 1235 881 bus
1282 836 1543 880 mactatus
1567 868 1582 891 ,
1612 842 1886 895 quousque
1932 828 2205 882 exhalaret

623 922 884 992 spiritum.
918 921 979 975 Et
1006 919 1247 974 revoluto
1275 918 1390 987 ejus
1412 932 1634 986 corpore
1662 918 1901 987 sacrilegi
1932 917 2202 973 discusso-

623 1029 707 1066 rcs
736 1012 861 1066 nihil
894 1010 1129 1065 invenire
1159 1016 1442 1079 potuerunt
1487 1017 1941 1062 sacramentorum
1986 1009 2199 1064 Christi.

624 1101 911 1163 Christiani
943 1110 1117 1155 autem
1146 1101 1464 1171 collegerunt
1498 1115 1688 1170 corpus
1718 1102 1964 1171 martyris
1988 1142 2003 1168 ,
2032 1111 2085 1156 et
2114 1118 2203 1159 se-

628 1195 887 1263 pelierunt
941 1194 991 1246 in
1024 1195 1330 1246 cmmeterio
1376 1190 1577 1244 Calisli.
1632 1191 1685 1245 In
1734 1190 2039 1247 Nicomedia
2084 1208 2207 1248 san»

623 1294 827 1340 etorum
862 1282 1143 1351 Stratonis,
1168 1282 1390 1352 Philippi
1421 1293 1471 1337 et
1502 1282 1839 1353 Eutychiani,
1872 1299 1989 1339 cum
2018 1299 2203 1340 eorum

624 1377 802 1432 sociis.

697 1469 755 1522 D.
786 1467 925 1521 XVII
956 1466 1193 1521 Kxuzxn.
1223 1466 1491 1522 Sarrana.
1524 1467 1579 1522 In
1610 1468 1785 1523 Nicwa
1819 1469 2077 1541 Bithyniae
2106 1486 2209 1524 na—

628 1563 731 1616 tale
759 1564 925 1616 sancti
961 1560 1154 1616 Ursatii
1200 1561 1521 1615 confessoris
1542 1602 1555 1626 ,
1589 1564 1687 1616 sub
1728 1562 1927 1616 Licinio
1958 1577 2212 1633 persecu-

626 1663 763 1718 tore,
791 1654 878 1724 qui
926 1653 1107 1708 relicta
1141 1650 1326 1705 militia
1374 1652 1662 1706 solitariam
1703 1653 1863 1707 vitam
1896 1652 1948 1707 in
1980 1655 2205 1723 quadam

627 1742 761 1799 turri
810 1742 1042 1812 praefatae
1091 1741 1233 1795 urbis
1277 1739 1756 1810 elegit:tantisque
1798 1742 2082 1796 virtutibus
2108 1742 2213 1796 cla-

2307 571 2485 610 uxorls
2528 555 2790 624 quondam
2834 554 3142 607 Diocletiani
3177 555 3419 623 Augusti.
3470 554 3527 606 In
3565 552 3891 610 Alexandria

2303 658 2609 702 sanctorum
2636 646 2865 711 Orionis,
2891 646 3089 700 IEmilii
3117 653 3171 699 et
3196 644 3399 714 lgnalii.
3429 644 3481 699 In
3511 646 3734 700 Persida
3765 661 3892 700 san-

2304 748 2509 792 ctorum
2541 738 2693 809 Tyrsi
2736 754 2854 792 cum
2900 737 3060 792 sociis
3105 740 3235 793 suis.
3283 737 3433 793 Metis
3462 740 3681 794 civitate
3722 741 3895 795 sancti

2307 828 2509 883 Amulli
2540 828 2883 883 confessoris.

2378 919 2439 972 E.
2466 918 2582 973 XVI
2604 918 2841 972 thsan.
2862 916 3129 972 Strenue.
3154 916 3306 985 Apud
3332 917 3565 971 Africam
3583 926 3891 972 sanctorum

2308 1021 2620 1078 martyrum,
2651 1007 2880 1061 Liberati
2911 1007 3118 1060 abbatis
3139 1048 3153 1070 ,
3189 1006 3443 1061 Bonifacii
3472 1008 3704 1070 diaconi,
3737 1008 3889 1062 Servi

2308 1110 2363 1156 et
2390 1101 2590 1155 Rustici
2622 1100 3085 1164 subdiacouorum,
3117 1099 3306 1168 Rogati
3346 1110 3399 1153 et
3430 1100 3653 1168 Septimi
3701 1116 3890 1153 mona-

2308 1192 2555 1257 chorum,
2586 1198 2640 1244 et
2681 1189 2892 1243 Maximi
2939 1192 3084 1259 puari
3112 1206 3127 1245 :
3152 1190 3239 1259 qui
3285 1192 3654 1258 persecutione
3688 1190 3893 1244 Vanda-

2310 1280 2428 1346 lica,
2458 1281 2609 1350 jussu
2640 1280 2987 1335 crudelissimi
3028 1281 3166 1347 regis
3200 1279 3468 1344 ilunerici,
3500 1281 3566 1334 de
3616 1282 3889 1335 territorio

2309 1374 2591 1442 Caspensis
2620 1374 2852 1428 civitatis
2876 1412 2892 1437 ,
2921 1387 2985 1427 ex
3020 1372 3318 1426 habitacula
3347 1374 3652 1427 monasterii
3684 1374 3892 1425 abstra-

2310 1466 2401 1531 cti,
2445 1476 2603 1534 atque
2628 1466 2693 1516 ad
2726 1464 2909 1518 urbem
2951 1461 3320 1531 Carthaginem
3353 1472 3473 1515 sunt
3503 1462 3767 1531 producti,
3804 1462 3893 1515 ubi

2313 1573 2412 1627 pro
2432 1556 2767 1611 confessione
2798 1555 2916 1609 fidei
2942 1554 3195 1608 carcerali
3224 1552 3476 1607 custodire
3500 1553 3811 1623 mancipati,
3839 1563 3894 1608 et

2314 1648 2617 1703 crudelibus
2648 1646 2772 1702 ferri
2797 1644 3116 1715 ponderibus
3141 1646 3322 1698 arctati
3350 1663 3361 1697 :
3392 1646 3676 1699 novissime
3709 1655 3891 1715 tyran-

2318 1756 2416 1795 nus
2432 1741 2592 1810 jussit
2611 1754 2797 1794 navem
2823 1739 3086 1809 lignorum
3110 1738 3388 1806 manipulis
3406 1737 3707 1805 adimpleri,
3730 1750 3893 1807 atque

626 1836 747 1902 ruit,
780 1845 835 1890 ut
857 1845 908 1891 et
932 1832 1201 1889 daemones
1227 1833 1509 1901 expulisse,
1537 1841 1590 1887 et
1621 1832 1884 1903 ingentem
1913 1833 2199 1888 draconem
2234 1826 2281 1886 Β
2311 1832 2362 1888 in
2391 1845 2454 1887 ea
2486 1846 2672 1886 omnes
2713 1831 2905 1884 nariter
2939 1829 3182 1897 alligatos
3228 1829 3277 1881 in
3329 1828 3500 1883 medio
3546 1827 3716 1899 pelagi
3772 1828 3894 1898 igne

1873 1923 2099 1980 EDITIO
2141 1924 2639 1981 BOLLANDiANA.

704 2020 924 2075 Notatur
954 2017 1159 2073 rubrica
1192 2017 1246 2071 In
1270 2018 1330 2069 D.
1360 2017 1412 2070 in
1443 2018 1505 2071 A.
1542 2016 1603 2070 Τ.
1637 2016 1696 2069 L.
1726 2017 1782 2071 Β.
1807 2014 1865 2072 C.
1901 2018 2202 2083 Assumptio

632 2093 841 2147 dicitur.
874 2091 937 2145 ν.
965 2089 1051 2153 ϐ..
1076 2091 1139 2143 Et
1166 2089 1287 2141 alibi
1310 2088 1574 2159 'l‘rationis
1599 2084 1949 2159 [Strationis].
1979 2088 2202 2155 Philippi

619 2174 686 2217 et
716 2162 1000 2217 Anticiani.
1029 2165 1092 2214 A.
1117 2160 1182 2214 Τ.
1209 2160 1296 2219 l...
1331 2159 1384 2211 In
1413 2158 1719 2212 Nicomedia
1752 2158 1927 2211 natale
1950 2159 2046 2212 SS.
2085 2160 2204 2211 Plii-

633 2233 764 2300 lippi
794 2242 844 2287 el
878 2231 1133 2286 l'luticiani
1166 2226 1506 2300 [Euticiltln
1551 2228 1884 2300 Carthagine
1903 2230 2075 2300 natale
2107 2229 2205 2283 SS.

632 2298 778 2358 lsaac
800 2312 854 2357 et
880 2298 1202 2357 Maximiani.
1230 2300 1309 2365 8.,
1337 2300 1388 2352 In
1411 2298 1718 2353 Nicomedia
1748 2299 1922 2351 natale
1943 2298 2038 2354 SS.
2061 2300 2209 2354 Stra-

635 2375 793 2438 tonis,
822 2373 1045 2441 Philippi
1080 2380 1134 2425 et
1164 2371 1422 2425 Enliciani
1455 2386 1574 2423 cum
1605 2370 1761 2423 sociis
1788 2384 1994 2423 eorum.

706 2465 793 2520 16.
816 2464 1040 2518 -χνιι
1075 2463 1207 2517 Kac.
1235 2461 1401 2515 Vacat
1430 2461 1605 2515 Bmda.

706 2558 794 2624 D.,
824 2556 879 2609 In
905 2554 1080 2611 Nicma
1128 2555 1385 2625 Bithynize
1415 2553 1593 2625 natale
1623 2553 1678 2607 S.
1715 2558 1737 2585 ³
1770 2553 1971 2608 Ursacii
2003 2552 2214 2609 confes-

632 2623 797 2684 soris.
832 2627 893 2681 V.
917 2627 1003 2687 (3..
1028 2627 1211 2695 Natale
1238 2623 1567 2695 Simpliciani
1595 2635 1647 2678 et
1675 2625 1733 2679 S.
1757 2625 1971 2695 Thyrsi.
2005 2626 2215 2679 Orionis

632 2709 687 2755 et
720 2698 933 2753 Emelii.
975 2699 1039 2751 A.
1068 2696 1133 2749 Τ.
1169 2694 1230 2750 L.
1264 2695 1344 2759 Β..
1380 2696 1432 2748 In
1464 2693 1677 2766 Persida
1710 2693 1884 2766 natale
1911 2696 2063 2766 Tyrsi
2092 2712 2211 2750 cum

634 2770 795 2825 sociis
818 2768 947 2822 suis.
978 2767 1031 2820 Ιιι
1060 2766 1377 2820 Alexandria
1411 2765 1586 2831 passio
1608 2765 1703 2819 SS.
1730 2764 1939 2818 Orionis
1959 2764 2013 2818 et
2038 2766 2212 2831 Agna-

634 2841 713 2894 iii.
727 2841 781 2894 in
800 2837 980 2893 Galliis
997 2837 1205 2891 civitate
1220 2835 1368 2890 Mutis
1382 2834 1457 2905 [In
1475 2834 1658 2889 Galliis
1679 2834 1893 2890 civitate
1910 2836 2056 2889 Metis
2073 2834 2213 2890 deest

2312 2018 2365 2071 in
2395 2015 2478 2087 [3.]
2504 2016 2676 2070 natale
2705 2014 2762 2069 8.
2787 2013 2814 2052 ιι
2842 2015 3041 2087 Arnulfi
3067 2013 3298 2082 episcopi
3322 2013 3663 2087 confessoris.
3695 2015 3888 2069 Verum

2314 2088 2366 2140 in
2403 2085 2490 2147 Α..
2522 2087 2721 2141 omisso
2766 2086 2983 2147 Orione,
3019 2096 3218 2137 tantum
3273 2087 3459 2155 legitur
3490 2085 3601 2139 κει
3628 2088 3894 2150 depositio

2313 2158 2370 2212 S.
2408 2158 2633 2226 Agnatii.
2689 2156 2742 2210 ln
2792 2158 2849 2210 li.
2882 2159 3131 2210 scribitur
3181 2155 3393 2224 lgnatti,
3438 2165 3492 2210 et
3539 2157 3893 2227 interponitur

2318 2244 2509 2282 nomen
2549 2228 2754 2281 Emelii.

2393 2319 2478 2374 i7.
2503 2348 2570 2358 —
2596 2317 2711 2372 XVI
2754 2318 2887 2373 ΚΜ..
2918 2317 3131 2373 Octava:
3158 2317 3216 2373 S.
3245 2316 3533 2373 Laurentii.

2398 2413 2462 2468 ν.
2492 2412 2579 2478 C.,
2608 2412 2672 2467 Et
2698 2411 2753 2465 S.
2785 2412 3020 2465 Mametis
3052 2409 3133 2481 [(3.
3179 2409 3435 2481 Numetis]
3482 2412 3750 2465 monachi.
3804 2413 3891 2478 T.,

2325 2484 2508 2539 Passio
2536 2485 2595 2540 8.
2632 2496 2651 2522 ε
2685 2484 2999 2537 Mammetts.
3034 2482 3093 2535 Ι...
3130 2481 3213 2543 Β..
3251 2484 3303 2549 In
3335 2482 3575 2535 Caesarea
3609 2483 3891 2549 Cappado-

2321 2556 2416 2609 cia:
2449 2554 2837 2628 [Cappadociae
2884 2552 3024 2628 deest
3068 2552 3131 2628 in
3166 2553 3221 2628 B_.
3248 2548 3266 2621 j
3299 2553 3477 2628 natale
3503 2548 3893 2628 S._.\la_mm_etis

2323 2621 2579 2679 monachi
2598 2621 2651 2679 et
2679 2622 2947 2693 martyris.
2997 2621 3061 2674 A.
3099 2623 3156 2676 Β.
3189 2622 3277 2682 Τ..
3308 2622 3361 2693 ln
3392 2624 3708 2676 Calcedonia
3750 2624 3893 2692 Cap-

2320 2694 2786 2767 patluciepassio
2824 2692 2884 2747 S.
2916 2692 2943 2731 ά
2978 2693 3228 2747 Eufemia:
3272 2692 3507 2761 virginis.
3551 2694 3637 2767 Τ..
3690 2693 3894 2748 Eodem

2320 2763 2405 2820 die
2452 2766 2626 2834 passio
2660 2774 2683 2803 ⁸
2716 2776 2918 2833 septem
2960 2775 3281 2834 martyrum1
3319 2766 3407 2831 qui
3444 2763 3581 2831 passi
3628 2773 3753 2818 sunt
3792 2766 3892 2817 sub

2324 2832 2592 2893 llouorico
2638 2832 2791 2905 rege.
2834 2834 2929 2901 Β..
2963 2832 3020 2888 In
3064 2832 3199 2905 pago
3245 2832 3624 2895 Cenomauico,
3672 2836 3892 2890 Auisola

2034 2928 2241 2983 SMITH
2280 2927 2510 2984 NOTAE.

712 3038 736 3064 ³
767 3026 987 3084 Ursacii.
1019 3025 1199 3079 Potius
1232 3022 1452 3076 Arsacii.
1489 3022 1613 3075 Erat
1642 3020 1727 3076 hic
1764 3022 1975 3077 natione
2017 3023 2200 3090 Persa,
2233 3024 2281 3088 C
2316 3026 2414 3080 hoc
2455 3034 2536 3079 est
2581 3040 2721 3079 anno
2770 3023 2877 3080 6ιὸ
2919 3022 3181 3079 scribebat
3204 3063 3218 3086 ,
3252 3021 3399 3075 initio
3449 3022 3578 3076 Vitae
3612 3024 3892 3079 Arnulfum

637 3102 723 3168 qtti
754 3114 874 3153 cum
904 3097 1107 3149 alendis
1139 3094 1471 3168 imperatoris
1497 3094 1737 3168 leonibus
1761 3094 2074 3163 prmposittts
2104 3095 2206 3147 mi-

636 3162 834 3234 litaret,
862 3184 965 3223 non
1027 3166 1274 3236 ignobilis
1331 3165 1467 3218 inter
1519 3162 2209 3236 corlfessores’principatu

640 3241 823 3296 Licinii
855 3235 1076 3293 exstitit.
1113 3235 1357 3290 Praedixit
1388 3247 1541 3288 terrm
1574 3244 1795 3298 mulum,
1829 3251 1933 3303 quo
1963 3235 2209 3289 Nicome-

637 3313 721 3366 dia
753 3311 985 3375 collapsa
1012 3318 1091 3361 est
1116 3306 1338 3361 Datiano
1359 3316 1412 3360 et
1441 3305 1659 3359 Cereale
1688 3306 1993 3359 consulibus
2017 3322 2067 3361 ιιι
2090 3306 2211 3360 Kal.

632 3381 983 3449 Septembris,
1015 3388 1070 3431 ut
1100 3378 1278 3431 scribit
1307 3377 1616 3449 Ammianus
1646 3376 1985 3449 Marcellinus
2011 3388 2062 3429 et
2094 3377 2214 3449 Ida-

636 3446 739 3507 tius
772 3457 822 3505 in
858 3452 1058 3515 Fastis,
1091 3450 1177 3515 qui
1212 3448 1309 3501 fuit
1356 3462 1528 3499 anuus
1558 3448 1749 3500 Christi
1788 3447 1919 3501 553.
1961 3446 2217 3502 Arsacius

638 3536 815 3579 autem
846 3534 1126 3589 antequam
1156 3518 1334 3573 clades
1364 3516 1685 3581 accidisset,
1720 3518 1828 3571 Deo
1872 3520 2213 3584 supplicavit,

640 3603 694 3649 ut
725 3594 870 3661 prius
902 3603 1199 3644 moreretur
1222 3628 1239 3654 ,
1269 3602 1428 3661 quam
1459 3588 1624 3641 oculis
1654 3589 1765 3641 suis
1796 3598 2041 3642 cerneret
2072 3590 2216 3644 urbis

638 3658 865 3719 ruinam.
896 3662 1166 3715 Sozoum.
1187 3674 1256 3722 Iv,
1284 3658 1368 3713 16.

713 3734 737 3771 ι)
769 3732 997 3797 Arnul/i.
1046 3728 1145 3783 Hic
1188 3729 1285 3781 fuit
1314 3743 1378 3782 ex
1410 3727 1672 3781 nobilibus
1705 3735 1853 3781 ortus
1884 3730 2213 3796 parentibus.

640 3803 802 3859 Duxit
828 3815 1045 3855 uxorem
1072 3800 1283 3852 nomine
1308 3799 1528 3862 Dodam,
1549 3810 1601 3851 et
1622 3814 1687 3852 ex
1711 3799 1896 3851 eadem
1920 3798 2053 3853 duos
2080 3803 2219 3854 filios

642 3875 908 3942 su~cepit;
941 3883 989 3925 et
1020 3888 1140 3924 cum
1172 3870 1393 3923 diversis
1440 3873 1495 3942 in
1534 3870 1671 3942 regis
1704 3869 1896 3942 palatio
1928 3869 2219 3942 honoribus

642 3940 916 4009 floruerat,
947 3958 1067 3995 cum
1112 3942 1226 3993 viro
1276 3940 1489 4009 egregio
1539 3940 1822 3995 ltomarico
1851 3942 1927 3994 ire
1970 3940 2217 3995 Lerinum

640 4015 908 4079 cogitavit,
943 4014 1033 4066 sed
1083 4014 1357 4078 utriusque
1406 4010 1542 4064 votis
1583 4012 2020 4078 impedimentum
2050 4013 2220 4079 quod-

641 4087 762 4138 ilam
805 4086 855 4139 in
898 4087 995 4137 hac
1022 4097 1181 4136 causa
1226 4083 1414 4135 obfuit.
1465 4082 1589 4135 Post
1638 4082 1927 4150 Pappolum
1962 4083 2220 4138 Arnull'us

638 4156 823 4210 sedem
857 4156 1147 4209 Metenscm
1194 4169 1333 4205 anno
1364 4151 1468 4204 6M
1498 4154 1749 4205 obtinuit.
1808 4151 2093 4219 Postquam
2128 4169 2221 4220 per

638 4226 841 4292 aliquot
869 4240 1038 4278 annos
1063 4225 1349 4276 Ecclesiam
1377 4221 1575 4289 optime
1605 4223 1853 4285 rexisset,
1881 4225 1944 4275 ad
1979 4238 2217 4276 erenlum

641 4299 899 4360 secessit,
934 4308 1123 4358 nempe
1154 4294 1217 4345 ad
1251 4294 1757 4346 Montem-Sanetunt
1788 4293 1874 4344 ubi
1910 4294 2220 4347 Ιὶοιῐι.σιί(ξυε

638 4367 885 4435 degebat,
910 4379 1013 4431 quo
1045 4366 1094 4415 in
1127 4364 1240 4415 loco
1270 4364 1553 4435 emilobitae
1580 4372 1635 4416 et
1661 4362 1996 4435 anachoreta:
2026 4376 2219 4429 praeter

2320 3097 2609 3150 Metensem
2660 3098 2963 3164 episc0pum
3010 3095 3209 3164 laudat,
3242 3094 3461 3146 necdum
3508 3106 3749 3149 sanctum
3794 3113 3892 3161 ap-

2320 3170 2499 3236 pellat.
2553 3163 2784 3221 Vide'S.
2830 3164 3029 3221 Arnulfi
3085 3163 3253 3218 Vitam
3301 3165 3437 3231 apud
3480 3164 3601 3218 Sec.
3657 3182 3726 3231 ιι.
3774 3173 3891 3222 Act.

2320 3239 2448 3291 Ben.

2394 3318 2415 3345 ε
2453 3307 2761 3363 Mammm‘s.
2818 3308 2915 3376 Qui
2956 3306 3176 3375 patriam
3228 3305 3409 3361 habuit
3455 3306 3893 3375 Paphlagoniam,

2322 3388 2566 3448 parentes
2596 3379 2926 3433 Theodotum
2960 3387 3013 3432 et
3062 3377 3301 3429 Rufinam
3332 3394 3345 3441 ;
3376 3387 3427 3429 et
3456 3391 3607 3430 ornus
3634 3389 3735 3442 est,
3765 3380 3890 3431 dum

2321 3462 2566 3519 parentes
2590 3467 2681 3516 pro
2700 3452 2800 3503 fide
2824 3463 3090 3503 carcerem
3120 3450 3369 3501 tulerunt.
3398 3450 3449 3500 In
3474 3463 3690 3503 carcere
3712 3463 3889 3503 autem

2321 3518 2546 3575 mortuis
2580 3522 2882 3587 parentibus
2908 3561 2921 3582 ,
2952 3518 3141 3571 mulier
3186 3520 3427 3587 quzedatn
3456 3522 3593 3571 t-lara
3619 3534 3817 3587 genere
3840 3531 3894 3574 et

2320 3593 2507 3659 opibus
2542 3603 2596 3645 et
2625 3590 2852 3656 denique
2885 3592 3099 3658 pietate,
3130 3588 3341 3659 nomine
3373 3590 3601 3651 Ammia,
3634 3594 3890 3644 infantem

2320 3657 2555 3725 sustulit,
2579 3673 2629 3715 et
2658 3664 2754 3714 sibi
2778 3663 2967 3714 educat
2997 3659 3048 3713 in
3079 3660 3263 3713 illium.
3295 3657 3425 3712 Cum
3456 3661 3547 3712 fuit
3576 3675 3704 3728 ptter
3727 3661 3890 3729 quin-

2320 3732 2491 3786 decim
2524 3748 2805 3793 annoi'um.
2838 3731 3042 3785 sistitur
3066 3731 3129 3782 ad
3157 3730 3381 3783 tribunal
3411 3731 3693 3783 Democriti
3718 3737 3898 3785 Caesa-

2322 3817 2427 3856 rea:
2452 3802 2803 3869 Cappodocia:
2853 3801 3118 3870 ιιιίιξδιιιὶςς
3154 3800 3347 3853 deinde
3377 3816 3552 3854 coram
3583 3803 3695 3868 ipso
3725 3807 3898 3855 Aure-

2323 3872 2463 3926 liano
2495 3874 2653 3927 fidem
2707 3889 2809 3927 non
2860 3872 3027 3925 multo
3060 3882 3179 3937 post
3226 3871 3495 3940 professus
3543 3883 3656 3934 est;
3688 3882 3743 3923 et
3774 3883 3893 3939 post

2322 3943 2505 4011 ﬂagra,
2534 3953 2588 3998 et
2616 3945 2779 4011 ignes,
2807 3954 2859 3998 et
2890 3940 3283 4009 lapidationem,
3308 3941 3359 3993 in
3390 3943 3684 3995 inaremitti
3709 3943 3896 4010 jussus

2322 4022 2435 4079 est;
2482 4017 2572 4068 sed
2607 4016 2784 4067 statim
2832 4014 3047 4081 angelus
3073 4012 3143 4065 de
3171 4016 3308 4065 cmlo
3354 4016 3603 4077 veniens,
3634 4021 3891 4066 terrorem

2322 4086 2532 4151 quidem
2578 4085 2757 4138 intulit
2790 4084 2852 4138 iis
2874 4126 2887 4149 ,
2918 4085 3004 4152 qui
3031 4084 3201 4149 ipsum
3230 4082 3512 4146 ducebant,
3538 4093 3590 4135 et
3618 4098 3709 4136 eos
3739 4086 3897 4137 vortit

2324 4155 2376 4208 in
2411 4156 2622 4225 fugam;
2649 4155 2801 4223 jubet
2829 4165 3005 4225 autem
3030 4165 3313 4225 martyrem
3340 4156 3519 4206 venire
3548 4154 3596 4206 in
3631 4163 3891 4219 mortem,

2322 4229 2413 4293 qui
2443 4224 2524 4278 est
2552 4226 2809 4279 Cit-sarem
2845 4236 2901 4279 et
2930 4224 3037 4277 illic
3064 4224 3288 4292 degere;
3319 4240 3421 4291 quo
3450 4226 3499 4276 in
3534 4238 3710 4276 mvinte
3756 4225 3893 4277 fera-

2326 4312 2439 4348 rum
2464 4298 2598 4351 laCIe
2624 4298 2878 4363 pascitur.
2906 4296 3200 4349 Sistcbalur
3222 4296 3447 4363 denique
3463 4308 3639 4347 coram
3663 4297 3893 4347 Alexan-

2325 4366 2422 4419 dro
2468 4369 2713 4435 prmside,
2738 4380 2790 4420 et
2820 4368 2917 4420 sub
2946 4381 3011 4419 eo
3043 4364 3350 4434 martyrium
3393 4368 3611 4419 feliciter
3638 4379 3892 4419 censum-

642 4428 884 4506 virgines:
917 4428 1024 4487 Deli
1067 4447 1246 4506 sacras
1286 4433 1668 4506 consistebant.
1720 4428 2045 4506 Quo__dle_et
2074 4450 2213 4487 anno
2248 4428 2295 4487 D
2324 4428 2505 4493 mavii.
2534 4442 2750 4506 Sumus,
2784 4448 2911 4491 tom.
2948 4436 3034 4489 IV.

640 4502 835 4560 obierit
865 4505 924 4560 S.
957 4503 1230 4569 Arnulfus,
1254 4503 1539 4557 obscurum
1572 4504 1799 4558 videtur.
1833 4502 2071 4557 Natalem
2104 4506 2219 4573 ejus

639 4577 782 4630 diem
831 4576 1101 4645 assignant
1152 4588 1309 4640 supra
1364 4572 1517 4627 Baeda
1547 4583 1603 4628 et
1632 4575 1827 4645 Adoin
1861 4572 2144 4644 Martyrol.’
2167 4587 2220 4629 et

643 4647 917 4715 Martyrol.
950 4644 1248 4699 Romanum
1292 4660 1356 4698 xv
1386 4645 1504 4698 Kal.
1539 4644 1781 4715 Augusti.
1834 4645 2065 4698 Omnino
2092 4661 2219 4701 vero

642 4714 970 4786 praeferenda
995 4716 1485 4786 videtursententia
1512 4717 1705 4769 sinceri
1730 4714 1951 4770 Usuardi
1975 4725 2029 4769 et
2051 4715 2219 4771 Wan-

637 4785 885 4853 delberti,
917 4790 1007 4857 qui
1032 4785 1232 4841 Arnulli
1260 4787 1458 4857 obitum
1494 4800 1599 4838 xvtl
1629 4786 1744 4840 Kal.
1778 4788 2049 4852 Septemb.
2084 4803 2215 4840 con-

640 4861 869 4929 signant,
905 4856 1024 4912 cum
1060 4858 1278 4929 dieshxv
1322 4856 1600 4929 Kal.Aug.
1642 4858 1709 4910 sit
1748 4858 1864 4929 ejus
1894 4860 2013 4929 dies
2038 4865 2213 4929 trans.

639 4927 870 4984 laiiOnis.
900 4930 1136 4994 Scriptor
1172 4927 1300 4980 Vita:
1327 4929 1383 4981 S.
1411 4927 1618 4982 Goer-lci
1654 4945 1665 4979 :
1700 4946 1716 4977 t
1760 4928 1903 4980 Datis
1931 4928 2216 4982 oblationi-

703 5002 822 5061 bus,
847 5001 1031 5066 inquit,
1060 5014 1126 5051 xv
1152 4997 1269 5051 Kal.
1298 5000 1515 5069 Augusti
1549 5000 1688 5052 idem
1720 5014 1911 5069 corpus
1932 4999 1986 5052 S.
2010 5000 2211 5053 Arnulli

643 5088 662 5122 ι
700 5072 765 5124 ad
798 5072 1081 5125 ecclesiam
1113 5084 1233 5138 quae
1266 5068 1397 5122 tunc
1437 5070 1691 5137 temporis
1720 5068 1785 5121 ad
1815 5071 1909 5121 SS.
1943 5071 2216 5137 apostolos

641 5161 664 5192 ‹
700 5142 1014 5204 vocabatur,
1045 5141 1346 5207 deportant.
1380 5157 1398 5190 ι
1435 5138 1713 5191 Cnnsentit
1762 5140 1890 5191 Vita:
1916 5140 1972 5192 S.
2004 5140 2209 5193 Arnulfi

638 5224 844 5274 auctor,
874 5214 997 5263 dum
1042 5212 1165 5263 anni
1215 5213 1321 5264 fere
1363 5212 1470 5279 jam
1515 5221 1634 5261 acto
1684 5221 1922 5276 tempore
1968 5224 1995 5259 a
2038 5222 2212 5264 morte

636 5287 829 5336 factam
879 5284 951 5335 ait
994 5282 1412 5335 translationem.
1457 5279 1587 5333 Nam
1620 5280 1662 5331 si
1696 5280 1895 5332 Arnulfi
1944 5281 2118 5335 obitus
2157 5281 2209 5334 in

638 5369 709 5408 xv
733 5353 851 5408 Kal.
876 5354 1112 5422 Augusti,
1139 5354 1410 5405 translatio
1429 5366 1556 5404 vero
1580 5352 1627 5402 in
1654 5366 1763 5403 xvii
1790 5350 1904 5403 Kal.
1930 5350 2207 5415 Septemb.

643 5427 921 5487 inciderat,
956 5437 1061 5476 non
1117 5436 1258 5475 anno
1309 5424 1417 5476 fere
1468 5422 1816 5486 exacto,sed
1867 5424 2209 5490 praeterlapso

642 5497 775 5548 facta
808 5495 1081 5548 translatio
1107 5494 1396 5547 diceretur.
1434 5493 1505 5544 De
1535 5507 1675 5544 anno
1704 5492 1872 5561 major
1899 5492 2207 5554 dif'licultas.

644 5565 948 5632 Sigebcrtus
977 5580 1173 5617 annum
1216 5566 1320 5617 tiit)
1349 5567 1605 5631 assignat,
1633 5577 1789 5631 quem
1820 5562 1970 5632 sequi
2019 5565 2207 5616 statui-

645 5651 761 5687 turs
790 5635 913 5686 dum
957 5635 1151 5687 certior
1181 5651 1283 5688 non
1315 5636 1566 5687 orcurrit.
1617 5638 1678 5686 ht
1722 5644 1896 5686 tamen
1927 5635 2087 5685 Jonas
2116 5634 2206 5700 qui

644 5721 783 5759 anno
805 5703 959 5758 tertio
982 5717 1091 5774 post
1113 5704 1149 5759 S
1191 5704 1404 5758 Bettulll
1431 5706 1634 5758 abbatis
1660 5704 1933 5758 Bobiensis
1957 5712 2205 5773 mortem,

2395 4506 2420 4544 ἀ
2456 4507 2720 4579 Eufemiw.
2778 4509 2900 4562 llaec
2930 4506 3060 4559 inl'ra
3092 4505 3281 4579 colitur
3308 4506 3395 4560 die
3425 4522 3506 4560 xvt
3536 4505 3887 4571 Septembris.

2397 4588 2420 4614 ε
2453 4578 2676 4650 Septem.
2705 4579 3024 4645 Carthagine
3054 4579 3105 4629 in
3149 4578 3324 4650 Africa
3355 4586 3654 4650 sani-torum
3685 4587 3886 4647 marty-

2322 4665 2437 4703 rum
2471 4648 2703 4705 Liherati
2736 4651 2965 4711 abbatis,
2987 4648 3237 4701 Bonil'acii
3266 4648 3496 4713 diaconi,
3522 4650 3665 4702 Servi
3695 4658 3750 4702 et
3777 4650 3884 4702 Ru-

2319 4720 2440 4774 stici
2461 4724 2925 4783 subdiaconorum,
2955 4720 3137 4787 Rogati
3162 4730 3213 4772 et
3233 4720 3453 4783 Septimi
3480 4722 3880 4782 monachorum,

2317 4802 2373 4844 et
2403 4791 2611 4845 Maximi
2646 4793 2814 4858 pueri,
2848 4792 2936 4858 qui
2966 4791 3015 4842 in
3048 4791 3413 4851 persecutiOne
3444 4788 3769 4853 Wandalica,
3790 4806 3882 4854 pro

2318 4862 2654 4915 confessione
2685 4862 2971 4914 Catholica:
3000 4860 3137 4923 fidei,
3166 4872 3218 4913 et
3251 4862 3387 4913 unici
3422 4860 3749 4929 baptismatis
3787 4861 3881 4913 de-

2320 4934 2560 4987 fensione
2602 4934 2762 4985 variis
2806 4943 2860 4985 et
2890 4932 3135 4985 inauditis
3181 4930 3455 4999 suppliciis
3484 4932 3755 4999 exagitati,
3788 4931 3880 4983 de-

2317 5018 2459 5055 mum
2493 5018 2652 5071 super
2680 5005 2839 5071 ligna,
2882 5005 3071 5070 quibus
3101 5004 3474 5054 concremandi
3517 5009 3687 5059 erant.
3714 5002 3883 5055 clavis

2315 5074 2531 5139 confixi,
2563 5090 2682 5128 cum
2716 5076 2848 5142 ignis
2876 5077 3068 5139 saepius
3098 5071 3579 5134 accensus'fuisset,
3612 5086 3672 5123 ac
3696 5071 3882 5125 divini-

2317 5152 2400 5197 tus
2428 5160 2639 5213 semper
2681 5150 2995 5209 exstinctus,
3030 5143 3274 5197 lluncrici
3303 5144 3451 5209 jussu
3484 5157 3748 5196 remorunt
3787 5158 3879 5196 ve-

2314 5215 2489 5270 cubns
2539 5218 2815 5285 percussi,
2865 5224 2920 5269 et
2968 5214 3309 5267 comminutis
3354 5213 3589 5267 cerebris
3637 5217 3882 5279 caecati,

2314 5299 2528 5340 Cursum
2555 5287 2863 5340 certaminis
2889 5285 2968 5337 sui
2994 5286 3353 5354 perfecerunt.
3381 5286 3576 5337 Eorum
3605 5298 3689 5354 res
3707 5295 3882 5351 gestas

2314 5358 2529 5425 scripsit
2561 5356 2739 5409 Victor
2779 5352 3039 5410 Uticensis
3072 5357 3160 5409 lib.
3192 5370 3249 5407 ιιι
3284 5354 3352 5409 de
3384 5369 3527 5425 pers.
3563 5352 3807 5425 Wandal.
3830 5366 3885 5408 et

2315 5423 2496 5481 libello
2522 5426 2744 5481 seorsim
2777 5428 2946 5494 posito
2980 5428 3031 5480 in
3062 5426 3355 5494 appendice
3377 5424 3491 5492 ejus
3521 5424 3719 5491 Operis.
3750 5423 3882 5477 Cum

2315 5496 2385 5550 ibi
2416 5500 2554 5565 passi
2589 5502 2830 5565 legantur
2857 5508 3008 5551 sexto
3033 5497 3171 5550 Non.
3200 5496 3346 5559 Julii,
3382 5495 3478 5547 hac
3508 5504 3682 5547 tamen
3706 5494 3794 5548 die
3821 5500 3886 5547 de

2314 5568 2397 5620 his
2426 5570 2763 5637 Martyrologi
2799 5582 2987 5622 omnes
3024 5576 3209 5637 agunt,
3240 5569 3460 5620 fortasse
3489 5567 3558 5619 ob
3604 5565 3793 5619 factam
3825 5574 3886 5619 ea

2312 5638 2397 5693 die
2428 5642 2847 5695 translationem.
