4110 6448
278 335 417 389 suos

1391 332 1582 389 SECT.
1626 332 1688 387 ll.
1729 361 1799 374 σ-
1837 330 2395 387 MARTYRULOCIA.

3392 330 3533 386 10W

1529 447 1758 503 EDITIO
1794 443 2253 502 COLONIENSIS.

274 550 550 615 supposito
600 545 913 609 accremari,
946 544 1035 613 qui
1090 542 1182 597 Dei
1222 551 1353 597 nutu
1407 543 1701 595 exstinctus
1744 550 1846 595 est.
1880 557 1922 614 Α
1954 540 2161 594 Christo
2187 552 2369 607 passus
2397 546 2496 592 est.
2534 538 2627 591 llic
2666 540 2841 593 nervis
2868 538 3188 603 czedeliatur,
3221 549 3274 595 et
3304 540 3529 607 flagellis

274 640 424 694 Tunc
452 638 701 705 prtccepit
732 652 822 690 eos
853 651 1119 691 remorum
1148 633 1385 688 vectibus
1413 632 1463 685 in
1492 631 1705 686 modum
1748 646 1849 685 ca-

277 745 400 783 ttutn
434 728 665 783 cerebris
692 726 1033 781 comminutis
1064 725 1301 792 singulos
1327 722 1581 790 extingui.
1610 721 1847 789 Corpora

274 835 456 872 eorum
501 818 549 870 in
582 832 726 870 mare
748 817 940 884 jactata
971 827 1115 880 sunt,
1145 814 1238 869 sed
1269 815 1456 867 eadem
1495 813 1623 865 hora
1656 813 1845 866 littori-

275 913 373 965 bus
396 910 616 975 reddita,
650 924 679 962 a
702 909 1001 962 Christiano
1035 909 1228 976 populo
1256 908 1304 959 iu
1340 904 1664 959 monasterio
1689 905 1849 958 Cele—

276 1004 405 1057 rinas
430 1013 553 1056 sunt
596 1003 823 1055 condita.
870 1002 1018 1069 Apud
1050 1001 1344 1053 Czrsaream
1374 997 1720 1067 Cappadocia:
1755 1012 1849 1050 na-

277 1095 380 1148 tale
405 1092 571 1147 sancti
604 1091 898 1147 Mantmetis
940 1092 1206 1161 martyris,
1238 1091 1327 1160 qui
1356 1105 1540 1158 passus
1568 1096 1651 1144 est
1683 1090 1849 1156 impe-

276 1191 422 1236 rante
467 1181 748 1235 Aureliano
793 1181 891 1234 sub
938 1180 1240 1236 Alexandro
1285 1180 1533 1249 praeside.
1584 1180 1704 1248 Ipso
1760 1180 1847 1234 die

274 1282 456 1327 octava
486 1273 651 1327 sancti
681 1272 946 1326 Laurentii
976 1272 1226 1342 martyris
1252 1280 1302 1325 et
1332 1270 1677 1326 confessoris.

348 1366 409 1420 F.
438 1366 528 1419 XV
559 1365 795 1419 Kauzno.
826 1364 1092 1418 Serrana.
1129 1363 1278 1431 Apud
1308 1363 1688 1418 Praenestinam
1720 1361 1848 1416 civi-

276 1466 436 1509 tatem
468 1456 640 1509 natale
670 1456 836 1508 sancti
866 1453 1074 1522 Agapiti
1108 1453 1375 1522 martyris,
1403 1451 1491 1522 qui
1521 1452 1622 1506 sub
1655 1451 1846 1507 Antio-

272 1544 373 1599 cbo
412 1559 553 1613 rege,
581 1559 699 1599 cum
735 1552 875 1597 esset
916 1557 1049 1612 puer
1090 1557 1351 1597 annorum
1400 1540 1722 1611 quindecim,
1753 1556 1851 1610 pro

1952 627 2313 690 atrocissimis,
2344 637 2397 682 et
2418 627 2589 680 nudus
2629 642 2918 697 suspensus
2944 639 3046 695 est,
3075 629 3249 697 capite
3274 629 3524 683 deorsum

1952 734 2124 786 verso,
2156 728 2209 774 et
2231 727 2348 773 atro
2377 718 2560 772 subter
2587 717 2733 772 fumo
2765 718 2926 788 facto,
2956 729 3009 774 et
3041 731 3164 774 tunc
3194 735 3387 790 aquam
3417 722 3531 775 bul-

1955 810 2167 863 lientem
2195 810 2443 865 fuderunt
2466 824 2624 877 super
2651 819 2887 863 ventrem
2915 810 3047 879 ejus.
3072 810 3261 865 Postea
3285 812 3528 867 leonibus

1954 901 2240 970 projectus,
2271 899 2365 953 sed
2413 899 2541 953 nihil
2589 899 2655 953 ab
2702 900 2780 953 eis
2824 910 2908 955 est
2956 901 3134 969 lassus,
3166 902 3230 956 ad
3279 903 3525 957 ultimum

1957 990 2248 1045 decollatus
2294 1002 2396 1043 est.
2448 990 2653 1059 Corpus
2698 990 2814 1059 ejus
2862 999 3020 1045 nocte
3064 993 3327 1047 sublatum
3376 1003 3458 1049 est
3497 1011 3526 1049 a

1954 1081 2286 1146 Christianis,
2315 1091 2369 1134 et
2396 1081 2621 1150 positum
2654 1082 2703 1135 in
2730 1082 3055 1152 sarcophago
3088 1097 3244 1149 novo,
3278 1094 3405 1138 nutu
3436 1086 3529 1139 di-

1952 1177 2076 1231 vino
2102 1176 2169 1229 ibi
2214 1177 2445 1231 invento.
2494 1177 2675 1231 Romae
2707 1178 2979 1232 beatorum
3025 1178 3243 1233 Joannis
3274 1191 3327 1235 et
3355 1180 3525 1251 Crispi

1954 1270 2404 1339 presbyterorum,
2429 1272 2516 1340 qui
2548 1272 2707 1323 multa
2737 1286 2959 1339 corpora
2984 1281 3287 1327 sanctorum
3320 1275 3371 1328 in
3404 1266 3525 1342 [kr-

1951 1359 2221 1413 secutione
2263 1358 2648 1414 officiosissime
2695 1362 3018 1429 sepelierunt
3086 1372 3136 1416 et
3165 1363 3261 1427 ipsi
3296 1376 3527 1433 postmo-

1955 1448 2078 1503 dum
2108 1450 2159 1504 in
2194 1464 2319 1516 pace
2342 1446 2680 1518 quieverunt.

2029 1540 2093 1594 ϐ.
2130 1540 2236 1594 XIV
2271 1542 2504 1595 KALEND.
2536 1541 2798 1597 Sarrano.
2833 1543 3015 1598 Natale
3046 1547 3215 1600 sancti
3251 1545 3442 1616 Magni.
3472 1547 3531 1602 ln

1542 1632 1767 1687 EDITIO
1806 1632 2285 1687 BOLLANDlANA

274 1726 616 1789 monasterio,
648 1727 673 1754 ⁸
699 1725 997 1780 Translatio
1034 1725 1273 1793 corporis
1303 1733 1357 1779 et
1401 1724 1664 1779 dedicatio
1696 1724 1839 1780 basi-
1872 1730 1919 1788 B

272 1795 386 1849 lica:
417 1794 472 1850 8.
499 1796 764 1863 Carilcphi
797 1797 1001 1850 abbatis
1034 1806 1085 1849 et
1111 1797 1451 1850 confessoris.

344 1885 429 1940 18.
454 1916 524 1926 -
548 1886 640 1941 XV
670 1884 802 1942 ΚΑι..
837 1887 1021 1941 Natale
1052 1887 1109 1943 S.
1138 1886 1165 1923 ι’
1192 1890 1392 1955 Agapiti
1426 1885 1694 1952 martyris.

346 1976 498 2030 Addit
536 1976 596 2030 D.
629 1978 743 2031 Sub
774 1978 989 2032 Aurelio
1033 1978 1380 2043 imperatore,
1412 1976 1672 2030 Antiocho
1701 1990 1839 2043 prze-

271 2048 407 2101 eide.
462 2047 789 2113 Praesignaut
844 2047 904 2102 Β.
961 2048 1058 2110 Α.,
1121 2048 1173 2099 In
1226 2048 1547 2100 Praenestina
1599 2046 1834 2100 civitate.

271 2116 333 2170 C.
370 2116 453 2182 V.,
486 2121 507 2148 ε
539 2116 759 2171 Silantia
811 2115 903 2187 [Ο.
952 2116 1263 2187 Pbilantiae]
1308 2116 1541 2169 lleliante
1592 2116 1832 2187 virginis,

272 2188 548 2240 Marciana:
579 2186 825 2257 virginis.
854 2188 934 2247 Ι..⁹
969 2188 1030 2240 Ει
1060 2188 1110 2241 in
1152 2186 1478 2257 Pint-uestina
1502 2186 1713 2257 civitate
1743 2200 1835 2239 na-

274 2259 375 2311 tale
409 2258 616 2309 Eziacbi
651 2254 766 2309 cum
795 2259 953 2309 sociis
983 2258 1111 2310 suis.
1161 2258 1224 2310 Et
1252 2258 1427 2310 natale
1456 2254 1481 2292 ἀ
1513 2256 1725 2310 Helenae
1756 2271 1838 2308 rc-

270 2329 423 2391 ginte.
456 2329 543 2389 A.,
575 2326 637 2378 Ει
664 2327 717 2380 8.
756 2335 778 2363 ο
814 2328 1020 2381 Martini
1053 2342 1217 2395 papm.
1254 2330 1315 2381 A.
1359 2326 1421 2382 T.
1458 2328 1539 2393 B.,
1576 2328 1636 2379 Et
1664 2326 1839 2380 natale

270 2398 327 2449 S.
356 2397 597 2449 Candidi.
630 2397 714 2460 P.,
741 2396 796 2450 Iit
827 2398 1070 2450 Amantia
1120 2397 1332 2451 civitate
1363 2397 1534 2453 natale
1567 2396 1665 2453 SS.
1697 2396 1838 2450 Pon-

267 2469 403 2530 ttmi,
440 2466 736 2533 l’hilantize,
766 2466 993 2522 lleliante
1029 2468 1310 2536 virginum.

2021 1723 2317 1778 ιιι-χιι]
2342 1723 2473 1778 ΚΜ..
2509 1724 2693 1780 Natale
2724 1724 2780 1780 S.
2811 1725 2829 1765 ί
2859 1727 3026 1796 Magni
3061 1728 3147 1799 [Β.
3182 1730 3377 1798 Magni.
3406 1728 3534 1802 Ipso

1950 1816 2032 1869 die
2056 1815 2226 1868 natale
2266 1813 2322 1869 S.
2355 1814 2651 1886 Andreae],
2685 1832 2777 1871 seu
2808 1817 2866 1872 S.
2901 1828 2925 1865 ε
2962 1820 3189 1874 Antlrere
3219 1836 3337 1875 eum
3369 1825 3529 1877 sociis

1948 1906 2061 1961 suis
2090 1906 2298 1961 duobus
2327 1907 2562 1961 millibus
2597 1906 2687 1979 [Β.
2719 1908 2995 1979 militibus]
3025 1912 3326 1982 quingentis
3360 1930 3525 1969 nona~

1946 1995 2088 2065 ginta
2122 2004 2325 2063 septem
2358 1992 2452 2066 [V.
2486 1995 2770 2066 nonaginta
2799 1996 2965 2069 octo].

2022 2106 2304 2175 Praellgunt
2335 2109 2395 2161 A.
2426 2106 2489 2159 T.
2518 2106 2600 2173 L.,
2632 2106 2686 2160 ln
2712 2108 3028 2162 Alexandria
3060 2129 3069 2161 :
3095 2121 3173 2163 ast
3203 2116 3263 2165 A.
3291 2124 3340 2167 et
3364 2112 3424 2169 T.
3454 2115 3541 2170 sica

1945 2178 2272 2245 distinguunt
2299 2195 2310 2230 :
2345 2177 2399 2231 ln
2431 2176 2744 2249 Alexandria
2775 2180 2948 2233 natale
2972 2181 3026 2233 S.
3055 2181 3221 2249 Magni
3249 2195 3301 2237 et
3323 2184 3380 2237 S.
3407 2184 3513 2238 Au-

1946 2250 2090 2301 dreae
2121 2257 2432 2316 martyrum.
2478 2246 2675 2300 Eodem
2701 2248 2787 2302 die
2811 2252 2987 2302 natale
3016 2253 3069 2304 S.
3103 2246 3373 2307 1Hilariaoi
3403 2269 3524 2308 cum

1949 2319 2153 2371 duobus
2177 2318 2410 2389 millibus
2432 2317 3042 2389 quingentisnonaginta
3067 2332 3291 2389 septem.
3322 2325 3521 2380 Deinde

1950 2389 2149 2442 addunt
2174 2405 2185 2440 :
2212 2386 2395 2441 Roma:
2433 2389 2609 2442 natale
2639 2387 2697 2442 8.
2730 2388 2903 2459 Magni
2936 2386 3200 2462 martyris.

1645 2554 1847 2611 SMITH
1886 2552 2113 2609 NUTIE.

342 2651 367 2679 ⁸
404 2648 715 2704 Translatio.
761 2649 816 2704 8.
850 2649 1109 2715 Carileplti
1143 2650 1376 2717 reliquiae
1406 2660 1680 2718 grassante
1708 2649 1838 2704 Nor-

270 2733 582 2773 mannorum
624 2731 799 2787 strage
846 2718 898 2773 in
944 2729 1175 2773 eaStrum
1223 2721 1433 2785 Blesas,
1466 2720 1624 2788 vulgo
1675 2719 1835 2783 Blois,

267 2790 517 2843 dimcesis
562 2790 906 2843 Carnotensis
960 2792 1024 2843 ad
1068 2790 1295 2860 Ligerim
1351 2794 1510 2844 situm
1567 2790 1835 2844 translatae

267 2868 416 2924 sunt,
448 2868 892 2927 asservanturque
924 2860 1081 2915 hodie
1113 2861 1164 2913 iit
1206 2860 1439 2914 oratorio
1468 2860 1523 2913 S.
1558 2860 1833 2927 Carilephi

267 2928 409 2981 dicto
433 2929 566 2983 intra
598 2930 754 2983 castri
786 2930 1064 2995 ambitum,
1084 2938 1277 2997 praeter
1296 2931 1526 2997 sinciput
1547 2931 1686 2995 quod
1713 2946 1831 2985 cum

268 2998 474 3052 duabus
502 2999 763 3053 vertebris
795 2999 845 3053 in
877 3000 1040 3066 ipsius
1080 3001 1249 3053 sancti
1281 2998 1600 3054 monasterio
1639 3003 1833 3054 Aniso-

268 3067 403 3122 lensi
435 3069 681 3122 habetur.
714 3069 913 3124 Natalis
942 3070 999 3124 S.
1033 3069 1301 3137 Carilepbi
1338 3084 1497 3138 supra
1536 3070 1836 3125 celebratur

268 3138 519 3191 Kalendis
544 3138 689 3191 Julii.

318 3139 519 3193 alendis
544 3138 689 3191 Julii.

1944 2644 2321 2701 Constantinus
2373 2646 2588 2715 Magnus
2633 2649 2938 2703 contulerit.
3003 2648 3222 2706 Romam
3280 2654 3521 2712 delatum

1942 2725 2024 2771 est
2063 2716 2291 2769 cadaver
2323 2716 2536 2771 Helenae
2584 2719 2868 2785 Augustae,
2899 2727 2955 2771 ut
2987 2728 3210 2775 testatur
3260 2723 3520 2783 Eusebius

1943 2788 1994 2839 itt
2031 2786 2144 2858 Vita
2174 2785 2531 2858 Constantini,
2566 2802 2642 2849 Ill,
2672 2785 2772 2853 47,
2803 2797 2858 2841 ct
2888 2800 3003 2858 post
3053 2791 3321 2847 biennium
3372 2796 3517 2852 Con-

1942 2855 2349 2933 stantinopolin:
2389 2856 2764 2933 deportatum_,
2812 2855 3086 2933 ut‘_tradit
3145 2863 3519 2933 Nicephorus,

1946 2942 2055 2988 rm,
2089 2925 2177 2980 50.
2227 2929 2292 2978 At
2318 2926 2584 2989 Socrates,
2617 2941 2655 2987 ι,
2690 2929 2785 2989 l7,
2816 2929 2977 2983 verba
3014 2930 3222 2986 Eusebii
3258 2925 3517 2991 t‘rattscri;

1942 2996 2072 3052 hens
2097 3002 2185 3056 τήν
2207 2997 2589 3073 βασιλεύοιρᾳαν
2616 2998 2757 3073 πόλιν
2784 3013 2972 3073 novatn
3008 3001 3225 3055 Romam
3260 3004 3519 3073 interpr-3.

1947 3075 2088 3121 tatur
2116 3107 2130 3129 ,
2160 3082 2279 3138 cum
2330 3068 2587 3121 husebius
2638 3069 2796 3138 regiae
2845 3069 2989 3122 urbis
3036 3073 3247 3127 nomine
3294 3068 3518 3133 Romam

1943 3151 2154 3204 semper
2192 3137 2469 3208 designare
2511 3137 2717 3191 soleat.
2748 3138 2898 3192 Adde
2929 3140 3066 3208 quod
3102 3142 3333 3197 nondum
3364 3148 3515 3201 dedi-

336 3187 623 3286 B'Liﬁpai.’
633 3187 745 3273 Qui
767 3223 892 3286 cum.
905 3218 1045 3263 esset
1067 3224 1325 3286 annorum
1347 3207 1835 3286 quindecim,juss_u
1863 3187 1908 3249 (ἶ
1939 3187 2085 3260 catar
2102 3187 2790 3286 ξηιῖ’δῖιιιειιιιιιίιιόρᾶιίέξ
2802 3187 2894 3286 Ic'
2926 3187 3333 3286 6iii'iﬁdéﬁfdié'

273 3281 541 3333 Aureliani
591 3280 923 3347 imperatoris
954 3289 1125 3333 tentus
1152 3295 1213 3332 ac
1244 3281 1412 3346 primo
1449 3278 1627 3333 nervis
1655 3278 1832 3333 crudis

267 3350 356 3401 diu
387 3364 555 3403 ca-sus
576 3360 677 3415 est,
707 3357 763 3402 et
786 3364 877 3412 per
903 3360 1127 3417 quatuor
1156 3350 1272 3403 dies
1300 3348 1675 3402 incarceratus.
1706 3348 1834 3405 lnde

266 3435 387 3471 rum
418 3419 628 3488 praesidi
661 3418 923 3472 Antioclto
968 3419 1150 3472 fuisset
1179 3418 1481 3482 exhibitus,
1514 3434 1706 3486 prunas
1746 3434 1834 3472 ar-

264 3490 457 3542 dentes
485 3504 643 3553 super
670 3499 825 3556 caput
854 3488 969 3556 ejus
992 3490 1146 3556 jussit
1176 3489 1395 3556 imponi.
1436 3488 1539 3542 Sed
1571 3502 1689 3542 cum
1716 3504 1835 3558 gra-

268 3558 367 3610 tias
400 3558 713 3627 Deprageret
745 3568 943 3625 martyr
966 3600 982 3623 ,
1014 3559 1232 3627 ﬂagellis
1264 3570 1344 3613 est
1373 3572 1541 3612 caesus
1571 3567 1623 3611 et
1664 3560 1834 3613 nudus

266 3642 559 3696 suspensus
606 3630 777 3696 capite
825 3629 1071 3682 deorsum
1118 3645 1272 3683 verso
1297 3669 1311 3693 ,
1341 3628 1447 3681 acri
1478 3633 1658 3681 subter
1689 3627 1834 3682 fumo

268 3698 430 3753 facto.
459 3698 653 3752 Deinde
677 3703 865 3769 iterum
888 3698 1110 3769 ﬂagellis
1129 3700 1364 3763 caeditur,
1386 3709 1438 3752 et
1457 3699 1679 3752 bulliens
1698 3714 1831 3766 aqua

270 3782 431 3834 supra
456 3778 692 3823 ventrem
716 3768 831 3837 ejus
850 3768 1091 3823 fusaest.
1126 3770 1385 3823 Antiocho
1413 3779 1586 3822 autem
1615 3779 1833 3835 repente

270 3848 502 3903 tuor-tuo,
534 3854 653 3891 cum
684 3839 741 3892 S.
774 3840 1026 3907 Agapitus
1070 3856 1133 3892 ex
1184 3849 1446 3908 praecepto
1501 3837 1833 3906 imperatoris

271 3908 516 3961 leonibus
563 3908 881 3977 objiceretur
908 3921 959 3962 et
989 3910 1207 3964 minime
1257 3910 1414 3963 ltBStls
1460 3920 1625 3973 esset,
1657 3909 1832 3976 gladio

270 3977 632 4031 ministrorum
683 3980 1019 4032 coronandus
1066 3982 1371 4047 pereutitur.
1424 3979 1577 4045 Atio,
1612 3978 1828 4033 Noxker.

269 4076 339 4085 ——
368 4047 604 4101 Celebris
629 4058 705 4102 est
742 4049 907 4116 ipsius
938 4052 1189 4101 memoria
1225 4051 1497 4113 Praneste,
1534 4050 1618 4101 ubi
1667 4063 1832 4104 sacrte

267 4116 506 4187 ejusdem
537 4119 769 4187 reliquias
812 4130 1166 4173 asservantur.
1201 4119 1463 4173 Banomos
1494 4119 1542 4172 itt
1575 4122 1733 4173 notis.

343 4197 364 4225 ε
399 4185 729 4241 8ἱίαηιίιιί1ιι
782 4188 948 4242 Ponto
995 4191 1208 4243 Amecia
1241 4191 1472 4253 civitate,
1504 4192 1691 4244 natalis
1730 4187 1828 4245 SS.

268 4256 500 4321 Pontini,
535 4256 833 4320 Philantiae,
865 4268 968 4311 etc.
1005 4261 1227 4312 “IERIIN.
1260 4269 1414 4312 mart.

336 4322 364 4363 (³
391 4326 621 4397 Helenae.
641 4328 713 4382 De
728 4330 781 4383 S.
805 4328 1017 4382 Helena:
1035 4330 1247 4396 pietate,
1270 4329 1829 4397 magnitudineanimi,

265 4396 632 4469 beneﬁt-entia,
649 4408 711 4469 et
758 4406 1023 4469 quomodo
1073 4396 1404 4469 inAECCieSllS
1437 4401 1681 4469 religiose
1711 4396 1831 4457 veré

260 4472 474 4537 satarsit
503 4468 617 4534 lege
646 4466 837 4523 Ευευι).
889 4470 938 4522 in
977 4468 1087 4521 Vita
1117 4467 1469 4534 Constantini,
1502 4466 1583 4537 ni,
1615 4470 1704 4535 42,
1736 4471 1824 4534 4³5.

1940 3275 2251 3347 νοωτίᾉιιοιι
2284 3285 2513 3347 poterat,
2542 3291 2663 3330 cum
2696 3288 2817 3330 tunc
2851 3275 3102 3347 temporis
3130 3293 3273 3337 esset
3304 3275 3510 3341 tauttim

1938 3355 2090 3400 vetus
2121 3345 2448 3413 Byzantium.

1937 3485 1970 3540 δ
2004 3426 2035 3498 ὐ
2067 3414 2301 3469 Martini.
2343 3415 2416 3469 De
2448 3415 2673 3471 Martino
2705 3430 2834 3486 papa
2865 3417 2983 3472 vide
3012 3417 3146 3474 infra
3176 3437 3245 3475 xu
3276 3422 3506 3480 Novem“

1975 3502 2067 3540 ris.

1975 3502 2067 3540 HS.

2015 3555 2033 3594 τ
2073 3555 2265 3623 Magni.
2316 3555 2464 3611 llunc
2492 3557 2605 3611 Ado
2635 3566 2689 3611 et
2715 3556 2982 3613 Usuardus
3010 3568 3063 3612 et
3092 3560 3340 3619 [tabanus
3370 3567 3507 3621 male

1936 3642 2056 3681 cum
2086 3626 2145 3682 8.
2171 3626 2381 3701 Andrea
2408 3629 2769 3701 confundunt.
2792 3627 2848 3684 S.
2882 3629 3101 3701 Magnus
3130 3632 3379 3701 Anagnia
3413 3654 3503 3689 ne-

1934 3706 2085 3771 catus
2118 3699 2311 3771 _est_in
2355 3698 2720 3771 persecutione
2754 3699 2914 3751 Decii.
2967 3698 3040 3755 De
3067 3717 3171 3771 quo
3194 3746 3208 3769 ,
3241 3698 3297 3758 ut
3324 3707 3513 3760 scrib.t

1939 3768 2196 3822 Baronius
2228 3766 2281 3821 in
2327 3769 2487 3837 notis,
2520 3768 2709 3821 tabula:
2738 3778 2788 3822 et
2819 3780 2997 3823 vetera
3029 3766 3366 3828 monumenta
3402 3777 3505 3830 Ee-

1934 3839 2112 3891 clesite
2157 3838 2461 3917 Anagninis}.
2512 3843 2687 3917 Agunt
2716 3839 2802 3917 alii
2844 3839 2943 3917 hac
2969 3840 3056 3894 die
3085 3844 3150 3896 de
3180 3843 3286 3897 alio
3318 3847 3508 3917 Magno

1936 3918 2167 3978 martyre
2198 3910 2248 3961 in
2276 3907 2518 3978 Caesarea
2562 3908 2906 3978 Cappadocia
2952 3919 3193 3977 tempore
3236 3907 3500 3970 Aureliani

1939 3975 2272 4050 imperatoris
2286 3977 2399 4050 _sttb
2431 3975 2652 4050 ρωδίᾀὸ
2675 3976 2974 4050 Alexandro
3002 3975 3071 4034 de
3093 3998 3198 4050 quo
3231 3983 3418 4040 Petrus
3436 3988 3504 4041 de

1935 4047 2127 4121 ΝιιιυΙ.ἓ
2159 4063 2253 4121 vti,
2284 4045 2547 4121 '7_6._Fuit
2593 4048 2715 4102 item
2760 4048 2893 4121 alius
3034 4045 3249 4119 Magnus
3294 4056 3507 4121 episco—

1938 4133 2032 4185 pus
2063 4117 2353 4239 Ailltinensis
2381 4117 2446 4171 de
2486 4132 2591 4187 quo
2638 4118 2775 4187 apud
2821 4120 3066 4174 eumdem
3118 4117 3169 4175 in
3210 4117 3504 4193 appendico

1938 4202 2048 4239 ean.
2158 4228 2170 4239 .

1933 4202 2048 4242 ean.
2088 4189 2170 4240 l7.

1999 4203 2295 4334 iiAnldrew.
2329 4258 2667 4334 Tribnuisub
2693 4258 2951 4334 Antiocho
2978 4258 3030 4312 itt
3073 4264 3376 4332 regionibus
3403 4268 3503 4334 Sy-

1933 4327 2025 4402 ria:
2048 4345 2079 4402 ;.
2105 4328 2349 4402 quicum
2398 4329 2653 4402 divinitus
2694 4328 2915 4402 adeptus
2962 4342 3103 4385 esset
3136 4327 3408 4402 insignem
3440 4327 3507 4389 de

1936 4397 2118 4471 Persis
2167 4398 2656 4471 victoriamLmulti
2706 4413 2767 4453 ex
2814 4399 3072 4455 militibus
3120 4404 3237 4471 ejus
3257 4397 3506 4459 'victoriu:

1937 4468 2217 4535 participes
2254 4468 2409 4524 fidem
2456 4468 2806 4523 Christianam
2853 4468 3163 4537 amplexati'
3193 4485 3336 4529 sunt.
3395 4478 3505 4530 lloc

263 4535 355 4613 Η,
377 4536 466 4613 si),
498 4538 596 4613 46.
611 4538 889 4613 Quomodo
919 4540 1078 4592 etiam
1110 4553 1321 4613 crucem
1350 4535 1675 4613 lloktninidiu
1707 4558 1827 4613 per-
1855 4539 1907 4596 D
1935 4541 2144 4613 cognito
2169 4580 2185 4603 ,
2220 4540 2509 4593 Antiochus
2554 4540 2754 4613 iratus
2777 4540 2833 4594 8.
2864 4535 3129 4613 Andream
3179 4544 3229 4597 itt
3283 4546 3505 4613 ignitum

259 4606 507 4677 quisitam
561 4610 941 4677 Hierosolymis
986 4612 1204 4674 reperit,
1235 4610 1351 4660 vide
1402 4610 1632 4667 Socrat..
1667 4606 1825 4677 1,17,

260 4687 313 4726 et
343 4675 653 4753 Sozomen._,
689 4694 743 4740 ιι,
772 4675 821 4731 1.
855 4678 1019 4753 llujus
1042 4678 1554 4753 obitusannouﬁnﬁ,
1584 4675 1827 4753 contigit,

260 4746 400 4813 quod
442 4749 673 4800 ostendit
701 4746 1010 4801 consolatus
1041 4748 1203 4801 Flavii
1241 4748 1431 4802 Valerii
1471 4746 1825 4816 Constantini,

260 4817 594 4890 Constantini
619 4818 786 4885 Magni
814 4820 1011 4883 fratris,
1032 4832 1170 4890 anno
1196 4822 1436 4886 sequenti
1469 4830 1667 4890 gestus.
1696 4822 1828 4877 Cum

262 4887 404 4939 enim
431 4888 626 4940 Helena
661 4897 882 4952 nepotes
912 4904 1038 4942 suos
1064 4886 1397 4942 Constantini
1431 4886 1599 4958 Magni
1632 4891 1828 4949 liberos

260 4970 472 5029 summo
496 4972 677 5011 amore
701 4970 1132 5027 prosequeretur,
1159 4959 1353 5029 idkante
1377 4965 1551 5013 omnia
1578 4962 1824 5029 providit,

261 5028 447 5090 nequis
496 5042 561 5081 ex
615 5026 906 5082 Constantii
958 5029 1139 5082 liberis
1190 5026 1520 5084 Constantini
1580 5026 1829 5087 fratribus

260 5097 649 5171 imperiumeis
691 5099 1008 5165 subriperet.
1043 5100 1217 5165 Quare
1262 5099 1379 5171 illos
1406 5102 1548 5155 velut
1592 5104 1825 5171 exsules,

258 5170 432 5234 quoad
458 5166 612 5239 vixit,
643 5183 855 5234 semper
882 5170 1129 5231 detinuit,
1155 5185 1294 5223 nunc
1323 5170 1528 5225 Toloste
1556 5174 1605 5226 itt
1634 5166 1825 5239 Callia,

260 5245 321 5289 ιιι
365 5236 547 5310 scribit
594 5241 878 5304 Ausonius,
909 5256 1046 5292 nunt:
1092 5236 1825 5310 Corinthi,qttetn.tdtttotlutti

261 5308 434 5376 prodit
462 5307 697 5361 Julianus
728 5310 777 5362 itt
810 5310 1044 5378 Epistula
1071 5313 1135 5363 ad
1158 5307 1478 5375 Corinthios,
1503 5314 1654 5380 cujus
1683 5312 1824 5380 frag-

261 5388 495 5451 mentum
525 5388 704 5451 existat
731 5385 869 5448 apud
904 5380 1178 5451 Libanium
1213 5384 1263 5433 in
1309 5386 1547 5437 oratione
1579 5398 1671 5451 pro
1703 5386 1821 5437 Ari-

257 5448 519 5515 st0phane
565 5450 861 5512 Corinthio,
904 5450 988 5503 ubi
1036 5450 1284 5504 Libanius
1336 5448 1825 5521 testatur,llelen:e

256 5521 481 5571 conatlio
526 5530 580 5574 et
620 5521 987 5574 novercalibus
1032 5522 1168 5574 odiis
1212 5522 1576 5576 Constantium
1630 5524 1822 5579 Juliani

258 5600 463 5664 patrem
494 5590 592 5664 hac
634 5594 850 5664 etnillac
899 5593 1197 5664 traductum
1227 5589 1427 5664 fuisse.
1473 5594 1623 5664 Cum,
1648 5594 1824 5664 itaque

256 5660 638 5730 Constantinus
683 5660 1014 5714 Constantini
1066 5662 1239 5729 Magni
1288 5660 1471 5730 frater,
1500 5674 1557 5716 ut
1592 5660 1825 5719 Zonaras

261 5728 452 5795 prodit,
472 5746 614 5784 anno
635 5733 875 5799 sequenti
898 5732 1080 5785 consul
1104 5728 1442 5800 praeesserit,
1458 5728 1581 5787 non
1605 5736 1820 5788 dubium

258 5801 384 5867 quin
419 5809 534 5869 pest
564 5804 747 5855 matris
796 5812 1018 5858 mottcm
1051 5802 1189 5859 hunc
1232 5802 1282 5858 itt
1314 5802 1529 5860 fratrem
1563 5805 1819 5861 honorem

1938 4609 2128 4678 lectum
2181 4626 2376 4664 a-reum
2442 4610 2564 4678 poni
2627 4610 2820 4676 jussit,
2873 4611 3066 4665 deinde
3122 4614 3173 4667 in
3231 4609 3503 4671 carcerem

1933 4677 2182 4747 conjecit.
2233 4681 2390 4735 Jussu
2441 4677 2615 4732 autem
2668 4679 2971 4733 Maximiani
3030 4696 3061 4734 e
3108 4698 3327 4737 carcere
3382 4701 3504 4741 cum

1932 4752 2092 4821 sociis
2123 4752 2373 4803 liberatus
2398 4790 2411 4812 ,
2445 4752 2495 4801 in
2526 4748 2768 4821 Ciliciam
2802 4752 2866 4821 ad
2898 4749 3122 4805 Tarsum
3164 4768 3222 4807 se
3251 4758 3511 4821 contulit,

1933 4829 1986 4871 et
2014 4836 2040 4870 a
2068 4819 2222 4872 Petro
2246 4822 2495 4887 episeopo
2524 4819 2771 4872 'l‘arsensi
2803 4820 3060 4887 baptisma
3094 4824 3353 4890 suscepit.
3390 4819 3496 4880 ισύὲ

1931 4890 2079 4955 giens
2108 4902 2280 4943 autem
2308 4905 2339 4943 e
2384 4890 2547 4942 Tarso
2577 4903 2695 4940 cum
2726 4889 2995 4943 sodalibus
3027 4908 3119 4958 per
3160 4889 3325 4948 totum
3360 4898 3500 4949 ’l‘au-

1934 4975 2047 5034 rum
2078 4970 2307 5034 montem
2334 5000 2346 5034 _,
2374 4960 2544 5012 donec
2572 4958 2824 5034 ad_ist_ius_
2859 4962 3052 5034 montis
3078 4968 3348 5030 angustias
3383 4983 3500 5034 per-

1934 5030 2163 5107 veniret,
2191 5031 2410 5107 ulterius
2440 5027 2926 5107 progredidesistit
2955 5027 3272 5107 e‘xspeclans
3285 5027 3498 5107 Atna'rty-

1933 5100 2199 5172 rium,ttbi
2229 5115 2416 5172 omnes
2442 5116 2469 5172 a
2502 5098 2728 5172 Seleuci,
2754 5102 2841 5168 qui
2867 5098 3255 5169 przeficiebatnr
3272 5098 3493 5172 Ciliciae,

1932 5170 2186 5243 militibus
2210 5171 2455 5243 trucidati
2478 5179 2619 5243 sunt.
2645 5171 2859 5243 Sumus,
2879 5183 3005 5225 tom.
3034 5173 3120 5226 lV.
3147 5175 3429 5243 Perpet-am
3449 5196 3480 5230 e

1932 5241 2171 5309 Andreas
2188 5255 2236 5295 et
2257 5241 2475 5309 Magnus
2497 5240 2627 5292 infra
2649 5242 2893 5294 dicitumr
2920 5244 3060 5309 passi
3087 5246 3135 5297 in
3157 5240 3495 5306 Alexandria.

2002 5308 2030 5347 λι
2062 5310 2306 5363 Marium.
2340 5308 2564 5364 -chtnm
2615 5311 2731 5378 ejus
2771 5308 3119 5379 tlepUSttionis
3165 5322 3324 5369 etiam
3368 5318 3498 5372 infra

1931 5381 2231 5435 celebratur
2257 5381 2341 5434 dte
2370 5398 2398 5435 x
2422 5383 2769 5448 Septembris,
2804 5381 2956 5451 cujus
2982 5386 3140 5438 vitam
3168 5401 3232 5438 ex
3257 5392 3495 5442 vetusds-

1931 5454 2066 5504 simo
2090 5451 2355 5523 Dreriario
2371 5453 2533 5505 edidit
2554 5452 2806 5503 Lalibunts
2828 5463 2865 5505 ι.
2891 5456 2927 5505 ll
2947 5454 3080 5506 Bibl.
3102 5458 3277 5519 Novm,
3296 5475 3345 5522 μ.
3370 5458 3496 5523 54⁸3,

1932 5526 2017 5595 ubi
2050 5522 2245 5595 dicitur
2270 5526 2421 5585 annis
2446 5536 2537 5595 sex
2571 5525 2620 5573 in
2651 5524 2974 5575 monasterio
2998 5527 3292 5595 princiaco,
3317 5535 3414 5583 sub
3436 5546 3497 5585 δ.

1933 5592 2142 5667 Haterio
2154 5594 2284 5667 abba
2296 5606 2343 5646 te
2360 5593 2570 5667 vixisse,
2588 5600 2698 5645 ttnn
2712 5595 2993 5667 secessisse
3011 5597 3146 5662 apud
3165 5592 3497 5667 Spinolatu'n

1931 5664 2329 5739 vicum,ibique
2354 5662 2420 5717 si
2449 5663 2939 5739 anniseretniticatn
2964 5667 3121 5717 vitam
3154 5662 3495 5739 transegisse.

1931 5734 2207 5787 'l'etradius
2238 5731 2515 5807 episcopus
2562 5731 2905 5807 Dituricettsis
2952 5740 3040 5803 qui
3072 5731 3504 5807 ccclesiinicjus

1928 5806 2199 5859 dedicasse
2216 5804 2430 5872 dicitur,
2447 5803 2867 5871 interluitconcil
2891 5824 2922 5861 υ
2941 5808 3224 5876 Agathcnsi
3249 5830 3333 5865 au.
3363 5803 3466 5866 {illo
3485 5851 3503 5879 ,
