4110 6452
296 334 430 389 ιυιδ

1426 328 1617 385 ΞΙίΟΓ.
1662 328 1728 380 ll.
1771 353 1837 365 —-—
1882 318 2443 376 MARTYROLOGIA.

3416 310 3571 367 1014‘

1575 436 1799 492 EDITlO
1837 428 2299 490 COLONIENSIS.

295 538 375 596 Ad
416 551 574 607 quem
625 550 821 605 praeses
847 555 857 587 :
885 532 1032 590 Sicut
1062 532 1213 586 video
1236 569 1255 598 ,
1284 530 1471 600 inquit,
1503 529 1754 583 seductus
1783 542 1862 583 es.
1895 530 1943 587 Α
1972 540 2095 581 cum
2122 522 2281 577 sociis
2311 530 2517 573 eorum.
2566 514 2696 568 ltem
2738 513 2919 569 Romae
2962 512 3102 568 beati
3144 510 3396 565 Antonini
3424 524 3565 566 mar-

299 640 375 691 Ex
408 649 513 705 quo
544 645 742 699 praeses
769 629 1075 695 imperatori
1106 625 1392 681 Aureliano
1416 621 1756 687 renuntiavit,
1780 620 1870 690 qui

297 744 415 780 mox
453 726 625 794 perire
654 721 798 776 illum
824 720 1010 788 jubet;
1038 728 1092 773 et
1125 718 1193 771 ita
1228 725 1427 786 martyr
1459 714 1651 775 factus,
1678 712 1874 782 migra.

303 817 373 869 vit
401 814 467 869 ad
510 811 812 867 Dominum.
864 809 917 861 lu
950 806 1214 876 llispaniis
1258 805 1539 870 Vincentii,
1569 801 1783 858 Juliani.
1817 802 1872 856 In

302 905 545 963 Sardinia
574 915 876 957 sanctorum
907 899 1122 954 Luxurii
1148 909 1202 953 et
1227 897 1466 967 Trajani.

375 996 434 1051 Ο.
461 993 529 1048 XI
562 992 798 1046 KALEND.
830 990 1096 1044 Sarnus.
1137 986 1325 1043 Natale
1370 985 1541 1041 sancti
1585 982 1877 1048 Timothei,

305 1087 394 1155 qui
438 1085 505 1140 ab
551 1081 831 1139 Antiochia
881 1081 1097 1135 veniens
1145 1078 1367 1134 Romam
1394 1118 1411 1145 ,
1439 1076 1535 1131 sub
1587 1072 1879 1130 Melchiade

307 1194 441 1250 pa.-a
488 1186 762 1245 susceptus
808 1181 891 1229 est
938 1172 991 1227 in
1037 1172 1320 1239 llOSplllllm
1347 1185 1375 1224 a
1405 1169 1678 1241 Sylvestro
1721 1180 1879 1235 papa,

306 1273 395 1341 qui
421 1280 599 1339 postea
645 1269 925 1337 episcopus
954 1264 1125 1320 factus
1155 1273 1256 1318 est.
1290 1263 1388 1329 Qui
1418 1277 1539 1317 eum
1572 1274 1768 1314 annum
1798 1268 1884 1313 to-

311 1372 418 1415 tum
443 1368 498 1415 et
522 1359 719 1428 aliquot
742 1370 950 1412 menses
975 1355 1286 1424 praedicans,
1310 1354 1502 1406 multos
1523 1351 1587 1404 ad
1609 1349 1881 1405 Christum

307 1451 679 1518 convertisset,
712 1458 885 1504 tentus
926 1462 954 1501 a
1003 1443 1294 1515 Tarquinio
1336 1441 1482 1497 urbis
1528 1440 1801 1510 prmfecto,
1832 1451 1886 1495 et

309 1545 465 1612 longa
514 1539 745 1596 carceris
790 1538 1028 1593 custodia
1076 1544 1407 1597 maceratus,
1437 1546 1554 1587 cum
1589 1529 1889 1584 sacrificare

312 1634 470 1688 idolis
497 1631 775 1695 noluisset,
802 1628 958 1682 tertio
980 1640 1170 1688 caesus,
1190 1634 1242 1679 et
1262 1622 1585 1693 gravissimis
1617 1618 1889 1690 suppliciis

313 1731 622 1777 attrectatus
647 1762 662 1787 ,
694 1719 758 1775 ad
788 1719 1030 1773 ultimum
1076 1715 1393 1781 decollatus,
1420 1722 1473 1768 et
1499 1713 1646 1781 juxta
1678 1711 1887 1765 beatum

313 1814 530 1868 Paulum
556 1813 853 1882 apostolum
895 1811 1134 1880 sepultus
1158 1817 1260 1863 est.
1291 1804 1676 1878 Augustuduno
1715 1803 1889 1859 sancti

1981 619 2144 691 tyris;
2176 614 2266 687 qui
2292 628 2412 669 cum
2443 618 2586 665 esset
2608 608 2865 673 carnifex,
2896 605 3030 663 vidit
3057 612 3288 660 stantem
3312 604 3566 671 juvenem

1983 728 2103 767 cum
2134 708 2377 778 spongia,
2410 713 2461 758 et
2488 703 2846 770 detergcntem
2879 698 3042 753 latera
3085 705 3392 751 sanctorum
3420 711 3561 748 mar-

1986 810 2159 868 tyrum
2194 794 2429 856 Eusebii,
2462 791 2732 855 Pontiani,
2767 788 3039 858 Peregrini
3084 795 3243 855 atque
3274 785 3563 848 Vincentii,

1982 904 2103 944 cum
2162 885 2406 954 suspensi
2457 883 2509 937 in
2559 881 2787 951 equuleo
2835 879 3211 942 crederentur,
3264 876 3567 931 exclamare

1987 979 2145 1048 cmpit
2173 997 2185 1031 :
2212 977 2346 1032 Vere
2376 976 2514 1029 Deus
2541 982 2621 1027 est
2651 971 2930 1034 Christus,
2964 983 3118 1039 quem
3150 967 3203 1021 lii
3248 964 3569 1036 praidicant;

1987 1083 2045 1127 et
2071 1071 2277 1140 fugiens
2307 1066 2521 1122 occulte
2535 1081 2563 1118 a
2583 1064 2773 1118 Rufino
2804 1061 3115 1133 presbytero
3132 1060 3428 1128 baptizatus
3449 1066 3534 1113 est
3552 1077 3566 1123 ;

1988 1170 2043 1217 et
2073 1175 2318 1217 reversus
2346 1159 2411 1213 ad
2446 1157 2716 1212 Vitellium
2761 1169 2880 1208 cum
2921 1167 2979 1208 se
3017 1150 3374 1209 Christianum
3408 1149 3572 1205 libere

1993 1256 2264 1319 fateretur,
2310 1249 2522 1320 capitali
2570 1248 2830 1304 sententia
2880 1245 3186 1308 damnatus,
3219 1244 3301 1297 via
3354 1242 3573 1297 Aurelia

1994 1343 2233 1412 sepultus
2261 1351 2363 1397 est.
2392 1339 2591 1394 Eodem
2619 1338 2706 1393 die
2736 1346 2920 1392 octava
2953 1334 3345 1405 Assumptionis
3372 1341 3575 1387 sanctae

1996 1435 2195 1489 Mariae.

2067 1525 2127 1576 D.
2160 1523 2206 1578 x
2235 1522 2481 1577 KALEND.
2513 1518 2785 1576 SEPTEMB.
2816 1517 3002 1573 Natale
3044 1524 3350 1572 sanctorum
3381 1522 3578 1584 marty-

1993 1630 2112 1671 rum
2165 1615 2386 1681 Donati,
2434 1609 2717 1676 Restituti,
2751 1607 3049 1673 Valeriani,
3081 1606 3413 1671 Fructuose,
3455 1619 3579 1660 cum

1994 1705 2114 1759 aliis
2159 1703 2443 1758 duodecim
2491 1700 2544 1755 in
2591 1698 2878 1755 Antiochia
2918 1697 3211 1755 coronatis.
3263 1696 3463 1750 Eodem
3494 1695 3581 1749 die

1996 1794 2135 1849 beati
2162 1793 2369 1848 Zachmi
2413 1791 2667 1861 episcopi,
2699 1788 2787 1857 qui
2818 1796 3039 1857 quartus
3070 1802 3101 1842 a
3128 1786 3328 1842 Iacobo
3358 1784 3579 1840 ieroso-

314 1879 689 1974 Simpboriani,
721 1904 808 1972 qui
840 1911 1078 1972 tempore
1105 1900 1374 1956 Aureliani
1421 1897 1757 1969 imperatoris
1787 1897 1887 1951 sub
1920 1898 1965 1957 Β
1992 1886 2271 1974 Ιγηιοῐιιηιν
2294 1884 2430 1974 rexit
2474 1881 2803 1974 Ecclesiam:
2843 1879 3081 1974 Lugduni
3108 1885 3411 1974 sanctorum
3444 1889 3582 1974 mar-

316 1998 559 2054 Heraclio
612 1996 920 2061 consulari,
953 2010 1073 2049 cum
1118 1993 1274 2048 idolis
1329 1992 1629 2047 sacrificare
1686 1989 1887 2053 nollet,

315 2091 486 2159 primo
530 2089 835 2144 verberibus
876 2086 1154 2149 afﬂictum,
1207 2082 1397 2137 deinde
1437 2079 1639 2136 carceri
1691 2076 1891 2133 manci-

313 2188 518 2249 patum,
543 2180 606 2232 ad
634 2177 876 2232 ultimum
917 2175 1156 2230 abscisso
1194 2172 1370 2240 capite
1406 2170 1662 2240 martyrio
1693 2167 1890 2223 ell‘ecit.

315 2270 374 2323 lu
407 2280 561 2339 portu
610 2268 870 2331 Romano,
899 2274 1200 2320 sanctorum
1232 2262 1636 2334 peregrinorum
1682 2266 1895 2327 marty-

318 2378 458 2427 rum,
490 2360 760 2428 Martialis,
790 2357 1034 2429 Epicteti,
1060 2353 1354 2422 Saturnini,
1380 2352 1577 2424 Aprilis
1599 2361 1653 2407 et
1678 2347 1893 2412 Felicis,

1998 1987 2169 2048 tyrum
2210 1972 2433 2030 Minervi
2478 1980 2534 2027 et
2566 1968 2807 2025 Eleazari
2836 1984 2955 2023 cum
2990 1968 3111 2021 filiis
3156 1978 3299 2020 octo.
3332 1964 3388 2019 In
3420 1973 3576 2033 portu

1998 2068 2144 2123 urbis
2171 2066 2355 2121 Romte
2383 2070 2686 2118 sanctorum
2716 2059 3005 2129 Hippolyti,
3029 2056 3259 2123 Quiriaci
3283 2064 3335 2112 et
3365 2053 3577 2109 Archil-

1997 2160 2084 2215 lai.
2117 2158 2299 2214 Remis
2327 2156 2563 2222 civitate,
2597 2160 2905 2208 sanctorum
2932 2150 3198 2205 Timothei
3229 2158 3286 2204 et
3313 2147 3582 2214 Apollina-

1996 2250 2091 2315 ris,
2123 2248 2215 2319 qui
2243 2245 2435 2301 ibidem
2465 2242 2792 2315 martyrizati
2824 2248 2966 2295 sunt.
2994 2240 3047 2294 In
3080 2237 3397 2293 Alexandria
3434 2234 3577 2291 beati

2002 2343 2233 2397 'l‘heonae
2261 2336 2602 2395 venerabilis.
2634 2334 2819 2390 Passio
2847 2333 3003 2388 trium
3038 2330 3255 2386 fratrum
3288 2329 3337 2384 in
3362 2329 3578 2384 civitate

1591 2463 1815 2521 EDITIO
1852 2456 2345 2516 BOLLANDIANA.

322 2573 509 2629 leriani
565 2580 619 2626 et
644 2568 851 2626 Galieni
882 2568 1230 2637 temporibus,
1285 2579 1407 2620 cum
1446 2573 1588 2619 esset
1616 2562 1896 2631 episcOpus

317 2662 713 2727 llinatensium,
737 2661 807 2716 ob
828 2670 1026 2716 sanctae
1055 2659 1178 2715 ﬁdei
1207 2658 1618 2718 confessionem,
1646 2670 1675 2709 a
1700 2654 1893 2710 barba-

316 2759 391 2811 ris
411 2754 584 2823 ﬂagris
608 2762 662 2807 et
691 2751 986 2807 ustionibus
1014 2749 1240 2806 afflictus
1268 2760 1473 2818 tempus
1497 2746 1817 2801 terminavit.

391 2847 446 2898 Β.
478 2845 537 2900 C.
567 2842 633 2897 V.
686 2843 772 2904 L.,
809 2842 862 2894 ln
896 2840 1143 2903 Hispania
1175 2839 1295 2895 Julii
1337 2848 1387 2891 et
1436 2837 1650 2892 Juliani.
1702 2834 1761 2889 C.
1800 2835 1885 2898 V.,

316 2913 605 2975 Vincentii,
641 2912 854 2980 Augurii
896 2922 945 2964 et
979 2910 1273 2965 Fructuosi.
1315 2909 1396 2980 8.,
1425 2907 1483 2980 rln
1513 2906 1891 2980 Sartlinia_lta-

320 2986 423 3037 tale
450 2984 548 3037 SS.
583 2991 606 3019 ⁸
642 2976 885 3043 lntiurii,
915 2980 1151 3047 Trajani,
1185 2978 1433 3044 Quadrati
1464 2977 1718 3044 episcopi.
1751 2976 1893 3045 Syn-

314 3054 539 3120 ilufagire
569 3052 743 3106 natale
772 3051 868 3105 SS.
897 3046 1111 3120 Art«{sii,
1144 3049 1431 3120 Diomedis,
1462 3046 1655 3120 Zetici.
1681 3048 1751 3120 Et
1770 3046 1894 3101 alibi

317 3117 508 3177 Privati
531 3121 799 3191 martyris.
832 3120 872 3172 D
903 3119 989 3186 ,ln
1013 3117 1894 3191 Territorio_civitatisGavalitana:

315 3195 508 3248 Privati
535 3187 767 3258 episcopi
812 3199 865 3241 ct
887 3189 1165 3258 martyris.
1196 3191 1261 3258 A.
1296 3188 1390 3258 T.,
1420 3188 1485 3258 In
1509 3187 1772 3255 Hispaniis
1802 3204 1893 3242 na-

312 3266 419 3318 tale
446 3263 504 3318 S.
539 3255 823 3315 Vincet—itii.
858 3255 1058 3312 Eodem
1086 3258 1171 3311 die
1202 3257 1417 3313 Juliaui.
1445 3255 1533 3324 T.,
1561 3257 1766 3312 Colodi.

380 3357 469 3413 22.
492 3354 651 3410 -Xl
683 3353 816 3408 KAL.
849 3354 1029 3408 Natale
1059 3352 1117 3407 S.
1150 3351 1176 3390 ιι
1210 3351 1499 3415 Timothei,
1548 3351 1637 3421 qui
1688 3350 1755 3405 ab
1786 3352 1893 3404 An-

312 3448 507 3503 tiochia
530 3446 746 3500 veniens
770 3445 1015 3509 Romam,
1045 3444 1144 3497 sub
1172 3444 1403 3498 Miltiade
1432 3458 1585 3512 papa,
1612 3452 1890 3511 susceptus

312 3547 399 3591 est
419 3537 470 3591 in
497 3534 783 3602 hospitium
813 3548 841 3587 a
870 3533 924 3589 S.
960 3533 1255 3603 Sylvcstro,
1286 3533 1371 3601 qui
1408 3541 1586 3602 postea
1612 3533 1892 3602 episcopus

314 3630 488 3684 factus
524 3635 625 3682 est.
658 3626 943 3698 (Hactenus
971 3625 1059 3695 A.)
1093 3625 1191 3694 Qui
1242 3640 1360 3679 cum
1417 3634 1582 3679 totum
1612 3641 1808 3680 annum
1840 3634 1894 3681 et

312 3721 516 3787 aliquot
568 3732 779 3773 menses
826 3717 897 3772 ibi
942 3717 1240 3786 praedicans
1271 3716 1464 3771 multos
1502 3717 1568 3771 ad
1618 3717 1886 3772 Christum

312 3812 690 3874 convertisset,
749 3817 924 3863 tentus
979 3823 1006 3860 a
1051 3807 1338 3878 Tarquinio
1365 3808 1509 3864 urbis
1540 3808 1806 3877 praefecto,
1838 3818 1892 3863 et

316 3904 474 3970 longa
525 3904 757 3958 carceris
810 3901 1046 3955 custodia
1080 3908 1397 3965 maceratus,
1431 3915 1549 3954 cum
1592 3899 1895 3956 sacriﬁcare

316 3992 477 4048 idolis
504 3994 779 4059 noluisset,
812 3992 965 4048 tertio
992 4006 1162 4047 crcsus
1186 4000 1240 4046 ct
1263 3991 1593 4061 gravissimis
1621 3992 1895 4061 suppliciis

2002 2560 2333 2615 attrectatus,
2364 2549 2428 2603 ad
2456 2547 2701 2603 ultimum
2734 2548 3023 2603 decollatus
3062 2555 3160 2612 est,
3194 2555 3248 2601 et
3270 2545 3419 2616 juxta
3450 2546 3579 2603 bea-

2004 2656 2113 2700 tum
2140 2644 2441 2714 apostolum
2488 2643 2706 2698 Paulum
2751 2642 3009 2712 sepultus.
3037 2641 3303 2711 Scriptum
3333 2642 3384 2695 in
3410 2640 3575 2696 histo-

2000 2738 2076 2790 ria
2109 2735 2165 2790 S.
2196 2732 2474 2803 Sylvestri.
2525 2732 2725 2787 Eodem
2767 2731 2851 2786 die
2878 2732 3050 2787 natale
3092 2731 3150 2787 S.
3202 2730 3577 2802 Symphoriani

1998 2825 2268 2894 martyris.

2074 2915 2259 2970 Florus
2282 2915 2335 2969 in
2366 2915 2429 2968 A.
2461 2914 2525 2967 T.
2557 2912 2642 2979 L.,
2676 2922 2966 2979 prtetmtato
2994 2910 3374 2981 Augustoduno
3395 2911 3572 2967 addit:

1999 3007 2098 3072 Qui
2130 3015 2369 3076 tempore
2400 3004 2670 3060 Aureliani
2694 3003 3028 3074 imperatoris
3051 3004 3116 3058 ab
3145 3004 3351 3060 Eraclio
3380 3019 3577 3059 consu-

2000 3098 2093 3151 lari
2118 3097 2556 3167 comprehensus,
2578 3095 2699 3164 quia
2723 3106 2948 3150 statuam
2980 3094 3329 3151 Berecinthia:
3350 3095 3574 3151 adorare

2000 3189 2171 3244 noluit
2199 3203 2370 3244 crcsus
2416 3197 2470 3243 et
2514 3187 2716 3242 carceri
2774 3194 2855 3241 est
2900 3189 3251 3254 mancipatus,
3280 3187 3578 3256 ductusque

1918 3281 1963 3340 C
1998 3291 2146 3336 extra
2176 3294 2383 3333 murum
2409 3293 2437 3331 a
2462 3285 2801 3347 persecutore
2823 3288 2900 3331 est
2928 3284 3243 3345 prostratus.

2070 3373 2156 3437 V.,
2188 3372 2254 3425 Et
2301 3370 2358 3426 S.
2392 3380 2413 3408 ε
2448 3368 2640 3439 Ypoliti
2671 3368 2722 3422 in
2750 3377 2932 3439 portu.
2982 3370 3047 3423 Et
3087 3369 3212 3439 alibi
3244 3368 3499 3423 Martialis
3525 3377 3582 3423 ct

1998 3436 2185 3497 Aurea:
2215 3444 2266 3496 in
2298 3436 2513 3495 civitate
2551 3439 2717 3494 Ostia.
2748 3437 2831 3502 L.,
2860 3438 2977 3505 Ipso
2998 3439 3085 3493 die
3106 3438 3161 3493 S.
3191 3436 3215 3475 ἀ
3242 3439 3406 3493 Mauri
3440 3454 3581 3493 mar-

1996 3514 2128 3581 tyris
2154 3527 2271 3565 cum
2304 3511 2464 3565 sociis
2493 3511 2625 3581 suis.
2659 3509 2742 3573 D.,
2778 3510 2831 3563 In
2861 3509 3149 3581 Antiochia
3164 3510 3338 3581 natale
3362 3509 3575 3581 Marini.

1996 3578 2051 3637 lii
2081 3583 2250 3636 Gallia
2272 3582 2484 3636 civitate
2510 3580 2890 3648 Augustoduno
2930 3580 3106 3634 natale
3136 3579 3235 3635 SS.
3262 3578 3493 3634 Medardi
3523 3590 3578 3634 et

1998 3653 2241 3708 Emiliani
2261 3666 2382 3706 cum
2416 3651 2537 3704 filiis
2559 3652 2669 3705 suis
2696 3658 2817 3704 octo

2064 3742 2153 3797 23.
2178 3772 2241 3782 -
2262 3743 2308 3797 Χ
2338 3741 2470 3796 Kac.
2498 3740 2666 3795 Vacat
2695 3739 2871 3794 Baeda.

2070 3832 2257 3887 Florus
2288 3835 2340 3886 in
2372 3836 2439 3887 A.
2465 3831 2526 3886 Τ.
2573 3831 2657 3893 L.,
2704 3831 2759 3885 ln
2792 3830 3030 3901 Aquileia
3061 3830 3233 3884 natale
3260 3830 3354 3885 SS.
3390 3828 3580 3885 Fortu-

2000 3925 2109 3978 nati
2135 3935 2189 3979 et
2222 3923 2536 3991 Ermogenis
2565 3933 2620 3978 et
2652 3923 2930 3977 Martialis.
2974 3922 3040 3975 Et
3065 3920 3115 3973 iu
3147 3922 3359 3985 civitate
3411 3922 3581 3993 Egeas

2002 4017 2178 4083 passio
2210 4014 2306 4070 SS.
2344 4024 2367 4052 ο
2399 4012 2627 4080 Claudii,
2669 4014 2888 4079 Asterii,
2912 4013 3139 4068 Neonis:
3183 4016 3269 4083 qui
3301 4014 3400 4068 sub
3424 4012 3577 4083 Lysia

1739 4104 1940 4159 SMITlI
1984 4104 2207 4160 NOTE.

397 4208 421 4234 ι
457 4194 691 4249 Lua-urii.
723 4193 818 4260 Qui
849 4209 968 4247 cum
1008 4192 1202 4247 Cisello
1233 4202 1281 4247 et
1312 4191 1596 4247 Camerino
1629 4195 1678 4246 in
1716 4209 1891 4262 persc-

320 4268 534 4325 cutione
565 4264 872 4318 Diocletiani
900 4263 999 4316 sub
1025 4262 1252 4331 Delpliio
1298 4263 1521 4329 prteside
1565 4263 1741 4331 gladio
1767 4266 1889 4319 caesi

321 4347 464 4393 sunt.
485 4335 736 4388 Baronius
753 4335 803 4385 in
827 4333 977 4387 Mart.
998 4334 1335 4397 —-Trajanus
1348 4333 1506 4385 etiam
1521 4347 1640 4385 cum
1662 4333 1893 4388 Luxurio

325 4421 513 4475 passus
542 4415 643 4470 est,
676 4406 717 4475 si
752 4403 1204 4475 nostroAauctori,
1252 4400 1482 4475 Notkero
1529 4412 1582 4456 et
1624 4403 1891 4473 lllartyrol.
1932 4415 1980 4474 ι)

332 4472 548 4531 llieron.
580 4474 806 4529 credas:
851 4483 903 4526 et
933 4472 1232 4539 Quadratus
1256 4472 1401 4539 juxta
1436 4480 1671 4524 nostrum
1704 4472 1898 4529 etllie-

327 4560 628 4615 ronymum.
663 4544 913 4615 Daronius
943 4545 992 4615 in
1026 4544 1163 4596 notis
1191 4542 1376 4615 scuribit
1400 4542 1675 4615 hunesiuc
1695 4545 1899 4608 episco-

331 4612 482 4684 patus
509 4615 607 4668 loci
641 4613 808 4684 titulo,
829 4622 931 4684 tam
958 4612 1009 4666 in
1038 4614 1200 4665 veteri
1236 4612 1475 4684 Romano
1505 4612 1898 4682 Martyrulogio,

326 4682 483 4750 quam
517 4686 565 4737 in
599 4695 703 4737 vel.
733 4683 856 4737 Mss.
890 4682 1145 4737 hactenus
1203 4682 1427 4750 positum
1483 4683 1701 4749 reperiri
1734 4699 1747 4745 ;
1804 4700 1903 4738 nec

330 4759 555 4823 aliquem
603 4753 816 4815 docere,
861 4753 1068 4806 cuinam
1117 4751 1372 4804 Ecclesia:
1396 4753 1551 4805 fuerit
1595 4753 1895 4820 pra-fectus.

332 4827 517 4881 Petrus
542 4825 609 4876 de
638 4824 808 4876 Natal.
857 4825 994 4876 hunc
1032 4823 1276 4876 eumdem
1306 4830 1509 4889 censet,
1537 4837 1657 4876 cum
1708 4838 1773 4877 eo
1814 4825 1902 4893 qui

325 4896 519 4951 colitur
544 4893 614 4945 25
638 4893 775 4946 Maii.

405 4964 430 5003 ι»
459 4963 724 5016 Timothei.
779 4963 872 5016 llic
929 4976 1111 5023 passus
1136 4971 1215 5016 est
1259 4976 1356 5016 nec
1406 4973 1523 5025 post
1552 4978 1744 5015 annum
1775 4963 1899 5028 512,

330 5050 429 5090 nec
470 5046 591 5085 ante
640 5048 835 5086 annum
886 5032 1011 5086 '5l0.
1045 5033 1173 5086 Nam
1213 5037 1336 5085 ante
1375 5046 1569 5085 annum
1611 5031 1735 5097 510,
1778 5033 1904 5087 Mel-

336 5104 550 5158 cliiades
582 5102 763 5156 Romae
806 5103 1162 5169 pontificatum
1195 5118 1298 5156 non
1325 5103 1509 5171 gessit,
1535 5112 1586 5156 et
1614 5118 1752 5155 anno
1779 5104 1904 5167 5I2,

338 5184 455 5241 post
506 5173 771 5227 interitum
817 5174 1084 5239 Maxentii,
1129 5173 1528 5237 Ceustantinus,
1557 5174 1642 5241 qui
1677 5174 1724 5224 in
1755 5173 1904 5226 Occi—

334 5246 495 5298 dente
544 5244 854 5308 imperabat,
906 5257 1087 5311 pacem
1132 5244 1380 5298 Ecclesim
1426 5243 1676 5295 restituit.
1723 5242 1907 5298 Petrus

334 5314 491 5382 igitur
519 5316 586 5368 de
615 5313 787 5367 Natal.
820 5314 887 5367 de
915 5314 1194 5367 Timotheo
1223 5328 1405 5383 agens,
1439 5326 1661 5383 errare,
1689 5312 1906 5368 omnino

332 5383 681 5451 ceuspicitur,
734 5384 859 5437 dum
906 5396 1023 5437 eum
1054 5382 1216 5437 refert
1247 5382 1455 5449 passum
1489 5382 1587 5435 sub
1629 5382 1906 5438 Valeriano

336 5456 467 5520 imp.
522 5467 641 5506 cum
699 5452 830 5507 nihil
881 5467 1163 5507 commune
1199 5454 1386 5507 habeat
1418 5452 1724 5506 Valerianus
1776 5454 1904 5521 imp.

333 5539 455 5575 (‘UIII
513 5522 803 5577 Melchiade
852 5538 1006 5590 papa,
1052 5524 1202 5589 cujus
1258 5532 1496 5589 tempore
1530 5526 1669 5576 hunc
1698 5537 1905 5587 passiim

333 5608 455 5645 esse
484 5593 620 5646 idem
654 5594 761 5663 ipse
787 5602 863 5646 tcs
889 5606 1026 5645 atur.
1058 5594 1160 5663 Sed
1203 5601 1252 5646 ct
1294 5592 1408 5662 ejus
1450 5594 1759 5663 martyrium
1792 5608 1896 5659 per-

340 5677 522 5725 peram
554 5662 765 5727 ponitur
794 5664 928 5730 apud
958 5662 1335 5730 t'ttspinianuni
1388 5663 1485 5716 sub
1538 5662 1688 5716 sexto
1718 5679 1907 5717 consu-

338 5735 445 5784 latu
502 5732 832 5798 iluustautii;
886 5748 1005 5785 nam
1038 5748 1154 5786 cum
1190 5747 1370 5801 passus
1424 5732 1490 5786 sit
1521 5734 1736 5789 sedente
1780 5732 1907 5788 Mcl-

1998 4198 2185 4250 cliiade
2239 4210 2399 4319 pars,
2431 4210 2762 4264 nequaquam
2816 4195 2987 4263 aptari
3022 4204 3195 4259 potest
3224 4196 3447 4264 tempori
3479 4194 3579 4262 illi,

2000 4282 2105 4319 duo
2136 4276 2255 4319 post
2282 4301 2295 4319 .
2333 4265 2572 4319 arcellini
2602 4265 2964 4319 pontificatum
3011 4265 3247 4319 Romana
3294 4267 3451 4319 sedes
3492 4282 3579 4319 va-

2000 4282 2105 4333 quo
2136 4276 2255 4335 post
2282 4265 2572 4320 Marcellini
2602 4265 2964 4334 pontificatum
3011 4265 3247 4319 Romana
3294 4267 3451 4321 sedes
3492 4282 3586 4321 va-

2001 4348 2165 4390 caret.

2079 4417 2101 4445 ο
2128 4406 2336 4473 Ypoliii.
2367 4407 2439 4460 De
2462 4405 2562 4459 hoc
2591 4405 2709 4460 vide
2736 4404 2874 4458 diem
2893 4415 3223 4473 sequentem.

2078 4474 2103 4513 ά
2137 4476 2328 4530 Mauri.
2360 4477 2504 4530 Passi
2536 4475 2753 4529 Rhemis
2781 4476 2998 4531 civitate
3019 4475 3339 4543 Gallitn.Qut.
3363 4490 3390 4528 τι
3416 4475 3582 4530 Roma

2002 4562 2122 4602 eum
2155 4549 2213 4601 Β.
2246 4546 2526 4601 Timotheo
2560 4547 2793 4600 Rhemos
2843 4546 3082 4610 veniens,
3133 4556 3409 4614 postquam
3464 4560 3585 4599 vcr-

2004 4618 2127 4671 bum
2192 4617 2286 4672 Dei
2350 4617 2547 4671 ibidem
2623 4616 2980 4669 disseminans
3037 4616 3401 4683 Apollinarem
3461 4632 3583 4668 rum

2003 4688 2124 4741 aliis
2179 4688 2416 4755 pluribus
2472 4686 2793 4753 baptizasset
2827 4725 2841 4745 ,
2899 4704 2925 4735 a
2985 4685 3272 4750 Lampadio
3332 4684 3583 4750 praefecto

2003 4773 2123 4810 cmn
2178 4754 2336 4811 Sociis
2393 4757 2589 4809 sanctis
2645 4770 2782 4823 quos
2838 4756 3196 4824 baptizaverat
3228 4796 3243 4819 ,
3290 4754 3583 4810 dcc-illatus

2004 4837 2105 4881 est.

2080 4900 2103 4928 θ
2130 4894 2357 4950 Claudii.
2390 4896 2557 4961 Quem
2587 4908 2787 4963 praeses
2809 4894 2962 4964 jussit
2994 4896 3165 4961 primo
3220 4895 3383 4962 virgis
3430 4894 3583 4955 caedi,

2008 4976 2185 5033 postea
2221 4970 2272 5019 in
2301 4966 2526 5034 equuleo
2554 4966 2803 5032 suspendi
2845 4975 2900 5018 et
2935 4965 3051 5033 ejus
3082 4967 3302 5033 pedibus
3345 4969 3587 5019 tlammas

2006 5036 2298 5099 admoveri,
2337 5035 2622 5100 particulas
2643 5050 2852 5104 quoque
2874 5051 2938 5091 ex
2958 5040 3071 5100 ejus
3101 5037 3365 5090 calcaneis
3392 5038 3580 5102 praeci-

2005 5122 2091 5159 sas
2125 5106 2197 5160 illi
2225 5106 2422 5170 offerri,
2447 5106 2654 5175 ungulis
2673 5108 2874 5171 vexari,
2907 5108 3056 5160 testis
3085 5108 3395 5174 asperrimis
3417 5108 3583 5160 latera

2008 5176 2141 5239 radi,
2193 5188 2247 5231 et
2301 5176 2551 5230 candelas
2592 5176 2844 5230 ardentes
2898 5177 3174 5244 applicari.
3232 5177 3471 5230 Asterius
3528 5177 3579 5229 in

2006 5247 2231 5313 cquuleo
2273 5256 2574 5314 torquetur,
2629 5247 2789 5312 pedes
2837 5247 2955 5316 ejus
2985 5255 3227 5311 uruntur,
3260 5262 3453 5315 corpus
3487 5247 3587 5300 im-
3655 5275 3661 5282 -

2009 5317 2237 5370 mauiter
2267 5317 2584 5387 flagellatur.
2617 5316 2778 5370 Neoni
2812 5319 2989 5372 cervix
3024 5316 3299 5383 frangitur,
3323 5317 3581 5371 carbones

2008 5387 2335 5447 ardentes,~iti
2366 5400 2488 5441 eum
2520 5387 2899 5455 conjiciuntur,
2942 5396 2995 5442 et
3024 5387 3200 5440 nervis
3225 5390 3438 5442 dorsum
3466 5387 3583 5453 ejus

2009 5457 2387 5511 conscinditur.
2420 5456 2620 5511 Omnes
2647 5458 2873 5525 denique
2905 5466 3011 5511 tres
3056 5458 3242 5512 fratres
3292 5458 3433 5512 cruci
3463 5457 3582 5510 al'ii-

2009 5538 2219 5592 guutur.
2273 5528 2404 5579 (Iunt
2437 5526 2519 5581 bis
2547 5528 2785 5580 Donviua
2832 5536 2885 5581 et
2925 5527 3197 5582 'l‘hcunilla
3231 5543 3397 5593 passa:
3437 5538 3582 5590 sum,

2010 5595 2162 5649 Coss.
2199 5596 2529 5651 Diocletiano
2558 5597 2599 5650 ll
2633 5607 2684 5651 et
2716 5598 3051 5651 Aristobulo‘:
3087 5600 3178 5651 Est
3230 5597 3313 5652 hic
3361 5614 3527 5651 annus
3553 5616 3586 5649 εδ

2011 5668 2223 5722 Christo
2247 5666 2535 5722 secundum
2565 5668 2827 5723 veriorem
2860 5671 3281 5737 suppttlttliuttcttt
3313 5670 3433 5726 285.
