4110 6488
541 355 679 415 Ιοῖῦ

1289 350 1490 405 ΒΕυινΕ
1536 346 1982 403 YENERABILIS
2020 343 2170 400 OPP.
2216 344 2390 398 PARS
2430 343 2514 398 IV.
2563 373 2625 383 —-
2670 342 3050 397 lllS'l‘ORlCA.
3694 334 3842 389 init}

1822 458 2046 515 EDITlO
2085 457 2546 515 COLONIENSIS.

540 564 724 630 lEgaaa
772 562 867 616 sub
911 561 1061 630 Lysia
1106 556 1347 625 pra-side.
1385 553 1436 608 id
1486 563 1587 619 est,
1635 552 1860 619 Claudii,
1892 552 2118 615 Asteris,
2154 556 2202 614 Α
2232 559 2357 605 tunc
2379 564 2406 602 a
2432 547 2657 618 prmside
2680 547 2947 603 clibanutn
2971 546 3132 601 calcis
3157 559 3468 608 accensum,
3501 550 3558 596 et
3582 553 3709 596 ante
3732 560 3833 598 ora

540 654 755 712 Neonis.
795 654 859 705 Et
890 649 1062 719 vigilia
1094 647 1263 702 sancti
1296 646 1669 701 Bartholomzci
1704 643 1951 712 apostoli.

612 748 670 801 E.
705 744 771 799 IX
800 744 1037 798 KALEND.
1088 741 1357 794 Serrano.
1401 737 1585 791 Natale
1627 735 1685 791 S.
1734 733 2107 788 Bartltoloutmi

540 836 783 906 apostoli,
817 836 901 900 qtti
935 832 1071 900 apud
1104 832 1304 885 Indiam
1345 828 1542 884 Christi
1592 827 1937 897 Evangelium
1974 842 2114 895 pne-

541 931 743 992 dicans,
776 928 958 981 vivens
988 940 1016 978 a
1051 924 1292 978 barbaris
1326 923 1627 976 decoriatus
1654 931 1759 988 est,
1787 929 1944 986 alque
1971 919 2122 987 jussu

542 1023 681 1092 regis
713 1021 947 1089 Astragis
983 1018 1277 1073 decollatus
1306 1016 1614 1085 martyrium
1649 1013 1952 1081 complevit.
1996 1012 2118 1066 llu-

539 1114 627 1184 jua
655 1111 880 1179 apostoli
927 1108 1348 1164 sacratissimum
1375 1122 1568 1175 corpus
1610 1107 1836 1174 primum
1874 1106 1938 1158 ad
1971 1105 2086 1158 iusu

544 1204 649 1258 lam
684 1201 908 1272 Liparis,
941 1217 1060 1271 qua:
1084 1200 1262 1255 Sicilia
1288 1200 1459 1252 vicina
1489 1208 1592 1263 est,
1622 1198 1819 1252 deinde
1847 1197 2120 1251 Beneven-

544 1306 655 1351 tum
689 1295 1021 1359 translatnm,
1060 1293 1139 1359 pia
1162 1292 1394 1345 fidelium
1429 1291 1768 1344 veneratione
1797 1288 2123 1343 celebratur.

546 1389 695 1457 Apud
726 1388 1100 1454 Carthaginem
1123 1395 1425 1439 sanctorum
1449 1384 1537 1453 qui
1569 1384 1707 1452 passi
1736 1390 1860 1436 sunt
1884 1392 2126 1467 tempore

546 1478 873 1535 Valerianict
893 1477 1137 1533 Gallieni.
1175 1477 1371 1531 Ferunt
1387 1475 1529 1530 enim
1563 1475 1702 1529 inter
1719 1474 1819 1528 alia
1841 1470 2125 1540 supplicia,

2236 641 2373 696 illius
2393 656 2590 709 prunas
2611 654 2728 693 cum
2755 638 2907 693 thure
2923 638 3208 702 exhibitas,
3228 648 3281 691 et
3300 634 3587 707 prmsidem
3611 636 3836 691 dixisse

2233 732 2586 787 Christianis:
2622 731 2810 799 Eligite
2856 746 2886 782 e
2911 730 3119 782 duobus
3164 744 3325 782 unum
3359 746 3371 782 :
3405 738 3498 782 aut
3529 728 3690 781 thura
3737 744 3837 782 su-

2237 838 2330 891 per
2362 823 2443 875 his
2471 820 2790 877 carbonibus
2832 820 3020 873 oil’erte
3061 819 3207 883 Jovi,
3240 829 3332 873 aut
3371 819 3423 873 in
3472 819 3677 873 calcem
3729 820 3831 873 de-

2236 913 2565 983 mergemini.
2602 912 2751 965 Tunc
2795 910 3020 965 trecenti
3050 911 3144 964 viri
3194 910 3297 966 fide
3344 912 3561 976 armati,
3607 925 3671 965 se
3719 910 3830 965 ietu

2236 1001 2572 1072 rapidissimo
2629 1002 2898 1056 Christum
2957 1001 3047 1057 Dei
3099 1002 3292 1057 Filium
3349 1001 3511 1056 Deum
3568 1002 3826 1067 fatentes,

2225 1094 2473 1164 jecerunt
2504 1094 2554 1145 iit
2588 1092 2782 1162 ignem,
2816 1100 2871 1147 et
2916 1092 3053 1146 inter
3077 1107 3299 1162 vapores
3340 1092 3502 1147 calcis
3545 1093 3597 1147 in
3630 1096 3825 1161 pulve-

2233 1206 2343 1246 rem
2393 1198 2520 1246 sunt
2566 1188 2829 1245 conversi.
2887 1188 2962 1242 Et
2995 1205 3099 1256 quo
3148 1190 3310 1241 etiam
3360 1188 3681 1242 candidatus
3734 1189 3828 1240 ille

2234 1285 2506 1338 exercitus
2572 1282 2847 1337 beatorum
2900 1278 3071 1334 Massa
3122 1280 3344 1335 Candida
3381 1280 3573 1335 meruit
3603 1295 3823 1334 nuncu-

2237 1393 2369 1446 part.

1821 1559 2046 1617 EDITIO
2091 1552 2595 1611 BOLLANDIANA.

548 1666 777 1731 praestde
828 1658 1065 1714 crucifixi
1121 1665 1265 1711 sunt.
1318 1657 1515 1711 Eodem
1563 1655 1648 1709 die
1701 1654 1884 1709 Remis
1912 1655 2128 1709 civitate

550 1754 728 1824 passio
762 1750 859 1808 SS.
894 1762 917 1787 λ
951 1750 1215 1805 Timothei
1242 1758 1295 1804 et
1337 1749 1655 1817 Apollinaris
1686 1748 1771 1821 [Α.
1803 1746 2129 1819 Apollonii]:

551 1845 642 1916 qui
692 1860 719 1898 a
773 1844 939 1897 Roma
988 1842 1039 1897 in
1092 1841 1288 1896 Gallias
1320 1840 1488 1905 missi,
1521 1839 1658 1907 apud
1690 1839 1871 1893 urbem
1908 1839 2133 1894 Remen-

553 1952 665 1991 sem
689 1935 1038 1990 consummati
1070 1931 1342 2002 martyrio,
1370 1930 1601 1985 cmlestia
1627 1947 1782 2001 regna
1808 1945 2131 1989 meruerunt.

631 2027 730 2102 ὑ..⁸
752 2025 933 2102 Nauke
963 2034 1265 2077 sanetorum
1302 2030 1590 2102 martyrum
1622 2022 1830 2102 Donati,
1869 2022 2139 2102 Restituti,

557 2096 847 2159 Valeriani,
882 2096 1207 2156 Fructuose,
1237 2107 1355 2164 cum
1384 2093 1502 2144 aliis
1528 2094 1831 2157 duodecim,
1875 2096 1963 2164 qui
2001 2111 2139 2160 prcr-

555 2167 855 2223 clariSsimo
901 2164 1251 2219 contessionis
1297 2163 1498 2215 honore
1561 2164 1853 2217 Antiochiae
1897 2163 2137 2218 coronati

554 2249 696 2291 sunt.
759 2236 817 2288 ν.
872 2239 953 2298 S.,
996 2234 1234 2305 Cyriacm
1277 2232 1341 2286 ad
1388 2234 1445 2287 S.
1481 2233 1839 2305 Laurentium.
1900 2235 1953 2286 ltt
1997 2235 2139 2302 Nepe

553 2308 612 2362 S.
674 2307 964 2360 Tliolomaai
1011 2302 1245 2373 cpiscoiti
1285 2314 1336 2357 et
1379 2314 1578 2374 martyr
1600 2319 1644 2357 s.
1675 2302 1760 2366 Ο..
1799 2305 1851 2357 ltt
1900 2306 2135 2373 Aquileia

553 2378 612 2434 S.
629 2377 654 2416 δ
673 2377 969 2431 Fortunati.
990 2376 1319 2445 Ermogenis.
1339 2375 1398 2427 Et
1422 2376 1471 2426 itt
1499 2384 1648 2434 portu
1680 2376 1823 2428 urbis
1839 2376 2021 2430 Roma:
2047 2394 2139 2428 tta-

554 2451 657 2503 tale
686 2447 741 2502 S.
779 2459 802 2488 ο
839 2447 1128 2517 Hippolyti,
1154 2448 1240 2513 qtti
1263 2446 1459 2517 dicitur
1482 2445 1682 2517 Nonus.
1714 2445 1801 2517 Β..
1832 2446 2010 2498 Horme
2047 2463 2137 2498 na-

556 2520 659 2572 tale
677 2519 776 2573 SS.
796 2516 1085 2579 Laurentii,
1109 2516 1358 2581 Abundii,
1382 2516 1686 2569 Innocendi.
1709 2517 1761 2568 In
1777 2516 1940 2570 Gallia
1961 2517 2140 2571 Remis

552 2590 769 2644 civitate
795 2591 967 2642 natale
1013 2588 1432 2658 SS._'l:imntltei,
1486 2587 1827 2655 Apollinaris.
1874 2588 2140 2658 Augusto-

555 2661 701 2715 duuo
733 2661 994 2728 depositio
1020 2659 1077 2714 S.
1111 2655 1135 2694 ά
1171 2657 1423 2711 Ριτιγίηιιί.

624 2754 904 2879 24.ῖ-1Χ
960 2752 1093 2807 ΚΑΙ..
1151 2752 1204 2805 ltt
1259 2751 1399 2805 India
1459 2751 1629 2805 natale
1688 2752 1712 2779 θ
1764 2750 2139 2807 Bartltolommi

627 2837 802 2879 OSIOI.

554 2837 802 2897 aposton.

2315 1647 2503 1702 Florus
2530 1644 2679 1699 addit
2698 1645 2749 1699 in
2779 1645 2842 1699 A.
2867 1655 2916 1701 et
2943 1644 3029 1709 Τ.,
3052 1644 3149 1712 Qui
3179 1645 3473 1700 deeiillatus
3494 1656 3571 1701 est
3598 1646 3650 1699 in
3677 1646 3823 1699 ludia

2244 1738 2498 1791 interiore
2528 1749 2622 1804 pro
2653 1733 2866 1788 Christo
2887 1733 3038 1803 jussu
3063 1735 3199 1804 regis
3234 1735 3497 1806 Astyagis.
3527 1737 3689 1791 Abest
3721 1736 3825 1790 hac

2243 1830 2329 1885 die
2361 1831 2413 1883 in
2449 1827 2510 1883 V.
2538 1836 2591 1882 et
2622 1826 2850 1883 refertur
2872 1827 3130 1897 sequenti.

2323 1937 2461 1991 Idem
2491 1934 2681 1990 Florus
2702 1934 2753 1989 in
2787 1935 2851 1990 Α.
2879 1934 2944 1989 Τ.
2970 1935 3055 2001 L.,
3084 1935 3267 1990 Romzc
3290 1936 3464 2005 passio
3491 1937 3545 1991 S.
3586 1936 3604 1974 ί
3640 1936 3816 1991 Gene~

2249 2026 2335 2088 sii,
2369 2026 2480 2095 qui,
2516 2041 2634 2079 cum
2667 2036 2807 2080 esset
2838 2025 3011 2091 miles,
3044 2040 3102 2079 se
3131 2026 3249 2080 lidei
3294 2024 3612 2081 Christiana:
3638 2030 3823 2096 subj-'-

2251 2119 2342 2174 cit.
2371 2118 2659 2188 (Hactenus
2692 2118 2780 2186 Α.)
2806 2118 2897 2172 llic
2919 2133 3037 2172 cum
3075 2117 3227 2189 jussu
3262 2118 3564 2174 Diocletiani
3596 2120 3820 2189 impera-

2250 2210 2380 2264 toris
2432 2211 2519 2262 ditt
2580 2209 2630 2263 in
2688 2210 2913 2277 equuleo
2955 2209 3176 2279 positus,
3228 2210 3435 2281 ungulis
3486 2221 3826 2275 attractatus,

2251 2301 2585 2370 lampadibus
2639 2300 3017 2368 inﬂammatus,
3053 2304 3102 2355 in
3137 2303 3467 2357 confessione
3495 2316 3672 2359 sancta
3709 2322 3826 2374 per-

2244 2394 2456 2447 sisteret
2476 2407 2537 2447 ac
2556 2390 2762 2447 diceret
2781 2392 2987 2448 .ludici:
3016 2413 3033 2445 ε
3063 2393 3120 2449 Si
3138 2395 3568 2463 centuplicaveris
3582 2398 3722 2453 circa
3745 2414 3829 2452 me

2246 2494 2528 2551 tormenta,
2553 2482 2826 2539 Christum
2870 2485 2996 2539 mihi
3021 2486 3087 2539 de
3114 2501 3227 2551 ore,
3258 2485 3521 2541 Christum
3556 2487 3625 2543 de
3661 2489 3828 2544 corde

2245 2577 2456 2631 auferre
2506 2592 2609 2630 non
2662 2577 2883 2645 poteris,
2920 2596 2939 2630 ι
2999 2577 3174 2644 gladio
3220 2578 3398 2647 jussus
3444 2588 3525 2633 est
3573 2579 3827 2634 interimi.

2249 2668 2451 2724 Eodem
2479 2670 2563 2723 die
2582 2669 2821 2723 Rodomo
2848 2668 2936 2742 [L.
2971 2667 3285 2742 Rotomago]
3314 2671 3571 2739 depositio
3598 2672 3655 2728 S.
3676 2683 3701 2720 ε
3722 2677 3829 2727 Au-

2256 2760 2413 2816 doeni
2440 2761 2673 2831 episcopi
2702 2770 2755 2816 et
2784 2761 3128 2830 confessoris,
3162 2765 3250 2833 qui
3283 2764 3518 2833 plurimis
3546 2765 3829 2819 miraculo.

1962 2915 2166 2974 SillTll
2206 2919 2412 2975 NOTJ'J
2425 2963 2437 2976 .

631 3019 655 3045 ἰ
692 3010 960 3064 Timothei.
1010 3008 1207 3064 Ilorttnt
1258 3018 1546 3078 tr.attyrum
1615 3011 1739 3063 Acta
1774 3052 1788 3073 ,
1844 3011 1961 3065 illos
2020 3028 2140 3067 cum

562 3081 746 3136 Mauro
776 3080 1088 3149 presbytero
1118 3081 1339 3149 aliisque
1363 3080 1561 3141 multis,
1592 3080 1799 3136 Nerone
1826 3081 2139 3150 imperante,

560 3154 661 3206 sub
687 3151 977 3219 Lampadio
1001 3151 1243 3220 prmside,
1281 3166 1466 3218 passos
1498 3150 1661 3205 fuisse
1683 3164 2103 3207 commemorant
2126 3172 2141 3209 :

560 3240 680 3295 quae
710 3221 987 3295 sententia
1016 3236 1121 3295 non
1154 3222 1323 3295 placet
1355 3222 1417 3274 iis
1459 3223 1545 3289 qui
1580 3223 1753 3295 nullos
1782 3239 2044 3295 martyres
2091 3228 2141 3280 in

564 3294 749 3347 Galliis
793 3303 914 3345 ante
945 3294 1013 3347 Μ.
1045 3292 1245 3347 Aurelii
1276 3303 1513 3358 tempora
1546 3292 1854 3348 admittunt.
1887 3292 2145 3349 Videntur

564 3375 735 3437 tamen
770 3363 1452 3437 Mattimiani"temporibus
1481 3362 1811 3437 antiquiores
1840 3383 1853 3429 ;
1887 3380 2143 3437 nusquam

560 3436 703 3489 enim
735 3436 836 3489 sub
867 3435 1038 3488 llictio
1070 3431 1212 3488 Varo
1239 3431 1471 3502 pra‘side
1504 3434 1663 3498 passi,
1711 3444 1769 3487 ut
1807 3436 1985 3489 caeteri
2008 3431 2148 3490 Del-

561 3508 693 3573 gica:
722 3505 907 3560 Gallia:
939 3506 1158 3560 istorum
1213 3518 1510 3569 temporum
1559 3512 1842 3573 martyres,
1873 3505 2145 3563 dicuntur.

565 3578 639 3630 De
673 3576 752 3628 liis
780 3576 987 3630 Marlot.
1019 3573 1109 3628 lib.
1139 3590 1152 3627 l
1184 3575 1406 3637 Mettop.
1440 3574 1722 3628 Remensis
1751 3590 1870 3643 cap.
1894 3575 1983 3629 ﬁll.
2022 3577 2148 3631 Fro-

563 3646 797 3700 doardus
819 3647 948 3699 Acta
979 3645 1086 3698 l'ere
1118 3646 1315 3711 integra
1349 3644 1588 3707 exhibet,
1614 3645 1706 3699 sed
1732 3647 1993 3714 passionis
2025 3659 2152 3700 tent-

566 3732 661 3784 pus
704 3732 807 3769 non
836 3714 1082 3780 exprimit
1110 3730 1123 3776 ;
1183 3716 1520 3768 Timotheum
1553 3730 1682 3768 vero
1713 3729 1778 3769 ex
1809 3716 2027 3771 Oriente
2058 3718 2152 3771 lte-

571 3802 684 3840 mos
725 3786 1006 3838 advenisse
1035 3786 1240 3848 scribit,
1271 3795 1429 3851 atque
1460 3785 1633 3837 laudat.
1663 3784 1825 3854 Greg.
1858 3786 2058 3843 Turun.
2084 3791 2151 3842 de

564 3858 744 3925 Gloria
770 3854 1084 3925 Martyrum,
1111 3871 1147 3917 t,
1173 3855 1259 3907 55.

640 3927 667 3966 δ
700 3924 999 3979 Fortunati.
1044 3926 1120 3979 Ex
1151 3926 1343 3979 tabulis
1368 3926 1620 3979 Ecelesim
1650 3926 1999 3994 Aquileiensis
2028 3930 2151 3982 reli-

566 3999 715 4061 quias
747 4000 979 4065 ipsorum
1024 3997 1290 4055 habentis.
1329 3997 1466 4062 passi
1497 4008 1616 4049 sunt
1643 3997 1917 4063 Singidoni
1947 4002 1995 4051 itt
2041 3998 2153 4067 My-

566 4071 643 4122 sia
671 4070 770 4123 sub
804 4067 1108 4121 Victoriano
1140 4067 1386 4135 pra'side,
1435 4067 1764 4123 Diocletiano
1797 4071 2149 4135 imperatore;

571 4155 799 4206 quorum
855 4140 999 4204 prior
1052 4151 1168 4191 erat
1226 4138 1438 4199 lector,
1502 4141 1633 4191 alter
1688 4141 1989 4202 diaconus,
2048 4157 2154 4207 quo

569 4219 809 4278 tempore
838 4208 895 4263 S.
925 4208 1159 4262 Donatus
1190 4220 1241 4263 et
1272 4208 1424 4273 socii,
1459 4207 1524 4262 de
1551 4209 1743 4278 quibus
1772 4210 1860 4264 die
1883 4226 1970 4263 ur
2002 4216 2154 4273 liuius

571 4281 772 4335 mensis
825 4280 1104 4333 Ferrarius
1160 4282 1211 4334 in
1264 4278 1514 4347 Catalogo
1560 4281 1790 4349 generali
1840 4283 1965 4348 agit,
2015 4282 2155 4351 passi

568 4361 713 4405 sunt.

649 4448 673 4476 °
711 4441 999 4512 Hippolyti.
1030 4440 1129 4507 Qui
1161 4449 1215 4494 et
1244 4440 1415 4509 pridie
1443 4441 1657 4505 colitur,
1691 4442 1829 4512 apud
1860 4442 2155 4496 Usnardum

2251 3016 2490 3069 veritati:
2532 3016 2617 3070 ille
2672 3016 2812 3071 enim
2858 3015 3077 3071 Nonnus
3120 3017 3215 3071 fuit
3261 3016 3470 3073 Edessa:
3514 3019 3828 3087 episcopus,

2251 3088 2485 3157 vixitque
2516 3088 2847 3153 temporibus
2876 3086 3160 3141 Theodosii
3191 3088 3423 3142 .lunioris
3471 3086 3828 3157 imperatoris,

2253 3166 2310 3209 ut
2355 3158 2539 3211 scribit
2593 3157 2838 3223 Niceph.,
2889 3173 2992 3218 xiv.
3050 3158 3138 3219 50,
3183 3159 3249 3211 de
3289 3173 3393 3226 quo
3422 3160 3577 3211 etiam
3609 3162 3835 3215 habetur

2252 3228 2450 3282 mentio
2482 3229 2532 3281 in
2561 3231 2787 3282 concilio
2809 3228 3190 3282 Calcedouensi
3215 3247 3229 3295 ;
3252 3238 3306 3282 at
3333 3244 3458 3283 vero
3483 3230 3649 3283 Nonni
3683 3246 3831 3284 nata-

2254 3298 2315 3352 lis
2358 3300 2409 3351 in
2457 3298 2664 3353 Baronii
2711 3298 3080 3368 Martyrologio
3126 3310 3208 3352 est
3254 3298 3367 3353 dies
3406 3315 3443 3353 It
3503 3300 3830 3355 Decembris.

2265 3368 2415 3442 Viget
2438 3368 2610 3442 adhuc
2643 3370 2692 3423 iit
2728 3381 2880 3437 portu
2914 3368 3152 3442 Romano
3184 3369 3434 3442 memoria
3465 3372 3520 3425 S.
3568 3371 3833 3442 Hippolyti

2251 3437 2504 3506 cpiaropi,
2542 3441 2733 3508 illaque
2759 3440 3085 3507 cuiuspicitur
3108 3440 3207 3492 alta
3232 3437 3382 3493 fovea
3411 3443 3559 3506 aquis
3579 3437 3835 3504 pleitafin

2252 3525 2407 3576 quam
2440 3513 2706 3575 proiectus
2738 3509 3046 3575 martyrium
3073 3512 3477 3563 consummavit.
3498 3511 3752 3565 Baronius
3780 3512 3831 3563 in

2256 3580 2413 3633 netis.
2449 3579 2521 3633 De
2554 3581 2655 3634 hoc
2681 3582 2795 3649 ipso
2821 3580 3102 3650 Hippolyto
3131 3579 3248 3635 vide
3270 3581 3426 3634 etiam
3462 3581 3624 3635 Bzedaa
3654 3583 3835 3635 Chro-

2258 3652 2415 3702 nicon
2447 3650 2546 3702 sub
2578 3650 2645 3703 M.
2678 3651 2912 3704 Aurelio.

2324 3718 2350 3754 ει
2384 3718 2636 3773 Flaviani.
2674 3721 2746 3774 De
2769 3736 2875 3788 quo
2902 3719 3094 3773 tabulze
3126 3720 3609 3789 Augustodunensis
3652 3720 3833 3774 Eccle-

2254 3792 2366 3915 zi‘m,
2399 3801 2451 3845 et
2482 3804 2661 3844 vetera
2702 3791 3079 3859 mattusctipta,
3128 3805 3331 3846 necnon
3368 3793 3692 3846 recentiores
3736 3793 3834 3846 hac

2295 3876 2361 3915 te.

2295 3876 2361 3916 Ie.

2329 3961 2351 3989 ε
2384 3950 2767 4008 Birt/tofumwi.
2791 3953 3044 4008 Baronius
3068 3955 3292 4008 natalem
3318 3952 3469 4023 hujus
3491 3952 3624 4007 diem
3644 3957 3836 4020 postri-

2255 4023 2342 4077 die
2391 4026 2518 4091 agit.
2551 4023 2698 4078 llunc
2746 4024 2883 4088 apud
2913 4024 3066 4078 Indos
3114 4026 3268 4093 fidem
3332 4028 3669 4078 aununtiasse
3711 4039 3833 4077 con-

2255 4102 2397 4147 stare
2420 4094 2623 4147 videtur
2658 4110 2722 4147 ex
2752 4095 2998 4154 Eusebio,
3038 4111 3088 4159 v,
3124 4096 3222 4158 i0;
3258 4095 3465 4160 Rufino,
3508 4110 3583 4157 ut,
3615 4096 3634 4147 l
3665 4110 3679 4156 ;
3715 4093 3836 4147 Hie-

2257 4164 2455 4219 ron.de
2483 4164 2679 4230 Script.
2725 4164 2895 4218 Eccl.:
2929 4165 3020 4218 sed
3045 4180 3146 4218 non
3176 4168 3307 4218 adeo
3327 4176 3527 4219 certum
3558 4176 3656 4221 εει,
3680 4179 3835 4231 quam

2258 4235 2531 4303 regiooem
2559 4234 2659 4304 illi
2692 4243 2940 4288 auctores
2966 4234 3126 4289 ludite
3156 4238 3370 4289 nomine
3413 4236 3688 4304 designare
3736 4249 3830 4304 vos

2260 4304 2475 4357 lucrint.
2526 4303 2660 4361 Vide
2686 4304 2993 4359 Tillemont.
3029 4317 3157 4360 tom.
3192 4322 3204 4358 ι
3251 4306 3385 4361 ΙΙί-ι.
3423 4303 3564 4361 Eccl.
3602 4306 3748 4368 Quod
3772 4303 3836 4357 ad

2259 4375 2374 4441 ejus
2420 4374 2670 4443 reliquias
2716 4386 2955 4440 spectat,
3009 4374 3103 4428 fuit
3161 4375 3264 4429 illis
3315 4375 3551 4443 inprimis
3579 4376 3836 4427 illustrata

2268 4444 2455 4498 civitas
2488 4445 2650 4498 Daras
2673 4445 2723 4498 in
2752 4446 2941 4500 finibus
2972 4446 3221 4501 Persidis.
3247 4457 3301 4499 ttt
3329 4449 3510 4500 scribit
3531 4444 3837 4499 Theodorus

575 4522 630 4568 et
659 4493 1132 4584 at'io'sffs'c‘ittiit‘ue
1164 4493 1463 4580 Hippolyto
1482 4493 1569 4564 ro.
1587 4493 1788 4564 iuéué'i"
1810 4493 1892 4584 Sf
1905 4493 1939 4564 tt
1953 4493 2017 4564 iet
2031 4493 2164 4584 ms;
2195 4493 2243 4551 1)
2272 4493 2450 4569 iam;
2464 4493 2560 4570 liii.
2568 4493 2578 4498 ’
2591 4493 3059 4581 hesitating}?
3071 4493 3313 4584 simul;
3330 4493 3430 4569 ~x13."
3435 4493 3463 4575 ξ
3476 4493 3564 4570 Si
3581 4493 3716 4583 sit;
3731 4493 3840 4567 5...:

576 4601 695 4637 mus
722 4585 770 4636 itt
805 4583 895 4636 lib.
933 4582 995 4636 de
1017 4582 1219 4649 Script.
1255 4583 1396 4635 Eccl.
1427 4597 1548 4649 cap.
1586 4584 1676 4643 til,
1726 4592 1777 4636 et
1808 4582 1858 4635 in
1906 4582 2166 4651 pt‘omtntt

577 4671 738 4723 super
770 4654 983 4720 Mattlt.,
1033 4654 1122 4707 ubi
1179 4668 1299 4706 eum
1349 4655 1578 4721 appellat
1625 4663 1934 4724 martyrem.
1970 4654 2168 4707 (.laruit

576 4727 906 4791 temporibus
931 4724 1217 4778 Alexandri
1242 4724 1401 4789 imp.,
1430 4733 1485 4775 ut
1509 4725 1693 4777 scribit
1724 4725 1943 4787 Euseh.,
1974 4740 2048 4789 tv,
2081 4727 2167 4779 l6.

579 4802 758 4863 Agens
788 4797 857 4850 de
882 4796 1067 4850 eodem
1099 4795 1431 4862 Niccpltorus
1453 4796 1685 4862 appellat
1710 4810 1831 4849 eum
1858 4795 2168 4863 episeopmn

578 4868 673 4921 Pet
690 4878 952 4938 tuensem.
988 4866 1239 4919 Miramur
1264 4868 1402 4938 quod
1430 4866 1785 4938 Hieronymus
1803 4866 1869 4921 de
1894 4880 1960 4920 eo
1982 4880 2171 4934 agens,

579 4939 733 5005 cujus
760 4936 1012 4991 Ecclesiae
1044 4937 1329 5002 episcenos
1361 4935 1522 4988 fuerit
1553 4954 1609 4989 se
1635 4935 1745 4989 non
1776 4938 2010 5005 potuisse
2035 4938 2175 4990 scire

581 5018 827 5064 testatur.
864 5005 1107 5060 Gelasius
1138 5016 1313 5059 autem
1367 5007 1420 5059 itt
1474 5007 1608 5059 libro
1633 5007 1700 5059 de
1730 5008 1934 5059 duabus
1968 5008 2172 5059 naturis

580 5090 764 5134 contra
796 5078 1096 5145 Eutychen,
1125 5092 1242 5130 cum
1297 5077 1632 5147 Hippolytum
1665 5078 1817 5135 citat.
1858 5077 1985 5131 dicit
2016 5077 2176 5130 fuisse

583 5150 892 5219 episcopum
912 5148 1361 5219 Menopolitauum
1386 5149 1627 5219 Arabia};
1656 5148 1795 5219 quod
1820 5162 2001 5201 Verum
2026 5158 2171 5214 puto,

585 5217 874 5289 antequam
920 5220 1132 5273 venerit
1159 5218 1213 5272 itt
1246 5217 1467 5271 Italiam.
1505 5218 1577 5270 De
1603 5218 1703 5271 huc
1736 5217 2023 5289 Hippolyto
2050 5220 2178 5271 l'ru-

585 5288 827 5345 dentium
861 5292 911 5345 in
939 5290 1137 5360 hymno
1182 5289 1464 5360 undecimo
1495 5289 1662 5351 decipi
1699 5288 2028 5360 perspicuum
2063 5300 2175 5360 ost;

584 5360 710 5416 dttm
744 5363 885 5431 quod
917 5358 996 5414 est
1036 5362 1254 5431 alterius
1284 5358 1551 5431 Hippolyti
1586 5360 1759 5431 Antiot
1781 5358 1901 5411 ltetti
1953 5359 2176 5429 presby-

590 5434 712 5498 teri,
742 5429 871 5485 olim
903 5432 1200 5493 NuVationi,
1230 5429 1351 5482 huic
1382 5430 1583 5483 tribuit.
1617 5430 1817 5483 Rursus
1847 5440 2020 5482 autem
2050 5430 2176 5482 illud

587 5498 733 5557 Petri
766 5502 1008 5557 Damiani
1037 5503 1102 5554 de
1136 5500 1420 5570 Hippolyto
1454 5499 1730 5554 Portuensi
1762 5500 1811 5552 in
1838 5498 2070 5570 Epistula
2115 5500 2179 5553 ad

594 5571 866 5625 Nicolaum
901 5574 1192 5626 secundum
1227 5569 1525 5624 Romanum
1560 5570 1886 5638 ponlilicem,
1915 5584 2015 5637 qua
2042 5569 2182 5624 hunc

591 5644 751 5695 etiam
784 5646 1029 5695 Nuntium
1060 5648 1256 5696 dictum
1309 5656 1426 5694 esse
1454 5651 1695 5704 testatur,
1740 5641 1909 5703 illum,
1943 5641 2180 5708 inquam,

595 5715 683 5779 qui
704 5711 1080 5781 quastuariam
1112 5714 1254 5765 illam
1285 5711 1671 5765 Antiochenam
1691 5714 1755 5765 ad
1781 5711 2054 5764 meliorem
2076 5713 2183 5763 fru-

600 5798 720 5852 gem
749 5782 997 5849 rediidit,
1033 5782 1327 5837 nullatenus
1357 5791 1599 5849 putamus
1618 5796 1737 5837 esse
1767 5790 2181 5837 consentaneum

2274 4586 2493 4649 plissiini
2521 4587 2699 4654 templi
2732 4586 2835 4639 illic
2893 4589 3053 4641 erecti
3076 4603 3103 4640 a
3134 4586 3429 4641 Justiniano
3457 4589 3579 4651 imp.
3606 4584 3840 4639 meminit

2275 4657 2498 4723 I’rocop.
2529 4657 2618 4708 lih.
2649 4672 2681 4708 ιι
2720 4658 2860 4710 tedii.
2888 4656 3079 4711 Justiti.
3121 4656 3249 4724 imp.
3284 4658 3340 4711 S.
3370 4655 3730 4710 Bartltolommi
3760 4670 3841 4708 se-

2277 4730 2514 4794 pulcrum
2559 4726 2765 4793 Lipari~
2795 4742 2934 4779 anno
2958 4728 3059 4783 808
3091 4743 3119 4780 a
3148 4728 3426 4781 Saracenis
3460 4729 3709 4779 violatum
3742 4735 3839 4786 est,

2275 4798 2499 4866 ejusque
2549 4812 2714 4850 sacra:
2770 4799 3002 4865 reliquias
3050 4813 3189 4851 anno
3219 4798 3460 4867 sequenti
3494 4798 3839 4849 Beneventum

2278 4870 2547 4921 translata:
2588 4877 2744 4932 sunt;
2793 4869 2931 4921 unde
2982 4869 3199 4921 Romam
3247 4866 3420 4922 allatae
3472 4878 3592 4920 sunt
3646 4866 3711 4919 ab
3757 4866 3841 4916 0t-

2278 4949 2401 4992 tone
2454 4938 2515 4991 ΙΙΙ
2551 4983 2564 5003 ,
2623 4948 2780 5001 atque
2821 4938 2870 4990 in
2917 4938 3083 4992 insula
3128 4938 3373 4991 Tiberina
3414 4938 3707 5003 depnsitte,
3761 4936 3842 4987 ubi

2277 5010 2564 5062 etiamnum
2613 5017 2975 5062 asservantur.
3031 5008 3103 5062 De
3157 5024 3349 5076 genere
3378 5008 3578 5071 mortis,
3623 5007 3839 5059 diversas

2278 5088 2402 5132 sunt
2444 5081 2755 5132 sententiae:
2790 5079 2842 5131 In
2874 5080 3307 5133 commentariolo
3342 5079 3599 5146 Hippolyti
3633 5078 3696 5130 de
3722 5078 3843 5127 dun-

2278 5150 2451 5203 decim
2500 5148 2754 5217 apostolis
2802 5150 3030 5219 legitur,
3080 5150 3135 5204 S.
3190 5149 3624 5219 Battltolmmcum
3679 5148 3844 5210 capite

2279 5220 2532 5273 deorsum
2584 5218 2873 5288 pendente
2906 5235 3024 5273 esse
3052 5220 3380 5273 crucifixum.
3412 5218 3842 5288 Testaturetiam

2280 5291 2542 5357 Josephns
2586 5286 2722 5356 apud
2770 5290 3182 5359 Metapltrasten,
3228 5292 3387 5343 fuisse
3427 5289 3569 5342 cruci
3614 5286 3839 5359 anisum,

2283 5356 2439 5427 idque
2462 5360 2678 5426 Niceph.
2715 5356 2987 5427 profitetur
3025 5356 3114 5413 lib.
3151 5376 3205 5425 tt,
3249 5374 3294 5413 c.
3340 5360 3428 5424 59,
3456 5368 3510 5412 et
3531 5356 3841 5411 excoriatum

2284 5431 2443 5484 fuisse
2478 5431 2690 5484 tradunt
2718 5432 2827 5495 alii,
2859 5444 2913 5483 ut
2942 5432 3077 5497 apud
3106 5432 3359 5484 Isidorum
3388 5430 3456 5484 de
3486 5429 3600 5483 Vita
3627 5438 3679 5480 et
3706 5429 3841 5480 obita

2282 5511 2452 5554 sanet.
2492 5502 2613 5553 177.
2646 5500 2839 5554 Nostrr
2868 5502 3095 5569 denique
3125 5502 3440 5554 decollatnm
3472 5501 3672 5552 scribit.

2361 5569 2377 5606 ί
2413 5570 2629 5624 (ienesit'.
2692 5572 2762 5625 lle
2791 5571 2892 5624 hoc
2932 5566 3047 5623 vide
3098 5570 3237 5623 diem
3285 5577 3609 5640 sequentem,
3643 5582 3744 5636 quo
3779 5566 3839 5619 ab

2285 5644 2532 5695 omnibus
2566 5643 2673 5695 fere
2705 5642 3095 5711 martyrologiis
3116 5641 3326 5695 colittrr.

2359 5722 2381 5757 κ
2409 5713 2659 5766 Audoeni.
2694 5708 2983 5768 Suessione
3006 5708 3169 5766 nobili
3211 5726 3403 5780 genere
3441 5712 3538 5765 orti
3567 5725 3627 5763 ac
3656 5710 3704 5761 in
3736 5708 3839 5759 aula

2288 5780 2502 5838 Cletarii
2534 5783 2670 5852 regis
2698 5782 2994 5839 auricularii
3018 5799 3030 5849 ;
3058 5784 3139 5838 ubi
3171 5798 3287 5839 cum
3315 5784 3369 5840 S.
3400 5782 3563 5853 Eligio
3584 5780 3772 5851 Optime
3793 5794 3841 5832 sc
