4110 6492
361 334 494 392 ΗΠ

1494 340 1680 397 SECT.
1727 341 1791 398 Il.
1834 371 1899 381 -
1941 340 2497 399 MARTYROLOGIA.

3489 347 3625 404 10ιὲ

1636 455 1863 510 EDITIO
1902 454 2370 512 COLONIENSIS.

428 538 486 593 F.
536 539 642 596 VIII
684 542 919 599 KALEND.
963 543 1230 600 Serrane.
1276 544 1456 599 Passio
1491 546 1702 599 Genesii
1735 556 1938 618 marty-
1971 552 2018 607 Α
2049 562 2164 600 rum
2192 589 2205 612 ,
2252 546 2486 611 Eusebii,
2520 547 2783 611 Pontiani,
2831 546 3098 615 Peregrini
3129 558 3181 602 et
3213 546 3496 613 Vincentii,
3525 550 3625 604 im-

356 631 452 699 ris,
484 633 583 687 sub
630 634 954 690 Diocletiano
1005 638 1361 706 imperatore,
1423 637 1512 706 qui
1561 637 1659 691 fuit
1707 636 1934 705 primum

355 725 455 777 sub
501 724 802 793 gentilitate
849 728 1071 790 mimus,
1119 729 1416 799 tbymelicai
1458 730 1592 784 artis
1641 729 1934 798 magister;

355 813 447 866 sed
481 825 662 881 postea
703 815 905 872 Christi
951 819 1229 874 confessor
1257 820 1444 885 factus,
1499 820 1673 874 modis
1701 821 1879 875 multis
1904 835 1934 875 a

355 908 789 973 persecutoribus
835 918 917 963 est
947 909 1240 975 cruciatus,
1276 911 1378 963 hoc
1422 921 1522 976 est,
1573 908 1803 964 fustibus
1830 926 1937 965 cae-

354 1008 468 1059 sus,
497 997 725 1065 equuleo
759 1012 1069 1062 suspensus,
1102 998 1328 1053 ﬂaminis
1359 998 1604 1064 adustus,
1639 1000 1935 1054 novissime

355 1083 676 1141 decollatus.
709 1086 894 1142 Roma:
936 1091 1114 1144 natale
1141 1098 1447 1143 sanctorum
1478 1100 1704 1159 quatuor
1738 1102 1934 1161 marty-

2047 650 2260 705 perante
2290 637 2602 704 Commodo,
2634 638 2844 693 Vitellio
2881 638 3101 708 judice:
3143 641 3229 709 qui
3279 640 3505 707 primum
3541 641 3621 695 ιθ-

2046 729 2148 782 vati
2182 729 2233 781 in
2260 728 2509 797 equuleo,
2539 742 2601 783 ac
2629 730 2809 783 nervis
2839 729 3082 797 distenti,
3128 730 3459 799 fustiliusque
3501 739 3629 784 sunt

2045 820 2189 883 cmsi,
2222 828 2274 874 et
2303 819 2531 875 ﬂammai
2558 820 2622 873 ad
2655 821 2817 875 latera
2859 835 3043 876 eorum
3076 822 3355 889 appositis,
3401 837 3498 874 nec
3547 833 3628 875 ta-

2046 927 2165 965 men
2198 913 2454 978 superati,
2503 913 2763 967 Eusebius
2795 915 3011 981 praecisa
3056 915 3230 983 lingua
3283 917 3623 984 loquebatur,

2044 1004 2333 1057 novissime
2366 1004 2651 1072 plumbatis
2700 1020 2870 1072 usque
2912 1007 2977 1059 ad
3023 1008 3368 1062 emissionem
3402 1012 3623 1077 spiritus

2046 1097 2257 1149 mactati
2290 1108 2431 1152 sunt.
2464 1094 2700 1162 Quorum
2730 1112 2954 1165 corpora
2986 1100 3202 1170 collegit
3244 1101 3431 1157 beatus
3473 1102 3624 1157 Ruti-

1606 1179 1831 1235 EDITIO
1874 1184 2091 1239 BOLLA
2104 1186 2384 1242 NDIANA.

357 1295 474 1334 rum
499 1278 663 1347 signis
686 1277 928 1343 rutilans,
958 1279 1198 1333 oratione
1218 1288 1401 1333 sancta
1424 1292 1572 1335 more
1599 1280 1725 1334 Elia:
1747 1295 1778 1335 e
1795 1282 1936 1336 coelo

356 1367 585 1436 pluviam
615 1367 836 1435 adeptus
856 1377 957 1420 est.

430 1458 515 1524 D.,
548 1456 866 1529 Carthagine
897 1468 920 1494 η
946 1471 1233 1528 martyrum
1264 1458 1445 1512 Massae
1463 1459 1731 1514 Caniliilre.
1764 1461 1823 1514 V.
1847 1461 1933 1529 C.,

356 1527 538 1581 Roma
571 1540 681 1581 nat.
705 1529 760 1582 S.
785 1528 1000 1583 Genesii
1031 1527 1299 1598 martyris.
1341 1531 1403 1582 Et
1432 1528 1482 1581 iii
1524 1530 1666 1583 Ostia
1690 1533 1748 1588 ὃ.
1772 1529 1800 1568 δ
1830 1527 1929 1586 Au;

355 1612 462 1671 rete
493 1598 727 1671 virginis.
764 1600 933 1671 8.,7lu
960 1600 1243 1671 Antiochia
1278 1600 1451 1671 natale
1504 1599 1734 1671 Jebonii,
1782 1603 1935 1671 Capi-

356 1669 538 1730 tulani,
588 1669 768 1721 Italiie.
804 1682 825 1708 ο
861 1670 1092 1723 Redonis
1150 1670 1361 1723 civitate
1410 1670 1669 1735 depositio
1721 1672 1779 1726 S.
1822 1669 1932 1726 Avu-

355 1738 769 1811 d_oenigep_isc0pi
792 1754 842 1794 et
869 1738 1211 1811 confessoris.
1248 1739 1517 1811 Neveruis
1535 1740 1745 1794 civitate
1767 1743 1929 1811 depo-

352 1806 475 1861 sitio
506 1809 563 1861 S.
599 1808 827 1861 Patriani
878 1809 1084 1863 abbatis
1131 1819 1181 1862 et
1232 1810 1571 1862 eonfessmis.
1613 1806 1929 1867 (Σιεηοηιᾱυίς

349 1876 565 1933 civitate
596 1880 785 1932 natalis
817 1878 1085 1948 Rigomeri
1111 1879 1402 1949 presbyteri
1429 1890 1483 1933 et
1510 1878 1855 1938 confessoris.

418 1968 512 2023 25.
538 1999 608 2009 -
629 1969 739 2025 VIII
768 1969 903 2024 ΚΑΙ..
949 1970 1113 2024 Vacat
1143 1970 1318 2024 Baeda.

429 2059 617 2115 Florus
660 2061 712 2115 in
759 2061 825 2115 A.
869 2069 925 2116 et
964 2059 1052 2129 T.,
1098 2062 1314 2116 Arelate
1359 2064 1537 2135 passio
1574 2064 1630 2119 S.
1656 2063 1680 2101 δ
1715 2064 1927 2119 Genesii

353 2151 603 2221 Martyris
630 2191 647 2218 ,
697 2153 787 2220 qui
818 2150 1091 2207 decisione
1127 2153 1317 2221 capitis
1343 2168 1567 2223 agonem
1610 2169 1704 2224 pro
1731 2155 1930 2209 Christi

352 2244 569 2300 nomine
612 2246 832 2314 pollenti
885 2246 1102 2301 fervore
1152 2250 1520 2303 conservavit.
1561 2248 1647 2315 L.,
1688 2249 1829 2316 Qui,
1875 2258 1932 2303 ut

352 2340 540 2404 fertur,
570 2340 678 2395 alio
709 2355 815 2394 non
847 2350 930 2396 est
958 2341 1153 2396 tinctus
1187 2341 1501 2410 baptismate
1530 2358 1687 2413 quam
1713 2343 1931 2414 proprio

352 2433 635 2503 sanguine.
681 2432 859 2504 Pergit
903 2432 1098 2490 Florus
1140 2434 1192 2489 in
1233 2433 1299 2489 Τ.
1332 2442 1385 2490 et
1411 2432 1499 2501 L.,
1532 2434 1598 2489 Et
1622 2434 1805 2489 Romae
1829 2448 1926 2486 ua-

2045 1307 2152 1362 tale
2185 1317 2207 1344 ⁶
2234 1307 2382 1361 Lucii
2411 1308 2649 1378 episc0pi
2679 1319 2731 1363 et
2765 1309 3045 1379 martyris,
3075 1310 3163 1377 qui
3195 1310 3483 1377 vigesimus
3514 1312 3621 1379 pri-

2043 1414 2162 1453 mus
2211 1410 2333 1469 post
2384 1401 2600 1455 Petrum
2653 1417 2774 1455 cum
2826 1403 3109 1455 ecclesiam
3159 1405 3315 1455 annis
3363 1402 3531 1457 tribus
3571 1413 3625 1456 et

2044 1490 2318 1545 mensibus
2364 1491 2531 1545 tribus
2582 1493 2850 1556 rexisset,
2920 1493 3251 1561 temporibus
3294 1492 3521 1548 Gallieni
3567 1502 3624 1546 et

2042 1582 2306 1638 Valesiani
2352 1582 2449 1655 [L.
2499 1584 2633 1638 Galli
2667 1592 2722 1637 et
2760 1583 3071 1656 Voliisiani]
3118 1584 3307 1639 exsilio
3353 1597 3620 1651 retrusus,

2043 1674 2135 1728 sed
2168 1683 2352 1742 postea
2387 1683 2517 1727 nutu
2566 1672 2661 1728 Dei
2694 1674 2757 1727 ad
2793 1675 3061 1743 pr0priam
3091 1675 3372 1728 ecclesiam
3409 1674 3618 1727 incolu-

2043 1767 2145 1820 mis
2171 1776 2255 1821 est
2284 1782 2537 1821 reversus
2560 1807 2576 1832 ,
2608 1765 2807 1821 deinde
2851 1769 3164 1838 martyrium
3196 1767 3248 1821 in
3281 1766 3619 1823 confessione

2035 1856 2231 1911 Christi
2262 1858 2495 1924 pertulit.

2110 1989 2192 2052 V.,
2244 1989 2299 2042 S.
2337 1993 2351 2025 ι
2392 1990 2764 2061 Bartholommi
2814 1991 3062 2057 apostoli.
3099 1991 3190 2043 Ilic
3244 1991 3294 2043 iu
3345 1991 3607 2061 Lycaonia
3670 2050 3681 2053 τ

2036 2061 2365 2125 przediravit,
2401 2060 2464 2112 ail
2493 2060 2733 2113 ultimum
2766 2062 2817 2113 in
2856 2062 3059 2113 Albano
3097 2061 3317 2128 majoris
3348 2060 3616 2118 Ariiienite

2045 2129 2172 2182 urbe
2198 2131 2381 2183 vivens
2403 2144 2431 2182 a
2459 2130 2699 2183 barbaris
2725 2130 3029 2183 decoriattis
3058 2175 3072 2198 ,
3106 2143 3265 2196 atque
3303 2147 3396 2195 per
3415 2132 3616 2199 jiissio-

2043 2214 2162 2271 nem
2190 2201 2329 2268 regis
2358 2201 2598 2271 Astyagis
2625 2200 2920 2255 decollaius
2944 2212 3062 2266 est,
3094 2203 3274 2269 sicque
3298 2211 3453 2255 terim
3483 2217 3617 2255 con-

2040 2270 2181 2323 ditus
2214 2271 2390 2337 ibique
2418 2272 2677 2337 sepultus.
2712 2271 2914 2324 Natalis
2945 2272 3063 2337 ejus
3094 2287 3185 2325 vni
3218 2272 3331 2324 Kal.
3361 2278 3612 2337 Septem-

2040 2341 2149 2393 bris
2198 2342 2517 2394 celebratur.
2573 2340 2658 2404 C.,
2721 2342 2773 2393 lii
2825 2342 3040 2396 civitate
3094 2344 3241 2395 Ostia
3285 2342 3341 2397 S.
3394 2348 3608 2398 Aurere.

2038 2408 2222 2465 Romae
2248 2411 2306 2466 S.
2343 2418 2367 2457 κ
2401 2408 2615 2466 Genesii
2651 2412 2924 2482 martyris.
2961 2412 3024 2466 ι).
3046 2451 3061 2479 ,
3096 2414 3283 2468 Natale.
3307 2414 3367 2467 S.
3392 2412 3611 2468 Geticsii

1730 2528 1812 2581 SM
1825 2528 1932 2582 ITII
1973 2526 2195 2582 ΝΟΤιΕ.

351 2621 534 2689 gessit.
564 2619 663 2684 Qui
697 2617 1100 2689 Rotomagensis
1125 2618 1408 2689 episcopus
1434 2617 1583 2683 juxta
1632 2617 1753 2683 Pagi
1784 2618 1936 2689 ordi-

351 2700 508 2743 natus
547 2698 788 2743 estanno
812 2688 948 2753 640;
979 2689 1123 2742 omni
1148 2689 1338 2741 virtute
1366 2688 1562 2751 clarus,
1589 2688 1932 2753 monasteria,

350 2759 631 2822 ecclesias,
656 2759 1092 2827 xenndncbiaque
1120 2758 1392 2821 fundavit;
1430 2767 1483 2810 et
1512 2772 1605 2824 per
1634 2771 1804 2811 annos
1831 2771 1934 2811 non

353 2843 550 2899 paucos
579 2829 818 2882 eamdem
849 2829 1162 2899 gubernavit
1209 2829 1507 2899 ecclesiam.
1541 2828 1823 2899 Defunctus
1854 2842 1939 2880 sc-

352 2898 657 2967 peliebatur
688 2899 738 2951 in
782 2899 1104 2952 monasterio
1133 2898 1192 2951 S.
1226 2898 1363 2950 Petri
1408 2898 1460 2951 in
1490 2899 1741 2950 subiirbiu
1776 2898 1937 2951 Hoto-

358 2970 616 3039 iuagensi,
649 2969 911 3037 hodieque
942 2968 1266 3024 celebriisub
1290 2968 1456 3035 ipsius
1478 2967 1535 3021 S.
1570 2968 1807 3039 Audoeni
1842 2982 1938 3021 no-

353 3038 516 3093 mine.
537 3039 704 3093 Verus
733 3041 845 3093 dies
876 3042 1030 3101 huius
1050 3040 1214 3091 sancti
1244 3039 1557 3092 emortualis
1584 3038 1791 3091 videtur
1817 3052 1937 3092 esse

2044 2632 2202 2682 supra
2236 2617 2374 2683 vide,
2406 2633 2436 2671 e
2468 2616 2598 2671 vivis
2627 2616 2877 2670 excessit.
2931 2615 3005 2669 De
3033 2631 3172 2668 anno
3200 2625 3378 2670 autem
3420 2620 3605 2675 niortis

2044 2688 2365 2757 assignando
2394 2702 2579 2757 magna
2611 2696 2694 2740 est
2721 2686 3039 2745 difficultas;
3066 2702 3245 2757 verum
3276 2704 3339 2740 ex
3370 2687 3453 2752 iis,
3484 2704 3603 2757 qua:

2051 2757 2103 2810 in
2129 2756 2392 2809 Cbr0iiico
2426 2756 2635 2810 Damasi
2663 2771 2789 2808 sana
2819 2766 2976 2820 suot,
3008 2756 3220 2824 quando
3249 2760 3357 2821 agit
3382 2759 3449 2812 de
3470 2756 3599 2812 Cor-

2045 2826 2186 2881 nelio
2231 2837 2281 2880 et
2322 2827 2594 2895 Stephano
2617 2866 2632 2890 ,
2685 2836 2891 2890 tempus
2937 2842 3041 2893 quo
3071 2826 3212 2879 sedit
3241 2826 3433 2881 Lucius
3465 2829 3604 2882 inter

2045 2909 2330 2963 utrumque
2355 2938 2369 2958 ,
2414 2901 2544 2951 satis
2572 2907 2719 2950 certo
2759 2897 2956 2964 colligit
2998 2895 3313 2950 Pearsonius
3338 2899 3388 2950 iii
3419 2901 3602 2951 aiinal.

2045 2965 2398 3037 Cypriauicis.
2457 2967 2586 3020 Nam
2635 2967 2915 3037 Cornelius
2941 2967 3089 3033 juxta
3122 2966 3249 3020 illud
3303 2967 3604 3037 Clirouiciui

2043 3037 2293 3095 decessit.
2326 3036 2478 3091 Gallo
2507 3052 2544 3091 tt
2598 3045 2653 3090 et
2688 3036 2972 3089 Volusiano
3020 3037 3347 3102 consulibus,
3382 3036 3480 3092 hoc
3526 3050 3608 3094 est

350 3110 600 3163 omnibus
646 3111 873 3177 ignotus.
926 3108 1249 3179 Fridegodus
1277 3118 1452 3160 tamen
1484 3110 1695 3160 natione
1740 3108 1941 3179 Anglus
1970 3118 2013 3179 ε
2048 3122 2188 3179 anno
2222 3106 2354 3172 13.2;
2386 3107 2685 3179 Stephanus
2728 3106 3005 3179 ordinatus
3033 3116 3115 3179 est
3143 3109 3435 3160 secundum
3470 3110 3607 3163 idem

350 3180 638 3233 arbitratus
664 3176 746 3233 est
772 3179 1081 3233 Audoenum
1112 3192 1143 3230 e
1166 3178 1300 3230 vivis
1333 3178 1627 3231 excessisse
1654 3192 1707 3230 ix
1741 3176 1938 3230 Kalen-

351 3251 449 3303 das
475 3251 749 3319 Septemb.
778 3250 1081 3311 Dominica;
1107 3247 1198 3300 sed
1229 3262 1294 3300 eo
1321 3248 1404 3300 die
1435 3259 1671 3319 iiiortuus
1699 3263 1804 3301 non
1824 3258 1937 3319 est,

351 3336 469 3374 cum
498 3316 825 3388 Fi‘idegodus
870 3320 982 3388 ipse
1013 3325 1238 3373 testetur
1266 3331 1387 3371 eum
1416 3316 1615 3388 abiisse
1642 3333 1782 3369 anno
1811 3316 1937 3388 677,

352 3392 432 3445 vel
455 3392 600 3458 juxta
624 3387 754 3443 Gud.
791 3390 886 3444 Ms.
919 3387 1159 3453 678;et,
1183 3402 1303 3442 cum
1332 3396 1382 3439 ut
1415 3387 1532 3440 dies
1573 3402 1694 3440 xxiv
1720 3387 1938 3452 Augusti

352 3463 424 3514 sit
479 3461 804 3525 Dominicus,
859 3473 1080 3513 necesse
1126 3460 1217 3523 sit,
1265 3466 1322 3511 ut
1367 3458 1416 3509 in
1448 3472 1605 3510 cursu
1651 3463 1721 3509 sit
1766 3458 1940 3510 littera

357 3532 416 3593 Ε,
446 3545 565 3600 quae
599 3533 649 3584 in
681 3543 927 3585 neutrum
972 3544 1167 3581 annum
1199 3528 1382 3600 incidit
1424 3537 1545 3600 ante
1572 3543 1658 3600 an.
1686 3527 1811 3600 682,
1836 3542 1941 3593 quo

353 3597 527 3655 tamen
561 3616 743 3655 mense
769 3603 1004 3669 Augusto
1032 3600 1211 3653 adhuc
1241 3599 1292 3653 iii
1337 3598 1467 3650 vivis
1494 3606 1609 3651 erat
1631 3597 1937 3652 Audoenus.

353 3669 486 3725 Vide
520 3671 638 3739 Pagi
668 3672 950 3735 annub‘S/r,
981 3686 1077 3724 xx.

426 3738 800 3814 {Martyrum
854 3741 954 3814 Qui
1006 3746 1142 3814 passi
1176 3748 1299 3814 sunt
1330 3748 1566 3814 tempore
1598 3738 1858 3792 Valeriani
1889 3746 1943 3793 et

353 3808 598 3865 Gallieni.
634 3808 829 3865 Ferunt
851 3812 989 3865 enim
1023 3813 1162 3865 inter
1192 3811 1293 3863 alia
1317 3810 1571 3878 supplicia
1599 3817 1723 3862 tunc
1754 3825 1783 3861 a
1809 3824 1940 3873 prte-

352 3882 766 3935 side'clibanum
819 3883 978 3936 calcis
1035 3896 1336 3946 accensum,
1391 3891 1445 3933 et
1498 3879 1638 3932 inter
1663 3894 1757 3931 ora
1803 3879 1942 3933 illius

358 3967 552 4018 prunas
599 3968 719 4006 cuin
775 3954 930 4006 thure
982 3953 1269 4014 exhibitas,
1310 3959 1364 4003 et
1420 3950 1696 4018 praesidem
1744 3948 1942 4003 dixisse

354 4020 704 4075 Christianis:
743 4022 931 4087 Etigite
956 4037 985 4075 e
1014 4022 1221 4076 duobus
1253 4036 1438 4088 unum,
1472 4029 1561 4071 aut
1590 4020 1741 4072 thura
1785 4033 1942 4086 super

361 4092 442 4145 liis
470 4093 792 4146 carbonibus
817 4091 1001 4146 offerte
1030 4091 1166 4152 .Iovi,
1198 4100 1289 4145 aut
1328 4092 1379 4143 in
1421 4091 1621 4144 calcem
1673 4090 1938 4158 demergi-

359 4162 510 4219 mini.
560 4162 711 4215 'l‘unc
754 4165 974 4215 trecenti
1002 4163 1098 4215 viri
1131 4162 1234 4216 fide
1256 4161 1447 4214 armati
1478 4175 1535 4214 se
1573 4159 1681 4213 ictu
1712 4165 1940 4227 rapidis-

354 4234 493 4286 simo
524 4230 789 4285 Christum
823 4236 1046 4288 fatentes
1090 4233 1337 4300 jecerunt
1386 4234 1437 4284 in
1464 4232 1693 4301 ignem,
1727 4240 1783 4283 et
1809 4233 1943 4283 inter

358 4315 581 4368 vapores
608 4304 767 4356 calcis
797 4302 1029 4369 pulverei
1071 4299 1188 4355 sunt
1247 4299 1499 4355 demersi.
1524 4299 1623 4353 ‘Ex
1653 4315 1757 4369 quo
1783 4302 1941 4354 etiam

358 4370 596 4424 Candida
628 4372 796 4426 Massa
822 4373 1014 4425 meruit
1044 4370 1333 4435 nuncupari
1365 4371 1677 4424 candidatus
1709 4371 1793 4424 ille
1818 4373 1942 4424 bea-

358 4452 528 4493 torum
560 4445 846 4498 exercitus.
878 4443 1011 4496 Aoo.
1045 4442 1328 4495 llmomus.

2046 3177 2387 3237 Cteronicou,
2433 3175 2720 3229 Volusiano
2772 3176 2810 3228 ΙΙ
2860 3185 2913 3229 et
2959 3176 3187 3230 Maximo
3222 3179 3370 3240 ρος..
3424 3179 3472 3232 id
3526 3193 3607 3233 est

2044 3261 2186 3299 anno
2224 3247 2348 3301 22:5.
2391 3248 2573 3314 Neque
2619 3249 2760 3298 enim
2808 3247 2947 3299 inter
2997 3246 3220 3306 primum
3259 3247 3527 3304 Volu-iani
3557 3263 3611 3304 et

2045 3318 2338 3369 secundum
2387 3318 2503 3382 ejus
2551 3317 2885 3369 consulatum
2928 3316 3015 3367 alii
3061 3316 3308 3370 consules
3353 3318 3403 3371 in
3436 3319 3604 3374 Fastis

2046 3385 2327 3440 habentur.
2379 3388 2554 3452 Quare
2589 3386 2780 3438 Lucius
2803 3401 2942 3437 anno
2973 3386 3159 3453 elapso
3183 3396 3300 3453 post
3322 3389 3600 3442 dei-essum

2044 3455 2274 3510 Cornelii
2304 3458 2599 3521 ordinatus,
2638 3466 2761 3508 ante
2790 3454 3151 3523 pontificatum
3185 3458 3439 3522 Stephani
3466 3474 3607 3512 anno

2042 3525 2149 3581 253
2198 3527 2446 3581 decessit.
2502 3527 2831 3591 Nicephorus
2854 3566 2871 3590 ,
2905 3540 2977 3589 vt,
3009 3528 3059 3590 7,
3092 3528 3234 3580 sedis
3269 3528 3414 3581 Lucii
3444 3531 3603 3581 dura-

2046 3601 2241 3651 tionem
2295 3608 2543 3652 accurate
2590 3598 2822 3658 notavit;
2875 3596 2950 3648 ait
2993 3597 3169 3649 enim:
3224 3597 3335 3650 Non
3389 3600 3607 3665 integris

2043 3677 2247 3734 septem
2279 3669 2549 3722 mensibus
2582 3668 2807 3721 ecclesia
2841 3666 3232 3733 administrata,
3275 3669 3601 3736 Sleph.iltllltt

2047 3737 2227 3791 habuit
2251 3753 2636 3791 successorem.
2662 3738 2835 3806 Aliqui
2865 3738 3021 3788 lioil'ie
3046 3742 3330 3803 quamdam
3365 3742 3420 3791 δ.
3460 3740 3603 3792 Lucii

2046 3810 2446 3862 translationem
2495 3809 2786 3862 celebrant.
2840 3809 2909 3860 Ita
2956 3820 3141 3860 anetor
3190 3811 3287 3862 Ms.
3336 3809 3603 3862 Florarii:

2046 3877 2346 3931 'l'rauslatio
2391 3891 2696 3933 sanetorum
2728 3878 3030 3944 pontificum
3082 3879 3223 3931 Lucii
3273 3894 3441 3946 papae,
3468 3891 3600 3945 etc.,

2044 3946 2473 4019 Martyrologium
2512 3952 2609 4002 sub
2640 3951 2853 4002 nomine
2880 3948 3100 4019 Usuardi
3132 3948 3364 4002 Coloniae
3388 3962 3438 4001 et
3463 3951 3601 4001 aliud

2045 4016 2269 4072 Lubecte
2336 4016 2454 4072 eum
2510 4018 2794 4072 doctrinali
2844 4018 3199 4081 clericorum,
3255 4034 3396 4071 anno
3443 4020 3602 4078 H90,

2044 4102 2259 4152 excusa,
2301 4089 2396 4141 ista
2454 4090 2685 4142 habent:
2732 4087 2784 4141 In
2846 4090 2949 4141 ttae
2973 4102 3034 4150 a,
3070 4092 3120 4140 in
3145 4088 3370 4140 ecclesia
3401 4087 3609 4142 Roskil-

2043 4158 2194 4211 densi
2222 4161 2497 4213 translatio
2527 4160 2586 4212 ὃ.
2621 4159 2766 4212 Lucii
2801 4174 2948 4224 papie
2972 4169 3023 4210 «τι
3048 4161 3315 4227 martyris.
3349 4159 3605 4212 Ilertuaii-

2045 4243 2144 4281 iius
2190 4228 2397 4284 Greven
2446 4231 2496 4282 in
2538 4231 2649 4283 suis
2693 4232 2756 4281 ad
2793 4227 3088 4281 Usuarduiu
3119 4228 3473 4282 additiunibus
3503 4229 3600 4282 ista

2045 4295 2112 4349 ita
2151 4300 2458 4367 re~triugitz
2490 4299 2788 4353 Translatio
2830 4298 3018 4361 capitis
3070 4298 3129 4352 S.
3174 4297 3317 4351 Lucii
3374 4313 3521 4366 papa:
3552 4309 3605 4351 ct

2045 4374 2293 4439 mariyris
2318 4372 2384 4423 ab
2413 4372 2543 4423 urbe
2581 4371 2747 4423 itoma
2785 4370 2835 4422 iii
2868 4368 3077 4421 Daciam
3108 4370 3171 4421 ad
3198 4370 3476 4422 ecclesmiu
3507 4370 3603 4422 Ro-

2044 4440 2425 4510 scbildensem.
2479 4442 2612 4494 Duas
2654 4443 2714 4495 ὃ.
2756 4442 3049 4510 Cyprianus
3091 4455 3155 4494 ex
3185 4440 3607 4510 Africascripsit

430 4508 457 4547 δ
501 4514 701 4567 Atti-etv.
757 4513 828 4565 Ea
884 4526 1033 4577 passa
1084 4512 1310 4566 habetur
1360 4520 1598 4576 tempore
1646 4509 1931 4565 Alexandri
1966 4503 2012 4560 D
2038 4509 2096 4563 S.
2142 4509 2302 4563 Lucio
2354 4510 2616 4577 Episuilas
2643 4550 2657 4574 ,
2701 4503 2969 4578 priorem,
3003 4524 3120 4563 cum
3152 4514 3217 4563 ad
3244 4503 3603 4574 pontiticatuiu

363 4580 699 4648 imperatoris
729 4584 828 4635 sub
862 4582 1085 4648 Ulpiauo
1115 4581 1389 4648 praefecto.
1432 4578 1586 4647 Viget
1613 4580 1785 4632 adhuc
1814 4581 1931 4650 ejus

360 4651 610 4705 memoria
638 4652 702 4704 ad
730 4652 863 4707 ostia
884 4653 1156 4713 Tiberina,
1177 4651 1262 4705 ubi
1285 4660 1335 4704 et
1353 4663 1516 4702 sacra:
1539 4664 1656 4716 ejus
1689 4651 1929 4719 reliquiae

357 4730 716 4775 reservantur.

434 4802 454 4827 ο
488 4790 774 4845 lthedanis.
810 4792 996 4846 Melius
1028 4792 1336 4853 Rotomago.

428 4858 453 4897 ά
486 4860 710 4915 Gencaii.
761 4864 999 4930 Quatuor
1048 4872 1170 4915 sunt
1222 4859 1570 4927 cognomines
1602 4859 1809 4930 sancti,
1840 4861 1930 4928 qui

365 4931 414 4983 in
442 4930 739 4997 Aquitania:
771 4929 1076 5001 regionibus
1107 4932 1438 4984 honorantur
1465 4947 1477 4982 :
1511 4930 1563 4982 in
1589 4929 1774 4997 primis
1799 4934 1931 5001 Are-

360 5001 575 5072 latensis
609 5002 739 5072 _i|le.
794 5000 860 5056 de
898 5018 1003 5072 quo
1061 5002 1144 5054 hic
1174 5001 1395 5072 _agitur._
1448 5001 1743 5072 Alterrest
1776 5000 1928 5072 itiius

361 5070 579 5125 Tbierni
608 5069 894 5135 Tutelaris,
918 5069 992 5126 'de
1021 5087 1126 5141 quo
1157 5070 1327 5141 Greg.
1358 5070 1557 5123 Turou.
1592 5071 1681 5123 lib.
1714 5070 1780 5122 de
1803 5070 1929 5124 Glo-

359 5141 446 5211 ria
477 5149 767 5211 martyrum
817 5157 935 5207 cap.
962 5137 1052 5209 77,
1106 5137 1495 5211 cujus’festuin
1546 5140 1844 5194 celebratur
1880 5158 1927 5211 Av

356 5208 473 5262 Kal.
502 5208 634 5262 Nov.
666 5211 882 5265 Tertius
911 5224 989 5265 est
1019 5208 1304 5279 episcopus
1334 5208 1792 5264 Claroinontetisis
1813 5252 1827 5273 ,
1860 5209 1929 5266 de

356 5296 459 5345 quo
482 5281 626 5334 Ordo
658 5296 715 5336 tu
742 5282 877 5336 Non.
911 5282 1059 5346 Julii,
1106 5292 1159 5334 et
1198 5284 1479 5349 Catalogus
1524 5283 1923 5347 episcoiioruin.

359 5349 581 5404 Ultimus
626 5363 709 5405 est
750 5350 942 5405 Comes
994 5352 1357 5414 Claromout.,
1414 5352 1479 5404 de
1511 5367 1615 5418 quo
1645 5351 1928 5419 Catalogiis

356 5423 658 5486 t'ottiitum,
715 5422 838 5475 hist.
890 5423 947 5475 S.
997 5422 1237 5486 l’ricjccti
1289 5432 1341 5474 et
1391 5423 1449 5475 S.
1488 5421 1681 5484 Boniti,
1730 5420 1924 5474 Labbei

357 5489 486 5544 Bibl.
537 5493 694 5557 Nov.,
743 5508 799 5555 ii,
848 5492 970 5545 7I9.
1011 5492 1137 5545 Vide
1160 5492 1312 5558 nujus
1343 5495 1470 5545 Acta
1517 5492 1655 5559 apud
1686 5492 1922 5555 Suriuiu,

352 5570 569 5615 auctore
595 5562 812 5616 Paulino
832 5562 1035 5616 Nolano
1062 5562 1340 5628 episcopo,
1363 5572 1417 5614 et
1441 5560 1685 5631 ejusdem
1722 5561 1927 5631 insigne

354 5632 663 5710 iniraruluui
708 5648 737 5687 a
793 5633 854 5685 Β.
906 5633 1105 5686 Hilario
1149 5632 1449 5686 Arelatensi
1504 5632 1754 5701 episcopo
1797 5646 1926 5687 con-

352 5713 627 5768 scriptum.

427 5780 447 5807 ο
484 5771 646 5826 Lucii.
697 5772 790 5827 llic
842 5788 944 5829 non
992 5771 1178 5841 hodie,
1235 5770 1327 5828 scd
1351 5770 1435 5827 die
1466 5786 1516 5826 tv
1549 5770 1737 5839 Martii,
1766 5786 1921 5842 quem

2039 4591 2343 4649 assumptus
2368 4593 2509 4635 esset
2535 4620 2552 4643 ,
2600 4597 2762 4648 quam
2794 4582 3036 4633 dolemus
3068 4580 3317 4647 periisse;
3346 4581 3604 4647 posterio-

2034 4664 2147 4703 rem
2180 4667 2322 4713 vero,
2376 4666 2495 4704 cum
2523 4652 2589 4703 ab
2630 4653 2823 4704 exsilio
2866 4650 3086 4703 Romam
3143 4665 3389 4702 reversus
3434 4660 3598 4714 esset,

2036 4730 2091 4772 ut
2116 4723 2162 4774 ei
2191 4735 2310 4773 cuin
2342 4722 2561 4788 collegis
2589 4721 2849 4773 Africanis
2879 4719 3107 4771 reditum
3133 4721 3509 4785 gratularetur.

2108 4787 2125 4825 ῐ
2158 4787 2540 4845 Bartholomaéi.
2596 4790 2672 4844 De
2720 4790 2821 4842 hoc
2867 4798 2920 4842 et
2962 4793 3019 4842 ὃ.
3069 4795 3245 4842 Aurea
3292 4793 3411 4843 vide
3456 4790 3599 4843 diem

2032 4861 2442 4927 ρτωρθασοιιιειιι.

2104 4938 2130 4976 κ
2159 4928 2381 4982 Genesii.
2434 4929 2528 4983 Hic
2558 4938 2613 4984 et
2642 4928 2808 4996 pridie
2836 4929 3058 4994 colitur,
3116 4929 3202 4981 tibi
3253 4929 3406 4982 miles
3437 4929 3602 4985 fuisse

2030 4996 2257 5067 dicitur;
2288 4999 2382 5054 sed
2406 5010 2615 5053 constat
2652 5015 2717 5053 ex
2746 5002 2858 5067 ejus
2886 5002 3033 5053 Actis
3054 5001 3192 5067 apud
3226 5002 3437 5053 Suriiiin
3469 5012 3599 5054 toni.

2029 5064 2093 5120 IV
2126 5070 2283 5123 editis
2307 5109 2322 5134 ,
2369 5086 2487 5122 eum
2553 5071 2715 5123 fuisse
2761 5064 3014 5133 minium.
3044 5064 3101 5124 et
3128 5072 3250 5122 dum
3285 5071 3335 5123 in
3371 5076 3598 5138 theatro,

2029 5153 2135 5205 quo
2185 5142 2352 5209 magis
2399 5141 2630 5207 placeret
2677 5140 3003 5193 Diocletiano
3049 5144 3218 5206 iinp.,
3271 5140 3600 5195 Christianos

2030 5210 2163 5261 ritus
2193 5211 2492 5264 irridetidus
2520 5210 2794 5265 exhiberet
2820 5249 2835 5272 ,
2868 5220 2922 5264 et
2948 5226 3082 5279 aqua
3109 5212 3217 5263 ticti
3267 5211 3597 5279 baptismatis

2033 5282 2457 5345 perfunderetur,
2487 5282 2631 5335 illico
2659 5281 2925 5333 Christum
2962 5295 3084 5333 vere
3123 5281 3427 5335 confessum
3455 5296 3596 5345 esse,

2028 5360 2081 5421 et
2116 5351 2233 5421 ideo
2265 5355 2520 5421 martyrio
2548 5363 2883 5405 coionatum.
2933 5350 3275 5404 Cont'uiiduut
3307 5352 3449 5405 hunc
3478 5370 3599 5421 cuin

2028 5417 2259 5473 Genesio
2283 5417 2579 5475 Arelatensi
2629 5422 2957 5475 Monibritius
2984 5430 3039 5474 et
3072 5420 3212 5473 l’etr.
3245 5421 3311 5474 de
3346 5424 3461 5473 Nat.
3496 5420 3603 5474 Ro-

2028 5504 2127 5540 ma:
2155 5491 2375 5544 illustris
2424 5506 2503 5544 εει
2536 5508 2787 5546 memoria
2822 5492 2977 5559 hujus
3008 5492 3219 5546 Genesii
3240 5530 3255 5554 ,
3291 5508 3443 5561 quain
3471 5490 3605 5547 Gre-

2026 5574 2205 5625 gorius
2248 5577 2377 5628 papa
2427 5561 2639 5615 Tertius
2687 5564 3035 5624 instauravit,
3082 5570 3241 5630 atque
3289 5565 3596 5616 muneribus

2026 5642 2336 5700 exornavit,
2392 5639 2447 5683 ut
2484 5642 2692 5686 constat
2738 5647 2801 5685 ex
2855 5634 2945 5684 tib.
2993 5638 3061 5686 de
3106 5634 3260 5685 ltum.
3320 5636 3505 5700 poutrt'.
3542 5642 3592 5687 ιιι

2027 5698 2213 5753 eodem
2241 5702 2497 5769 Gregorio
2520 5702 2722 5757 Tertio.
2778 5701 2886 5757 Sub
2918 5702 3161 5757 Plutiauo
3192 5698 3445 5769 praefecto
3476 5721 3595 5772 pas-

2027 5786 2115 5821 sus
2143 5781 2245 5829 est.
