4110 6448
568 298 704 353 lot9

1303 295 1503 351 ΒΕΒᾸΞ
1546 294 1996 349 VENERABILIS
2030 293 2181 348 OPP.
2226 294 2400 348 PARS
2438 292 2525 348 ιν.
2565 324 2625 333 —
2667 288 3048 347 lllSTOlllCA.

3694 291 3823 343 IO‘ZU

1797 407 2020 462 EDlTlO
2058 403 2517 460 COLONIENSIS.

566 519 664 558 nus
696 498 996 572 presbyter,
1021 508 1075 554 et
1106 498 1368 568 sepelivit.
1405 499 1533 553 ltem
1566 500 1736 553 sancti
1758 500 1968 554 Genesii
1997 500 2123 553 Are-
2162 504 2208 559 Α
2240 511 2355 552 rum
2390 511 2601 566 quoque
2645 510 2873 567 corpora
2920 495 3113 549 levavit
3159 494 3399 551 Justinus
3433 496 3733 566 presbyter,
3762 507 3817 551 et

567 592 802 654 Iatensis,
850 591 937 659 qui
988 590 1040 643 in
1086 589 1197 658 ripa
1252 587 1494 643 Rhodani
1526 588 1759 644 [luminis
1815 590 2131 653 decollatus,

566 693 619 739 et
664 684 876 754 preprio
918 698 1104 738 cruore
1152 683 1473 752 baptizatus,
1522 684 1761 755 martyrii
1796 684 2016 753 gloriam
2048 700 2133 738 ac-

565 776 721 843 cepit.
757 774 954 827 Eodem
992 773 1078 828 die
1108 775 1278 827 sancti
1305 773 1566 828 Sandradi
1609 775 1837 830 abbatis.

634 864 700 918 G.
744 864 825 917 Vll
867 864 1103 919 Ktho.
1166 865 1435 920 Sensus.
1479 865 1663 919 Roma:
1708 866 1877 920 sancti
1926 864 2137 931 Zeplie-

564 957 665 1011 riui
699 971 868 1024 papae,
918 956 1005 1027 qui
1044 959 1183 1011 rexit
1212 957 1491 1012 ecclesiam
1540 973 1707 1011 annos
1751 966 1895 1023 octo,
1927 971 2136 1011 menses

557 1060 781 1116 septem,
812 1047 927 1101 dies
970 1047 1180 1102 decem.
1214 1048 1307 1101 llic
1346 1046 1620 1103 constituit
1667 1058 1725 1103 ut
1779 1048 2135 1117 praesentibus

557 1137 803 1193 omnibus
837 1138 1047 1192 clericis
1097 1146 1151 1192 et
1205 1138 1354 1193 laicis
1385 1138 1655 1205 ﬁdelibus,
1711 1139 1825 1195 sive
1856 1139 2134 1204 diaconus,

558 1228 675 1285 sive
703 1229 955 1284 sacerdos
980 1230 1344 1295 ordinaretur,
1390 1239 1445 1285 et
1494 1222 1794 1285 astantibus
1840 1230 2134 1284 sacerdoti-

564 1325 661 1377 bus
721 1323 898 1377 missa!
944 1322 1366 1378 celebrarentur.
1423 1322 1551 1379 ltem
1603 1323 1781 1379 natale
1828 1333 2133 1377 sanctorum

561 1414 724 1469 Irenei
755 1423 807 1469 et
835 1414 1060 1468 Abundii
1092 1414 1299 1481 Romae,
1332 1429 1469 1485 quos
1499 1414 1726 1469 Deciana
1761 1415 2131 1485 persecutione

558 1503 720 1574 jussit
755 1504 1060 1559 Valerianus
1090 1504 1395 1571 incloacari,
1448 1519 1513 1559 eo
1561 1504 1703 1576 quod
1734 1518 1928 1574 corpus
1967 1503 2136 1558 beatae

556 1595 869 1651 Concordia:
905 1597 957 1650 in
992 1595 1226 1651 cloacam
1255 1596 1475 1650 missum
1522 1597 1850 1652 levaverunt.
1889 1596 1954 1650 Et
1992 1597 2136 1664 ipso-

2245 589 2487 657 sepelivit
2526 591 2580 643 in
2609 598 2793 659 crypta
2822 588 2969 657 juxta
3013 589 3221 641 beatum
3267 587 3632 641 Laurentium.
3661 588 3814 657 Apud

2250 680 2612 746 Victimilium,
2645 689 2877 733 castrum
2912 679 3096 742 ltatiie,
3137 677 3306 732 sancti
3336 677 3569 733 Secundi
3618 688 3813 749 marty-

2247 775 2320 830 ris
2341 786 2407 828 ex
2439 773 2646 840 legione
2676 771 3038 826 Thebeorum.
3072 768 3141 823 Et
3188 770 3457 840 Pergamis
3495 770 3662 823 sancti
3696 770 3818 824 Ale-

2244 864 2431 919 xandri
2464 863 2733 933 martyris,
2764 863 2853 931 qui
2884 870 2939 916 et
2968 861 3084 929 ipse
3124 871 3241 915 erat
3280 876 3344 915 ex
3376 861 3584 930 legione
3624 862 3814 929 praedi-

2245 964 2451 1009 ctorum
2482 961 2811 1018 sanctorum,
2852 953 2939 1022 qui
2983 950 3337 1005 decollatione
3370 952 3676 1019 martyrium
3717 966 3811 1007 ex-

2245 1045 2428 1113 plcvit.

2315 1141 2381 1192 A.
2425 1134 2486 1189 Vl
2526 1135 2770 1189 humu.
2822 1133 3094 1188 Serrana.
3157 1132 3306 1199 Apud
3352 1131 3583 1196 Capuam
3640 1134 3815 1189 natalc

2242 1228 2410 1282 sancti
2441 1226 2555 1281 [tuli
2600 1225 2870 1296 martyris,
2903 1239 3059 1291 quem
3093 1225 3279 1278 beatus
3324 1223 3643 1292 Apollinaris
3673 1224 3813 1278 Petri

2241 1318 2466 1387 apOStoli
2509 1317 2801 1384 discipulus
2855 1300 3033 1369 docuit
3058 1325 3111 1369 et
3161 1314 3467 1380 baptizavit,
3506 1329 3624 1367 cum
3666 1326 3813 1370 esset

2244 1409 2381 1463 idem
2414 1407 2582 1462 liul'ns
2615 1408 2851 1477 patriciae
2895 1405 3191 1476 dignitatis.
3242 1405 3459 1459 Themis
3505 1413 3811 1459 sanctorum

2242 1512 2532 1573 martyrum
2564 1500 2853 1556 Marcellini
2889 1499 3106 1564 tribuni,
3135 1507 3189 1554 et
3211 1500 3389 1554 uxoris
3416 1500 3530 1568 ejus
3550 1500 3811 1563 Mannete,

2244 1602 2299 1648 et
2330 1593 2427 1647 lilii
2470 1592 2637 1661 ipsius
2662 1591 2882 1647 Joannis
2924 1599 2976 1645 et
3006 1589 3316 1660 Serapionis
3342 1589 3541 1655 clerici,
3586 1600 3638 1644 et
3669 1590 3809 1645 Petri

1800 1685 2019 1740 EDlTlO
2062 1682 2557 1739 BOLLANDIANA.

564 1776 853 1844 martyris:
886 1774 969 1844 qui
1012 1775 1156 1844 prius
1203 1774 1253 1827 in
1304 1775 1435 1829 urbe
1479 1776 1839 1830 mimitemelae
1867 1776 1999 1830 artis
2025 1791 2137 1829 ma-
2176 1780 2218 1837 Β
2255 1774 2395 1828 vavit
2429 1772 2448 1811 ί
2478 1771 2717 1827 Justinus
2767 1773 3063 1841 presbyter,
3136 1781 3188 1827 et
3228 1773 3473 1842 sepelivit
3521 1773 3571 1827 in
3624 1783 3808 1844 crypta

569 1846 738 1916 gister
768 1844 883 1898 fuit.
919 1846 1001 1905 Β..
1034 1847 1085 1897 In
1116 1845 1267 1914 Syrla
1310 1846 1481 1916 natale
1501 1847 1557 1899 S.
1590 1847 1614 1873 ⁸³
1636 1845 1823 1913 juliaui
1861 1846 2131 1916 martyris.

562 1917 616 2003 lu
640 1914 819 2003 capue
843 1916 1063 2003 civitate
1084 1915 1588 2003 Ua‘lnpt'l'ttltﬁ'nalfl‘lp
1633 1916 1730 1996 SS.
1765 1916 1945 2003 Ruﬁni.
1971 1914 2135 2003 et‘lg-

565 1985 640 2038 lii.
692 1984 975 2039 llermetis.
1027 1986 1087 2038 Β.
1140 1987 1205 2038 Α.
1256 1985 1344 2052 Τ.,
1400 1984 1453 2038 Ιιι
1504 1985 1754 2053 Hispania
1806 1987 1983 2041 natale
2031 1986 2131 2041 SS.

562 2064 853 2135 martyrum
899 2054 1037 2135 ³ῐιιδιί
1080 2065 1131 2135 e_t
1171 2054 1424 2135 liastoris.
1600 2056 1655 2135 ιιι
1686 2056 1823 2135 ηειβο
1853 2056 2133 2135 Viroman-

560 2123 714 2207 densi
770 2126 946 2207 natale
996 2123 1541 2207 S....b_llut.tegu_ndi§‘
1583 2126 1823 2207 virginis.
1886 2126 2004 2207 ipso
2043 2126 2136 2207 die

564 2195 743 2279 natale
770 2196 827 2248 S.
856 2205 877 2232 ο
906 2195 1085 2279 A‘redii
1115 2194 1342 2279 abbtis.
1386 2199 1475 2279 A.,
1500 2194 1834 2279 Tmnutarias
1870 2196 2137 2265 depositio

562 2266 622 2319 S.
656 2264 1002 2333 Hunegtutdis
1039 2264 1278 2334 virginis.
1311 2264 1371 2320 L.
1400 2266 1573 2320 locum
1600 2267 1811 2322 reticet.

627 2396 721 2452 ‘26.
740 2425 811 2437 ——
834 2396 918 2449 Vll
942 2396 1075 2451 ΚΑι..
1111 2397 1293 2449 Romae
1316 2399 1489 2449 natale
1512 2396 1611 2452 SS.
1641 2396 1831 2451 Erenei
1865 2404 1921 2451 et
1946 2396 2134 2451 Abun-

564 2488 672 2553 dii;
706 2502 839 2555 quos
888 2490 916 2530 ἀ
961 2488 1184 2542 Deciana
1234 2487 1603 2556 persecutione
1627 2486 1788 2557 jussit
1826 2487 2135 2542 Valerianus

572 2580 956 2646 incloacari,eo
983 2580 1121 2648 quod
1145 2594 1337 2646 corpus
1371 2579 1429 2632 Β.
1457 2588 1480 2616 ο
1506 2578 1788 2633 Concordii
1810 2582 1859 2632 in
1891 2581 2130 2633 cloacam

565 2675 784 2729 missum
810 2673 1140 2729 levaverunt.
1194 2672 1259 2725 Et
1289 2672 1524 2741 ipsorum
1557 2686 1769 2743 quoque
1800 2686 2026 2739 corpora
2051 2672 2131 2724 le-

2239 1864 2389 1935 juxta
2421 1864 2480 1917 Β.
2512 1863 2880 1917 Laurentium.

2313 1954 2504 2010 Florus
2547 1954 2599 2008 in
2640 1955 2706 2009 A.
2740 1961 2794 2008 et
2822 1953 2913 2016 T.,
2947 1952 3144 2007 Eodem
3174 1952 3263 2007 die
3283 1953 3496 2007 civitate
3517 1952 3808 2007 Thessalo-

2243 2045 2359 2100 nica
2404 2046 2581 2098 natale
2627 2043 2687 2101 S.
2719 2052 2747 2094 tt
2772 2044 3035 2101 Anastasii
3062 2061 3075 2096 :
3106 2043 3203 2098 Hic
3240 2043 3369 2098 fullo
3406 2043 3495 2097 fuit
3517 2086 3531 2108 ,
3564 2044 3657 2098 sed
3685 2044 3808 2099 ﬁdei

2248 2137 2443 2191 merito
2475 2136 2615 2189 inter
2642 2149 2923 2190 numerum
2967 2143 3259 2205 martyrum
3300 2146 3674 2189 annumeratus
3702 2144 3806 2189 est.

2314 2227 2395 2291 L.,
2450 2226 2515 2280 Et
2570 2226 2622 2279 in
2665 2227 2877 2281 civitate
2931 2226 3143 2283 Salonis
3198 2229 3371 2280 natale
3422 2227 3480 2279 S.
3532 2228 3802 2281 Anastasii

2242 2298 2515 2367 martyris.
2564 2297 2653 2363 V.,
2700 2298 2848 2351 alibi.
2895 2296 2981 2358 C.,
3030 2297 3083 2349 ln
3126 2298 3338 2350 civitate
3365 2296 3675 2367 Saloua.V.
3709 2298 3795 2361 (3.,

2240 2366 2425 2422 Natale
2456 2370 2516 2423 ὃ.
2552 2369 2839 2431 Anastasii,
2874 2368 2957 2420 hic
2988 2367 3115 2419 fullo
3143 2376 3195 2420 et
3226 2376 3421 2436 martyr
3450 2366 3564 2422 fuit.
3594 2366 3617 2401 δ
3640 2367 3799 2433 Quin-

2239 2437 2329 2491 tini
2366 2436 2633 2507 martyris.
2692 2437 2775 2501 8.,
2828 2436 2881 2489 ln
2911 2436 3121 2490 civitate
3147 2436 3337 2507 salona
3363 2439 3535 2492 natale
3562 2436 3619 2490 S.
3652 2440 3791 2490 Ana-

2241 2507 2386 2586 stasii
2438 2506 2711 2586 martyris.
2766 2508 3137 2586 Autissiodoro
3162 2506 3373 2561 civitate
3419 2507 3682 2577 depositio
3733 2507 3793 2563 S.

2245 2576 2262 2614 ί
2301 2576 2591 2631 Eleutlterii
2622 2579 2881 2645 episcopi.

2309 2670 2401 2722 ‘27.
2430 2697 2499 2711 —
2529 2669 2592 2723 Vl
2614 2668 2747 2724 KAL.
2786 2669 2945 2724 Vacat
2969 2669 3145 2727 Baeda.

1932 2761 2136 2816 SMlTll
2176 2759 2399 2816 NOTzE.

638 2867 663 2895 ιι
689 2855 908 2910 Iuliani.
962 2854 1112 2908 Hunc
1158 2863 1442 2922 martyrem
1491 2860 1545 2906 et
1574 2853 1944 2922 presbyterum
1978 2862 2132 2905 vocat

565 2929 710 2982 Petr.
736 2927 803 2979 de
831 2924 1007 2978 Natal.
1041 2939 1116 2983 xl,
1148 2924 1245 2975 ult.
1270 2922 1396 2975 934.

633 2996 659 3033 δ
695 2994 1061 3075 Ηιιιιεριιιιάιε.
1114 2995 1243 3075 Quae
1289 2992 1505 3075 nata.in
1552 2990 2128 3075 pago-Viromandeusi

2236 2852 2391 2904 dibus
2415 2850 2766 2922 _constitutis,
2834 2860 3092 2920 mgrotare
3138 2852 3299 2920 cmpit
3343 2860 3396 2905 et
3443 2861 3560 2922 post
3602 2852 3801 2922 aliquot

2245 2923 2359 2975 dies
2378 2920 2529 2985 obiit,
2562 2936 2751 2992 nempe
2774 2936 2915 2975 anno
2938 2922 3355 2992 lti_Childeberti
3382 2920 3536 2992 regis,
3563 2936 3613 2977 ut
3641 2920 3796 2992 Greg.

2236 2992 2460 3055 Turon.,
2511 3007 2563 3055 ι,
2615 2990 2707 3054 29,
2756 2992 2963 3057 scribit,
3006 2989 3200 3046 Christi
3230 2989 3475 3046 nimirum
3507 2994 3629 3048 591.
3663 3001 3700 3048 A
3735 2989 3795 3050 S.

568 3083 628 3121 es
660 3059 1380 3137 generosisparentibus,__e
1409 3059 1927 3137 baptismatisl'onte
1959 3062 2123 3113 levata
2159 3075 2204 3137 ρ
2237 3061 2486 3137 Ferreolo
2534 3061 2899 3137 Lemovicensj
2938 3063 3190 3137 episcoin
3242 3063 3475 3137 sepultus
3522 3075 3605 3137 est
3632 3064 3683 3117 in
3710 3081 3801 3119 ec-

565 3147 644 3190 est
665 3131 695 3187 Ξι
736 3136 792 3188 Β.
826 3133 993 3201 Eligio
1025 3134 1269 3200 pontilice
1294 3131 1652 3185 Noviomensi.
1704 3132 1890 3185 Adulta
1922 3140 2120 3193 autem,

569 3209 884 3273 desponsata
914 3215 995 3256 est
1013 3205 1218 3257 cuidam
1245 3206 1463 3256 nomine
1494 3201 1771 3273 Eudaldo;
1802 3217 1918 3273 qua:
1948 3212 2122 3255 tamen

567 3270 679 3331 ﬁeri
712 3280 930 3343 cupiens
988 3274 1241 3343 monacha
1262 3316 1275 3338 ,
1326 3287 1582 3341 sponsum
1616 3272 1681 3325 ad
1713 3271 1851 3338 piam
1883 3270 2124 3325 hortatur

566 3342 1081 3416 peregrinationem;
1118 3342 1337 3416 Romam
1368 3343 1525 3416 igitur
1544 3357 1665 3416 curn
1695 3356 1758 3394 eo
1786 3355 2033 3416 pergens,
2062 3350 2124 3416 et

563 3411 589 3467 ἐι
619 3411 746 3483 papa
793 3416 965 3469 velum
1000 3415 1303 3483 postulans,
1354 3412 1421 3466 ab
1450 3428 1514 3465 eo
1549 3413 1721 3483 velum
1754 3428 1871 3465 cum
1902 3411 2122 3483 benedi-

564 3481 738 3539 ctione
786 3481 1011 3551 recepit.
1061 3486 1106 3537 Μ
1146 3486 1341 3538 rtinum
1389 3492 1565 3535 autem
1615 3482 1852 3551 lpapam
1882 3481 2125 3546 designat

573 3556 807 3609 Ecclesia
839 3549 1337 3621 Satn-Quiutinensis
1387 3554 1437 3605 iu
1482 3554 1733 3606 Lectione
1774 3549 1808 3601 4
1840 3552 2115 3605 Breviarii.

563 3627 712 3693 Quod
743 3626 956 3695 quidem
998 3635 1141 3677 stare
1188 3640 1289 3695 non
1338 3624 1555 3695 potuit,
1586 3621 1684 3675 nisi
1715 3622 1918 3695 liligius
1951 3621 2123 3695 prius-

565 3690 723 3763 quam
755 3690 895 3748 esset
934 3696 1216 3761 cpiscopus
1266 3690 1647 3759 Hunegundem
1696 3691 1763 3763 de
1792 3705 1946 3744 sacro
1978 3690 2121 3763 lo_ute

566 3760 837 3818 levavetit.
890 3760 1024 3816 Ante
1061 3764 1201 3816 enim
1247 3765 1359 3817 sedi
1408 3761 1749 3815 Noviomcnsi
1779 3762 1982 3827 praeluit
2012 3760 2121 3814 Eli-

565 3838 703 3901 gius,
735 3850 888 3899 quam
920 3834 1172 3886 Martinus
1200 3835 1470 3886 liornanar.
1514 3830 1859 3901 llunegundis
1885 3839 2059 3901 autem
2090 3846 2119 3885 ξι

568 3899 767 3971 sponso
813 3903 947 3957 irato
995 3904 1135 3972 quod
1186 3920 1215 3956 a
1268 3903 1466 3971 virgine
1520 3901 1782 3955 monacha
1828 3899 1939 3972 jam
1985 3900 2118 3953 facta

566 3970 775 4040 spretus
806 3985 964 4037 esset,
995 3970 1196 4038 relicta,
1229 3970 1448 4040 patriam
1477 3972 1716 4041 repetiit,
1741 3980 1794 4024 et
1814 3970 2041 4038 seipsam
2068 3981 2122 4024 et

571 4046 701 4097 bona
733 4059 827 4098 sua
857 4047 1033 4097 omnia
1084 4045 1403 4097 monasterio
1452 4042 1834 4097 lluinolariensi
1874 4042 2116 4106 contulit,

570 4115 658 4167 ιιιιὶ
692 4115 902 4168 tandem
946 4116 1076 4168 obiit
1111 4130 1251 4168 anno
1282 4114 1492 4168 circiter
1522 4113 1646 4168 690.
1700 4111 1973 4180 Siquidem
2005 4111 2117 4164 llu-

572 4185 833 4252 negundis
880 4185 945 4237 de
987 4199 1140 4238 sacro
1171 4184 1314 4238 fonte
1343 4184 1511 4237 levata
1540 4193 1622 4237 est
1649 4200 1679 4236 ιι
1719 4182 1777 4235 Β.
1804 4181 1996 4252 ltiligio,
2031 4182 2117 4248 qui

572 4251 714 4307 anno
755 4254 893 4307 circa
943 4254 1047 4308 660
1095 4255 1159 4307 ad
1207 4268 1428 4321 superos
1480 4253 1742 4322 migravit.
1787 4251 2119 4322 Memoratur

572 4322 915 4390 llunegundis
975 4324 1024 4375 iu
1074 4320 1431 4377 additionibos
1473 4320 1896 4377 ad'Usuardum
1960 4328 2014 4374 et
2064 4321 2117 4373 in

572 4393 980 4473 Mart-yrplog‘iis
1024 4393 1363 4473 Benedictino
1396 4394 1893 4473 .et_G_.allicano‘et
1937 4399 2117 4473 nostro

570 4476 661 4514 vttt
693 4460 810 4516 Kal.
858 4463 1157 4530 Septemb,
1202 4462 1410 4516 tametsi
1452 4464 1521 4517 ob
1554 4466 1741 4517 festum
1781 4463 1838 4514 ὃ.
1874 4460 2121 4514 Ludovici

570 4532 684 4598 ejus
709 4532 942 4585 cilicium
995 4548 1022 4585 a
1050 4533 1320 4586 canonicis
1348 4536 1599 4600 Augustae
1633 4532 2123 4584 Veromanduorum

565 4602 621 4654 iu
648 4601 787 4656 diem
810 4615 1117 4671 sequentem
1145 4603 1473 4657 transfertur.
1508 4606 1708 4670 Corpus
1730 4602 1843 4667 ejus
1866 4615 1896 4655 e
1926 4604 2124 4655 tumulo

562 4672 831 4727 elevatum
859 4682 939 4726 est
966 4688 1105 4727 anno
1132 4675 1325 4727 Christi
1354 4672 1479 4740 946,
1512 4676 1676 4741 pridie
1707 4671 1881 4725 Nonas
1909 4672 2119 4737 0ctob.,

559 4745 720 4809 cujus
760 4748 834 4798 rei
881 4745 1154 4799 historiam
1195 4746 1390 4798 samqu
1420 4760 1449 4797 v
1490 4744 1830 4798 Benedictum
1859 4742 2122 4795 Bernerus

566 4814 736 4867 abbas
757 4815 1073 4883 descripsit,
1122 4830 1183 4867 ac
1209 4817 1401 4870 deinde
1429 4816 1479 4868 in
1514 4814 1876 4880 pretiosiorem
1912 4815 2121 4883 thecam

558 4896 707 4936 anno
758 4884 889 4938 105-1
936 4881 1244 4940 translatum
1272 4896 1353 4940 est
1390 4901 1418 4939 a
1449 4885 1676 4940 Macario
1706 4881 2121 4937 llumolai-ieusis

560 4954 791 5008 cmuobii
823 4954 1030 5006 abbate.

639 5032 661 5060 ο
692 5026 887 5076 Aredii.
921 5026 1142 5078 Abbatis
1167 5024 1559 5079 Lemoviceusis
1589 5040 1652 5078 ex
1679 5022 1811 5076 urbe
1837 5020 2116 5078 Lemovica

564 5095 799 5146 Oriundi.
852 5095 1007 5147 l’ater
1054 5095 1193 5148 illius
1239 5095 1546 5160 Jocundus,
1595 5104 1762 5148 mater
1792 5091 1997 5160 Pelagia
2028 5108 2119 5160 ap-

571 5163 759 5230 pellata
785 5174 899 5228 est;
930 5164 1144 5217 fratrem
1178 5166 1359 5217 habuit
1389 5164 1745 5216 Renosindum
1781 5161 1929 5230 juxta
1956 5163 2113 5230 Greg.

568 5234 768 5287 'l‘urou.
801 5236 864 5287 de
907 5235 1087 5287 tnirac.
1123 5235 1179 5290 S.
1229 5236 1453 5299 Martini,
1479 5249 1537 5297 It,
1570 5236 1657 5298 59,
1696 5233 1835 5286 Edtt.
1861 5233 1989 5286 Ben.
2016 5233 2114 5297 Qui

569 5318 695 5357 vero
742 5307 792 5357 in
846 5306 1067 5372 vulgatis
1120 5306 1443 5357 etllUOIIlbtlS
1504 5314 1649 5369 pater
1695 5308 1810 5370 ejus
1862 5303 2116 5357 mendose

566 5386 919 5442 nuncupatur.
976 5376 1072 5428 llic
1116 5374 1485 5428 Theodebcrto
1526 5376 1634 5442 regi
1663 5372 1900 5432 traditus,
1930 5374 2115 5426 aulicis

568 5444 817 5514 palatinis
842 5446 1159 5514 adjnngttur.
1216 5444 1319 5499 Sed
1359 5445 1543 5498 relicto
1568 5447 1776 5498 tandem
1808 5442 1946 5509 regis
1975 5442 2116 5510 pala-

570 5513 665 5579 tio,
705 5514 760 5566 S.
808 5515 988 5568 Nicetit
1017 5513 1277 5583 ’cpiscopi
1325 5514 1656 5569 Treerensis
1696 5514 1905 5583 monitis
1955 5514 2113 5566 vitam

567 5584 803 5637 sanctius
845 5586 1085 5638 instituit.
1156 5587 1221 5638 Et
1264 5600 1414 5647 cum,
1458 5586 1563 5638 vita
1640 5582 1910 5638 miraculis
1962 5585 2112 5649 plena

566 5662 887 5723 anteacta,
940 5655 1105 5720 major
1157 5656 1341 5708 luisset
1378 5656 1716 5723 octogenario
1740 5695 1755 5720 ,
1797 5660 2112 5723 testamento

566 5722 783 5776 condito
809 5739 865 5778 ac
890 5726 984 5780 SS.
1021 5724 1244 5778 Martino
1271 5722 1570 5793 llilarioque
1598 5722 1924 5779 antistitibus
1942 5724 2110 5778 hiero-

2153 4434 2203 4493 Ι)

2232 3132 2395 3201 clesia
2443 3131 2502 3184 Β.
2563 3133 2810 3199 martyris
2866 3132 3081 3186 Juliani.
3159 3132 3233 3187 De
3271 3133 3465 3188 Aredio
3508 3133 3791 3201 Gregorius

2229 3200 2435 3273 Tttron.
2461 3201 2677 3273 scripsit
2701 3205 2751 3255 in
2778 3201 2915 3273 libro
2947 3218 2985 3256 tt
3008 3202 3075 3256 de
3100 3203 3279 3257 Mirac.
3320 3202 3376 3257 S.
3412 3200 3636 3269 Martini,
3662 3222 3781 3273 cap.

2232 3269 2319 3331 59.
2348 3272 2604 3341 etlib.itt
2650 3272 2717 3325 de
2764 3270 2941 3326 Gloria
2972 3282 3151 3337 mart.,
3184 3288 3298 3341 cap.
3332 3272 3418 3341 40.
3453 3275 3575 3341 Ejus
3624 3269 3791 3329 Vitam

2228 3340 2373 3395 dedit
2400 3339 2481 3395 Cl.
2529 3340 2819 3394 Ruinartus
2860 3341 2914 3395 in
2961 3342 3190 3397 editione
3219 3339 3311 3396 sita
3342 3339 3598 3412 Gregorii,
3635 3346 3793 3400 aliam

2225 3413 2290 3463 att
2318 3426 2519 3483 eaqute
2548 3412 2688 3465 inter
2731 3413 2856 3483 Acta
2887 3422 3188 3466 sanctorum
3218 3415 3358 3467 edita
3403 3424 3484 3468 est
3511 3416 3703 3469 saeculo
3750 3431 3790 3483 ι,

2230 3482 2594 3549 Benedictum,
2629 3496 2748 3549 pag.
2772 3482 2897 3536 349.

2294 3548 2319 3586 d
2355 3550 2598 3605 Deciana.
2631 3552 2691 3605 lli
2736 3568 2865 3607 vero
2897 3567 2998 3605 non
3035 3552 3169 3620 passi
3196 3565 3318 3607 sunt
3343 3554 3442 3609 sub
3472 3554 3645 3619 Decio,
3691 3556 3787 3610 sed

2223 3619 2321 3672 sub
2349 3620 2629 3675 Valeriano
2668 3624 2821 3689 imp.,
2856 3619 3055 3675 scilicet
3078 3623 3213 3676 circa
3242 3639 3439 3678 annum
3469 3625 3593 3680 22,8.
3649 3625 3780 3681 Vide

2222 3705 2381 3757 supra
2409 3692 2476 3745 de
2507 3692 2565 3747 S.
2597 3692 2881 3746 Laurentio
2908 3692 2994 3744 die
3026 3708 3055 3744 ι
3090 3695 3242 3759 hujus
3272 3696 3489 3748 mensis.

2297 3770 2319 3798 ⁸
2351 3762 2641 3815 Concordit’.
2690 3761 2908 3816 Rectius
2952 3764 3286 3827 Concordite,
3322 3766 3543 3818 nutricis
3566 3766 3623 3819 S.
3659 3766 3783 3830 llip-

2226 3830 2411 3899 polyti,
2444 3834 2509 3885 de
2546 3849 2647 3901 qua
2672 3833 2863 3903 agitur
2908 3831 2994 3887 die
3018 3848 3108 3887 aut
3142 3833 3296 3903 hujus
3328 3837 3545 3888 mensis.
3603 3836 3673 3888 De
3703 3835 3787 3889 bis

2222 3903 2445 4025 sanctilsv
2470 3903 2588 3956 vide
2647 3901 2818 3956 Vitam
2915 3904 2971 3957 S.
3033 3901 3302 3958 Laurentii
3356 3905 3493 3974 apud
3551 3906 3782 3971 Sttriutn,

2222 3981 2349 4025 tom.
2453 4012 2467 4025 .

2222 3981 2349 4025 tom.
2382 3981 2467 4027 ιγ.

2253 4111 2264 4122 _
2342 4043 2602 4096 Justinus.
2637 4042 2709 4097 De
2740 4040 2838 4097 hoc
2863 4058 3017 4112 supra
3049 4043 3168 4098 vide
3200 4059 3253 4098 tv
3282 4044 3418 4098 diem
3452 4044 3606 4115 hujus
3635 4061 3785 4101 men-

2221 4127 2314 4165 SIS.

2293 4193 2317 4230 ις
2346 4182 2624 4235 Anastasii.
2673 4181 2771 4248 Qui
2815 4198 2917 4236 non
2962 4183 3395 4247 Thessalonice,
3446 4184 3537 4238 sed
3571 4185 3783 4243 Salonae

2226 4252 2501 4305 Dalmatia:
2529 4252 2757 4305 civitatis
2786 4267 2971 4321 passus
3014 4261 3096 4307 est
3124 4255 3222 4306 sub
3254 4255 3625 4320 persecutione
3655 4258 3778 4310 Dio-

2221 4324 2434 4377 cletiani
2488 4323 2841 4386 imperatoris.
2900 4324 2994 4377 llic
3020 4338 3083 4377 ex
3112 4324 3349 4392 Aquileia
3377 4334 3521 4378 ortus
3544 4326 3776 4389 civitate,

2228 4404 2390 4445 artem
2422 4392 2633 4445 fullonis
2667 4394 2936 4457 exercuit;
2982 4393 3103 4459 quia
3153 4406 3329 4449 autem
3362 4395 3619 4449 Christum
3646 4412 3776 4450 eon~

2231 4464 2399 4515 lessus
2427 4473 2530 4527 est,
2566 4477 2821 4529 suSpenso
2843 4463 2907 4517 ad
2940 4464 3130 4517 collum
3161 4467 3275 4530 ejus
3302 4465 3496 4533 ingenti
3530 4466 3774 4532 lapidein

2226 4548 2372 4587 mare
2416 4547 2649 4601 prau-eps
2701 4534 2873 4586 datur.
2934 4534 3165 4586 Matrona
3199 4549 3325 4588 vero
3353 4536 3590 4602 quredatn
3621 4535 3776 4590 Chri-

2223 4606 2389 4655 stiana
2424 4603 2635 4657 nomine
2668 4603 2928 4670 Asclepia,
2961 4618 3153 4669 corpus
3187 4608 3430 4674 martyris
3456 4607 3649 4660 habere
3676 4622 3771 4661 cu-

2223 4677 2395 4744 piens,
2426 4674 2679 4744 quosdam
2712 4688 2774 4725 ex
2798 4674 2963 4727 ael'VlS
2992 4675 3102 4727 suis
3132 4677 3293 4738 misit,
3322 4676 3408 4743 qui
3447 4690 3640 4743 corpus
3656 4679 3773 4744 ejus

2222 4742 2539 4814 invenirent.
2572 4742 2896 4811 ltcpererttttt
2930 4754 3104 4797 autem
3135 4746 3244 4799 Afri
3280 4742 3489 4814 quidam
3512 4742 3765 4811 cadaver,

2220 4823 2273 4865 ct
2299 4812 2414 4879 ejus
2442 4824 2597 4881 caput
2624 4816 2670 4864 iu
2702 4814 2919 4880 patriam
2952 4829 3099 4866 suam
3130 4812 3485 4884 portaveruut,
3517 4824 3569 4869 et
3590 4819 3772 4871 eccle-

2219 4884 2350 4935 siam
2377 4886 2426 4935 in
2451 4886 2659 4935 nomine
2689 4884 2850 4949 ipsius
2872 4884 3222 4937 aediﬁcarunt.
3264 4885 3466 4951 Corpus
3496 4900 3616 4939 vero
3644 4892 3763 4940 sine

2218 4958 2389 5019 capite
2430 4955 2527 5007 sibi
2565 4954 2798 5007 delatum
2832 4964 3070 5007 matrona
3113 4956 3197 5008 illa
3240 4955 3482 5008 devotius
3526 4968 3766 5023 excepit;

2218 5026 2383 5090 quod,
2413 5025 2583 5078 donec
2612 5024 2996 5078 delet-vesceret
3033 5027 3346 5092 persecutio,
3376 5025 3425 5078 in
3456 5026 3646 5091 prtedio
3668 5043 3765 5081 suo

2217 5095 2407 5148 celavit
2426 5134 2440 5156 ,
2471 5094 2665 5148 deinde
2694 5094 2970 5148 ecclesiam
2999 5096 3309 5154 construxit.
3337 5105 3389 5149 et
3411 5111 3600 5159 corpus
3622 5112 3767 5149 mar-

2219 5167 2345 5233 tyris
2393 5165 2445 5218 in
2485 5163 2790 5217 Salonitauo
2840 5164 3104 5218 territorio
3152 5166 3444 5219 collocavit.
3514 5167 3650 5218 Petr.
3694 5166 3763 5220 de

2216 5234 2383 5288 haud.
2420 5237 2568 5300 Apud
2602 5249 2756 5302 quem
2796 5235 3047 5300 postridie
3075 5235 3393 5301 celebratur,
3419 5244 3470 5290 et
3497 5240 3627 5304 apud
3660 5236 3762 5290 Βι-

2216 5307 2419 5372 rouium
2444 5318 2529 5356 χχι
2561 5307 2641 5355 die
2674 5304 2826 5372 hujus
2859 5307 3075 5358 mensis.

2282 5370 2308 5409 ¹ι
2342 5370 2798 5445 Quiutim’.Sihic
2827 5375 2965 5427 idem
2989 5378 3057 5428 sit
3086 5391 3201 5427 cum
3246 5375 3438 5442 Quinto
3476 5376 3607 5445 apud
3643 5378 3758 5432 Ilie-

2214 5459 2332 5497 ron.
2366 5444 2817 5512 Martyrologium,
2850 5460 2949 5498 una
2973 5460 3091 5497 cum
3120 5446 3304 5499 Itasilla
3335 5458 3385 5501 et
3410 5444 3759 5503 Maﬁmiliano

2211 5514 2393 5567 Romae
2417 5529 2597 5582 paSsus
2623 5527 2720 5567 est.

2288 5584 2301 5621 ί
2340 5584 2638 5637 Eleuutert'i.
2686 5586 2834 5639 Sedit
2880 5601 3049 5639 annos
3093 5583 3196 5646 ‘28,
3230 5600 3437 5639 menses
3476 5588 3530 5649 8,
3562 5587 3677 5643 dies
3704 5587 3751 5645 9.

2212 5653 2377 5723 llujus
2424 5655 2761 5722 episcopatus
2814 5664 2937 5709 ante
2986 5672 3073 5707 an.
3113 5657 3234 5719 555,
3264 5656 3464 5710 initium
3498 5660 3750 5724 sumpsit;

2212 5741 2274 5778 co
2306 5726 2445 5779 enim
2478 5738 2616 5777 anno
2648 5726 3009 5780 Aureliaucnsi
3058 5726 3095 5778 ll
3146 5726 3367 5782 Concilio
3406 5728 3709 5796 subscripsit
3738 5752 3745 5781 .-
