  <div class='ocr_page' id='page_1' title='image "/cluster/home/n/w/nwhite01/storage/ocr_20150623/94/umn.31951002477387e/516.png"; bbox 0 0 4110 6456; ppageno 0'>
   <div class='ocr_carea' id='block_1_1' title="bbox 370 297 499 353">
    <p class='ocr_par' dir='ltr' id='par_1_1' title="bbox 370 297 499 353">
     <span class='ocr_line' id='line_1_1' title="bbox 370 297 499 353; baseline -0.016 0"><span class='ocrx_word' id='word_1_1' title='bbox 370 297 499 353; x_wconf 66' lang='lat' dir='ltr'><strong>luat</strong></span> 
     </span>
    </p>
   </div>
   <div class='ocr_carea' id='block_1_2' title="bbox 1483 297 2487 359">
    <p class='ocr_par' dir='ltr' id='par_1_2' title="bbox 1483 297 2487 359">
     <span class='ocr_line' id='line_1_2' title="bbox 1483 297 2487 359; baseline 0.005 -5"><span class='ocrx_word' id='word_1_2' title='bbox 1483 297 1676 354; x_wconf 79' lang='lat' dir='ltr'><strong>SECT.</strong></span> <span class='ocrx_word' id='word_1_3' title='bbox 1722 297 1783 351; x_wconf 89' lang='lat' dir='ltr'><strong>ll.</strong></span> <span class='ocrx_word' id='word_1_4' title='bbox 1821 328 1887 338; x_wconf 90' lang='lat'><strong>—-—</strong></span> <span class='ocrx_word' id='word_1_5' title='bbox 1928 298 2487 359; x_wconf 75' lang='lat' dir='ltr'><strong>MARTYROLOGIA.</strong></span> 
     </span>
    </p>
   </div>
   <div class='ocr_carea' id='block_1_3' title="bbox 3482 307 3621 362">
    <p class='ocr_par' dir='ltr' id='par_1_3' title="bbox 3482 307 3621 362">
     <span class='ocr_line' id='line_1_3' title="bbox 3482 307 3621 362; baseline 0.007 -1"><span class='ocrx_word' id='word_1_6' title='bbox 3482 307 3621 362; x_wconf 61' lang='grc' dir='ltr'><strong>10Ξῖ</strong></span> 
     </span>
    </p>
   </div>
   <div class='ocr_carea' id='block_1_4' title="bbox 1619 387 2337 447">
    <p class='ocr_par' dir='ltr' id='par_1_4' title="bbox 1619 387 2337 447">
     <span class='ocr_line' id='line_1_4' title="bbox 1619 387 2337 447; baseline 0.007 -7"><span class='ocrx_word' id='word_1_7' title='bbox 1619 387 1843 442; x_wconf 83' lang='lat' dir='ltr'><strong>EDITIO</strong></span> <span class='ocrx_word' id='word_1_8' title='bbox 1880 389 2337 447; x_wconf 81' lang='lat' dir='ltr'><strong>COLONIENSIS.</strong></span> 
     </span>
    </p>
   </div>
   <div class='ocr_carea' id='block_1_5' title="bbox 360 478 3617 549">
    <p class='ocr_par' dir='ltr' id='par_1_5' title="bbox 360 478 3617 549">
     <span class='ocr_line' id='line_1_5' title="bbox 360 478 3617 549; baseline 0.005 -19"><span class='ocrx_word' id='word_1_9' title='bbox 360 478 570 533; x_wconf 91' lang='lat' dir='ltr'><strong>militis.</strong></span> <span class='ocrx_word' id='word_1_10' title='bbox 605 478 659 535; x_wconf 87' lang='lat' dir='ltr'><strong>in</strong></span> <span class='ocrx_word' id='word_1_11' title='bbox 688 478 878 534; x_wconf 88' lang='lat' dir='ltr'><strong>Galliis</strong></span> <span class='ocrx_word' id='word_1_12' title='bbox 916 479 1131 533; x_wconf 75' lang='lat' dir='ltr'><strong>civitate</strong></span> <span class='ocrx_word' id='word_1_13' title='bbox 1162 478 1462 534; x_wconf 80' lang='lat' dir='ltr'><strong>Arelatensi</strong></span> <span class='ocrx_word' id='word_1_14' title='bbox 1504 481 1673 534; x_wconf 90' lang='lat' dir='ltr'><strong>sancti</strong></span> <span class='ocrx_word' id='word_1_15' title='bbox 1716 478 1934 535; x_wconf 66' lang='lat' dir='ltr'><strong>Caesarii</strong></span> <span class='ocrx_word' id='word_1_16' title='bbox 1963 490 2021 546; x_wconf 69' lang='grc' dir='ltr'>Α</span> <span class='ocrx_word' id='word_1_17' title='bbox 2116 485 2173 538; x_wconf 76' lang='grc' dir='ltr'>Β.</span> <span class='ocrx_word' id='word_1_18' title='bbox 2236 486 2275 536; x_wconf 88' lang='lat' dir='ltr'><strong>V</strong></span> <span class='ocrx_word' id='word_1_19' title='bbox 2320 487 2557 541; x_wconf 71' lang='lat' dir='ltr'><strong>Kaceso.</strong></span> <span class='ocrx_word' id='word_1_20' title='bbox 2616 488 2883 545; x_wconf 73' lang='lat' dir='ltr'><strong>Serrana.</strong></span> <span class='ocrx_word' id='word_1_21' title='bbox 2944 488 3127 543; x_wconf 86' lang='lat' dir='ltr'><strong>Natale</strong></span> <span class='ocrx_word' id='word_1_22' title='bbox 3184 489 3321 545; x_wconf 93' lang='lat' dir='ltr'><strong>beati</strong></span> <span class='ocrx_word' id='word_1_23' title='bbox 3383 490 3617 549; x_wconf 74' lang='lat' dir='ltr'><strong>llermcti</strong></span> 
     </span>
    </p>
   </div>
   <div class='ocr_carea' id='block_1_6' title="bbox 364 570 1939 643">
    <p class='ocr_par' dir='ltr' id='par_1_6' title="bbox 364 570 1939 643">
     <span class='ocr_line' id='line_1_6' title="bbox 364 570 1939 643; baseline 0.003 -22"><span class='ocrx_word' id='word_1_24' title='bbox 364 570 595 643; x_wconf 72' lang='lat' dir='ltr'><strong>ep’scopi</strong></span> <span class='ocrx_word' id='word_1_25' title='bbox 631 581 683 627; x_wconf 93' lang='lat' dir='ltr'><strong>et</strong></span> <span class='ocrx_word' id='word_1_26' title='bbox 712 572 1059 631; x_wconf 82' lang='lat' dir='ltr'><strong>Confessoris,</strong></span> <span class='ocrx_word' id='word_1_27' title='bbox 1090 571 1188 624; x_wconf 90' lang='lat' dir='ltr'><strong>viri</strong></span> <span class='ocrx_word' id='word_1_28' title='bbox 1222 570 1372 625; x_wconf 66' lang='lat' dir='ltr'><strong>mirae</strong></span> <span class='ocrx_word' id='word_1_29' title='bbox 1402 570 1725 625; x_wconf 75' lang='lat' dir='ltr'><strong>sanctitatis.</strong></span> <span class='ocrx_word' id='word_1_30' title='bbox 1757 573 1939 642; x_wconf 82' lang='lat' dir='ltr'><strong>Augu-</strong></span> 
     </span>
    </p>
   </div>
   <div class='ocr_carea' id='block_1_7' title="bbox 365 661 1713 731">
    <p class='ocr_par' dir='ltr' id='par_1_7' title="bbox 365 661 1713 731">
     <span class='ocr_line' id='line_1_7' title="bbox 365 661 1713 731; baseline -0.001 -13"><span class='ocrx_word' id='word_1_31' title='bbox 365 662 590 719; x_wconf 74' lang='lat' dir='ltr'><strong>8ludtno</strong></span> <span class='ocrx_word' id='word_1_32' title='bbox 621 661 790 717; x_wconf 81' lang='lat' dir='ltr'><strong>sancti</strong></span> <span class='ocrx_word' id='word_1_33' title='bbox 818 662 984 731; x_wconf 70' lang='lat' dir='ltr'><strong>Sicigri</strong></span> <span class='ocrx_word' id='word_1_34' title='bbox 1009 661 1245 729; x_wconf 83' lang='lat' dir='ltr'><strong>episcopi</strong></span> <span class='ocrx_word' id='word_1_35' title='bbox 1282 669 1337 716; x_wconf 91' lang='lat' dir='ltr'><strong>et</strong></span> <span class='ocrx_word' id='word_1_36' title='bbox 1367 661 1713 716; x_wconf 79' lang='lat' dir='ltr'><strong>confessoris.</strong></span> 
     </span>
    </p>
   </div>
   <div class='ocr_carea' id='block_1_8' title="bbox 2050 577 3618 649">
    <p class='ocr_par' dir='ltr' id='par_1_8' title="bbox 2050 577 3618 649">
     <span class='ocr_line' id='line_1_8' title="bbox 2050 577 3618 649; baseline 0.003 -19"><span class='ocrx_word' id='word_1_37' title='bbox 2050 577 2322 647; x_wconf 84' lang='lat' dir='ltr'><strong>martyris.</strong></span> <span class='ocrx_word' id='word_1_38' title='bbox 2359 577 2507 632; x_wconf 92' lang='lat' dir='ltr'><strong>llunc</strong></span> <span class='ocrx_word' id='word_1_39' title='bbox 2543 578 2726 633; x_wconf 89' lang='lat' dir='ltr'><strong>beatus</strong></span> <span class='ocrx_word' id='word_1_40' title='bbox 2759 579 3060 634; x_wconf 81' lang='lat' dir='ltr'><strong>Alexander</strong></span> <span class='ocrx_word' id='word_1_41' title='bbox 3088 595 3220 649; x_wconf 89' lang='lat' dir='ltr'><strong>papa</strong></span> <span class='ocrx_word' id='word_1_42' title='bbox 3256 581 3402 634; x_wconf 89' lang='lat' dir='ltr'><strong>urbis</strong></span> <span class='ocrx_word' id='word_1_43' title='bbox 3432 580 3618 635; x_wconf 70' lang='lat' dir='ltr'><strong>Romte</strong></span> 
     </span>
    </p>
   </div>
   <div class='ocr_carea' id='block_1_9' title="bbox 2049 668 3619 738">
    <p class='ocr_par' dir='ltr' id='par_1_9' title="bbox 2049 668 3619 738">
     <span class='ocr_line' id='line_1_9' title="bbox 2049 668 3619 738; baseline 0.002 -18"><span class='ocrx_word' id='word_1_44' title='bbox 2049 681 2169 720; x_wconf 87' lang='lat' dir='ltr'><strong>cum</strong></span> <span class='ocrx_word' id='word_1_45' title='bbox 2200 676 2343 720; x_wconf 84' lang='lat' dir='ltr'><strong>esset</strong></span> <span class='ocrx_word' id='word_1_46' title='bbox 2371 668 2669 737; x_wconf 70' lang='lat' dir='ltr'><strong>prmfectus,</strong></span> <span class='ocrx_word' id='word_1_47' title='bbox 2711 669 2999 738; x_wconf 73' lang='lat' dir='ltr'><strong>baptizavit</strong></span> <span class='ocrx_word' id='word_1_48' title='bbox 3039 684 3158 722; x_wconf 91' lang='lat' dir='ltr'><strong>cum</strong></span> <span class='ocrx_word' id='word_1_49' title='bbox 3208 684 3372 724; x_wconf 82' lang='lat' dir='ltr'><strong>uxore</strong></span> <span class='ocrx_word' id='word_1_50' title='bbox 3409 677 3465 724; x_wconf 91' lang='lat' dir='ltr'><strong>et</strong></span> <span class='ocrx_word' id='word_1_51' title='bbox 3494 669 3619 723; x_wconf 80' lang='lat' dir='ltr'><strong>filiis</strong></span> 
     </span>
    </p>
   </div>
   <div class='ocr_carea' id='block_1_10' title="bbox 1595 755 2360 821">
    <p class='ocr_par' dir='ltr' id='par_1_10' title="bbox 1595 755 2360 821">
     <span class='ocr_line' id='line_1_10' title="bbox 1595 755 2360 821; baseline 0.013 -13"><span class='ocrx_word' id='word_1_52' title='bbox 1595 755 1822 812; x_wconf 86' lang='lat' dir='ltr'><strong>EDITIO</strong></span> <span class='ocrx_word' id='word_1_53' title='bbox 1860 758 2360 821; x_wconf 72' lang='lat' dir='ltr'><strong>BOLLANDIANA.</strong></span> 
     </span>
    </p>
   </div>
   <div class='ocr_carea' id='block_1_11' title="bbox 439 843 1941 913">
    <p class='ocr_par' dir='ltr' id='par_1_11' title="bbox 439 843 1941 913">
     <span class='ocr_line' id='line_1_11' title="bbox 439 843 1941 913; baseline 0.001 -12"><span class='ocrx_word' id='word_1_54' title='bbox 439 844 625 901; x_wconf 80' lang='lat' dir='ltr'><strong>Florus</strong></span> <span class='ocrx_word' id='word_1_55' title='bbox 650 843 703 898; x_wconf 90' lang='lat' dir='ltr'><strong>in</strong></span> <span class='ocrx_word' id='word_1_56' title='bbox 728 844 791 898; x_wconf 86' lang='lat' dir='ltr'><strong>A.</strong></span> <span class='ocrx_word' id='word_1_57' title='bbox 840 844 905 900; x_wconf 89' lang='lat' dir='ltr'><strong>T.</strong></span> <span class='ocrx_word' id='word_1_58' title='bbox 947 843 1031 911; x_wconf 87' lang='lat' dir='ltr'><strong>L.,</strong></span> <span class='ocrx_word' id='word_1_59' title='bbox 1077 844 1293 898; x_wconf 87' lang='lat' dir='ltr'><strong>Arelato</strong></span> <span class='ocrx_word' id='word_1_60' title='bbox 1338 846 1552 900; x_wconf 82' lang='lat' dir='ltr'><strong>civitate</strong></span> <span class='ocrx_word' id='word_1_61' title='bbox 1597 846 1861 913; x_wconf 79' lang='lat' dir='ltr'><strong>depositio</strong></span> <span class='ocrx_word' id='word_1_62' title='bbox 1884 852 1941 902; x_wconf 99' lang='grc'><strong>5.</strong></span> 
     </span>
    </p>
   </div>
   <div class='ocr_carea' id='block_1_12' title="bbox 368 932 1941 1006">
    <p class='ocr_par' dir='ltr' id='par_1_12' title="bbox 368 932 1941 1006">
     <span class='ocr_line' id='line_1_12' title="bbox 368 932 1941 1006; baseline -0.001 -14"><span class='ocrx_word' id='word_1_63' title='bbox 368 946 392 973; x_wconf 80' lang='grc'><em>⁸</em></span> <span class='ocrx_word' id='word_1_64' title='bbox 424 935 647 992; x_wconf 66' lang='grc' dir='ltr'><strong>οωεατῆ</strong></span> <span class='ocrx_word' id='word_1_65' title='bbox 698 936 964 1005; x_wconf 79' lang='lat' dir='ltr'><strong>martyris.</strong></span> <span class='ocrx_word' id='word_1_66' title='bbox 1020 932 1087 987; x_wconf 86' lang='lat' dir='ltr'><strong>Et</strong></span> <span class='ocrx_word' id='word_1_67' title='bbox 1116 935 1168 987; x_wconf 93' lang='lat' dir='ltr'><strong>in</strong></span> <span class='ocrx_word' id='word_1_68' title='bbox 1190 933 1422 1006; x_wconf 67' lang='lat' dir='ltr'><strong>Egypto</strong></span> <span class='ocrx_word' id='word_1_69' title='bbox 1470 935 1683 992; x_wconf 85' lang='lat' dir='ltr'><strong>civitate</strong></span> <span class='ocrx_word' id='word_1_70' title='bbox 1716 937 1941 991; x_wconf 80' lang='lat' dir='ltr'><strong>Oxiren-</strong></span> 
     </span>
    </p>
   </div>
   <div class='ocr_carea' id='block_1_13' title="bbox 366 1025 1938 1099">
    <p class='ocr_par' dir='ltr' id='par_1_13' title="bbox 366 1025 1938 1099">
     <span class='ocr_line' id='line_1_13' title="bbox 366 1025 1938 1099; baseline 0 -17"><span class='ocrx_word' id='word_1_71' title='bbox 366 1031 536 1082; x_wconf 90' lang='lat' dir='ltr'><strong>chena</strong></span> <span class='ocrx_word' id='word_1_72' title='bbox 589 1025 842 1099; x_wconf 81' lang='lat' dir='ltr'><strong>[civitate</strong></span> <span class='ocrx_word' id='word_1_73' title='bbox 866 1025 1234 1080; x_wconf 75' lang='lat' dir='ltr'><strong>Oxirenchena</strong></span> <span class='ocrx_word' id='word_1_74' title='bbox 1273 1026 1410 1079; x_wconf 81' lang='lat' dir='ltr'><strong>deest</strong></span> <span class='ocrx_word' id='word_1_75' title='bbox 1453 1027 1504 1080; x_wconf 82' lang='lat' dir='ltr'><strong>in</strong></span> <span class='ocrx_word' id='word_1_76' title='bbox 1554 1025 1657 1097; x_wconf 85' lang='lat' dir='ltr'><strong>L.]</strong></span> <span class='ocrx_word' id='word_1_77' title='bbox 1706 1029 1938 1083; x_wconf 86' lang='lat' dir='ltr'><strong>sedecim</strong></span> 
     </span>
    </p>
   </div>
   <div class='ocr_carea' id='block_1_14' title="bbox 367 1117 1943 1189">
    <p class='ocr_par' dir='ltr' id='par_1_14' title="bbox 367 1117 1943 1189">
     <span class='ocr_line' id='line_1_14' title="bbox 367 1117 1943 1189; baseline 0.001 -16"><span class='ocrx_word' id='word_1_78' title='bbox 367 1128 665 1189; x_wconf 87' lang='lat' dir='ltr'><strong>martyrum</strong></span> <span class='ocrx_word' id='word_1_79' title='bbox 692 1158 707 1183; x_wconf 97' lang='lat'><strong>,</strong></span> <span class='ocrx_word' id='word_1_80' title='bbox 761 1132 987 1187; x_wconf 90' lang='lat' dir='ltr'><strong>quorum</strong></span> <span class='ocrx_word' id='word_1_81' title='bbox 1032 1127 1177 1186; x_wconf 89' lang='lat' dir='ltr'><strong>gesta</strong></span> <span class='ocrx_word' id='word_1_82' title='bbox 1222 1117 1504 1185; x_wconf 89' lang='lat' dir='ltr'><strong>habentur,</strong></span> <span class='ocrx_word' id='word_1_83' title='bbox 1547 1120 1634 1189; x_wconf 90' lang='lat' dir='ltr'><strong>qui</strong></span> <span class='ocrx_word' id='word_1_84' title='bbox 1679 1123 1862 1175; x_wconf 87' lang='lat' dir='ltr'><strong>bestiis</strong></span> <span class='ocrx_word' id='word_1_85' title='bbox 1889 1130 1943 1175; x_wconf 92' lang='lat' dir='ltr'><strong>et</strong></span> 
     </span>
    </p>
   </div>
   <div class='ocr_carea' id='block_1_15' title="bbox 368 1208 1940 1279">
    <p class='ocr_par' dir='ltr' id='par_1_15' title="bbox 368 1208 1940 1279">
     <span class='ocr_line' id='line_1_15' title="bbox 368 1208 1940 1279; baseline 0.003 -16"><span class='ocrx_word' id='word_1_86' title='bbox 368 1211 485 1279; x_wconf 90' lang='lat' dir='ltr'><strong>igne</strong></span> <span class='ocrx_word' id='word_1_87' title='bbox 515 1209 784 1279; x_wconf 86' lang='lat' dir='ltr'><strong>superatis</strong></span> <span class='ocrx_word' id='word_1_88' title='bbox 810 1250 824 1275; x_wconf 97' lang='lat'><strong>,</strong></span> <span class='ocrx_word' id='word_1_89' title='bbox 857 1208 1034 1278; x_wconf 88' lang='lat' dir='ltr'><strong>gladio</strong></span> <span class='ocrx_word' id='word_1_90' title='bbox 1056 1209 1442 1266; x_wconf 90' lang='lat' dir='ltr'><strong>occubuerunt.</strong></span> <span class='ocrx_word' id='word_1_91' title='bbox 1486 1211 1685 1266; x_wconf 90' lang='lat' dir='ltr'><strong>Eodem</strong></span> <span class='ocrx_word' id='word_1_92' title='bbox 1712 1212 1799 1267; x_wconf 88' lang='lat' dir='ltr'><strong>die</strong></span> <span class='ocrx_word' id='word_1_93' title='bbox 1828 1212 1940 1267; x_wconf 90' lang='lat' dir='ltr'><strong>Ro-</strong></span> 
     </span>
    </p>
   </div>
   <div class='ocr_carea' id='block_1_16' title="bbox 369 1298 1943 1371">
    <p class='ocr_par' dir='ltr' id='par_1_16' title="bbox 369 1298 1943 1371">
     <span class='ocr_line' id='line_1_16' title="bbox 369 1298 1943 1371; baseline 0.001 -16"><span class='ocrx_word' id='word_1_94' title='bbox 369 1316 467 1356; x_wconf 72' lang='lat' dir='ltr'><strong>mze</strong></span> <span class='ocrx_word' id='word_1_95' title='bbox 494 1300 674 1371; x_wconf 88' lang='lat' dir='ltr'><strong>passio</strong></span> <span class='ocrx_word' id='word_1_96' title='bbox 715 1298 741 1337; x_wconf 67' lang='grc' dir='ltr'>δ</span> <span class='ocrx_word' id='word_1_97' title='bbox 788 1299 1015 1354; x_wconf 85' lang='lat' dir='ltr'><strong>Nemesii</strong></span> <span class='ocrx_word' id='word_1_98' title='bbox 1064 1299 1273 1355; x_wconf 87' lang='lat' dir='ltr'><strong>diaconi</strong></span> <span class='ocrx_word' id='word_1_99' title='bbox 1314 1310 1369 1356; x_wconf 92' lang='lat' dir='ltr'><strong>et</strong></span> <span class='ocrx_word' id='word_1_100' title='bbox 1398 1300 1614 1356; x_wconf 72' lang='lat' dir='ltr'><strong>Lucillte</strong></span> <span class='ocrx_word' id='word_1_101' title='bbox 1654 1303 1777 1357; x_wconf 64' lang='lat' dir='ltr'><strong>illia</strong></span> <span class='ocrx_word' id='word_1_102' title='bbox 1806 1304 1943 1371; x_wconf 86' lang='lat' dir='ltr'><strong>ejus,</strong></span> 
     </span>
    </p>
   </div>
   <div class='ocr_carea' id='block_1_17' title="bbox 368 1390 1943 1462">
    <p class='ocr_par' dir='ltr' id='par_1_17' title="bbox 368 1390 1943 1462">
     <span class='ocr_line' id='line_1_17' title="bbox 368 1390 1943 1462; baseline 0.003 -19"><span class='ocrx_word' id='word_1_103' title='bbox 368 1392 455 1462; x_wconf 94' lang='lat' dir='ltr'><strong>qui</strong></span> <span class='ocrx_word' id='word_1_104' title='bbox 502 1390 695 1460; x_wconf 87' lang='lat' dir='ltr'><strong>capitis</strong></span> <span class='ocrx_word' id='word_1_105' title='bbox 745 1390 991 1457; x_wconf 80' lang='lat' dir='ltr'><strong>plexione</strong></span> <span class='ocrx_word' id='word_1_106' title='bbox 1026 1390 1339 1458; x_wconf 90' lang='lat' dir='ltr'><strong>jubentibus</strong></span> <span class='ocrx_word' id='word_1_107' title='bbox 1375 1398 1396 1425; x_wconf 83' lang='lat'><strong>°</strong></span> <span class='ocrx_word' id='word_1_108' title='bbox 1433 1393 1715 1448; x_wconf 86' lang='lat' dir='ltr'><strong>Valeriano</strong></span> <span class='ocrx_word' id='word_1_109' title='bbox 1737 1405 1791 1448; x_wconf 92' lang='lat' dir='ltr'><strong>et</strong></span> <span class='ocrx_word' id='word_1_110' title='bbox 1819 1392 1943 1449; x_wconf 89' lang='lat' dir='ltr'><strong>Gal-</strong></span> 
     </span>
    </p>
   </div>
   <div class='ocr_carea' id='block_1_18' title="bbox 370 1481 1940 1539">
    <p class='ocr_par' dir='ltr' id='par_1_18' title="bbox 370 1481 1940 1539">
     <span class='ocr_line' id='line_1_18' title="bbox 370 1481 1940 1539; baseline 0.001 -2"><span class='ocrx_word' id='word_1_111' title='bbox 370 1485 513 1538; x_wconf 92' lang='lat' dir='ltr'><strong>lieno</strong></span> <span class='ocrx_word' id='word_1_112' title='bbox 559 1481 868 1537; x_wconf 90' lang='lat' dir='ltr'><strong>consulibus</strong></span> <span class='ocrx_word' id='word_1_113' title='bbox 912 1482 981 1535; x_wconf 89' lang='lat' dir='ltr'><strong>ob</strong></span> <span class='ocrx_word' id='word_1_114' title='bbox 1028 1482 1416 1539; x_wconf 78' lang='lat' dir='ltr'><strong>confessionem</strong></span> <span class='ocrx_word' id='word_1_115' title='bbox 1467 1482 1664 1539; x_wconf 86' lang='lat' dir='ltr'><strong>Christi</strong></span> <span class='ocrx_word' id='word_1_116' title='bbox 1701 1484 1817 1539; x_wconf 89' lang='lat' dir='ltr'><strong>sine</strong></span> <span class='ocrx_word' id='word_1_117' title='bbox 1843 1498 1940 1538; x_wconf 87' lang='lat' dir='ltr'><strong>au-</strong></span> 
     </span>
    </p>
   </div>
   <div class='ocr_carea' id='block_1_19' title="bbox 371 1570 1032 1642">
    <p class='ocr_par' dir='ltr' id='par_1_19' title="bbox 371 1570 1032 1642">
     <span class='ocr_line' id='line_1_19' title="bbox 371 1570 1032 1642; baseline -0.003 -13"><span class='ocrx_word' id='word_1_118' title='bbox 371 1572 569 1629; x_wconf 90' lang='lat' dir='ltr'><strong>dientia</strong></span> <span class='ocrx_word' id='word_1_119' title='bbox 601 1570 860 1642; x_wconf 88' lang='lat' dir='ltr'><strong>perempti</strong></span> <span class='ocrx_word' id='word_1_120' title='bbox 888 1583 1032 1627; x_wconf 90' lang='lat' dir='ltr'><strong>sunt.</strong></span> 
     </span>
    </p>
   </div>
   <div class='ocr_carea' id='block_1_20' title="bbox 2126 851 3615 922">
    <p class='ocr_par' dir='ltr' id='par_1_20' title="bbox 2126 851 3615 922">
     <span class='ocr_line' id='line_1_20' title="bbox 2126 851 3615 922; baseline 0.003 -19"><span class='ocrx_word' id='word_1_121' title='bbox 2126 851 2290 905; x_wconf 90' lang='lat' dir='ltr'><strong>Vacat</strong></span> <span class='ocrx_word' id='word_1_122' title='bbox 2335 854 2761 921; x_wconf 81' lang='lat' dir='ltr'><strong>supplementum</strong></span> <span class='ocrx_word' id='word_1_123' title='bbox 2813 851 2903 918; x_wconf 90' lang='lat' dir='ltr'><strong>D.,</strong></span> <span class='ocrx_word' id='word_1_124' title='bbox 2946 852 3046 906; x_wconf 86' lang='lat' dir='ltr'><strong>nisi</strong></span> <span class='ocrx_word' id='word_1_125' title='bbox 3074 854 3214 922; x_wconf 88' lang='lat' dir='ltr'><strong>quod</strong></span> <span class='ocrx_word' id='word_1_126' title='bbox 3247 855 3615 909; x_wconf 87' lang='lat' dir='ltr'><strong>recentissima</strong></span> 
     </span>
    </p>
   </div>
   <div class='ocr_carea' id='block_1_21' title="bbox 2052 922 3608 992">
    <p class='ocr_par' dir='ltr' id='par_1_21' title="bbox 2052 922 3608 992">
     <span class='ocr_line' id='line_1_21' title="bbox 2052 922 3608 992; baseline 0.001 -19"><span class='ocrx_word' id='word_1_127' title='bbox 2052 937 2209 992; x_wconf 83' lang='lat' dir='ltr'><strong>manu</strong></span> <span class='ocrx_word' id='word_1_128' title='bbox 2242 922 2551 992; x_wconf 69' lang='lat' dir='ltr'><strong>inscriptum</strong></span> <span class='ocrx_word' id='word_1_129' title='bbox 2595 923 2664 975; x_wconf 88' lang='lat' dir='ltr'><strong>sit</strong></span> <span class='ocrx_word' id='word_1_130' title='bbox 2694 937 2883 975; x_wconf 88' lang='lat' dir='ltr'><strong>nomen</strong></span> <span class='ocrx_word' id='word_1_131' title='bbox 2916 925 3101 991; x_wconf 74' lang='lat' dir='ltr'><strong>Syagri</strong></span> <span class='ocrx_word' id='word_1_132' title='bbox 3134 925 3392 991; x_wconf 85' lang='lat' dir='ltr'><strong>episconi.</strong></span> <span class='ocrx_word' id='word_1_133' title='bbox 3429 924 3489 977; x_wconf 91' lang='lat' dir='ltr'><strong>V.</strong></span> <span class='ocrx_word' id='word_1_134' title='bbox 3519 924 3608 988; x_wconf 70' lang='lat'><strong>(2.,</strong></span> 
     </span>
    </p>
   </div>
   <div class='ocr_carea' id='block_1_22' title="bbox 2051 988 3616 1075">
    <p class='ocr_par' dir='ltr' id='par_1_22' title="bbox 2051 988 3616 1075">
     <span class='ocr_line' id='line_1_22' title="bbox 2051 988 3616 1075; baseline 0.003 -32"><span class='ocrx_word' id='word_1_135' title='bbox 2051 992 2105 1073; x_wconf 78' lang='lat' dir='ltr'><strong>in</strong></span> <span class='ocrx_word' id='word_1_136' title='bbox 2135 988 2421 1075; x_wconf 40' lang='grc' dir='ltr'><strong>ἀξιωθειίςὶ</strong></span> <span class='ocrx_word' id='word_1_137' title='bbox 2468 994 2699 1075; x_wconf 47' lang='lat' dir='ltr'><strong>civitate“</strong></span> <span class='ocrx_word' id='word_1_138' title='bbox 2729 988 3251 1075; x_wconf 43' lang='lat' dir='ltr'><strong>Felipis.,&#39;§avi_uiani</strong></span> <span class='ocrx_word' id='word_1_139' title='bbox 3301 993 3404 1075; x_wconf 70' lang='grc' dir='ltr'><strong>[γ.</strong></span> <span class='ocrx_word' id='word_1_140' title='bbox 3451 994 3616 1075; x_wconf 88' lang='lat' dir='ltr'><strong>Saba-</strong></span> 
     </span>
    </p>
   </div>
   <div class='ocr_carea' id='block_1_23' title="bbox 2051 1060 3610 1132">
    <p class='ocr_par' dir='ltr' id='par_1_23' title="bbox 2051 1060 3610 1132">
     <span class='ocr_line' id='line_1_23' title="bbox 2051 1060 3610 1132; baseline 0.002 -18"><span class='ocrx_word' id='word_1_141' title='bbox 2051 1060 2214 1132; x_wconf 92' lang='lat' dir='ltr'><strong>niani]</strong></span> <span class='ocrx_word' id='word_1_142' title='bbox 2240 1102 2257 1128; x_wconf 93' lang='lat'><strong>,</strong></span> <span class='ocrx_word' id='word_1_143' title='bbox 2306 1063 2554 1116; x_wconf 88' lang='lat' dir='ltr'><strong>Honorati</strong></span> <span class='ocrx_word' id='word_1_144' title='bbox 2590 1070 2645 1116; x_wconf 90' lang='lat' dir='ltr'><strong>et</strong></span> <span class='ocrx_word' id='word_1_145' title='bbox 2669 1063 2726 1117; x_wconf 90' lang='lat' dir='ltr'><strong>S.</strong></span> <span class='ocrx_word' id='word_1_146' title='bbox 2760 1062 2954 1115; x_wconf 88' lang='lat' dir='ltr'><strong>Rtttini.</strong></span> <span class='ocrx_word' id='word_1_147' title='bbox 2986 1062 3071 1124; x_wconf 87' lang='lat' dir='ltr'><strong>T.,</strong></span> <span class='ocrx_word' id='word_1_148' title='bbox 3101 1062 3165 1115; x_wconf 87' lang='lat' dir='ltr'><strong>Et</strong></span> <span class='ocrx_word' id='word_1_149' title='bbox 3191 1060 3363 1129; x_wconf 76' lang='lat' dir='ltr'><strong>passio</strong></span> <span class='ocrx_word' id='word_1_150' title='bbox 3392 1073 3610 1117; x_wconf 90' lang='lat' dir='ltr'><strong>sancto-</strong></span> 
     </span>
    </p>
   </div>
   <div class='ocr_carea' id='block_1_24' title="bbox 2050 1132 3617 1200">
    <p class='ocr_par' dir='ltr' id='par_1_24' title="bbox 2050 1132 3617 1200">
     <span class='ocr_line' id='line_1_24' title="bbox 2050 1132 3617 1200; baseline 0 -17"><span class='ocrx_word' id='word_1_151' title='bbox 2050 1148 2166 1185; x_wconf 91' lang='lat' dir='ltr'><strong>rum</strong></span> <span class='ocrx_word' id='word_1_152' title='bbox 2192 1141 2503 1199; x_wconf 78' lang='lat' dir='ltr'><strong>martyrum,</strong></span> <span class='ocrx_word' id='word_1_153' title='bbox 2536 1142 2558 1169; x_wconf 77' lang='grc' dir='ltr'><strong><em>ο</em></strong></span> <span class='ocrx_word' id='word_1_154' title='bbox 2594 1132 2816 1195; x_wconf 74' lang='lat' dir='ltr'><strong>Felicis,</strong></span> <span class='ocrx_word' id='word_1_155' title='bbox 2852 1133 3061 1200; x_wconf 59' lang='lat' dir='ltr'><strong>Georgii</strong></span> <span class='ocrx_word' id='word_1_156' title='bbox 3107 1134 3381 1197; x_wconf 82' lang='lat' dir='ltr'><strong>monachi,</strong></span> <span class='ocrx_word' id='word_1_157' title='bbox 3432 1133 3617 1187; x_wconf 86' lang='lat' dir='ltr'><strong>Libin-</strong></span> 
     </span>
    </p>
   </div>
   <div class='ocr_carea' id='block_1_25' title="bbox 2047 1202 3611 1271">
    <p class='ocr_par' dir='ltr' id='par_1_25' title="bbox 2047 1202 3611 1271">
     <span class='ocr_line' id='line_1_25' title="bbox 2047 1202 3611 1271; baseline 0.002 -17"><span class='ocrx_word' id='word_1_158' title='bbox 2047 1216 2145 1271; x_wconf 61' lang='grc' dir='ltr'><strong>ξω,</strong></span> <span class='ocrx_word' id='word_1_159' title='bbox 2178 1204 2373 1257; x_wconf 79' lang='lat' dir='ltr'><strong>Aurelii</strong></span> <span class='ocrx_word' id='word_1_160' title='bbox 2424 1216 2582 1271; x_wconf 84' lang='lat' dir='ltr'><strong>atque</strong></span> <span class='ocrx_word' id='word_1_161' title='bbox 2612 1202 2850 1256; x_wconf 66' lang='lat' dir='ltr'><strong>Nataliae.</strong></span> <span class='ocrx_word' id='word_1_162' title='bbox 2896 1204 3090 1256; x_wconf 73' lang='lat' dir='ltr'><strong>Eodem</strong></span> <span class='ocrx_word' id='word_1_163' title='bbox 3119 1202 3207 1257; x_wconf 93' lang='lat' dir='ltr'><strong>die</strong></span> <span class='ocrx_word' id='word_1_164' title='bbox 3256 1204 3529 1255; x_wconf 87' lang='lat' dir='ltr'><strong>translatio</strong></span> <span class='ocrx_word' id='word_1_165' title='bbox 3554 1205 3611 1257; x_wconf 90' lang='grc'><strong>5.</strong></span> 
     </span>
    </p>
   </div>
   <div class='ocr_carea' id='block_1_26' title="bbox 2052 1269 3613 1340">
    <p class='ocr_par' dir='ltr' id='par_1_26' title="bbox 2052 1269 3613 1340">
     <span class='ocr_line' id='line_1_26' title="bbox 2052 1269 3613 1340; baseline -0.001 -14"><span class='ocrx_word' id='word_1_166' title='bbox 2052 1269 2070 1309; x_wconf 70' lang='grc' dir='ltr'><em>τ</em></span> <span class='ocrx_word' id='word_1_167' title='bbox 2104 1273 2307 1340; x_wconf 88' lang='lat' dir='ltr'><strong>Sulpitii</strong></span> <span class='ocrx_word' id='word_1_168' title='bbox 2339 1269 2593 1340; x_wconf 82' lang='lat' dir='ltr'><strong>episcopi.</strong></span> <span class='ocrx_word' id='word_1_169' title='bbox 2647 1273 2728 1335; x_wconf 76' lang='grc' dir='ltr'>Β..</span> <span class='ocrx_word' id='word_1_170' title='bbox 2777 1274 3004 1327; x_wconf 89' lang='lat' dir='ltr'><strong>Arelatis</strong></span> <span class='ocrx_word' id='word_1_171' title='bbox 3049 1272 3313 1339; x_wconf 90' lang='lat' dir='ltr'><strong>depositio</strong></span> <span class='ocrx_word' id='word_1_172' title='bbox 3342 1274 3399 1327; x_wconf 92' lang='lat' dir='ltr'><strong>S.</strong></span> <span class='ocrx_word' id='word_1_173' title='bbox 3432 1282 3455 1319; x_wconf 81' lang='grc' dir='ltr'><strong>ε</strong></span> <span class='ocrx_word' id='word_1_174' title='bbox 3496 1272 3613 1326; x_wconf 83' lang='lat' dir='ltr'><strong>Cae-</strong></span> 
     </span>
    </p>
   </div>
   <div class='ocr_carea' id='block_1_27' title="bbox 2045 1342 3616 1411">
    <p class='ocr_par' dir='ltr' id='par_1_27' title="bbox 2045 1342 3616 1411">
     <span class='ocr_line' id='line_1_27' title="bbox 2045 1342 3616 1411; baseline -0.001 -15"><span class='ocrx_word' id='word_1_175' title='bbox 2045 1345 2171 1397; x_wconf 91' lang='lat' dir='ltr'><strong>sarii</strong></span> <span class='ocrx_word' id='word_1_176' title='bbox 2199 1343 2451 1411; x_wconf 80' lang='lat' dir='ltr'><strong>episcopi.</strong></span> <span class='ocrx_word' id='word_1_177' title='bbox 2487 1344 2947 1411; x_wconf 85' lang='lat' dir='ltr'><strong>Constantinopoli</strong></span> <span class='ocrx_word' id='word_1_178' title='bbox 2990 1342 3084 1411; x_wconf 87' lang='lat' dir='ltr'><strong>SS.</strong></span> <span class='ocrx_word' id='word_1_179' title='bbox 3111 1343 3232 1397; x_wconf 84' lang='lat' dir='ltr'><strong>Ollii</strong></span> <span class='ocrx_word' id='word_1_180' title='bbox 3277 1354 3333 1397; x_wconf 91' lang='lat' dir='ltr'><strong>et</strong></span> <span class='ocrx_word' id='word_1_181' title='bbox 3360 1342 3616 1411; x_wconf 72' lang='lat' dir='ltr'><strong>Stephani</strong></span> 
     </span>
    </p>
   </div>
   <div class='ocr_carea' id='block_1_28' title="bbox 2045 1410 3613 1482">
    <p class='ocr_par' dir='ltr' id='par_1_28' title="bbox 2045 1410 3613 1482">
     <span class='ocr_line' id='line_1_28' title="bbox 2045 1410 3613 1482; baseline 0.001 -18"><span class='ocrx_word' id='word_1_182' title='bbox 2045 1412 2273 1465; x_wconf 67' lang='lat' dir='ltr'><strong>diaconi.</strong></span> <span class='ocrx_word' id='word_1_183' title='bbox 2322 1410 2702 1480; x_wconf 81' lang='lat' dir='ltr'><strong>Augustoduno</strong></span> <span class='ocrx_word' id='word_1_184' title='bbox 2748 1410 2946 1467; x_wconf 69' lang='lat' dir='ltr'><strong>natale.</strong></span> <span class='ocrx_word' id='word_1_185' title='bbox 2965 1410 3025 1465; x_wconf 91' lang='grc'><strong>5.</strong></span> <span class='ocrx_word' id='word_1_186' title='bbox 3050 1410 3079 1450; x_wconf 75' lang='grc' dir='ltr'><strong>ιι</strong></span> <span class='ocrx_word' id='word_1_187' title='bbox 3110 1414 3235 1481; x_wconf 90' lang='lat' dir='ltr'><strong>Agri</strong></span> <span class='ocrx_word' id='word_1_188' title='bbox 3266 1413 3521 1482; x_wconf 89' lang='lat' dir='ltr'><strong>episcopi.</strong></span> <span class='ocrx_word' id='word_1_189' title='bbox 3556 1414 3613 1465; x_wconf 83' lang='grc' dir='ltr'>Β.</span> 
     </span>
    </p>
   </div>
   <div class='ocr_carea' id='block_1_29' title="bbox 2044 1482 3458 1553">
    <p class='ocr_par' dir='ltr' id='par_1_29' title="bbox 2044 1482 3458 1553">
     <span class='ocr_line' id='line_1_29' title="bbox 2044 1482 3458 1553; baseline 0 -18"><span class='ocrx_word' id='word_1_190' title='bbox 2044 1487 2107 1535; x_wconf 87' lang='lat' dir='ltr'><strong>A.</strong></span> <span class='ocrx_word' id='word_1_191' title='bbox 2136 1483 2199 1536; x_wconf 88' lang='grc' dir='ltr'>Τ.</span> <span class='ocrx_word' id='word_1_192' title='bbox 2237 1483 2325 1547; x_wconf 85' lang='grc' dir='ltr'>ι..,</span> <span class='ocrx_word' id='word_1_193' title='bbox 2360 1485 2411 1534; x_wconf 94' lang='lat' dir='ltr'><strong>In</strong></span> <span class='ocrx_word' id='word_1_194' title='bbox 2444 1484 2618 1551; x_wconf 87' lang='lat' dir='ltr'><strong>Capua</strong></span> <span class='ocrx_word' id='word_1_195' title='bbox 2649 1485 2820 1537; x_wconf 86' lang='lat' dir='ltr'><strong>natale</strong></span> <span class='ocrx_word' id='word_1_196' title='bbox 2845 1485 2902 1537; x_wconf 88' lang='grc'><strong>5.</strong></span> <span class='ocrx_word' id='word_1_197' title='bbox 2937 1492 2953 1519; x_wconf 85' lang='grc' dir='ltr'><strong><em>ι</em></strong></span> <span class='ocrx_word' id='word_1_198' title='bbox 2986 1482 3157 1551; x_wconf 90' lang='lat' dir='ltr'><strong>Ruphi</strong></span> <span class='ocrx_word' id='word_1_199' title='bbox 3190 1485 3458 1553; x_wconf 88' lang='lat' dir='ltr'><strong>martyris.</strong></span> 
     </span>
    </p>
   </div>
   <div class='ocr_carea' id='block_1_30' title="bbox 2109 1572 3617 1643">
    <p class='ocr_par' dir='ltr' id='par_1_30' title="bbox 2109 1572 3617 1643">
     <span class='ocr_line' id='line_1_30' title="bbox 2109 1572 3617 1643; baseline 0.001 -19"><span class='ocrx_word' id='word_1_200' title='bbox 2109 1572 2351 1625; x_wconf 72' lang='lat' dir='ltr'><strong>28.——V</strong></span> <span class='ocrx_word' id='word_1_201' title='bbox 2395 1572 2526 1627; x_wconf 69' lang='grc' dir='ltr'>Κλι..</span> <span class='ocrx_word' id='word_1_202' title='bbox 2558 1572 2739 1627; x_wconf 84' lang='lat' dir='ltr'><strong>Natale</strong></span> <span class='ocrx_word' id='word_1_203' title='bbox 2784 1572 2886 1627; x_wconf 89' lang='lat' dir='ltr'><strong>S.i</strong></span> <span class='ocrx_word' id='word_1_204' title='bbox 2927 1573 3197 1628; x_wconf 85' lang='lat' dir='ltr'><strong>ltermetis</strong></span> <span class='ocrx_word' id='word_1_205' title='bbox 3244 1574 3516 1643; x_wconf 84' lang='lat' dir='ltr'><strong>martyris.</strong></span> <span class='ocrx_word' id='word_1_206' title='bbox 3565 1572 3617 1625; x_wconf 93' lang='lat' dir='ltr'><strong>in</strong></span> 
     </span>
    </p>
   </div>
   <div class='ocr_carea' id='block_1_31' title="bbox 1744 1664 2217 1722">
    <p class='ocr_par' dir='ltr' id='par_1_31' title="bbox 1744 1664 2217 1722">
     <span class='ocr_line' id='line_1_31' title="bbox 1744 1664 2217 1722; baseline -0.008 0"><span class='ocrx_word' id='word_1_207' title='bbox 1744 1667 1945 1722; x_wconf 69' lang='lat' dir='ltr'><strong>SMITII</strong></span> <span class='ocrx_word' id='word_1_208' title='bbox 1987 1664 2217 1721; x_wconf 66' lang='lat' dir='ltr'><strong>NOTAE.</strong></span> 
     </span>
    </p>
   </div>
   <div class='ocr_carea' id='block_1_32' title="bbox 371 1758 3616 1830">
    <p class='ocr_par' dir='ltr' id='par_1_32' title="bbox 371 1758 3616 1830">
     <span class='ocr_line' id='line_1_32' title="bbox 371 1758 3616 1830; baseline -0 -15"><span class='ocrx_word' id='word_1_209' title='bbox 371 1774 474 1815; x_wconf 89' lang='lat' dir='ltr'><strong>non</strong></span> <span class='ocrx_word' id='word_1_210' title='bbox 512 1758 670 1830; x_wconf 64' lang='lat' dir='ltr'><strong>igittir</strong></span> <span class='ocrx_word' id='word_1_211' title='bbox 700 1772 815 1828; x_wconf 84' lang='lat' dir='ltr'><strong>post</strong></span> <span class='ocrx_word' id='word_1_212' title='bbox 842 1777 931 1815; x_wconf 90' lang='lat' dir='ltr'><strong>an.</strong></span> <span class='ocrx_word' id='word_1_213' title='bbox 990 1761 1087 1814; x_wconf 71' lang='lat'><strong>561</strong></span> <span class='ocrx_word' id='word_1_214' title='bbox 1122 1758 1185 1812; x_wconf 90' lang='lat' dir='ltr'><strong>ad</strong></span> <span class='ocrx_word' id='word_1_215' title='bbox 1214 1760 1380 1814; x_wconf 75' lang='lat' dir='ltr'><strong>ccelos</strong></span> <span class='ocrx_word' id='word_1_216' title='bbox 1413 1759 1687 1827; x_wconf 75' lang='lat' dir='ltr'><strong>migravit,</strong></span> <span class='ocrx_word' id='word_1_217' title='bbox 1715 1761 1781 1814; x_wconf 88' lang='lat' dir='ltr'><strong>ab</strong></span> <span class='ocrx_word' id='word_1_218' title='bbox 1808 1775 1947 1814; x_wconf 90' lang='lat' dir='ltr'><strong>anno</strong></span> <span class='ocrx_word' id='word_1_219' title='bbox 1984 1764 2022 1820; x_wconf 79' lang='grc' dir='ltr'>Β</span> <span class='ocrx_word' id='word_1_220' title='bbox 2055 1775 2156 1830; x_wconf 89' lang='lat' dir='ltr'><strong>una</strong></span> <span class='ocrx_word' id='word_1_221' title='bbox 2186 1774 2303 1812; x_wconf 79' lang='lat' dir='ltr'><strong>cuiu</strong></span> <span class='ocrx_word' id='word_1_222' title='bbox 2352 1758 2409 1814; x_wconf 94' lang='grc'><strong>5.</strong></span> <span class='ocrx_word' id='word_1_223' title='bbox 2466 1759 2848 1829; x_wconf 85' lang='lat' dir='ltr'><strong>Sympbronio,</strong></span> <span class='ocrx_word' id='word_1_224' title='bbox 2900 1759 3171 1830; x_wconf 86' lang='lat' dir='ltr'><strong>Olympio,</strong></span> <span class='ocrx_word' id='word_1_225' title='bbox 3220 1761 3531 1830; x_wconf 80' lang='lat' dir='ltr'><strong>Exuperla,</strong></span> <span class='ocrx_word' id='word_1_226' title='bbox 3561 1768 3616 1815; x_wconf 91' lang='lat' dir='ltr'><strong>et</strong></span> 
     </span>
    </p>
   </div>
   <div class='ocr_carea' id='block_1_33' title="bbox 372 1829 1939 1886">
    <p class='ocr_par' dir='ltr' id='par_1_33' title="bbox 372 1829 1939 1886">
     <span class='ocr_line' id='line_1_33' title="bbox 372 1829 1939 1886; baseline -0.001 -1"><span class='ocrx_word' id='word_1_227' title='bbox 372 1830 513 1885; x_wconf 89' lang='lat' dir='ltr'><strong>enim</strong></span> <span class='ocrx_word' id='word_1_228' title='bbox 548 1829 653 1883; x_wconf 72' lang='lat'><strong>533</strong></span> <span class='ocrx_word' id='word_1_229' title='bbox 680 1832 744 1886; x_wconf 86' lang='lat' dir='ltr'><strong>ad</strong></span> <span class='ocrx_word' id='word_1_230' title='bbox 776 1847 972 1886; x_wconf 85' lang='lat' dir='ltr'><strong>annum</strong></span> <span class='ocrx_word' id='word_1_231' title='bbox 997 1832 1093 1885; x_wconf 80' lang='grc'>561</span> <span class='ocrx_word' id='word_1_232' title='bbox 1131 1839 1475 1882; x_wconf 88' lang='lat' dir='ltr'><strong>numerantur</strong></span> <span class='ocrx_word' id='word_1_233' title='bbox 1503 1832 1625 1883; x_wconf 89' lang='lat' dir='ltr'><strong>anui</strong></span> <span class='ocrx_word' id='word_1_234' title='bbox 1661 1830 1750 1885; x_wconf 72' lang='grc'><strong>28.</strong></span> <span class='ocrx_word' id='word_1_235' title='bbox 1819 1832 1939 1884; x_wconf 89' lang='lat' dir='ltr'><strong>Ideo</strong></span> 
     </span>
    </p>
   </div>
   <div class='ocr_carea' id='block_1_34' title="bbox 374 1898 1937 1971">
    <p class='ocr_par' dir='ltr' id='par_1_34' title="bbox 374 1898 1937 1971">
     <span class='ocr_line' id='line_1_34' title="bbox 374 1898 1937 1971; baseline -0.001 -17"><span class='ocrx_word' id='word_1_236' title='bbox 374 1916 478 1954; x_wconf 91' lang='lat' dir='ltr'><strong>nou</strong></span> <span class='ocrx_word' id='word_1_237' title='bbox 509 1900 719 1971; x_wconf 77' lang='lat' dir='ltr'><strong>attigit,</strong></span> <span class='ocrx_word' id='word_1_238' title='bbox 771 1914 824 1955; x_wconf 89' lang='lat' dir='ltr'><strong>ttt</strong></span> <span class='ocrx_word' id='word_1_239' title='bbox 855 1903 1045 1971; x_wconf 82' lang='lat' dir='ltr'><strong>legitur</strong></span> <span class='ocrx_word' id='word_1_240' title='bbox 1072 1901 1124 1954; x_wconf 92' lang='lat' dir='ltr'><strong>iu</strong></span> <span class='ocrx_word' id='word_1_241' title='bbox 1165 1898 1391 1971; x_wconf 75' lang='lat' dir='ltr'><strong>Historia</strong></span> <span class='ocrx_word' id='word_1_242' title='bbox 1416 1901 1792 1971; x_wconf 84' lang='lat' dir='ltr'><strong>episcoporqu</strong></span> <span class='ocrx_word' id='word_1_243' title='bbox 1824 1903 1937 1954; x_wconf 88' lang='lat' dir='ltr'><strong>Au-</strong></span> 
     </span>
    </p>
   </div>
   <div class='ocr_carea' id='block_1_35' title="bbox 376 1967 1934 2038">
    <p class='ocr_par' dir='ltr' id='par_1_35' title="bbox 376 1967 1934 2038">
     <span class='ocr_line' id='line_1_35' title="bbox 376 1967 1934 2038; baseline 0.001 -15"><span class='ocrx_word' id='word_1_244' title='bbox 376 1969 581 2024; x_wconf 90' lang='lat' dir='ltr'><strong>tissiod.</strong></span> <span class='ocrx_word' id='word_1_245' title='bbox 614 1967 749 2038; x_wconf 83' lang='lat' dir='ltr'><strong>apud</strong></span> <span class='ocrx_word' id='word_1_246' title='bbox 781 1967 973 2027; x_wconf 70' lang='lat' dir='ltr'><strong>Labliei</strong></span> <span class='ocrx_word' id='word_1_247' title='bbox 1017 1972 1147 2026; x_wconf 89' lang='lat' dir='ltr'><strong>Bibl.</strong></span> <span class='ocrx_word' id='word_1_248' title='bbox 1192 1969 1352 2035; x_wconf 85' lang='lat' dir='ltr'><strong>Nnv.,</strong></span> <span class='ocrx_word' id='word_1_249' title='bbox 1385 1984 1421 2034; x_wconf 88' lang='grc' dir='ltr'><strong>ι,</strong></span> <span class='ocrx_word' id='word_1_250' title='bbox 1452 1967 1579 2035; x_wconf 72' lang='grc'><strong>419,</strong></span> <span class='ocrx_word' id='word_1_251' title='bbox 1613 1971 1805 2025; x_wconf 84' lang='lat' dir='ltr'><strong>Justini</strong></span> <span class='ocrx_word' id='word_1_252' title='bbox 1837 1971 1934 2024; x_wconf 89' lang='lat' dir='ltr'><strong>mi-</strong></span> 
     </span>
    </p>
   </div>
   <div class='ocr_carea' id='block_1_36' title="bbox 373 2038 1937 2110">
    <p class='ocr_par' dir='ltr' id='par_1_36' title="bbox 373 2038 1937 2110">
     <span class='ocr_line' id='line_1_36' title="bbox 373 2038 1937 2110; baseline 0.002 -18"><span class='ocrx_word' id='word_1_253' title='bbox 373 2042 519 2092; x_wconf 89' lang='lat' dir='ltr'><strong>noris</strong></span> <span class='ocrx_word' id='word_1_254' title='bbox 569 2049 806 2110; x_wconf 85' lang='lat' dir='ltr'><strong>tempora</strong></span> <span class='ocrx_word' id='word_1_255' title='bbox 834 2082 849 2104; x_wconf 87' lang='lat'><strong>,</strong></span> <span class='ocrx_word' id='word_1_256' title='bbox 901 2043 989 2109; x_wconf 88' lang='lat' dir='ltr'><strong>qui</strong></span> <span class='ocrx_word' id='word_1_257' title='bbox 1030 2056 1134 2094; x_wconf 93' lang='lat' dir='ltr'><strong>non</strong></span> <span class='ocrx_word' id='word_1_258' title='bbox 1180 2049 1305 2110; x_wconf 81' lang='lat' dir='ltr'><strong>ante</strong></span> <span class='ocrx_word' id='word_1_259' title='bbox 1350 2054 1439 2093; x_wconf 89' lang='lat' dir='ltr'><strong>an.</strong></span> <span class='ocrx_word' id='word_1_260' title='bbox 1482 2038 1586 2092; x_wconf 62' lang='lat'><strong>563</strong></span> <span class='ocrx_word' id='word_1_261' title='bbox 1632 2040 1937 2095; x_wconf 65' lang='lat' dir='ltr'><strong>Jusﬁniano</strong></span> 
     </span>
    </p>
   </div>
   <div class='ocr_carea' id='block_1_37' title="bbox 375 2109 1938 2177">
    <p class='ocr_par' dir='ltr' id='par_1_37' title="bbox 375 2109 1938 2177">
     <span class='ocr_line' id='line_1_37' title="bbox 375 2109 1938 2177; baseline 0.001 -16"><span class='ocrx_word' id='word_1_262' title='bbox 375 2109 652 2163; x_wconf 88' lang='lat' dir='ltr'><strong>successit.</strong></span> <span class='ocrx_word' id='word_1_263' title='bbox 686 2109 756 2166; x_wconf 57' lang='grc'>⁷5.</span> <span class='ocrx_word' id='word_1_264' title='bbox 795 2112 1131 2166; x_wconf 79' lang='lat' dir='ltr'><strong>Eleutherius</strong></span> <span class='ocrx_word' id='word_1_265' title='bbox 1158 2109 1401 2163; x_wconf 84' lang='lat' dir='ltr'><strong>conciliis</strong></span> <span class='ocrx_word' id='word_1_266' title='bbox 1437 2110 1938 2177; x_wconf 85' lang='lat' dir='ltr'><strong>Aurelianensibus,</strong></span> 
     </span>
    </p>
   </div>
   <div class='ocr_carea' id='block_1_38' title="bbox 378 2178 1941 2247">
    <p class='ocr_par' dir='ltr' id='par_1_38' title="bbox 378 2178 1941 2247">
     <span class='ocr_line' id='line_1_38' title="bbox 378 2178 1941 2247; baseline 0.003 -17"><span class='ocrx_word' id='word_1_267' title='bbox 378 2178 441 2239; x_wconf 87' lang='lat' dir='ltr'><strong>Il.</strong></span> <span class='ocrx_word' id='word_1_268' title='bbox 468 2195 609 2233; x_wconf 80' lang='lat' dir='ltr'><strong>armo</strong></span> <span class='ocrx_word' id='word_1_269' title='bbox 637 2179 773 2247; x_wconf 74' lang='lat'><strong>555;</strong></span> <span class='ocrx_word' id='word_1_270' title='bbox 808 2181 893 2244; x_wconf 89' lang='lat' dir='ltr'><strong>lll.</strong></span> <span class='ocrx_word' id='word_1_271' title='bbox 922 2197 1062 2236; x_wconf 85' lang='lat' dir='ltr'><strong>anno</strong></span> <span class='ocrx_word' id='word_1_272' title='bbox 1090 2179 1229 2243; x_wconf 77' lang='lat'><strong>5&#39;58;</strong></span> <span class='ocrx_word' id='word_1_273' title='bbox 1254 2178 1341 2243; x_wconf 91' lang='lat' dir='ltr'><strong>IV,</strong></span> <span class='ocrx_word' id='word_1_274' title='bbox 1373 2194 1514 2234; x_wconf 90' lang='lat' dir='ltr'><strong>anno</strong></span> <span class='ocrx_word' id='word_1_275' title='bbox 1537 2181 1674 2246; x_wconf 78' lang='lat' dir='ltr'><strong>5-H;</strong></span> <span class='ocrx_word' id='word_1_276' title='bbox 1710 2182 1771 2242; x_wconf 85' lang='lat' dir='ltr'><strong>V,</strong></span> <span class='ocrx_word' id='word_1_277' title='bbox 1800 2196 1941 2235; x_wconf 89' lang='lat' dir='ltr'><strong>anno</strong></span> 
     </span>
    </p>
   </div>
   <div class='ocr_carea' id='block_1_39' title="bbox 376 2249 1937 2319">
    <p class='ocr_par' dir='ltr' id='par_1_39' title="bbox 376 2249 1937 2319">
     <span class='ocr_line' id='line_1_39' title="bbox 376 2249 1937 2319; baseline 0.001 -17"><span class='ocrx_word' id='word_1_278' title='bbox 376 2249 503 2310; x_wconf 73' lang='grc'>541),</span> <span class='ocrx_word' id='word_1_279' title='bbox 549 2251 830 2305; x_wconf 71' lang='lat' dir='ltr'><strong>Celebratis</strong></span> <span class='ocrx_word' id='word_1_280' title='bbox 878 2251 1146 2311; x_wconf 78' lang='lat' dir='ltr'><strong>interfuit.</strong></span> <span class='ocrx_word' id='word_1_281' title='bbox 1199 2260 1248 2303; x_wconf 92' lang='lat' dir='ltr'><strong>et</strong></span> <span class='ocrx_word' id='word_1_282' title='bbox 1294 2249 1425 2303; x_wconf 90' lang='lat' dir='ltr'><strong>obiit</strong></span> <span class='ocrx_word' id='word_1_283' title='bbox 1477 2252 1664 2319; x_wconf 85' lang='lat' dir='ltr'><strong>plenus</strong></span> <span class='ocrx_word' id='word_1_284' title='bbox 1711 2251 1937 2315; x_wconf 88' lang='lat' dir='ltr'><strong>dierum,</strong></span> 
     </span>
    </p>
   </div>
   <div class='ocr_carea' id='block_1_40' title="bbox 379 2319 1939 2390">
    <p class='ocr_par' dir='ltr' id='par_1_40' title="bbox 379 2319 1939 2390">
     <span class='ocr_line' id='line_1_40' title="bbox 379 2319 1939 2390; baseline 0.002 -20"><span class='ocrx_word' id='word_1_285' title='bbox 379 2319 797 2390; x_wconf 80' lang='lat' dir='ltr'><strong>rnnjuuctusqne</strong></span> <span class='ocrx_word' id='word_1_286' title='bbox 835 2330 918 2376; x_wconf 86' lang='lat' dir='ltr'><strong>cst</strong></span> <span class='ocrx_word' id='word_1_287' title='bbox 965 2320 1234 2389; x_wconf 87' lang='lat' dir='ltr'><strong>sepultura</strong></span> <span class='ocrx_word' id='word_1_288' title='bbox 1285 2321 1482 2390; x_wconf 78' lang='lat' dir='ltr'><strong>sanctis</strong></span> <span class='ocrx_word' id='word_1_289' title='bbox 1526 2321 1939 2388; x_wconf 78' lang='lat' dir='ltr'><strong>pra-decessori-</strong></span> 
     </span>
    </p>
   </div>
   <div class='ocr_carea' id='block_1_41' title="bbox 381 2389 1942 2458">
    <p class='ocr_par' dir='ltr' id='par_1_41' title="bbox 381 2389 1942 2458">
     <span class='ocr_line' id='line_1_41' title="bbox 381 2389 1942 2458; baseline 0.001 -16"><span class='ocrx_word' id='word_1_290' title='bbox 381 2390 476 2442; x_wconf 90' lang='lat' dir='ltr'><strong>bus</strong></span> <span class='ocrx_word' id='word_1_291' title='bbox 494 2390 605 2443; x_wconf 90' lang='lat' dir='ltr'><strong>suis</strong></span> <span class='ocrx_word' id='word_1_292' title='bbox 627 2390 678 2443; x_wconf 95' lang='lat' dir='ltr'><strong>in</strong></span> <span class='ocrx_word' id='word_1_293' title='bbox 718 2389 942 2445; x_wconf 81' lang='lat' dir='ltr'><strong>basilica</strong></span> <span class='ocrx_word' id='word_1_294' title='bbox 973 2393 1029 2445; x_wconf 92' lang='lat' dir='ltr'><strong>S.</strong></span> <span class='ocrx_word' id='word_1_295' title='bbox 1071 2389 1321 2443; x_wconf 77' lang='lat' dir='ltr'><strong>Germani</strong></span> <span class='ocrx_word' id='word_1_296' title='bbox 1350 2390 1608 2458; x_wconf 85' lang='lat' dir='ltr'><strong>episcopi.</strong></span> <span class='ocrx_word' id='word_1_297' title='bbox 1663 2393 1813 2457; x_wconf 87' lang='lat' dir='ltr'><strong>Apud</strong></span> <span class='ocrx_word' id='word_1_298' title='bbox 1845 2391 1942 2445; x_wconf 86' lang='lat' dir='ltr'><strong>Ba-</strong></span> 
     </span>
    </p>
   </div>
   <div class='ocr_carea' id='block_1_42' title="bbox 378 2460 1941 2531">
    <p class='ocr_par' dir='ltr' id='par_1_42' title="bbox 378 2460 1941 2531">
     <span class='ocr_line' id='line_1_42' title="bbox 378 2460 1941 2531; baseline 0.002 -19"><span class='ocrx_word' id='word_1_299' title='bbox 378 2461 509 2531; x_wconf 78' lang='lat' dir='ltr'><strong>ronii</strong></span> <span class='ocrx_word' id='word_1_300' title='bbox 538 2460 991 2531; x_wconf 65' lang='lat' dir='ltr'><strong>Martyrologium</strong></span> <span class='ocrx_word' id='word_1_301' title='bbox 1047 2461 1163 2530; x_wconf 79' lang='lat' dir='ltr'><strong>ejus</strong></span> <span class='ocrx_word' id='word_1_302' title='bbox 1204 2460 1319 2514; x_wconf 88' lang='lat' dir='ltr'><strong>dies</strong></span> <span class='ocrx_word' id='word_1_303' title='bbox 1372 2460 1573 2514; x_wconf 83' lang='lat' dir='ltr'><strong>Natalis</strong></span> <span class='ocrx_word' id='word_1_304' title='bbox 1618 2465 1791 2527; x_wconf 83' lang='lat' dir='ltr'><strong>agitur</strong></span> <span class='ocrx_word' id='word_1_305' title='bbox 1834 2477 1941 2515; x_wconf 82' lang='lat' dir='ltr'><strong>xvtt</strong></span> 
     </span>
    </p>
   </div>
   <div class='ocr_carea' id='block_1_43' title="bbox 380 2528 1942 2600">
    <p class='ocr_par' dir='ltr' id='par_1_43' title="bbox 380 2528 1942 2600">
     <span class='ocr_line' id='line_1_43' title="bbox 380 2528 1942 2600; baseline 0.003 -17"><span class='ocrx_word' id='word_1_306' title='bbox 380 2528 804 2600; x_wconf 30' lang='lat' dir='ltr'><strong>KalaSepteinb.</strong></span> <span class='ocrx_word' id='word_1_307' title='bbox 848 2532 902 2585; x_wconf 93' lang='lat' dir='ltr'><strong>In</strong></span> <span class='ocrx_word' id='word_1_308' title='bbox 934 2528 1190 2600; x_wconf 77' lang='lat' dir='ltr'><strong>prtedicto</strong></span> <span class='ocrx_word' id='word_1_309' title='bbox 1222 2531 1337 2584; x_wconf 92' lang='lat' dir='ltr'><strong>loco</strong></span> <span class='ocrx_word' id='word_1_310' title='bbox 1370 2531 1566 2585; x_wconf 83' lang='lat' dir='ltr'><strong>Labbei</strong></span> <span class='ocrx_word' id='word_1_311' title='bbox 1600 2531 1942 2587; x_wconf 66' lang='lat' dir='ltr'><strong>Bibliotheca:</strong></span> 
     </span>
    </p>
   </div>
   <div class='ocr_carea' id='block_1_44' title="bbox 381 2598 1943 2670">
    <p class='ocr_par' dir='ltr' id='par_1_44' title="bbox 381 2598 1943 2670">
     <span class='ocr_line' id='line_1_44' title="bbox 381 2598 1943 2670; baseline 0.002 -17"><span class='ocrx_word' id='word_1_312' title='bbox 381 2613 469 2653; x_wconf 76' lang='lat' dir='ltr'><strong>xvi</strong></span> <span class='ocrx_word' id='word_1_313' title='bbox 500 2598 615 2654; x_wconf 83' lang='lat' dir='ltr'><strong>Kal.</strong></span> <span class='ocrx_word' id='word_1_314' title='bbox 667 2602 906 2670; x_wconf 82' lang='lat' dir='ltr'><strong>ejusdem</strong></span> <span class='ocrx_word' id='word_1_315' title='bbox 937 2598 1179 2666; x_wconf 81' lang='lat' dir='ltr'><strong>mensis;</strong></span> <span class='ocrx_word' id='word_1_316' title='bbox 1233 2600 1411 2656; x_wconf 89' lang='lat' dir='ltr'><strong>forsan</strong></span> <span class='ocrx_word' id='word_1_317' title='bbox 1460 2601 1617 2670; x_wconf 80' lang='lat' dir='ltr'><strong>igitur</strong></span> <span class='ocrx_word' id='word_1_318' title='bbox 1669 2601 1943 2657; x_wconf 89' lang='lat' dir='ltr'><strong>translatio</strong></span> 
     </span>
    </p>
   </div>
   <div class='ocr_carea' id='block_1_45' title="bbox 379 2671 1160 2738">
    <p class='ocr_par' dir='ltr' id='par_1_45' title="bbox 379 2671 1160 2738">
     <span class='ocr_line' id='line_1_45' title="bbox 379 2671 1160 2738; baseline 0.003 -16"><span class='ocrx_word' id='word_1_319' title='bbox 379 2671 622 2738; x_wconf 67' lang='lat' dir='ltr'><strong>quaedam</strong></span> <span class='ocrx_word' id='word_1_320' title='bbox 655 2671 811 2725; x_wconf 87' lang='lat' dir='ltr'><strong>hodie</strong></span> <span class='ocrx_word' id='word_1_321' title='bbox 841 2672 1160 2727; x_wconf 88' lang='lat' dir='ltr'><strong>celebratur.</strong></span> 
     </span>
    </p>
   </div>
   <div class='ocr_carea' id='block_1_46' title="bbox 451 2739 1938 2809">
    <p class='ocr_par' dir='ltr' id='par_1_46' title="bbox 451 2739 1938 2809">
     <span class='ocr_line' id='line_1_46' title="bbox 451 2739 1938 2809; baseline 0.001 -16"><span class='ocrx_word' id='word_1_322' title='bbox 451 2750 476 2776; x_wconf 75' lang='grc'><strong>⁸·</strong></span> <span class='ocrx_word' id='word_1_323' title='bbox 509 2740 739 2795; x_wconf 73' lang='lat' dir='ltr'><strong>Cmarii.</strong></span> <span class='ocrx_word' id='word_1_324' title='bbox 790 2741 889 2809; x_wconf 87' lang='lat' dir='ltr'><strong>Qui</strong></span> <span class='ocrx_word' id='word_1_325' title='bbox 936 2741 1205 2796; x_wconf 89' lang='lat' dir='ltr'><strong>territorio</strong></span> <span class='ocrx_word' id='word_1_326' title='bbox 1252 2739 1588 2796; x_wconf 88' lang='lat' dir='ltr'><strong>Cabiloneusi</strong></span> <span class='ocrx_word' id='word_1_327' title='bbox 1634 2751 1787 2795; x_wconf 88' lang='lat' dir='ltr'><strong>natus</strong></span> <span class='ocrx_word' id='word_1_328' title='bbox 1821 2752 1938 2796; x_wconf 89' lang='lat' dir='ltr'><strong>est:</strong></span> 
     </span>
    </p>
   </div>
   <div class='ocr_carea' id='block_1_47' title="bbox 385 2807 1940 2881">
    <p class='ocr_par' dir='ltr' id='par_1_47' title="bbox 385 2807 1940 2881">
     <span class='ocr_line' id='line_1_47' title="bbox 385 2807 1940 2881; baseline 0.003 -18"><span class='ocrx_word' id='word_1_329' title='bbox 385 2807 453 2863; x_wconf 87' lang='lat' dir='ltr'><strong>Et</strong></span> <span class='ocrx_word' id='word_1_330' title='bbox 478 2825 507 2863; x_wconf 86' lang='lat' dir='ltr'><strong>a</strong></span> <span class='ocrx_word' id='word_1_331' title='bbox 532 2807 872 2881; x_wconf 79' lang='lat' dir='ltr'><strong>Cabiloneusi</strong></span> <span class='ocrx_word' id='word_1_332' title='bbox 901 2813 1155 2881; x_wconf 88' lang='lat' dir='ltr'><strong>episcopo</strong></span> <span class='ocrx_word' id='word_1_333' title='bbox 1201 2810 1466 2866; x_wconf 78' lang='lat' dir='ltr'><strong>S;lvestro</strong></span> <span class='ocrx_word' id='word_1_334' title='bbox 1492 2812 1718 2866; x_wconf 87' lang='lat' dir='ltr'><strong>clericus</strong></span> <span class='ocrx_word' id='word_1_335' title='bbox 1751 2812 1940 2879; x_wconf 86' lang='lat' dir='ltr'><strong>factus,</strong></span> 
     </span>
    </p>
   </div>
   <div class='ocr_carea' id='block_1_48' title="bbox 381 2880 1938 2948">
    <p class='ocr_par' dir='ltr' id='par_1_48' title="bbox 381 2880 1938 2948">
     <span class='ocr_line' id='line_1_48' title="bbox 381 2880 1938 2948; baseline 0.002 -16"><span class='ocrx_word' id='word_1_336' title='bbox 381 2881 539 2933; x_wconf 89' lang='lat' dir='ltr'><strong>etiam</strong></span> <span class='ocrx_word' id='word_1_337' title='bbox 583 2880 648 2934; x_wconf 89' lang='lat' dir='ltr'><strong>ad</strong></span> <span class='ocrx_word' id='word_1_338' title='bbox 706 2882 994 2937; x_wconf 88' lang='lat' dir='ltr'><strong>Lerinense</strong></span> <span class='ocrx_word' id='word_1_339' title='bbox 1053 2880 1432 2936; x_wconf 83' lang='lat' dir='ltr'><strong>monasterium</strong></span> <span class='ocrx_word' id='word_1_340' title='bbox 1482 2895 1542 2937; x_wconf 90' lang='lat' dir='ltr'><strong>se</strong></span> <span class='ocrx_word' id='word_1_341' title='bbox 1589 2881 1938 2948; x_wconf 77' lang='lat' dir='ltr'><strong>transferens,</strong></span> 
     </span>
    </p>
   </div>
   <div class='ocr_carea' id='block_1_49' title="bbox 379 2950 1939 3017">
    <p class='ocr_par' dir='ltr' id='par_1_49' title="bbox 379 2950 1939 3017">
     <span class='ocr_line' id='line_1_49' title="bbox 379 2950 1939 3017; baseline 0.004 -16"><span class='ocrx_word' id='word_1_342' title='bbox 379 2950 684 3017; x_wconf 89' lang='lat' dir='ltr'><strong>aliquandiu</strong></span> <span class='ocrx_word' id='word_1_343' title='bbox 716 2966 923 3006; x_wconf 90' lang='lat' dir='ltr'><strong>summa</strong></span> <span class='ocrx_word' id='word_1_344' title='bbox 978 2952 1299 3006; x_wconf 87' lang='lat' dir='ltr'><strong>abstinentia</strong></span> <span class='ocrx_word' id='word_1_345' title='bbox 1352 2962 1406 3005; x_wconf 91' lang='lat' dir='ltr'><strong>et</strong></span> <span class='ocrx_word' id='word_1_346' title='bbox 1459 2958 1740 3006; x_wconf 84' lang='lat' dir='ltr'><strong>sanctitate</strong></span> <span class='ocrx_word' id='word_1_347' title='bbox 1785 2952 1939 3008; x_wconf 82' lang='lat' dir='ltr'><strong>vixit.</strong></span> 
     </span>
    </p>
   </div>
   <div class='ocr_carea' id='block_1_50' title="bbox 386 3017 1942 3093">
    <p class='ocr_par' dir='ltr' id='par_1_50' title="bbox 386 3017 1942 3093">
     <span class='ocr_line' id='line_1_50' title="bbox 386 3017 1942 3093; baseline 0.002 -21"><span class='ocrx_word' id='word_1_348' title='bbox 386 3020 465 3073; x_wconf 78' lang='lat' dir='ltr'><strong>Ab</strong></span> <span class='ocrx_word' id='word_1_349' title='bbox 492 3017 738 3093; x_wconf 87' lang='lat' dir='ltr'><strong>Eunonio</strong></span> <span class='ocrx_word' id='word_1_350' title='bbox 765 3023 1059 3077; x_wconf 87' lang='lat' dir='ltr'><strong>Arelatensi</strong></span> <span class='ocrx_word' id='word_1_351' title='bbox 1094 3022 1319 3091; x_wconf 67' lang='lat' dir='ltr'><strong>praesule</strong></span> <span class='ocrx_word' id='word_1_352' title='bbox 1356 3022 1636 3093; x_wconf 82' lang='lat' dir='ltr'><strong>presbyter</strong></span> <span class='ocrx_word' id='word_1_353' title='bbox 1663 3037 1942 3077; x_wconf 86' lang='lat' dir='ltr'><strong>consecra-</strong></span> 
     </span>
    </p>
   </div>
   <div class='ocr_carea' id='block_1_51' title="bbox 384 3092 2015 3173">
    <p class='ocr_par' dir='ltr' id='par_1_51' title="bbox 384 3092 2015 3173">
     <span class='ocr_line' id='line_1_51' title="bbox 384 3092 2015 3173; baseline 0.002 -31"><span class='ocrx_word' id='word_1_354' title='bbox 384 3099 512 3173; x_wconf 59' lang='lat' dir='ltr'><strong>tus,_</strong></span> <span class='ocrx_word' id='word_1_355' title='bbox 542 3092 595 3145; x_wconf 92' lang='lat' dir='ltr'><strong>iu</strong></span> <span class='ocrx_word' id='word_1_356' title='bbox 623 3093 767 3173; x_wconf 39' lang='lat' dir='ltr'><strong>.ejus.</strong></span> <span class='ocrx_word' id='word_1_357' title='bbox 808 3094 982 3148; x_wconf 80' lang='lat' dir='ltr'><strong>locum</strong></span> <span class='ocrx_word' id='word_1_358' title='bbox 1035 3102 1237 3171; x_wconf 38' lang='lat' dir='ltr'><strong>postea.</strong></span> <span class='ocrx_word' id='word_1_359' title='bbox 1274 3093 1467 3172; x_wconf 71' lang='lat' dir='ltr'><strong>invitus</strong></span> <span class='ocrx_word' id='word_1_360' title='bbox 1525 3092 1779 3173; x_wconf 63' lang='lat' dir='ltr'><strong>Suffectus</strong></span> <span class='ocrx_word' id='word_1_361' title='bbox 1821 3104 1939 3173; x_wconf 73' lang='lat' dir='ltr'><strong>est;</strong></span> <span class='ocrx_word' id='word_1_362' title='bbox 1968 3113 2015 3173; x_wconf 71' lang='grc' dir='ltr'>ο</span> 
     </span>
    </p>
   </div>
   <div class='ocr_carea' id='block_1_52' title="bbox 390 3160 1939 3230">
    <p class='ocr_par' dir='ltr' id='par_1_52' title="bbox 390 3160 1939 3230">
     <span class='ocr_line' id='line_1_52' title="bbox 390 3160 1939 3230; baseline 0.003 -17"><span class='ocrx_word' id='word_1_363' title='bbox 390 3162 580 3213; x_wconf 90' lang='lat' dir='ltr'><strong>multas</strong></span> <span class='ocrx_word' id='word_1_364' title='bbox 623 3162 953 3215; x_wconf 83' lang='lat' dir='ltr'><strong>inimicorum</strong></span> <span class='ocrx_word' id='word_1_365' title='bbox 1007 3176 1194 3230; x_wconf 90' lang='lat' dir='ltr'><strong>passus</strong></span> <span class='ocrx_word' id='word_1_366' title='bbox 1227 3160 1466 3229; x_wconf 90' lang='lat' dir='ltr'><strong>injurias,</strong></span> <span class='ocrx_word' id='word_1_367' title='bbox 1514 3163 1719 3227; x_wconf 77' lang='lat' dir='ltr'><strong>exsilia,</strong></span> <span class='ocrx_word' id='word_1_368' title='bbox 1754 3163 1939 3219; x_wconf 84' lang='lat' dir='ltr'><strong>mortis</strong></span> 
     </span>
    </p>
   </div>
   <div class='ocr_carea' id='block_1_53' title="bbox 385 3232 1937 3300">
    <p class='ocr_par' dir='ltr' id='par_1_53' title="bbox 385 3232 1937 3300">
     <span class='ocr_line' id='line_1_53' title="bbox 385 3232 1937 3300; baseline 0.001 -17"><span class='ocrx_word' id='word_1_369' title='bbox 385 3232 702 3285; x_wconf 85' lang='lat' dir='ltr'><strong>sententiam</strong></span> <span class='ocrx_word' id='word_1_370' title='bbox 747 3234 1006 3300; x_wconf 80' lang='lat' dir='ltr'><strong>patienter</strong></span> <span class='ocrx_word' id='word_1_371' title='bbox 1057 3232 1207 3285; x_wconf 91' lang='lat' dir='ltr'><strong>tulit:</strong></span> <span class='ocrx_word' id='word_1_372' title='bbox 1238 3241 1292 3285; x_wconf 91' lang='lat' dir='ltr'><strong>et</strong></span> <span class='ocrx_word' id='word_1_373' title='bbox 1336 3246 1366 3284; x_wconf 82' lang='lat' dir='ltr'><strong>a</strong></span> <span class='ocrx_word' id='word_1_374' title='bbox 1416 3232 1637 3286; x_wconf 86' lang='lat' dir='ltr'><strong>Domino</strong></span> <span class='ocrx_word' id='word_1_375' title='bbox 1666 3233 1937 3299; x_wconf 86' lang='lat' dir='ltr'><strong>liberatus,</strong></span> 
     </span>
    </p>
   </div>
   <div class='ocr_carea' id='block_1_54' title="bbox 383 3300 1941 3367">
    <p class='ocr_par' dir='ltr' id='par_1_54' title="bbox 383 3300 1941 3367">
     <span class='ocr_line' id='line_1_54' title="bbox 383 3300 1941 3367; baseline 0.001 -13"><span class='ocrx_word' id='word_1_376' title='bbox 383 3301 541 3354; x_wconf 88' lang='lat' dir='ltr'><strong>etiam</strong></span> <span class='ocrx_word' id='word_1_377' title='bbox 577 3314 943 3367; x_wconf 83' lang='lat' dir='ltr'><strong>persecutores</strong></span> <span class='ocrx_word' id='word_1_378' title='bbox 968 3316 1095 3355; x_wconf 91' lang='lat' dir='ltr'><strong>suos</strong></span> <span class='ocrx_word' id='word_1_379' title='bbox 1135 3317 1163 3354; x_wconf 89' lang='lat' dir='ltr'><strong>a</strong></span> <span class='ocrx_word' id='word_1_380' title='bbox 1207 3315 1379 3356; x_wconf 89' lang='lat' dir='ltr'><strong>morte</strong></span> <span class='ocrx_word' id='word_1_381' title='bbox 1410 3300 1671 3355; x_wconf 80' lang='lat' dir='ltr'><strong>liberavit.</strong></span> <span class='ocrx_word' id='word_1_382' title='bbox 1720 3302 1941 3356; x_wconf 82' lang='lat' dir='ltr'><strong>Romam</strong></span> 
     </span>
    </p>
   </div>
   <div class='ocr_carea' id='block_1_55' title="bbox 384 3370 1938 3439">
    <p class='ocr_par' dir='ltr' id='par_1_55' title="bbox 384 3370 1938 3439">
     <span class='ocr_line' id='line_1_55' title="bbox 384 3370 1938 3439; baseline 0.004 -19"><span class='ocrx_word' id='word_1_383' title='bbox 384 3372 448 3421; x_wconf 85' lang='lat' dir='ltr'><strong>ad</strong></span> <span class='ocrx_word' id='word_1_384' title='bbox 501 3370 880 3439; x_wconf 85' lang='lat' dir='ltr'><strong>Symmachum</strong></span> <span class='ocrx_word' id='word_1_385' title='bbox 926 3386 1112 3439; x_wconf 89' lang='lat' dir='ltr'><strong>papam</strong></span> <span class='ocrx_word' id='word_1_386' title='bbox 1168 3373 1316 3425; x_wconf 88' lang='lat' dir='ltr'><strong>adiit.</strong></span> <span class='ocrx_word' id='word_1_387' title='bbox 1390 3371 1619 3425; x_wconf 77' lang='lat' dir='ltr'><strong>Diversis</strong></span> <span class='ocrx_word' id='word_1_388' title='bbox 1662 3374 1938 3437; x_wconf 86' lang='lat' dir='ltr'><strong>conciliis,</strong></span> 
     </span>
    </p>
   </div>
   <div class='ocr_carea' id='block_1_56' title="bbox 384 3439 1942 3507">
    <p class='ocr_par' dir='ltr' id='par_1_56' title="bbox 384 3439 1942 3507">
     <span class='ocr_line' id='line_1_56' title="bbox 384 3439 1942 3507; baseline 0.001 -14"><span class='ocrx_word' id='word_1_389' title='bbox 384 3441 615 3494; x_wconf 78' lang='lat' dir='ltr'><strong>maxime</strong></span> <span class='ocrx_word' id='word_1_390' title='bbox 634 3440 869 3507; x_wconf 88' lang='lat' dir='ltr'><strong>Vaseusi,</strong></span> <span class='ocrx_word' id='word_1_391' title='bbox 888 3458 1027 3495; x_wconf 82' lang='lat' dir='ltr'><strong>anno</strong></span> <span class='ocrx_word' id='word_1_392' title='bbox 1044 3440 1145 3494; x_wconf 66' lang='lat'><strong>5&#39;29</strong></span> <span class='ocrx_word' id='word_1_393' title='bbox 1169 3439 1428 3496; x_wconf 91' lang='lat' dir='ltr'><strong>interfuit.</strong></span> <span class='ocrx_word' id='word_1_394' title='bbox 1454 3441 1764 3498; x_wconf 78' lang='lat' dir='ltr'><strong>Moaasteria</strong></span> <span class='ocrx_word' id='word_1_395' title='bbox 1787 3442 1942 3496; x_wconf 79' lang='lat' dir='ltr'><strong>insu-</strong></span> 
     </span>
    </p>
   </div>
   <div class='ocr_carea' id='block_1_57' title="bbox 388 3510 1941 3581">
    <p class='ocr_par' dir='ltr' id='par_1_57' title="bbox 388 3510 1941 3581">
     <span class='ocr_line' id='line_1_57' title="bbox 388 3510 1941 3581; baseline 0.005 -20"><span class='ocrx_word' id='word_1_396' title='bbox 388 3510 502 3581; x_wconf 82' lang='lat' dir='ltr'><strong>tuit,</strong></span> <span class='ocrx_word' id='word_1_397' title='bbox 535 3511 837 3581; x_wconf 71' lang='lat' dir='ltr'><strong>nimiialium</strong></span> <span class='ocrx_word' id='word_1_398' title='bbox 873 3511 1136 3579; x_wconf 67' lang='lat' dir='ltr'><strong>praecipue</strong></span> <span class='ocrx_word' id='word_1_399' title='bbox 1160 3553 1175 3576; x_wconf 89' lang='lat'><strong>,</strong></span> <span class='ocrx_word' id='word_1_400' title='bbox 1208 3511 1398 3581; x_wconf 84' lang='lat' dir='ltr'><strong>quibus</strong></span> <span class='ocrx_word' id='word_1_401' title='bbox 1423 3527 1664 3566; x_wconf 75' lang='lat' dir='ltr'><strong>sororem</strong></span> <span class='ocrx_word' id='word_1_402' title='bbox 1696 3528 1843 3565; x_wconf 90' lang='lat' dir='ltr'><strong>suam</strong></span> <span class='ocrx_word' id='word_1_403' title='bbox 1879 3513 1941 3567; x_wconf 86' lang='lat' dir='ltr'><strong>S.</strong></span> 
     </span>
    </p>
   </div>
   <div class='ocr_carea' id='block_1_58' title="bbox 390 3578 1947 3649">
    <p class='ocr_par' dir='ltr' id='par_1_58' title="bbox 390 3578 1947 3649">
     <span class='ocr_line' id='line_1_58' title="bbox 390 3578 1947 3649; baseline 0.004 -18"><span class='ocrx_word' id='word_1_404' title='bbox 390 3578 673 3634; x_wconf 71' lang='lat' dir='ltr'><strong>Cmsariam</strong></span> <span class='ocrx_word' id='word_1_405' title='bbox 709 3580 965 3649; x_wconf 67' lang='lat' dir='ltr'><strong>praefecit.</strong></span> <span class='ocrx_word' id='word_1_406' title='bbox 1020 3578 1099 3636; x_wconf 86' lang='lat' dir='ltr'><strong>Ad</strong></span> <span class='ocrx_word' id='word_1_407' title='bbox 1142 3578 1480 3636; x_wconf 82' lang='lat' dir='ltr'><strong>statuendum</strong></span> <span class='ocrx_word' id='word_1_408' title='bbox 1510 3583 1569 3636; x_wconf 88' lang='grc'><strong>5.</strong></span> <span class='ocrx_word' id='word_1_409' title='bbox 1599 3582 1814 3637; x_wconf 70' lang='lat' dir='ltr'><strong>Ctesarii</strong></span> <span class='ocrx_word' id='word_1_410' title='bbox 1838 3584 1947 3637; x_wconf 83' lang='lat' dir='ltr'><strong>obi-</strong></span> 
     </span>
    </p>
   </div>
   <div class='ocr_carea' id='block_1_59' title="bbox 391 3653 1946 3721">
    <p class='ocr_par' dir='ltr' id='par_1_59' title="bbox 391 3653 1946 3721">
     <span class='ocr_line' id='line_1_59' title="bbox 391 3653 1946 3721; baseline 0.005 -20"><span class='ocrx_word' id='word_1_411' title='bbox 391 3658 503 3702; x_wconf 91' lang='lat' dir='ltr'><strong>tum</strong></span> <span class='ocrx_word' id='word_1_412' title='bbox 529 3662 811 3718; x_wconf 79' lang='lat' dir='ltr'><strong>sequentes</strong></span> <span class='ocrx_word' id='word_1_413' title='bbox 838 3656 1177 3707; x_wconf 84' lang='lat' dir='ltr'><strong>characteres</strong></span> <span class='ocrx_word' id='word_1_414' title='bbox 1216 3653 1579 3721; x_wconf 80' lang='lat' dir='ltr'><strong>chrnnulogicl</strong></span> <span class='ocrx_word' id='word_1_415' title='bbox 1626 3653 1946 3708; x_wconf 88' lang='lat' dir='ltr'><strong>observandi</strong></span> 
     </span>
    </p>
   </div>
   <div class='ocr_carea' id='block_1_60' title="bbox 388 3721 1948 3791">
    <p class='ocr_par' dir='ltr' id='par_1_60' title="bbox 388 3721 1948 3791">
     <span class='ocr_line' id='line_1_60' title="bbox 388 3721 1948 3791; baseline 0.004 -20"><span class='ocrx_word' id='word_1_416' title='bbox 388 3731 531 3791; x_wconf 82' lang='lat' dir='ltr'><strong>sunt.</strong></span> <span class='ocrx_word' id='word_1_417' title='bbox 572 3722 711 3791; x_wconf 83' lang='lat' dir='ltr'><strong>Anni</strong></span> <span class='ocrx_word' id='word_1_418' title='bbox 743 3724 952 3791; x_wconf 87' lang='lat' dir='ltr'><strong>triginta</strong></span> <span class='ocrx_word' id='word_1_419' title='bbox 989 3721 1100 3791; x_wconf 85' lang='lat' dir='ltr'><strong>jam</strong></span> <span class='ocrx_word' id='word_1_420' title='bbox 1130 3723 1443 3777; x_wconf 78' lang='lat' dir='ltr'><strong>effluxeraut</strong></span> <span class='ocrx_word' id='word_1_421' title='bbox 1470 3739 1498 3775; x_wconf 89' lang='lat' dir='ltr'><strong>a</strong></span> <span class='ocrx_word' id='word_1_422' title='bbox 1520 3723 1735 3777; x_wconf 92' lang='lat' dir='ltr'><strong>condito</strong></span> <span class='ocrx_word' id='word_1_423' title='bbox 1764 3738 1948 3777; x_wconf 88' lang='lat' dir='ltr'><strong>mona—</strong></span> 
     </span>
    </p>
   </div>
   <div class='ocr_carea' id='block_1_61' title="bbox 392 3789 1947 3864">
    <p class='ocr_par' dir='ltr' id='par_1_61' title="bbox 392 3789 1947 3864">
     <span class='ocr_line' id='line_1_61' title="bbox 392 3789 1947 3864; baseline 0.003 -23"><span class='ocrx_word' id='word_1_424' title='bbox 392 3789 555 3864; x_wconf 78' lang='lat' dir='ltr'><strong>sterio</strong></span> <span class='ocrx_word' id='word_1_425' title='bbox 585 3790 635 3864; x_wconf 85' lang='lat' dir='ltr'><strong>in</strong></span> <span class='ocrx_word' id='word_1_426' title='bbox 659 3789 1137 3864; x_wconf 83' lang='lat' dir='ltr'><strong>sanetimnnialium</strong></span> <span class='ocrx_word' id='word_1_427' title='bbox 1164 3794 1411 3864; x_wconf 87' lang='lat' dir='ltr'><strong>gratiam,</strong></span> <span class='ocrx_word' id='word_1_428' title='bbox 1437 3808 1556 3846; x_wconf 89' lang='lat' dir='ltr'><strong>cum</strong></span> <span class='ocrx_word' id='word_1_429' title='bbox 1596 3793 1653 3848; x_wconf 91' lang='grc'><strong>5.</strong></span> <span class='ocrx_word' id='word_1_430' title='bbox 1684 3793 1947 3864; x_wconf 65' lang='lat' dir='ltr'><strong>Caesarius</strong></span> 
     </span>
    </p>
   </div>
   <div class='ocr_carea' id='block_1_62' title="bbox 365 3858 1947 3932">
    <p class='ocr_par' dir='ltr' id='par_1_62' title="bbox 365 3858 1947 3932">
     <span class='ocr_line' id='line_1_62' title="bbox 365 3858 1947 3932; baseline 0.005 -23"><span class='ocrx_word' id='word_1_431' title='bbox 365 3858 496 3913; x_wconf 87' lang='lat' dir='ltr'><strong>.vita</strong></span> <span class='ocrx_word' id='word_1_432' title='bbox 529 3862 788 3929; x_wconf 84' lang='lat' dir='ltr'><strong>migravit,</strong></span> <span class='ocrx_word' id='word_1_433' title='bbox 819 3871 875 3916; x_wconf 91' lang='lat' dir='ltr'><strong>ut</strong></span> <span class='ocrx_word' id='word_1_434' title='bbox 896 3862 948 3916; x_wconf 91' lang='lat' dir='ltr'><strong>in</strong></span> <span class='ocrx_word' id='word_1_435' title='bbox 974 3865 1091 3929; x_wconf 89' lang='lat' dir='ltr'><strong>ejus</strong></span> <span class='ocrx_word' id='word_1_436' title='bbox 1118 3858 1255 3928; x_wconf 68' lang='lat' dir='ltr'><strong>Vita,</strong></span> <span class='ocrx_word' id='word_1_437' title='bbox 1280 3878 1341 3925; x_wconf 91' lang='lat' dir='ltr'><strong>tt,</strong></span> <span class='ocrx_word' id='word_1_438' title='bbox 1374 3864 1465 3927; x_wconf 81' lang='lat'><strong>56,</strong></span> <span class='ocrx_word' id='word_1_439' title='bbox 1497 3864 1741 3932; x_wconf 88' lang='lat' dir='ltr'><strong>legimus.</strong></span> <span class='ocrx_word' id='word_1_440' title='bbox 1805 3863 1947 3917; x_wconf 84' lang='lat' dir='ltr'><strong>lsmd</strong></span> 
     </span>
    </p>
   </div>
   <div class='ocr_carea' id='block_1_63' title="bbox 390 3933 1947 4003">
    <p class='ocr_par' dir='ltr' id='par_1_63' title="bbox 390 3933 1947 4003">
     <span class='ocr_line' id='line_1_63' title="bbox 390 3933 1947 4003; baseline 0.006 -23"><span class='ocrx_word' id='word_1_441' title='bbox 390 3934 770 4003; x_wconf 81' lang='lat' dir='ltr'><strong>monasterium</strong></span> <span class='ocrx_word' id='word_1_442' title='bbox 818 3944 940 3987; x_wconf 91' lang='lat' dir='ltr'><strong>ante</strong></span> <span class='ocrx_word' id='word_1_443' title='bbox 985 3934 1180 3989; x_wconf 87' lang='lat' dir='ltr'><strong>Alarici</strong></span> <span class='ocrx_word' id='word_1_444' title='bbox 1244 3933 1535 3988; x_wconf 88' lang='lat' dir='ltr'><strong>Gothorum</strong></span> <span class='ocrx_word' id='word_1_445' title='bbox 1582 3937 1722 4003; x_wconf 85' lang='lat' dir='ltr'><strong>regis</strong></span> <span class='ocrx_word' id='word_1_446' title='bbox 1764 3949 1947 3989; x_wconf 88' lang='lat' dir='ltr'><strong>necem</strong></span> 
     </span>
    </p>
   </div>
   <div class='ocr_carea' id='block_1_64' title="bbox 393 3998 1951 4074">
    <p class='ocr_par' dir='ltr' id='par_1_64' title="bbox 393 3998 1951 4074">
     <span class='ocr_line' id='line_1_64' title="bbox 393 3998 1951 4074; baseline 0.003 -21"><span class='ocrx_word' id='word_1_447' title='bbox 393 3998 659 4068; x_wconf 85' lang='lat' dir='ltr'><strong>inceptum</strong></span> <span class='ocrx_word' id='word_1_448' title='bbox 689 4044 703 4068; x_wconf 92' lang='lat'><strong>,</strong></span> <span class='ocrx_word' id='word_1_449' title='bbox 739 4003 1069 4074; x_wconf 73' lang='lat' dir='ltr'><strong>&#39;flieodoricn</strong></span> <span class='ocrx_word' id='word_1_450' title='bbox 1100 4004 1262 4058; x_wconf 70' lang='lat' dir='ltr'><strong>Italia:</strong></span> <span class='ocrx_word' id='word_1_451' title='bbox 1294 4019 1417 4070; x_wconf 77' lang='lat' dir='ltr'><strong>rege</strong></span> <span class='ocrx_word' id='word_1_452' title='bbox 1447 3998 1715 4058; x_wconf 70' lang='lat' dir='ltr'><strong>Arelatém</strong></span> <span class='ocrx_word' id='word_1_453' title='bbox 1744 4019 1951 4074; x_wconf 85' lang='lat' dir='ltr'><strong>oppug-</strong></span> 
     </span>
    </p>
   </div>
   <div class='ocr_carea' id='block_1_65' title="bbox 392 4072 1948 4144">
    <p class='ocr_par' dir='ltr' id='par_1_65' title="bbox 392 4072 1948 4144">
     <span class='ocr_line' id='line_1_65' title="bbox 392 4072 1948 4144; baseline 0.004 -23"><span class='ocrx_word' id='word_1_454' title='bbox 392 4079 560 4144; x_wconf 72' lang='lat' dir='ltr'><strong>nante</strong></span> <span class='ocrx_word' id='word_1_455' title='bbox 580 4113 594 4136; x_wconf 94' lang='lat'><strong>,</strong></span> <span class='ocrx_word' id='word_1_456' title='bbox 642 4072 782 4144; x_wconf 86' lang='lat' dir='ltr'><strong>quod</strong></span> <span class='ocrx_word' id='word_1_457' title='bbox 812 4088 951 4127; x_wconf 91' lang='lat' dir='ltr'><strong>anno</strong></span> <span class='ocrx_word' id='word_1_458' title='bbox 1001 4074 1104 4129; x_wconf 67' lang='lat'><strong>5508</strong></span> <span class='ocrx_word' id='word_1_459' title='bbox 1132 4074 1438 4144; x_wconf 75' lang='lat' dir='ltr'><strong>contigisse</strong></span> <span class='ocrx_word' id='word_1_460' title='bbox 1470 4074 1531 4128; x_wconf 90' lang='lat' dir='ltr'><strong>V.</strong></span> <span class='ocrx_word' id='word_1_461' title='bbox 1560 4074 1619 4127; x_wconf 90' lang='lat' dir='ltr'><strong>C.</strong></span> <span class='ocrx_word' id='word_1_462' title='bbox 1656 4072 1948 4128; x_wconf 80' lang='lat' dir='ltr'><strong>Hadrianus</strong></span> 
     </span>
    </p>
   </div>
   <div class='ocr_carea' id='block_1_66' title="bbox 392 4139 1949 4208">
    <p class='ocr_par' dir='ltr' id='par_1_66' title="bbox 392 4139 1949 4208">
     <span class='ocr_line' id='line_1_66' title="bbox 392 4139 1949 4208; baseline 0.003 -17"><span class='ocrx_word' id='word_1_463' title='bbox 392 4139 632 4195; x_wconf 76' lang='lat' dir='ltr'><strong>Valesius</strong></span> <span class='ocrx_word' id='word_1_464' title='bbox 663 4142 712 4195; x_wconf 93' lang='lat' dir='ltr'><strong>iu</strong></span> <span class='ocrx_word' id='word_1_465' title='bbox 745 4142 835 4197; x_wconf 90' lang='lat' dir='ltr'><strong>lib.</strong></span> <span class='ocrx_word' id='word_1_466' title='bbox 867 4159 917 4198; x_wconf 90' lang='lat' dir='ltr'><strong>vt</strong></span> <span class='ocrx_word' id='word_1_467' title='bbox 950 4144 1076 4199; x_wconf 91' lang='lat' dir='ltr'><strong>Rer.</strong></span> <span class='ocrx_word' id='word_1_468' title='bbox 1111 4139 1539 4208; x_wconf 46' lang='lat' dir='ltr'><strong>Franciprobat,</strong></span> <span class='ocrx_word' id='word_1_469' title='bbox 1568 4158 1815 4199; x_wconf 82' lang='lat' dir='ltr'><strong>eversum</strong></span> <span class='ocrx_word' id='word_1_470' title='bbox 1843 4154 1949 4206; x_wconf 90' lang='lat' dir='ltr'><strong>cst,</strong></span> 
     </span>
    </p>
   </div>
   <div class='ocr_carea' id='block_1_67' title="bbox 392 4210 1951 4282">
    <p class='ocr_par' dir='ltr' id='par_1_67' title="bbox 392 4210 1951 4282">
     <span class='ocr_line' id='line_1_67' title="bbox 392 4210 1951 4282; baseline 0.004 -20"><span class='ocrx_word' id='word_1_471' title='bbox 392 4210 770 4282; x_wconf 70' lang='lat' dir='ltr'><strong>utiqusarii</strong></span> <span class='ocrx_word' id='word_1_472' title='bbox 819 4213 931 4267; x_wconf 84' lang='lat' dir='ltr'><strong>Vita</strong></span> <span class='ocrx_word' id='word_1_473' title='bbox 980 4230 1016 4279; x_wconf 88' lang='lat' dir='ltr'><strong>t,</strong></span> <span class='ocrx_word' id='word_1_474' title='bbox 1068 4214 1154 4279; x_wconf 80' lang='lat' dir='ltr'><strong>l5,</strong></span> <span class='ocrx_word' id='word_1_475' title='bbox 1186 4217 1402 4268; x_wconf 86' lang='lat' dir='ltr'><strong>dicitur.</strong></span> <span class='ocrx_word' id='word_1_476' title='bbox 1457 4219 1610 4268; x_wconf 86' lang='lat' dir='ltr'><strong>Anno</strong></span> <span class='ocrx_word' id='word_1_477' title='bbox 1641 4215 1951 4282; x_wconf 83' lang='lat' dir='ltr'><strong>insequente</strong></span> 
     </span>
    </p>
   </div>
   <div class='ocr_carea' id='block_1_68' title="bbox 388 4280 1949 4348">
    <p class='ocr_par' dir='ltr' id='par_1_68' title="bbox 388 4280 1949 4348">
     <span class='ocr_line' id='line_1_68' title="bbox 388 4280 1949 4348; baseline 0.003 -15"><span class='ocrx_word' id='word_1_478' title='bbox 388 4280 469 4334; x_wconf 90' lang='lat' dir='ltr'><strong>vel</strong></span> <span class='ocrx_word' id='word_1_479' title='bbox 495 4285 733 4347; x_wconf 81' lang='lat' dir='ltr'><strong>proximo</strong></span> <span class='ocrx_word' id='word_1_480' title='bbox 749 4284 1030 4348; x_wconf 70' lang='lat' dir='ltr'><strong>Caesarius,</strong></span> <span class='ocrx_word' id='word_1_481' title='bbox 1048 4283 1373 4339; x_wconf 87' lang='lat' dir='ltr'><strong>monasterio</strong></span> <span class='ocrx_word' id='word_1_482' title='bbox 1386 4284 1713 4339; x_wconf 89' lang='lat' dir='ltr'><strong>restituendo</strong></span> <span class='ocrx_word' id='word_1_483' title='bbox 1736 4280 1949 4338; x_wconf 84' lang='lat' dir='ltr'><strong>manqu</strong></span> 
     </span>
    </p>
   </div>
   <div class='ocr_carea' id='block_1_69' title="bbox 389 4348 1951 4423">
    <p class='ocr_par' dir='ltr' id='par_1_69' title="bbox 389 4348 1951 4423">
     <span class='ocr_line' id='line_1_69' title="bbox 389 4348 1951 4423; baseline 0.003 -19"><span class='ocrx_word' id='word_1_484' title='bbox 389 4348 658 4423; x_wconf 84' lang='lat' dir='ltr'><strong>admovet,</strong></span> <span class='ocrx_word' id='word_1_485' title='bbox 674 4354 815 4420; x_wconf 81' lang='lat' dir='ltr'><strong>quod</strong></span> <span class='ocrx_word' id='word_1_486' title='bbox 839 4364 960 4409; x_wconf 89' lang='lat' dir='ltr'><strong>ante</strong></span> <span class='ocrx_word' id='word_1_487' title='bbox 986 4354 1120 4409; x_wconf 90' lang='lat' dir='ltr'><strong>duos</strong></span> <span class='ocrx_word' id='word_1_488' title='bbox 1143 4354 1224 4408; x_wconf 84' lang='lat' dir='ltr'><strong>vel</strong></span> <span class='ocrx_word' id='word_1_489' title='bbox 1248 4364 1356 4409; x_wconf 87' lang='lat' dir='ltr'><strong>tres</strong></span> <span class='ocrx_word' id='word_1_490' title='bbox 1377 4370 1543 4408; x_wconf 88' lang='lat' dir='ltr'><strong>annos</strong></span> <span class='ocrx_word' id='word_1_491' title='bbox 1575 4354 1831 4423; x_wconf 78' lang='lat' dir='ltr'><strong>perlicere</strong></span> <span class='ocrx_word' id='word_1_492' title='bbox 1846 4370 1951 4409; x_wconf 93' lang='lat' dir='ltr'><strong>nou</strong></span> 
     </span>
    </p>
   </div>
   <div class='ocr_carea' id='block_1_70' title="bbox 390 4421 1950 4503">
    <p class='ocr_par' dir='ltr' id='par_1_70' title="bbox 390 4421 1950 4503">
     <span class='ocr_line' id='line_1_70' title="bbox 390 4421 1950 4503; baseline 0.002 -30"><span class='ocrx_word' id='word_1_493' title='bbox 390 4421 581 4503; x_wconf 77' lang='lat' dir='ltr'><strong>potuit.</strong></span> <span class='ocrx_word' id='word_1_494' title='bbox 608 4423 835 4503; x_wconf 70' lang='lat' dir='ltr'><strong>Proinde</strong></span> <span class='ocrx_word' id='word_1_495' title='bbox 864 4440 1034 4479; x_wconf 88' lang='lat' dir='ltr'><strong>annus</strong></span> <span class='ocrx_word' id='word_1_496' title='bbox 1063 4426 1249 4503; x_wconf 76' lang='lat' dir='ltr'><strong>mortis</strong></span> <span class='ocrx_word' id='word_1_497' title='bbox 1281 4421 1950 4503; x_wconf 67' lang='lat' dir='ltr'><strong>ipsius,_quiatinist_ijgiri-</strong></span> 
     </span>
    </p>
   </div>
   <div class='ocr_carea' id='block_1_71' title="bbox 388 4493 1954 4559">
    <p class='ocr_par' dir='ltr' id='par_1_71' title="bbox 388 4493 1954 4559">
     <span class='ocr_line' id='line_1_71' title="bbox 388 4493 1954 4559; baseline 0.004 -15"><span class='ocrx_word' id='word_1_498' title='bbox 388 4498 437 4544; x_wconf 84' lang='lat' dir='ltr'><strong>ta</strong></span> <span class='ocrx_word' id='word_1_499' title='bbox 462 4494 975 4558; x_wconf 71' lang='lat' dir='ltr'><strong>postexaedilicatum</strong></span> <span class='ocrx_word' id='word_1_500' title='bbox 1005 4493 1309 4549; x_wconf 75' lang='lat' dir='ltr'><strong>etnnobium</strong></span> <span class='ocrx_word' id='word_1_501' title='bbox 1338 4494 1546 4559; x_wconf 86' lang='lat' dir='ltr'><strong>accidit,</strong></span> <span class='ocrx_word' id='word_1_502' title='bbox 1568 4510 1707 4548; x_wconf 90' lang='lat' dir='ltr'><strong>anno</strong></span> <span class='ocrx_word' id='word_1_503' title='bbox 1728 4493 1954 4550; x_wconf 70' lang='grc' dir='ltr'>54211ιὶ-</span> 
     </span>
    </p>
   </div>
   <div class='ocr_carea' id='block_1_72' title="bbox 388 4562 1952 4634">
    <p class='ocr_par' dir='ltr' id='par_1_72' title="bbox 388 4562 1952 4634">
     <span class='ocr_line' id='line_1_72' title="bbox 388 4562 1952 4634; baseline 0.006 -22"><span class='ocrx_word' id='word_1_504' title='bbox 388 4562 592 4634; x_wconf 75' lang='lat' dir='ltr'><strong>gandus</strong></span> <span class='ocrx_word' id='word_1_505' title='bbox 636 4573 737 4618; x_wconf 82' lang='lat' dir='ltr'><strong>est.</strong></span> <span class='ocrx_word' id='word_1_506' title='bbox 780 4564 907 4632; x_wconf 85' lang='lat' dir='ltr'><strong>Ejus</strong></span> <span class='ocrx_word' id='word_1_507' title='bbox 942 4565 1108 4619; x_wconf 85' lang='lat' dir='ltr'><strong>Vitam</strong></span> <span class='ocrx_word' id='word_1_508' title='bbox 1141 4565 1424 4619; x_wconf 71' lang='lat' dir='ltr'><strong>indutibus</strong></span> <span class='ocrx_word' id='word_1_509' title='bbox 1450 4565 1601 4620; x_wconf 87' lang='lat' dir='ltr'><strong>libris</strong></span> <span class='ocrx_word' id='word_1_510' title='bbox 1631 4566 1952 4634; x_wconf 81' lang='lat' dir='ltr'><strong>descriptam</strong></span> 
     </span>
    </p>
   </div>
   <div class='ocr_carea' id='block_1_73' title="bbox 392 4631 1242 4690">
    <p class='ocr_par' dir='ltr' id='par_1_73' title="bbox 392 4631 1242 4690">
     <span class='ocr_line' id='line_1_73' title="bbox 392 4631 1242 4690; baseline 0.007 -8"><span class='ocrx_word' id='word_1_511' title='bbox 392 4631 507 4685; x_wconf 83' lang='lat' dir='ltr'><strong>vide</strong></span> <span class='ocrx_word' id='word_1_512' title='bbox 535 4632 584 4684; x_wconf 93' lang='lat' dir='ltr'><strong>in</strong></span> <span class='ocrx_word' id='word_1_513' title='bbox 613 4631 853 4689; x_wconf 65' lang='lat' dir='ltr'><strong>steculot</strong></span> <span class='ocrx_word' id='word_1_514' title='bbox 878 4635 1242 4690; x_wconf 85' lang='lat' dir='ltr'><strong>Beuedictino.</strong></span> 
     </span>
    </p>
   </div>
   <div class='ocr_carea' id='block_1_74' title="bbox 464 4700 1954 4776">
    <p class='ocr_par' dir='ltr' id='par_1_74' title="bbox 464 4700 1954 4776">
     <span class='ocr_line' id='line_1_74' title="bbox 464 4700 1954 4776; baseline 0.003 -20"><span class='ocrx_word' id='word_1_515' title='bbox 464 4700 490 4739; x_wconf 70' lang='grc' dir='ltr'>δ</span> <span class='ocrx_word' id='word_1_516' title='bbox 524 4701 767 4776; x_wconf 70' lang='grc' dir='ltr'><strong>Νεηιεεὶἕ.</strong></span> <span class='ocrx_word' id='word_1_517' title='bbox 811 4706 961 4761; x_wconf 85' lang='lat' dir='ltr'><strong>llunc</strong></span> <span class='ocrx_word' id='word_1_518' title='bbox 1007 4721 1128 4759; x_wconf 93' lang='lat' dir='ltr'><strong>cum</strong></span> <span class='ocrx_word' id='word_1_519' title='bbox 1178 4705 1293 4773; x_wconf 91' lang='lat' dir='ltr'><strong>ejus</strong></span> <span class='ocrx_word' id='word_1_520' title='bbox 1338 4705 1443 4759; x_wconf 82' lang='lat' dir='ltr'><strong>ﬁlia</strong></span> <span class='ocrx_word' id='word_1_521' title='bbox 1488 4704 1791 4776; x_wconf 86' lang='lat' dir='ltr'><strong>Stephanus</strong></span> <span class='ocrx_word' id='word_1_522' title='bbox 1822 4718 1954 4776; x_wconf 90' lang='lat' dir='ltr'><strong>papa</strong></span> 
     </span>
    </p>
   </div>
   <div class='ocr_carea' id='block_1_75' title="bbox 397 4768 1951 4844">
    <p class='ocr_par' dir='ltr' id='par_1_75' title="bbox 397 4768 1951 4844">
     <span class='ocr_line' id='line_1_75' title="bbox 397 4768 1951 4844; baseline 0.005 -23"><span class='ocrx_word' id='word_1_523' title='bbox 397 4768 702 4844; x_wconf 70' lang='lat' dir='ltr'><strong>baptizavit,</strong></span> <span class='ocrx_word' id='word_1_524' title='bbox 734 4784 787 4833; x_wconf 90' lang='lat' dir='ltr'><strong>et</strong></span> <span class='ocrx_word' id='word_1_525' title='bbox 817 4778 987 4844; x_wconf 88' lang='lat' dir='ltr'><strong>ipsum</strong></span> <span class='ocrx_word' id='word_1_526' title='bbox 1019 4768 1322 4830; x_wconf 82' lang='lat' dir='ltr'><strong>Nemesium</strong></span> <span class='ocrx_word' id='word_1_527' title='bbox 1356 4768 1623 4830; x_wconf 87' lang='lat' dir='ltr'><strong>ordinavit</strong></span> <span class='ocrx_word' id='word_1_528' title='bbox 1650 4768 1951 4830; x_wconf 80' lang='lat' dir='ltr'><strong>diaconum.</strong></span> 
     </span>
    </p>
   </div>
   <div class='ocr_carea' id='block_1_76' title="bbox 390 4840 1953 4916">
    <p class='ocr_par' dir='ltr' id='par_1_76' title="bbox 390 4840 1953 4916">
     <span class='ocr_line' id='line_1_76' title="bbox 390 4840 1953 4916; baseline 0.004 -23"><span class='ocrx_word' id='word_1_529' title='bbox 390 4840 648 4916; x_wconf 73' lang='lat' dir='ltr'><strong>Martyres</strong></span> <span class='ocrx_word' id='word_1_530' title='bbox 686 4846 735 4916; x_wconf 87' lang='lat' dir='ltr'><strong>hi</strong></span> <span class='ocrx_word' id='word_1_531' title='bbox 785 4840 1035 4900; x_wconf 81' lang='lat' dir='ltr'><strong>decollati</strong></span> <span class='ocrx_word' id='word_1_532' title='bbox 1084 4855 1208 4899; x_wconf 92' lang='lat' dir='ltr'><strong>sunt</strong></span> <span class='ocrx_word' id='word_1_533' title='bbox 1256 4846 1427 4914; x_wconf 87' lang='lat' dir='ltr'><strong>pridie</strong></span> <span class='ocrx_word' id='word_1_534' title='bbox 1470 4856 1753 4914; x_wconf 90' lang='lat' dir='ltr'><strong>antequam</strong></span> <span class='ocrx_word' id='word_1_535' title='bbox 1797 4846 1953 4916; x_wconf 82' lang='lat' dir='ltr'><strong>Sym-</strong></span> 
     </span>
    </p>
   </div>
   <div class='ocr_carea' id='block_1_77' title="bbox 392 4911 1956 4991">
    <p class='ocr_par' dir='ltr' id='par_1_77' title="bbox 392 4911 1956 4991">
     <span class='ocr_line' id='line_1_77' title="bbox 392 4911 1956 4991; baseline 0.007 -30"><span class='ocrx_word' id='word_1_536' title='bbox 392 4911 732 4991; x_wconf 65' lang='lat' dir='ltr'><strong>phroniusiu</strong></span> <span class='ocrx_word' id='word_1_537' title='bbox 767 4918 885 4991; x_wconf 83' lang='lat' dir='ltr'><strong>igne</strong></span> <span class='ocrx_word' id='word_1_538' title='bbox 906 4919 1178 4991; x_wconf 66' lang='lat' dir='ltr'><strong>spiritum_</strong></span> <span class='ocrx_word' id='word_1_539' title='bbox 1192 4911 1419 4971; x_wconf 79' lang='lat' dir='ltr'><strong>reddidit</strong></span> <span class='ocrx_word' id='word_1_540' title='bbox 1443 4958 1458 4983; x_wconf 93' lang='lat'><strong>,</strong></span> <span class='ocrx_word' id='word_1_541' title='bbox 1495 4925 1559 4991; x_wconf 59' lang='lat' dir='ltr'><strong>pi</strong></span> <span class='ocrx_word' id='word_1_542' title='bbox 1589 4911 1956 4991; x_wconf 48' lang='lat' dir='ltr'><strong>scriptutn&#39;esjt</strong></span> 
     </span>
    </p>
   </div>
   <div class='ocr_carea' id='block_1_78' title="bbox 387 4984 1953 5057">
    <p class='ocr_par' dir='ltr' id='par_1_78' title="bbox 387 4984 1953 5057">
     <span class='ocr_line' id='line_1_78' title="bbox 387 4984 1953 5057; baseline 0.004 -23"><span class='ocrx_word' id='word_1_543' title='bbox 387 4984 441 5034; x_wconf 88' lang='lat' dir='ltr'><strong>in</strong></span> <span class='ocrx_word' id='word_1_544' title='bbox 468 4984 613 5057; x_wconf 80' lang='lat' dir='ltr'><strong>Actis</strong></span> <span class='ocrx_word' id='word_1_545' title='bbox 664 4984 919 5053; x_wconf 88' lang='lat' dir='ltr'><strong>Stephani</strong></span> <span class='ocrx_word' id='word_1_546' title='bbox 946 4984 1099 5055; x_wconf 74' lang='lat' dir='ltr'><strong>apud</strong></span> <span class='ocrx_word' id='word_1_547' title='bbox 1147 4987 1270 5057; x_wconf 82' lang='lat' dir='ltr'><strong>Sur.</strong></span> <span class='ocrx_word' id='word_1_548' title='bbox 1324 4998 1451 5041; x_wconf 91' lang='lat' dir='ltr'><strong>tum.</strong></span> <span class='ocrx_word' id='word_1_549' title='bbox 1495 4985 1581 5040; x_wconf 90' lang='lat' dir='ltr'><strong>IV.</strong></span> <span class='ocrx_word' id='word_1_550' title='bbox 1613 4984 1953 5057; x_wconf 85' lang='lat' dir='ltr'><strong>Symphronii</strong></span> 
     </span>
    </p>
   </div>
   <div class='ocr_carea' id='block_1_79' title="bbox 390 5054 1950 5126">
    <p class='ocr_par' dir='ltr' id='par_1_79' title="bbox 390 5054 1950 5126">
     <span class='ocr_line' id='line_1_79' title="bbox 390 5054 1950 5126; baseline 0.006 -25"><span class='ocrx_word' id='word_1_551' title='bbox 390 5054 583 5126; x_wconf 80' lang='lat' dir='ltr'><strong>natalis</strong></span> <span class='ocrx_word' id='word_1_552' title='bbox 614 5056 694 5108; x_wconf 96' lang='lat' dir='ltr'><strong>vel</strong></span> <span class='ocrx_word' id='word_1_553' title='bbox 745 5072 866 5126; x_wconf 70' lang='lat' dir='ltr'><strong>xm</strong></span> <span class='ocrx_word' id='word_1_554' title='bbox 913 5054 1007 5113; x_wconf 81' lang='lat' dir='ltr'><strong>vel</strong></span> <span class='ocrx_word' id='word_1_555' title='bbox 1039 5073 1182 5111; x_wconf 77' lang='lat' dir='ltr'><strong>xxvu</strong></span> <span class='ocrx_word' id='word_1_556' title='bbox 1208 5055 1329 5109; x_wconf 86' lang='lat' dir='ltr'><strong>Julii</strong></span> <span class='ocrx_word' id='word_1_557' title='bbox 1363 5060 1416 5111; x_wconf 91' lang='lat' dir='ltr'><strong>in</strong></span> <span class='ocrx_word' id='word_1_558' title='bbox 1442 5054 1830 5126; x_wconf 73' lang='lat' dir='ltr'><strong>Martyrologiis</strong></span> <span class='ocrx_word' id='word_1_559' title='bbox 1858 5072 1950 5111; x_wconf 89' lang='lat' dir='ltr'><strong>ce-</strong></span> 
     </span>
    </p>
   </div>
   <div class='ocr_carea' id='block_1_80' title="bbox 393 5123 1956 5197">
    <p class='ocr_par' dir='ltr' id='par_1_80' title="bbox 393 5123 1956 5197">
     <span class='ocr_line' id='line_1_80' title="bbox 393 5123 1956 5197; baseline 0.005 -23"><span class='ocrx_word' id='word_1_560' title='bbox 393 5123 655 5197; x_wconf 77' lang='lat' dir='ltr'><strong>lebratur;</strong></span> <span class='ocrx_word' id='word_1_561' title='bbox 704 5125 790 5181; x_wconf 90' lang='lat' dir='ltr'><strong>die</strong></span> <span class='ocrx_word' id='word_1_562' title='bbox 836 5127 990 5197; x_wconf 88' lang='lat' dir='ltr'><strong>igitur</strong></span> <span class='ocrx_word' id='word_1_563' title='bbox 1038 5129 1369 5197; x_wconf 70' lang='lat' dir='ltr'><strong>praecedente</strong></span> <span class='ocrx_word' id='word_1_564' title='bbox 1411 5130 1477 5183; x_wconf 92' lang='lat' dir='ltr'><strong>de</strong></span> <span class='ocrx_word' id='word_1_565' title='bbox 1518 5123 1766 5182; x_wconf 67' lang='lat' dir='ltr'><strong>Nemesin</strong></span> <span class='ocrx_word' id='word_1_566' title='bbox 1794 5144 1956 5197; x_wconf 87' lang='lat' dir='ltr'><strong>agen-</strong></span> 
     </span>
    </p>
   </div>
   <div class='ocr_carea' id='block_1_81' title="bbox 388 5190 1952 5268">
    <p class='ocr_par' dir='ltr' id='par_1_81' title="bbox 388 5190 1952 5268">
     <span class='ocr_line' id='line_1_81' title="bbox 388 5190 1952 5268; baseline 0.004 -23"><span class='ocrx_word' id='word_1_567' title='bbox 388 5190 514 5268; x_wconf 83' lang='lat' dir='ltr'><strong>du_m</strong></span> <span class='ocrx_word' id='word_1_568' title='bbox 564 5195 787 5251; x_wconf 88' lang='lat' dir='ltr'><strong>videtur.</strong></span> <span class='ocrx_word' id='word_1_569' title='bbox 845 5190 1201 5263; x_wconf 75' lang='lat' dir='ltr'><strong>Quamobrem</strong></span> <span class='ocrx_word' id='word_1_570' title='bbox 1253 5212 1380 5268; x_wconf 82' lang='lat' dir='ltr'><strong>ergo</strong></span> <span class='ocrx_word' id='word_1_571' title='bbox 1428 5198 1481 5252; x_wconf 79' lang='lat' dir='ltr'><strong>lii</strong></span> <span class='ocrx_word' id='word_1_572' title='bbox 1522 5200 1585 5251; x_wconf 86' lang='lat' dir='ltr'><strong>ad</strong></span> <span class='ocrx_word' id='word_1_573' title='bbox 1633 5198 1774 5253; x_wconf 90' lang='lat' dir='ltr'><strong>hunc</strong></span> <span class='ocrx_word' id='word_1_574' title='bbox 1813 5190 1952 5252; x_wconf 74' lang='lat' dir='ltr'><strong>diem</strong></span> 
     </span>
    </p>
   </div>
   <div class='ocr_carea' id='block_1_82' title="bbox 391 5261 1955 5337">
    <p class='ocr_par' dir='ltr' id='par_1_82' title="bbox 391 5261 1955 5337">
     <span class='ocr_line' id='line_1_82' title="bbox 391 5261 1955 5337; baseline 0.004 -22"><span class='ocrx_word' id='word_1_575' title='bbox 391 5276 435 5337; x_wconf 70' lang='lat' dir='ltr'><strong>rt</strong></span> <span class='ocrx_word' id='word_1_576' title='bbox 452 5261 714 5337; x_wconf 78' lang='lat' dir='ltr'><strong>feruntur,</strong></span> <span class='ocrx_word' id='word_1_577' title='bbox 750 5261 1012 5323; x_wconf 78' lang='lat' dir='ltr'><strong>incertum</strong></span> <span class='ocrx_word' id='word_1_578' title='bbox 1043 5270 1271 5323; x_wconf 86' lang='lat' dir='ltr'><strong>videtur.</strong></span> <span class='ocrx_word' id='word_1_579' title='bbox 1316 5261 1582 5323; x_wconf 72' lang='lat' dir='ltr'><strong>Baronius</strong></span> <span class='ocrx_word' id='word_1_580' title='bbox 1613 5269 1662 5321; x_wconf 92' lang='lat' dir='ltr'><strong>in</strong></span> <span class='ocrx_word' id='word_1_581' title='bbox 1696 5269 1955 5337; x_wconf 78' lang='lat' dir='ltr'><strong>Martyro-</strong></span> 
     </span>
    </p>
   </div>
   <div class='ocr_carea' id='block_1_83' title="bbox 388 5330 1952 5408">
    <p class='ocr_par' dir='ltr' id='par_1_83' title="bbox 388 5330 1952 5408">
     <span class='ocr_line' id='line_1_83' title="bbox 388 5330 1952 5408; baseline 0.004 -23"><span class='ocrx_word' id='word_1_582' title='bbox 388 5330 659 5408; x_wconf 32' lang='lat' dir='ltr'><strong>logioAdie</strong></span> <span class='ocrx_word' id='word_1_583' title='bbox 696 5352 711 5390; x_wconf 91' lang='lat' dir='ltr'><strong>t</strong></span> <span class='ocrx_word' id='word_1_584' title='bbox 757 5338 944 5392; x_wconf 90' lang='lat' dir='ltr'><strong>Octob.</strong></span> <span class='ocrx_word' id='word_1_585' title='bbox 995 5340 1172 5408; x_wconf 88' lang='lat' dir='ltr'><strong>prodit</strong></span> <span class='ocrx_word' id='word_1_586' title='bbox 1214 5341 1311 5392; x_wconf 81' lang='lat' dir='ltr'><strong>hos</strong></span> <span class='ocrx_word' id='word_1_587' title='bbox 1352 5340 1514 5395; x_wconf 79' lang='lat' dir='ltr'><strong>fuisse</strong></span> <span class='ocrx_word' id='word_1_588' title='bbox 1543 5330 1952 5393; x_wconf 51' lang='lat' dir='ltr'><strong>decollatos&#39;vut</strong></span> 
     </span>
    </p>
   </div>
   <div class='ocr_carea' id='block_1_84' title="bbox 391 5401 1949 5478">
    <p class='ocr_par' dir='ltr' id='par_1_84' title="bbox 391 5401 1949 5478">
     <span class='ocr_line' id='line_1_84' title="bbox 391 5401 1949 5478; baseline 0.006 -25"><span class='ocrx_word' id='word_1_589' title='bbox 391 5401 509 5478; x_wconf 79' lang='lat' dir='ltr'><strong>Kal.</strong></span> <span class='ocrx_word' id='word_1_590' title='bbox 536 5404 811 5475; x_wconf 89' lang='lat' dir='ltr'><strong>Septemb.</strong></span> <span class='ocrx_word' id='word_1_591' title='bbox 839 5409 896 5464; x_wconf 92' lang='lat' dir='ltr'><strong>Si</strong></span> <span class='ocrx_word' id='word_1_592' title='bbox 926 5401 1051 5463; x_wconf 74' lang='lat' dir='ltr'><strong>vero</strong></span> <span class='ocrx_word' id='word_1_593' title='bbox 1090 5424 1182 5464; x_wconf 82' lang='lat' dir='ltr'><strong>vnt</strong></span> <span class='ocrx_word' id='word_1_594' title='bbox 1212 5408 1327 5463; x_wconf 78' lang='lat' dir='ltr'><strong>Kal.</strong></span> <span class='ocrx_word' id='word_1_595' title='bbox 1360 5411 1581 5478; x_wconf 88' lang='lat' dir='ltr'><strong>Augusti</strong></span> <span class='ocrx_word' id='word_1_596' title='bbox 1605 5410 1949 5478; x_wconf 86' lang='lat' dir='ltr'><strong>assignasset,</strong></span> 
     </span>
    </p>
   </div>
   <div class='ocr_carea' id='block_1_85' title="bbox 394 5474 1957 5544">
    <p class='ocr_par' dir='ltr' id='par_1_85' title="bbox 394 5474 1957 5544">
     <span class='ocr_line' id='line_1_85' title="bbox 394 5474 1957 5544; baseline 0.005 -18"><span class='ocrx_word' id='word_1_597' title='bbox 394 5474 583 5539; x_wconf 91' lang='lat' dir='ltr'><strong>tuulto,</strong></span> <span class='ocrx_word' id='word_1_598' title='bbox 614 5474 672 5532; x_wconf 89' lang='lat' dir='ltr'><strong>ut</strong></span> <span class='ocrx_word' id='word_1_599' title='bbox 724 5480 855 5534; x_wconf 90' lang='lat' dir='ltr'><strong>mihi</strong></span> <span class='ocrx_word' id='word_1_600' title='bbox 885 5480 1092 5535; x_wconf 85' lang='lat' dir='ltr'><strong>videtur</strong></span> <span class='ocrx_word' id='word_1_601' title='bbox 1112 5520 1128 5544; x_wconf 91' lang='lat'><strong>,</strong></span> <span class='ocrx_word' id='word_1_602' title='bbox 1158 5480 1354 5534; x_wconf 87' lang='lat' dir='ltr'><strong>rectius</strong></span> <span class='ocrx_word' id='word_1_603' title='bbox 1387 5474 1621 5536; x_wconf 75' lang='lat' dir='ltr'><strong>fecisset.</strong></span> <span class='ocrx_word' id='word_1_604' title='bbox 1673 5474 1957 5534; x_wconf 75' lang='lat' dir='ltr'><strong>Celebran-</strong></span> 
     </span>
    </p>
   </div>
   <div class='ocr_carea' id='block_1_86' title="bbox 395 5548 1953 5619">
    <p class='ocr_par' dir='ltr' id='par_1_86' title="bbox 395 5548 1953 5619">
     <span class='ocr_line' id='line_1_86' title="bbox 395 5548 1953 5619; baseline 0.006 -24"><span class='ocrx_word' id='word_1_605' title='bbox 395 5550 477 5595; x_wconf 89' lang='lat' dir='ltr'><strong>tur</strong></span> <span class='ocrx_word' id='word_1_606' title='bbox 505 5557 680 5601; x_wconf 83' lang='lat' dir='ltr'><strong>autent</strong></span> <span class='ocrx_word' id='word_1_607' title='bbox 708 5548 757 5603; x_wconf 90' lang='lat' dir='ltr'><strong>bi</strong></span> <span class='ocrx_word' id='word_1_608' title='bbox 782 5565 907 5603; x_wconf 78' lang='lat' dir='ltr'><strong>xxxi</strong></span> <span class='ocrx_word' id='word_1_609' title='bbox 931 5550 1018 5603; x_wconf 90' lang='lat' dir='ltr'><strong>die</strong></span> <span class='ocrx_word' id='word_1_610' title='bbox 1047 5551 1236 5604; x_wconf 82' lang='lat' dir='ltr'><strong>Octob.</strong></span> <span class='ocrx_word' id='word_1_611' title='bbox 1269 5551 1411 5619; x_wconf 91' lang='lat' dir='ltr'><strong>quod</strong></span> <span class='ocrx_word' id='word_1_612' title='bbox 1444 5567 1561 5605; x_wconf 88' lang='lat' dir='ltr'><strong>cum</strong></span> <span class='ocrx_word' id='word_1_613' title='bbox 1593 5560 1743 5604; x_wconf 76' lang='lat' dir='ltr'><strong>antea</strong></span> <span class='ocrx_word' id='word_1_614' title='bbox 1772 5566 1953 5604; x_wconf 91' lang='lat' dir='ltr'><strong>eorum</strong></span> 
     </span>
    </p>
   </div>
   <div class='ocr_carea' id='block_1_87' title="bbox 390 5620 1956 5688">
    <p class='ocr_par' dir='ltr' id='par_1_87' title="bbox 390 5620 1956 5688">
     <span class='ocr_line' id='line_1_87' title="bbox 390 5620 1956 5688; baseline 0.006 -22"><span class='ocrx_word' id='word_1_615' title='bbox 390 5625 613 5688; x_wconf 68' lang='lat' dir='ltr'><strong>cprpora</strong></span> <span class='ocrx_word' id='word_1_616' title='bbox 643 5632 670 5669; x_wconf 90' lang='lat' dir='ltr'><strong>a</strong></span> <span class='ocrx_word' id='word_1_617' title='bbox 704 5622 858 5672; x_wconf 86' lang='lat' dir='ltr'><strong>beato</strong></span> <span class='ocrx_word' id='word_1_618' title='bbox 883 5620 1158 5688; x_wconf 88' lang='lat' dir='ltr'><strong>Stephano</strong></span> <span class='ocrx_word' id='word_1_619' title='bbox 1189 5622 1396 5687; x_wconf 89' lang='lat' dir='ltr'><strong>sepulta</strong></span> <span class='ocrx_word' id='word_1_620' title='bbox 1420 5630 1619 5684; x_wconf 78' lang='lat' dir='ltr'><strong>essent,</strong></span> <span class='ocrx_word' id='word_1_621' title='bbox 1651 5637 1679 5673; x_wconf 89' lang='lat' dir='ltr'><strong>a</strong></span> <span class='ocrx_word' id='word_1_622' title='bbox 1714 5621 1770 5674; x_wconf 82' lang='grc' dir='ltr'>Β.</span> <span class='ocrx_word' id='word_1_623' title='bbox 1804 5620 1956 5676; x_wconf 71' lang='lat' dir='ltr'><strong>Sixto</strong></span> 
     </span>
    </p>
   </div>
   <div class='ocr_carea' id='block_1_88' title="bbox 395 5680 1955 5759">
    <p class='ocr_par' dir='ltr' id='par_1_88' title="bbox 395 5680 1955 5759">
     <span class='ocr_line' id='line_1_88' title="bbox 395 5680 1955 5759; baseline 0.006 -25"><span class='ocrx_word' id='word_1_624' title='bbox 395 5680 474 5759; x_wconf 79' lang='lat' dir='ltr'><strong>via</strong></span> <span class='ocrx_word' id='word_1_625' title='bbox 496 5680 667 5754; x_wconf 86' lang='lat' dir='ltr'><strong>Appia</strong></span> <span class='ocrx_word' id='word_1_626' title='bbox 692 5702 753 5759; x_wconf 85' lang='lat' dir='ltr'><strong>ea</strong></span> <span class='ocrx_word' id='word_1_627' title='bbox 782 5689 868 5744; x_wconf 93' lang='lat' dir='ltr'><strong>die</strong></span> <span class='ocrx_word' id='word_1_628' title='bbox 919 5680 1194 5743; x_wconf 78' lang='lat' dir='ltr'><strong>honestius</strong></span> <span class='ocrx_word' id='word_1_629' title='bbox 1241 5680 1530 5756; x_wconf 76' lang='lat' dir='ltr'><strong>tumulata,</strong></span> <span class='ocrx_word' id='word_1_630' title='bbox 1560 5680 1662 5744; x_wconf 84' lang='lat' dir='ltr'><strong>eta</strong></span> <span class='ocrx_word' id='word_1_631' title='bbox 1695 5692 1955 5759; x_wconf 73' lang='lat' dir='ltr'><strong>Gregorio</strong></span> 
     </span>
    </p>
   </div>
   <div class='ocr_carea' id='block_1_89' title="bbox 394 5757 1950 5831">
    <p class='ocr_par' dir='ltr' id='par_1_89' title="bbox 394 5757 1950 5831">
     <span class='ocr_line' id='line_1_89' title="bbox 394 5757 1950 5831; baseline 0.003 -21"><span class='ocrx_word' id='word_1_632' title='bbox 394 5757 591 5821; x_wconf 75' lang='lat' dir='ltr'><strong>Qumto</strong></span> <span class='ocrx_word' id='word_1_633' title='bbox 620 5763 674 5815; x_wconf 89' lang='lat' dir='ltr'><strong>in</strong></span> <span class='ocrx_word' id='word_1_634' title='bbox 704 5758 1001 5817; x_wconf 87' lang='lat' dir='ltr'><strong>diaconiatu</strong></span> <span class='ocrx_word' id='word_1_635' title='bbox 1033 5764 1089 5819; x_wconf 76' lang='lat' dir='ltr'><strong>S.</strong></span> <span class='ocrx_word' id='word_1_636' title='bbox 1116 5760 1294 5817; x_wconf 66' lang='lat' dir='ltr'><strong>Maria:</strong></span> <span class='ocrx_word' id='word_1_637' title='bbox 1335 5761 1495 5818; x_wconf 68' lang='lat' dir='ltr'><strong>Nam</strong></span> <span class='ocrx_word' id='word_1_638' title='bbox 1528 5761 1781 5818; x_wconf 71' lang='lat' dir='ltr'><strong>translata</strong></span> <span class='ocrx_word' id='word_1_639' title='bbox 1809 5757 1950 5831; x_wconf 68' lang='lat' dir='ltr'><strong>Sunt,</strong></span> 
     </span>
    </p>
   </div>
   <div class='ocr_carea' id='block_1_90' title="bbox 1982 4469 2030 4526">
    <p class='ocr_par' dir='ltr' id='par_1_90' title="bbox 1982 4469 2030 4526">
     <span class='ocr_line' id='line_1_90' title="bbox 1982 4469 2030 4526; baseline 0 0"><span class='ocrx_word' id='word_1_640' title='bbox 1982 4469 2030 4526; x_wconf 90' lang='lat' dir='ltr'><strong>D</strong></span> 
     </span>
    </p>
   </div>
   <div class='ocr_carea' id='block_1_91' title="bbox 2053 1828 3611 1899">
    <p class='ocr_par' dir='ltr' id='par_1_91' title="bbox 2053 1828 3611 1899">
     <span class='ocr_line' id='line_1_91' title="bbox 2053 1828 3611 1899; baseline 0.001 -19"><span class='ocrx_word' id='word_1_641' title='bbox 2053 1829 2346 1882; x_wconf 75' lang='lat' dir='ltr'><strong>&#39;l&#39;huodulo.</strong></span> <span class='ocrx_word' id='word_1_642' title='bbox 2389 1828 2519 1894; x_wconf 71' lang='lat' dir='ltr'><strong>Quae</strong></span> <span class='ocrx_word' id='word_1_643' title='bbox 2547 1842 2847 1883; x_wconf 88' lang='lat' dir='ltr'><strong>sanctorum</strong></span> <span class='ocrx_word' id='word_1_644' title='bbox 2877 1828 3099 1897; x_wconf 80' lang='lat' dir='ltr'><strong>corpora</strong></span> <span class='ocrx_word' id='word_1_645' title='bbox 3131 1870 3147 1894; x_wconf 92' lang='lat'><strong>,</strong></span> <span class='ocrx_word' id='word_1_646' title='bbox 3180 1831 3437 1899; x_wconf 79' lang='lat' dir='ltr'><strong>Gregorio</strong></span> <span class='ocrx_word' id='word_1_647' title='bbox 3468 1828 3611 1894; x_wconf 81' lang='lat' dir='ltr'><strong>Xlll,</strong></span> 
     </span>
    </p>
   </div>
   <div class='ocr_carea' id='block_1_92' title="bbox 2044 1899 3613 1968">
    <p class='ocr_par' dir='ltr' id='par_1_92' title="bbox 2044 1899 3613 1968">
     <span class='ocr_line' id='line_1_92' title="bbox 2044 1899 3613 1968; baseline 0.001 -17"><span class='ocrx_word' id='word_1_648' title='bbox 2044 1914 2256 1952; x_wconf 91' lang='lat' dir='ltr'><strong>summo</strong></span> <span class='ocrx_word' id='word_1_649' title='bbox 2288 1900 2556 1968; x_wconf 81' lang='lat' dir='ltr'><strong>pontifice,</strong></span> <span class='ocrx_word' id='word_1_650' title='bbox 2590 1900 2781 1952; x_wconf 90' lang='lat' dir='ltr'><strong>ibidem</strong></span> <span class='ocrx_word' id='word_1_651' title='bbox 2814 1899 3049 1965; x_wconf 82' lang='lat' dir='ltr'><strong>inventa,</strong></span> <span class='ocrx_word' id='word_1_652' title='bbox 3073 1902 3172 1954; x_wconf 90' lang='lat' dir='ltr'><strong>sub</strong></span> <span class='ocrx_word' id='word_1_653' title='bbox 3197 1902 3352 1955; x_wconf 87' lang='lat' dir='ltr'><strong>altari</strong></span> <span class='ocrx_word' id='word_1_654' title='bbox 3377 1900 3613 1966; x_wconf 85' lang='lat' dir='ltr'><strong>ejusdem</strong></span> 
     </span>
    </p>
   </div>
   <div class='ocr_carea' id='block_1_93' title="bbox 2045 1969 3615 2025">
    <p class='ocr_par' dir='ltr' id='par_1_93' title="bbox 2045 1969 3615 2025">
     <span class='ocr_line' id='line_1_93' title="bbox 2045 1969 3615 2025; baseline 0.002 -4"><span class='ocrx_word' id='word_1_655' title='bbox 2045 1969 2285 2023; x_wconf 71' lang='lat' dir='ltr'><strong>eCclesite</strong></span> <span class='ocrx_word' id='word_1_656' title='bbox 2331 1969 2771 2024; x_wconf 78' lang='lat' dir='ltr'><strong>honoriﬁcentius</strong></span> <span class='ocrx_word' id='word_1_657' title='bbox 2811 1970 3070 2023; x_wconf 88' lang='lat' dir='ltr'><strong>collocata</strong></span> <span class='ocrx_word' id='word_1_658' title='bbox 3110 1979 3237 2025; x_wconf 88' lang='lat' dir='ltr'><strong>sunt</strong></span> <span class='ocrx_word' id='word_1_659' title='bbox 3266 1986 3317 2024; x_wconf 77' lang='lat' dir='ltr'><strong>vr</strong></span> <span class='ocrx_word' id='word_1_660' title='bbox 3361 1970 3479 2024; x_wconf 87' lang='lat' dir='ltr'><strong>ldus</strong></span> <span class='ocrx_word' id='word_1_661' title='bbox 3512 1971 3615 2024; x_wconf 59' lang='lat' dir='ltr'><strong>De.</strong></span> 
     </span>
    </p>
   </div>
   <div class='ocr_carea' id='block_1_94' title="bbox 2043 2039 2216 2092">
    <p class='ocr_par' dir='ltr' id='par_1_94' title="bbox 2043 2039 2216 2092">
     <span class='ocr_line' id='line_1_94' title="bbox 2043 2039 2216 2092; baseline -0.012 0"><span class='ocrx_word' id='word_1_662' title='bbox 2043 2039 2216 2092; x_wconf 89' lang='lat' dir='ltr'><strong>cemh.</strong></span> 
     </span>
    </p>
   </div>
   <div class='ocr_carea' id='block_1_95' title="bbox 2118 2108 3616 2175">
    <p class='ocr_par' dir='ltr' id='par_1_95' title="bbox 2118 2108 3616 2175">
     <span class='ocr_line' id='line_1_95' title="bbox 2118 2108 3616 2175; baseline 0.002 -15"><span class='ocrx_word' id='word_1_663' title='bbox 2118 2118 2140 2145; x_wconf 77' lang='grc' dir='ltr'><strong>ο</strong></span> <span class='ocrx_word' id='word_1_664' title='bbox 2186 2108 2477 2163; x_wconf 80' lang='lat' dir='ltr'><strong>Valeriano.</strong></span> <span class='ocrx_word' id='word_1_665' title='bbox 2512 2108 2601 2163; x_wconf 90' lang='lat' dir='ltr'><strong>Sc.</strong></span> <span class='ocrx_word' id='word_1_666' title='bbox 2646 2125 2787 2163; x_wconf 87' lang='lat' dir='ltr'><strong>anno</strong></span> <span class='ocrx_word' id='word_1_667' title='bbox 2832 2110 3028 2163; x_wconf 85' lang='lat' dir='ltr'><strong>Christi</strong></span> <span class='ocrx_word' id='word_1_668' title='bbox 3061 2109 3144 2165; x_wconf 87' lang='lat' dir='ltr'><strong>vel</strong></span> <span class='ocrx_word' id='word_1_669' title='bbox 3171 2109 3313 2175; x_wconf 73' lang='grc'><strong>254,</strong></span> <span class='ocrx_word' id='word_1_670' title='bbox 3354 2111 3438 2165; x_wconf 81' lang='lat' dir='ltr'><strong>vel</strong></span> <span class='ocrx_word' id='word_1_671' title='bbox 3474 2109 3616 2174; x_wconf 71' lang='lat'><strong>255;</strong></span> 
     </span>
    </p>
   </div>
   <div class='ocr_carea' id='block_1_96' title="bbox 2046 2178 3616 2236">
    <p class='ocr_par' dir='ltr' id='par_1_96' title="bbox 2046 2178 3616 2236">
     <span class='ocr_line' id='line_1_96' title="bbox 2046 2178 3616 2236; baseline 0.003 -5"><span class='ocrx_word' id='word_1_672' title='bbox 2046 2178 2305 2233; x_wconf 89' lang='lat' dir='ltr'><strong>ambobus</strong></span> <span class='ocrx_word' id='word_1_673' title='bbox 2352 2183 2491 2233; x_wconf 90' lang='lat' dir='ltr'><strong>enim</strong></span> <span class='ocrx_word' id='word_1_674' title='bbox 2536 2180 2683 2234; x_wconf 86' lang='lat' dir='ltr'><strong>hisce</strong></span> <span class='ocrx_word' id='word_1_675' title='bbox 2729 2181 2881 2235; x_wconf 81' lang='lat' dir='ltr'><strong>annis</strong></span> <span class='ocrx_word' id='word_1_676' title='bbox 2916 2180 3232 2236; x_wconf 85' lang='lat' dir='ltr'><strong>Valerianus</strong></span> <span class='ocrx_word' id='word_1_677' title='bbox 3262 2192 3319 2236; x_wconf 84' lang='lat' dir='ltr'><strong>et</strong></span> <span class='ocrx_word' id='word_1_678' title='bbox 3343 2180 3616 2236; x_wconf 79' lang='lat' dir='ltr'><strong>Gallienus</strong></span> 
     </span>
    </p>
   </div>
   <div class='ocr_carea' id='block_1_97' title="bbox 2044 2249 2635 2318">
    <p class='ocr_par' dir='ltr' id='par_1_97' title="bbox 2044 2249 2635 2318">
     <span class='ocr_line' id='line_1_97' title="bbox 2044 2249 2635 2318; baseline 0.003 -16"><span class='ocrx_word' id='word_1_679' title='bbox 2044 2249 2372 2302; x_wconf 87' lang='lat' dir='ltr'><strong>consulatum</strong></span> <span class='ocrx_word' id='word_1_680' title='bbox 2398 2264 2635 2318; x_wconf 89' lang='lat' dir='ltr'><strong>gessere.</strong></span> 
     </span>
    </p>
   </div>
   <div class='ocr_carea' id='block_1_98' title="bbox 2116 2317 3614 2390">
    <p class='ocr_par' dir='ltr' id='par_1_98' title="bbox 2116 2317 3614 2390">
     <span class='ocr_line' id='line_1_98' title="bbox 2116 2317 3614 2390; baseline 0.004 -21"><span class='ocrx_word' id='word_1_681' title='bbox 2116 2320 2138 2355; x_wconf 73' lang='grc' dir='ltr'>ά</span> <span class='ocrx_word' id='word_1_682' title='bbox 2173 2317 2423 2390; x_wconf 59' lang='grc' dir='ltr'><strong>ρυωωϋα.</strong></span> <span class='ocrx_word' id='word_1_683' title='bbox 2456 2320 2509 2372; x_wconf 91' lang='lat' dir='ltr'><strong>In</strong></span> <span class='ocrx_word' id='word_1_684' title='bbox 2557 2320 2796 2374; x_wconf 87' lang='lat' dir='ltr'><strong>Polcntia</strong></span> <span class='ocrx_word' id='word_1_685' title='bbox 2826 2319 3057 2374; x_wconf 85' lang='lat' dir='ltr'><strong>civitate.</strong></span> <span class='ocrx_word' id='word_1_686' title='bbox 3086 2319 3306 2376; x_wconf 85' lang='lat' dir='ltr'><strong>Hieron.</strong></span> <span class='ocrx_word' id='word_1_687' title='bbox 3340 2320 3614 2390; x_wconf 78' lang='lat' dir='ltr'><strong>Martyrol.</strong></span> 
     </span>
    </p>
   </div>
   <div class='ocr_carea' id='block_1_99' title="bbox 2118 2387 3619 2456">
    <p class='ocr_par' dir='ltr' id='par_1_99' title="bbox 2118 2387 3619 2456">
     <span class='ocr_line' id='line_1_99' title="bbox 2118 2387 3619 2456; baseline 0.003 -17"><span class='ocrx_word' id='word_1_688' title='bbox 2118 2398 2141 2427; x_wconf 81' lang='grc' dir='ltr'><strong>ο</strong></span> <span class='ocrx_word' id='word_1_689' title='bbox 2176 2387 2384 2443; x_wconf 75' lang='lat' dir='ltr'><strong>Felicis.</strong></span> <span class='ocrx_word' id='word_1_690' title='bbox 2420 2390 2482 2444; x_wconf 86' lang='lat' dir='ltr'><strong>Ili</strong></span> <span class='ocrx_word' id='word_1_691' title='bbox 2513 2405 2699 2443; x_wconf 88' lang='lat' dir='ltr'><strong>omnes</strong></span> <span class='ocrx_word' id='word_1_692' title='bbox 2728 2392 2989 2456; x_wconf 67' lang='lat' dir='ltr'><strong>Corduba:</strong></span> <span class='ocrx_word' id='word_1_693' title='bbox 3021 2391 3160 2456; x_wconf 89' lang='lat' dir='ltr'><strong>passi</strong></span> <span class='ocrx_word' id='word_1_694' title='bbox 3189 2401 3313 2445; x_wconf 87' lang='lat' dir='ltr'><strong>sunt</strong></span> <span class='ocrx_word' id='word_1_695' title='bbox 3340 2394 3391 2444; x_wconf 92' lang='lat' dir='ltr'><strong>iu</strong></span> <span class='ocrx_word' id='word_1_696' title='bbox 3426 2387 3619 2455; x_wconf 84' lang='lat' dir='ltr'><strong>Hispa-</strong></span> 
     </span>
    </p>
   </div>
   <div class='ocr_carea' id='block_1_100' title="bbox 2046 2454 3615 2532">
    <p class='ocr_par' dir='ltr' id='par_1_100' title="bbox 2046 2454 3615 2532">
     <span class='ocr_line' id='line_1_100' title="bbox 2046 2454 3615 2532; baseline 0 -21"><span class='ocrx_word' id='word_1_697' title='bbox 2046 2458 2153 2532; x_wconf 75' lang='lat' dir='ltr'><strong>nia.</strong></span> <span class='ocrx_word' id='word_1_698' title='bbox 2187 2458 2383 2532; x_wconf 80' lang='lat' dir='ltr'><strong>Liliosa</strong></span> <span class='ocrx_word' id='word_1_699' title='bbox 2414 2460 2511 2513; x_wconf 89' lang='lat' dir='ltr'><strong>fuit</strong></span> <span class='ocrx_word' id='word_1_700' title='bbox 2540 2460 2645 2513; x_wconf 87' lang='lat' dir='ltr'><strong>tilia</strong></span> <span class='ocrx_word' id='word_1_701' title='bbox 2678 2454 2887 2532; x_wconf 69' lang='lat' dir='ltr'><strong>Felicis,</strong></span> <span class='ocrx_word' id='word_1_702' title='bbox 2912 2454 3202 2532; x_wconf 34' lang='lat' dir='ltr'><strong>et&#39;Natalia</strong></span> <span class='ocrx_word' id='word_1_703' title='bbox 3232 2476 3368 2532; x_wconf 82' lang='lat' dir='ltr'><strong>uxor</strong></span> <span class='ocrx_word' id='word_1_704' title='bbox 3390 2461 3615 2532; x_wconf 74' lang='lat' dir='ltr'><strong>Aurelii.</strong></span> 
     </span>
    </p>
   </div>
   <div class='ocr_carea' id='block_1_101' title="bbox 2044 2528 3613 2597">
    <p class='ocr_par' dir='ltr' id='par_1_101' title="bbox 2044 2528 3613 2597">
     <span class='ocr_line' id='line_1_101' title="bbox 2044 2528 3613 2597; baseline 0.001 -15"><span class='ocrx_word' id='word_1_705' title='bbox 2044 2528 2300 2597; x_wconf 78' lang='lat' dir='ltr'><strong>Georgius</strong></span> <span class='ocrx_word' id='word_1_706' title='bbox 2326 2529 2379 2582; x_wconf 92' lang='lat' dir='ltr'><strong>iu</strong></span> <span class='ocrx_word' id='word_1_707' title='bbox 2412 2539 2551 2583; x_wconf 91' lang='lat' dir='ltr'><strong>terra</strong></span> <span class='ocrx_word' id='word_1_708' title='bbox 2584 2528 2986 2584; x_wconf 63' lang='lat' dir='ltr'><strong>Bethleemitica&#39;</strong></span> <span class='ocrx_word' id='word_1_709' title='bbox 3012 2540 3187 2583; x_wconf 87' lang='lat' dir='ltr'><strong>ortum</strong></span> <span class='ocrx_word' id='word_1_710' title='bbox 3222 2529 3426 2593; x_wconf 87' lang='lat' dir='ltr'><strong>habuit,</strong></span> <span class='ocrx_word' id='word_1_711' title='bbox 3459 2542 3510 2584; x_wconf 88' lang='lat' dir='ltr'><strong>et</strong></span> <span class='ocrx_word' id='word_1_712' title='bbox 3540 2528 3613 2584; x_wconf 67' lang='lat'><strong>25</strong></span> 
     </span>
    </p>
   </div>
   <div class='ocr_carea' id='block_1_102' title="bbox 2044 2599 3619 2669">
    <p class='ocr_par' dir='ltr' id='par_1_102' title="bbox 2044 2599 3619 2669">
     <span class='ocr_line' id='line_1_102' title="bbox 2044 2599 3619 2669; baseline 0.001 -19"><span class='ocrx_word' id='word_1_713' title='bbox 2044 2602 2195 2653; x_wconf 90' lang='lat' dir='ltr'><strong>annis</strong></span> <span class='ocrx_word' id='word_1_714' title='bbox 2225 2599 2365 2667; x_wconf 85' lang='lat' dir='ltr'><strong>apud</strong></span> <span class='ocrx_word' id='word_1_715' title='bbox 2407 2601 2786 2654; x_wconf 89' lang='lat' dir='ltr'><strong>monasterium</strong></span> <span class='ocrx_word' id='word_1_716' title='bbox 2832 2601 2893 2656; x_wconf 91' lang='lat' dir='ltr'><strong>S.</strong></span> <span class='ocrx_word' id='word_1_717' title='bbox 2917 2601 3076 2655; x_wconf 57' lang='lat' dir='ltr'><strong>Saba:</strong></span> <span class='ocrx_word' id='word_1_718' title='bbox 3101 2601 3202 2655; x_wconf 87' lang='lat' dir='ltr'><strong>sub</strong></span> <span class='ocrx_word' id='word_1_719' title='bbox 3245 2602 3474 2669; x_wconf 90' lang='lat' dir='ltr'><strong>regulari</strong></span> <span class='ocrx_word' id='word_1_720' title='bbox 3506 2615 3619 2654; x_wconf 88' lang='lat' dir='ltr'><strong>ma-</strong></span> 
     </span>
    </p>
   </div>
   <div class='ocr_carea' id='block_1_103' title="bbox 2044 2669 3617 2736">
    <p class='ocr_par' dir='ltr' id='par_1_103' title="bbox 2044 2669 3617 2736">
     <span class='ocr_line' id='line_1_103' title="bbox 2044 2669 3617 2736; baseline 0.001 -17"><span class='ocrx_word' id='word_1_721' title='bbox 2044 2669 2261 2736; x_wconf 89' lang='lat' dir='ltr'><strong>gisterio</strong></span> <span class='ocrx_word' id='word_1_722' title='bbox 2308 2677 2658 2725; x_wconf 86' lang='lat' dir='ltr'><strong>conversatus</strong></span> <span class='ocrx_word' id='word_1_723' title='bbox 2700 2680 2803 2725; x_wconf 90' lang='lat' dir='ltr'><strong>est.</strong></span> <span class='ocrx_word' id='word_1_724' title='bbox 2834 2671 2934 2736; x_wconf 83' lang='lat' dir='ltr'><strong>Qui</strong></span> <span class='ocrx_word' id='word_1_725' title='bbox 2979 2674 3045 2723; x_wconf 88' lang='lat' dir='ltr'><strong>ab</strong></span> <span class='ocrx_word' id='word_1_726' title='bbox 3092 2671 3284 2725; x_wconf 87' lang='lat' dir='ltr'><strong>abbate</strong></span> <span class='ocrx_word' id='word_1_727' title='bbox 3332 2670 3503 2724; x_wconf 89' lang='lat' dir='ltr'><strong>David</strong></span> <span class='ocrx_word' id='word_1_728' title='bbox 3547 2672 3617 2722; x_wconf 89' lang='lat' dir='ltr'><strong>ob</strong></span> 
     </span>
    </p>
   </div>
   <div class='ocr_carea' id='block_1_104' title="bbox 2044 2739 3619 2806">
    <p class='ocr_par' dir='ltr' id='par_1_104' title="bbox 2044 2739 3619 2806">
     <span class='ocr_line' id='line_1_104' title="bbox 2044 2739 3619 2806; baseline 0.001 -16"><span class='ocrx_word' id='word_1_729' title='bbox 2044 2739 2366 2806; x_wconf 90' lang='lat' dir='ltr'><strong>stipendium</strong></span> <span class='ocrx_word' id='word_1_730' title='bbox 2414 2741 2791 2795; x_wconf 89' lang='lat' dir='ltr'><strong>monachorum</strong></span> <span class='ocrx_word' id='word_1_731' title='bbox 2825 2741 2875 2794; x_wconf 94' lang='lat' dir='ltr'><strong>in</strong></span> <span class='ocrx_word' id='word_1_732' title='bbox 2919 2740 3148 2795; x_wconf 79' lang='lat' dir='ltr'><strong>Africam</strong></span> <span class='ocrx_word' id='word_1_733' title='bbox 3193 2741 3452 2805; x_wconf 90' lang='lat' dir='ltr'><strong>directus,</strong></span> <span class='ocrx_word' id='word_1_734' title='bbox 3496 2740 3619 2793; x_wconf 87' lang='lat' dir='ltr'><strong>inde</strong></span> 
     </span>
    </p>
   </div>
   <div class='ocr_carea' id='block_1_105' title="bbox 2050 2808 3623 2880">
    <p class='ocr_par' dir='ltr' id='par_1_105' title="bbox 2050 2808 3623 2880">
     <span class='ocr_line' id='line_1_105' title="bbox 2050 2808 3623 2880; baseline 0.001 -19"><span class='ocrx_word' id='word_1_735' title='bbox 2050 2808 2103 2880; x_wconf 85' lang='lat' dir='ltr'><strong>in</strong></span> <span class='ocrx_word' id='word_1_736' title='bbox 2138 2808 2442 2880; x_wconf 80' lang='lat' dir='ltr'><strong>Hispaniam</strong></span> <span class='ocrx_word' id='word_1_737' title='bbox 2474 2809 2684 2880; x_wconf 90' lang='lat' dir='ltr'><strong>hortatu</strong></span> <span class='ocrx_word' id='word_1_738' title='bbox 2714 2810 3143 2880; x_wconf 73' lang='lat' dir='ltr'><strong>Carthaginiensis</strong></span> <span class='ocrx_word' id='word_1_739' title='bbox 3182 2811 3417 2880; x_wconf 83' lang='lat' dir='ltr'><strong>episcopi</strong></span> <span class='ocrx_word' id='word_1_740' title='bbox 3464 2809 3623 2877; x_wconf 81' lang='lat' dir='ltr'><strong>profl-</strong></span> 
     </span>
    </p>
   </div>
   <div class='ocr_carea' id='block_1_106' title="bbox 2045 2878 3623 2950">
    <p class='ocr_par' dir='ltr' id='par_1_106' title="bbox 2045 2878 3623 2950">
     <span class='ocr_line' id='line_1_106' title="bbox 2045 2878 3623 2950; baseline 0.001 -19"><span class='ocrx_word' id='word_1_741' title='bbox 2045 2878 2287 2943; x_wconf 85' lang='lat' dir='ltr'><strong>ciscitur,</strong></span> <span class='ocrx_word' id='word_1_742' title='bbox 2320 2880 2407 2931; x_wconf 92' lang='lat' dir='ltr'><strong>ubi</strong></span> <span class='ocrx_word' id='word_1_743' title='bbox 2438 2894 2556 2933; x_wconf 87' lang='lat' dir='ltr'><strong>cum</strong></span> <span class='ocrx_word' id='word_1_744' title='bbox 2584 2879 2696 2933; x_wconf 89' lang='lat' dir='ltr'><strong>suis</strong></span> <span class='ocrx_word' id='word_1_745' title='bbox 2725 2879 2871 2934; x_wconf 89' lang='lat' dir='ltr'><strong>hisce</strong></span> <span class='ocrx_word' id='word_1_746' title='bbox 2900 2880 3059 2934; x_wconf 87' lang='lat' dir='ltr'><strong>sociis</strong></span> <span class='ocrx_word' id='word_1_747' title='bbox 3090 2878 3402 2950; x_wconf 86' lang='lat' dir='ltr'><strong>martyrium</strong></span> <span class='ocrx_word' id='word_1_748' title='bbox 3433 2894 3623 2948; x_wconf 88' lang='lat' dir='ltr'><strong>passus</strong></span> 
     </span>
    </p>
   </div>
   <div class='ocr_carea' id='block_1_107' title="bbox 2044 2951 3617 3018">
    <p class='ocr_par' dir='ltr' id='par_1_107' title="bbox 2044 2951 3617 3018">
     <span class='ocr_line' id='line_1_107' title="bbox 2044 2951 3617 3018; baseline 0 -16"><span class='ocrx_word' id='word_1_749' title='bbox 2044 2958 2154 3013; x_wconf 81' lang='lat' dir='ltr'><strong>est;</strong></span> <span class='ocrx_word' id='word_1_750' title='bbox 2188 2963 2307 3002; x_wconf 86' lang='lat' dir='ltr'><strong>nam</strong></span> <span class='ocrx_word' id='word_1_751' title='bbox 2336 2963 2456 3004; x_wconf 90' lang='lat' dir='ltr'><strong>cum</strong></span> <span class='ocrx_word' id='word_1_752' title='bbox 2496 2951 2607 3018; x_wconf 87' lang='lat' dir='ltr'><strong>ipse</strong></span> <span class='ocrx_word' id='word_1_753' title='bbox 2632 2951 2858 3004; x_wconf 84' lang='lat' dir='ltr'><strong>diversis</strong></span> <span class='ocrx_word' id='word_1_754' title='bbox 2887 2951 3114 3003; x_wconf 74' lang='lat' dir='ltr'><strong>stimulis</strong></span> <span class='ocrx_word' id='word_1_755' title='bbox 3144 2951 3425 3013; x_wconf 89' lang='lat' dir='ltr'><strong>laceratus,</strong></span> <span class='ocrx_word' id='word_1_756' title='bbox 3453 2951 3617 3004; x_wconf 88' lang='lat' dir='ltr'><strong>calci-</strong></span> 
     </span>
    </p>
   </div>
   <div class='ocr_carea' id='block_1_108' title="bbox 2046 3019 3615 3088">
    <p class='ocr_par' dir='ltr' id='par_1_108' title="bbox 2046 3019 3615 3088">
     <span class='ocr_line' id='line_1_108' title="bbox 2046 3019 3615 3088; baseline 0.001 -17"><span class='ocrx_word' id='word_1_757' title='bbox 2046 3019 2145 3072; x_wconf 87' lang='lat' dir='ltr'><strong>bus</strong></span> <span class='ocrx_word' id='word_1_758' title='bbox 2176 3020 2473 3088; x_wconf 86' lang='lat' dir='ltr'><strong>pugnisque</strong></span> <span class='ocrx_word' id='word_1_759' title='bbox 2500 3020 2788 3075; x_wconf 87' lang='lat' dir='ltr'><strong>satellitum</strong></span> <span class='ocrx_word' id='word_1_760' title='bbox 2813 3020 3159 3075; x_wconf 72' lang='lat' dir='ltr'><strong>acerbissime</strong></span> <span class='ocrx_word' id='word_1_761' title='bbox 3189 3020 3502 3075; x_wconf 85' lang='lat' dir='ltr'><strong>vulneratus</strong></span> <span class='ocrx_word' id='word_1_762' title='bbox 3530 3035 3615 3073; x_wconf 87' lang='lat' dir='ltr'><strong>es-</strong></span> 
     </span>
    </p>
   </div>
   <div class='ocr_carea' id='block_1_109' title="bbox 2045 3089 3618 3159">
    <p class='ocr_par' dir='ltr' id='par_1_109' title="bbox 2045 3089 3618 3159">
     <span class='ocr_line' id='line_1_109' title="bbox 2045 3089 3618 3159; baseline 0 -17"><span class='ocrx_word' id='word_1_763' title='bbox 2045 3098 2158 3155; x_wconf 88' lang='lat' dir='ltr'><strong>set;</strong></span> <span class='ocrx_word' id='word_1_764' title='bbox 2185 3098 2240 3143; x_wconf 89' lang='lat' dir='ltr'><strong>et</strong></span> <span class='ocrx_word' id='word_1_765' title='bbox 2269 3089 2489 3143; x_wconf 70' lang='lat' dir='ltr'><strong>Natalia:</strong></span> <span class='ocrx_word' id='word_1_766' title='bbox 2535 3091 2705 3145; x_wconf 87' lang='lat' dir='ltr'><strong>avulsi</strong></span> <span class='ocrx_word' id='word_1_767' title='bbox 2748 3093 2939 3159; x_wconf 88' lang='lat' dir='ltr'><strong>capitis</strong></span> <span class='ocrx_word' id='word_1_768' title='bbox 2983 3091 3192 3159; x_wconf 92' lang='lat' dir='ltr'><strong>capilli,</strong></span> <span class='ocrx_word' id='word_1_769' title='bbox 3222 3102 3273 3144; x_wconf 87' lang='lat' dir='ltr'><strong>et</strong></span> <span class='ocrx_word' id='word_1_770' title='bbox 3319 3090 3618 3143; x_wconf 66' lang='lat' dir='ltr'><strong>immaniter</strong></span> 
     </span>
    </p>
   </div>
   <div class='ocr_carea' id='block_1_110' title="bbox 2089 3159 3621 3229">
    <p class='ocr_par' dir='ltr' id='par_1_110' title="bbox 2089 3159 3621 3229">
     <span class='ocr_line' id='line_1_110' title="bbox 2089 3159 3621 3229; baseline 0.003 -21"><span class='ocrx_word' id='word_1_771' title='bbox 2089 3175 2263 3229; x_wconf 88' lang='lat' dir='ltr'><strong>noque</strong></span> <span class='ocrx_word' id='word_1_772' title='bbox 2308 3160 2495 3229; x_wconf 84' lang='lat' dir='ltr'><strong>pugnis</strong></span> <span class='ocrx_word' id='word_1_773' title='bbox 2523 3159 2839 3229; x_wconf 65' lang='lat' dir='ltr'><strong>mederetur,</strong></span> <span class='ocrx_word' id='word_1_774' title='bbox 2872 3161 3096 3227; x_wconf 89' lang='lat' dir='ltr'><strong>primum</strong></span> <span class='ocrx_word' id='word_1_775' title='bbox 3144 3160 3394 3224; x_wconf 81' lang='lat' dir='ltr'><strong>Felicem,</strong></span> <span class='ocrx_word' id='word_1_776' title='bbox 3427 3161 3621 3214; x_wconf 87' lang='lat' dir='ltr'><strong>deinde</strong></span> 
     </span>
    </p>
   </div>
   <div class='ocr_carea' id='block_1_111' title="bbox 2097 3228 3622 3300">
    <p class='ocr_par' dir='ltr' id='par_1_111' title="bbox 2097 3228 3622 3300">
     <span class='ocr_line' id='line_1_111' title="bbox 2097 3228 3622 3300; baseline 0.003 -23"><span class='ocrx_word' id='word_1_777' title='bbox 2097 3228 2357 3300; x_wconf 82' lang='lat' dir='ltr'><strong>eorgium,</strong></span> <span class='ocrx_word' id='word_1_778' title='bbox 2390 3228 2571 3300; x_wconf 83' lang='lat' dir='ltr'><strong>postea</strong></span> <span class='ocrx_word' id='word_1_779' title='bbox 2600 3228 2870 3295; x_wconf 89' lang='lat' dir='ltr'><strong>Liliosam,</strong></span> <span class='ocrx_word' id='word_1_780' title='bbox 2902 3241 3060 3294; x_wconf 85' lang='lat' dir='ltr'><strong>atque</strong></span> <span class='ocrx_word' id='word_1_781' title='bbox 3090 3230 3156 3283; x_wconf 92' lang='lat' dir='ltr'><strong>ad</strong></span> <span class='ocrx_word' id='word_1_782' title='bbox 3188 3240 3483 3300; x_wconf 80' lang='lat' dir='ltr'><strong>extremum</strong></span> <span class='ocrx_word' id='word_1_783' title='bbox 3513 3231 3622 3283; x_wconf 87' lang='lat' dir='ltr'><strong>Au-</strong></span> 
     </span>
    </p>
   </div>
   <div class='ocr_carea' id='block_1_112' title="bbox 2045 3298 3621 3368">
    <p class='ocr_par' dir='ltr' id='par_1_112' title="bbox 2045 3298 3621 3368">
     <span class='ocr_line' id='line_1_112' title="bbox 2045 3298 3621 3368; baseline 0.001 -17"><span class='ocrx_word' id='word_1_784' title='bbox 2045 3299 2235 3368; x_wconf 73' lang='lat' dir='ltr'><strong>relium</strong></span> <span class='ocrx_word' id='word_1_785' title='bbox 2262 3306 2318 3352; x_wconf 89' lang='lat' dir='ltr'><strong>et</strong></span> <span class='ocrx_word' id='word_1_786' title='bbox 2358 3298 2622 3352; x_wconf 84' lang='lat' dir='ltr'><strong>Nataliam</strong></span> <span class='ocrx_word' id='word_1_787' title='bbox 2652 3300 2825 3366; x_wconf 83' lang='lat' dir='ltr'><strong>gladio</strong></span> <span class='ocrx_word' id='word_1_788' title='bbox 2857 3309 3218 3368; x_wconf 88' lang='lat' dir='ltr'><strong>peremerunt.</strong></span> <span class='ocrx_word' id='word_1_789' title='bbox 3247 3298 3445 3366; x_wconf 68' lang='lat' dir='ltr'><strong>Stratus</strong></span> <span class='ocrx_word' id='word_1_790' title='bbox 3490 3312 3621 3353; x_wconf 89' lang='lat' dir='ltr'><strong>tom.</strong></span> 
     </span>
    </p>
   </div>
   <div class='ocr_carea' id='block_1_113' title="bbox 2046 3366 3621 3439">
    <p class='ocr_par' dir='ltr' id='par_1_113' title="bbox 2046 3366 3621 3439">
     <span class='ocr_line' id='line_1_113' title="bbox 2046 3366 3621 3439; baseline 0 -19"><span class='ocrx_word' id='word_1_791' title='bbox 2046 3366 2133 3421; x_wconf 84' lang='grc' dir='ltr'><strong>ιν.</strong></span> <span class='ocrx_word' id='word_1_792' title='bbox 2167 3368 2242 3422; x_wconf 89' lang='lat' dir='ltr'><strong>De</strong></span> <span class='ocrx_word' id='word_1_793' title='bbox 2273 3368 2354 3422; x_wconf 90' lang='lat' dir='ltr'><strong>his</strong></span> <span class='ocrx_word' id='word_1_794' title='bbox 2393 3370 2531 3433; x_wconf 87' lang='lat' dir='ltr'><strong>apud</strong></span> <span class='ocrx_word' id='word_1_795' title='bbox 2573 3366 2869 3423; x_wconf 45' lang='lat' dir='ltr'><strong>Baronium&#39;</strong></span> <span class='ocrx_word' id='word_1_796' title='bbox 2890 3371 3062 3437; x_wconf 87' lang='lat' dir='ltr'><strong>agitur</strong></span> <span class='ocrx_word' id='word_1_797' title='bbox 3094 3384 3239 3424; x_wconf 79' lang='lat' dir='ltr'><strong>xxvtt</strong></span> <span class='ocrx_word' id='word_1_798' title='bbox 3269 3370 3422 3435; x_wconf 81' lang='lat' dir='ltr'><strong>Julii,</strong></span> <span class='ocrx_word' id='word_1_799' title='bbox 3467 3381 3621 3439; x_wconf 82' lang='lat' dir='ltr'><strong>prout</strong></span> 
     </span>
    </p>
   </div>
   <div class='ocr_carea' id='block_1_114' title="bbox 2047 3439 3090 3494">
    <p class='ocr_par' dir='ltr' id='par_1_114' title="bbox 2047 3439 3090 3494">
     <span class='ocr_line' id='line_1_114' title="bbox 2047 3439 3090 3494; baseline 0.003 -3"><span class='ocrx_word' id='word_1_800' title='bbox 2047 3445 2103 3492; x_wconf 93' lang='lat' dir='ltr'><strong>et</strong></span> <span class='ocrx_word' id='word_1_801' title='bbox 2129 3439 2180 3491; x_wconf 95' lang='lat' dir='ltr'><strong>in</strong></span> <span class='ocrx_word' id='word_1_802' title='bbox 2212 3439 2403 3492; x_wconf 87' lang='lat' dir='ltr'><strong>tabulis</strong></span> <span class='ocrx_word' id='word_1_803' title='bbox 2436 3439 2685 3494; x_wconf 74' lang='lat' dir='ltr'><strong>Ecclesiae</strong></span> <span class='ocrx_word' id='word_1_804' title='bbox 2708 3440 3090 3494; x_wconf 83' lang='lat' dir='ltr'><strong>Cordubensis.</strong></span> 
     </span>
    </p>
   </div>
   <div class='ocr_carea' id='block_1_115' title="bbox 2125 3506 3626 3579">
    <p class='ocr_par' dir='ltr' id='par_1_115' title="bbox 2125 3506 3626 3579">
     <span class='ocr_line' id='line_1_115' title="bbox 2125 3506 3626 3579; baseline -0.002 -15"><span class='ocrx_word' id='word_1_805' title='bbox 2125 3506 2143 3546; x_wconf 72' lang='grc' dir='ltr'><em>τ</em></span> <span class='ocrx_word' id='word_1_806' title='bbox 2180 3508 2417 3579; x_wconf 85' lang='lat' dir='ltr'><strong>Sulpitii.</strong></span> <span class='ocrx_word' id='word_1_807' title='bbox 2449 3509 2525 3564; x_wconf 90' lang='lat' dir='ltr'><strong>De</strong></span> <span class='ocrx_word' id='word_1_808' title='bbox 2555 3510 2654 3564; x_wconf 85' lang='lat' dir='ltr'><strong>hac</strong></span> <span class='ocrx_word' id='word_1_809' title='bbox 2698 3510 3043 3563; x_wconf 90' lang='lat' dir='ltr'><strong>translatione</strong></span> <span class='ocrx_word' id='word_1_810' title='bbox 3074 3511 3151 3563; x_wconf 89' lang='lat' dir='ltr'><strong>sic</strong></span> <span class='ocrx_word' id='word_1_811' title='bbox 3181 3511 3366 3564; x_wconf 90' lang='lat' dir='ltr'><strong>scribit</strong></span> <span class='ocrx_word' id='word_1_812' title='bbox 3416 3510 3626 3562; x_wconf 82' lang='lat' dir='ltr'><strong>Bollan-</strong></span> 
     </span>
    </p>
   </div>
   <div class='ocr_carea' id='block_1_116' title="bbox 2048 3576 3621 3649">
    <p class='ocr_par' dir='ltr' id='par_1_116' title="bbox 2048 3576 3621 3649">
     <span class='ocr_line' id='line_1_116' title="bbox 2048 3576 3621 3649; baseline 0 -18"><span class='ocrx_word' id='word_1_813' title='bbox 2048 3576 2149 3631; x_wconf 91' lang='lat' dir='ltr'><strong>dus</strong></span> <span class='ocrx_word' id='word_1_814' title='bbox 2177 3579 2231 3633; x_wconf 89' lang='lat' dir='ltr'><strong>in</strong></span> <span class='ocrx_word' id='word_1_815' title='bbox 2260 3576 2485 3645; x_wconf 83' lang='lat' dir='ltr'><strong>Sulpitin</strong></span> <span class='ocrx_word' id='word_1_816' title='bbox 2532 3580 2623 3633; x_wconf 81' lang='lat' dir='ltr'><strong>Pio</strong></span> <span class='ocrx_word' id='word_1_817' title='bbox 2651 3582 2903 3649; x_wconf 89' lang='lat' dir='ltr'><strong>episcopo</strong></span> <span class='ocrx_word' id='word_1_818' title='bbox 2932 3580 3243 3634; x_wconf 89' lang='lat' dir='ltr'><strong>Bituricensi</strong></span> <span class='ocrx_word' id='word_1_819' title='bbox 3275 3580 3362 3633; x_wconf 90' lang='lat' dir='ltr'><strong>die</strong></span> <span class='ocrx_word' id='word_1_820' title='bbox 3393 3594 3501 3633; x_wconf 81' lang='lat' dir='ltr'><strong>xvtt</strong></span> <span class='ocrx_word' id='word_1_821' title='bbox 3529 3580 3621 3649; x_wconf 70' lang='lat' dir='ltr'><strong>Ja-</strong></span> 
     </span>
    </p>
   </div>
   <div class='ocr_carea' id='block_1_117' title="bbox 2050 3648 3619 3719">
    <p class='ocr_par' dir='ltr' id='par_1_117' title="bbox 2050 3648 3619 3719">
     <span class='ocr_line' id='line_1_117' title="bbox 2050 3648 3619 3719; baseline 0.001 -18"><span class='ocrx_word' id='word_1_822' title='bbox 2050 3651 2260 3703; x_wconf 87' lang='lat' dir='ltr'><strong>nuarii:</strong></span> <span class='ocrx_word' id='word_1_823' title='bbox 2294 3666 2312 3699; x_wconf 76' lang='grc' dir='ltr'>ι</span> <span class='ocrx_word' id='word_1_824' title='bbox 2345 3652 2412 3703; x_wconf 89' lang='lat' dir='ltr'><strong>At</strong></span> <span class='ocrx_word' id='word_1_825' title='bbox 2441 3665 2647 3704; x_wconf 88' lang='lat' dir='ltr'><strong>rursum</strong></span> <span class='ocrx_word' id='word_1_826' title='bbox 2690 3648 2831 3704; x_wconf 71' lang='lat' dir='ltr'><strong>sxvn</strong></span> <span class='ocrx_word' id='word_1_827' title='bbox 2871 3651 3091 3719; x_wconf 87' lang='lat' dir='ltr'><strong>Augusti</strong></span> <span class='ocrx_word' id='word_1_828' title='bbox 3131 3650 3465 3705; x_wconf 90' lang='lat' dir='ltr'><strong>Carthusiaui</strong></span> <span class='ocrx_word' id='word_1_829' title='bbox 3514 3648 3619 3703; x_wconf 86' lang='lat' dir='ltr'><strong>Co-</strong></span> 
     </span>
    </p>
   </div>
   <div class='ocr_carea' id='block_1_118' title="bbox 2051 3719 3623 3784">
    <p class='ocr_par' dir='ltr' id='par_1_118' title="bbox 2051 3719 3623 3784">
     <span class='ocr_line' id='line_1_118' title="bbox 2051 3719 3623 3784; baseline 0 -13"><span class='ocrx_word' id='word_1_830' title='bbox 2051 3719 2159 3771; x_wconf 92' lang='lat' dir='ltr'><strong>lon.</strong></span> <span class='ocrx_word' id='word_1_831' title='bbox 2197 3721 2248 3773; x_wconf 95' lang='lat' dir='ltr'><strong>in</strong></span> <span class='ocrx_word' id='word_1_832' title='bbox 2292 3721 2543 3776; x_wconf 70' lang='lat' dir='ltr'><strong>Auct.irio</strong></span> <span class='ocrx_word' id='word_1_833' title='bbox 2574 3720 2639 3774; x_wconf 88' lang='lat' dir='ltr'><strong>ad</strong></span> <span class='ocrx_word' id='word_1_834' title='bbox 2685 3720 3009 3784; x_wconf 69' lang='lat' dir='ltr'><strong>Usuirduin,</strong></span> <span class='ocrx_word' id='word_1_835' title='bbox 3051 3721 3282 3775; x_wconf 84' lang='lat' dir='ltr'><strong>Bellinus</strong></span> <span class='ocrx_word' id='word_1_836' title='bbox 3328 3722 3395 3774; x_wconf 88' lang='lat' dir='ltr'><strong>de</strong></span> <span class='ocrx_word' id='word_1_837' title='bbox 3447 3720 3623 3773; x_wconf 79' lang='lat' dir='ltr'><strong>Padus</strong></span> 
     </span>
    </p>
   </div>
   <div class='ocr_carea' id='block_1_119' title="bbox 2049 3788 3623 3861">
    <p class='ocr_par' dir='ltr' id='par_1_119' title="bbox 2049 3788 3623 3861">
     <span class='ocr_line' id='line_1_119' title="bbox 2049 3788 3623 3861; baseline 0 -20"><span class='ocrx_word' id='word_1_838' title='bbox 2049 3788 2179 3861; x_wconf 82' lang='lat' dir='ltr'><strong>edit.</strong></span> <span class='ocrx_word' id='word_1_839' title='bbox 2229 3790 2397 3843; x_wconf 84' lang='lat' dir='ltr'><strong>Paris.</strong></span> <span class='ocrx_word' id='word_1_840' title='bbox 2426 3806 2515 3844; x_wconf 89' lang='lat' dir='ltr'><strong>an.</strong></span> <span class='ocrx_word' id='word_1_841' title='bbox 2549 3789 2715 3853; x_wconf 73' lang='grc'>1521,</span> <span class='ocrx_word' id='word_1_842' title='bbox 2761 3790 3035 3861; x_wconf 85' lang='lat' dir='ltr'><strong>Martyrul.</strong></span> <span class='ocrx_word' id='word_1_843' title='bbox 3078 3792 3481 3853; x_wconf 88' lang='lat' dir='ltr'><strong>Germanicum,</strong></span> <span class='ocrx_word' id='word_1_844' title='bbox 3523 3790 3623 3861; x_wconf 65' lang='lat' dir='ltr'><strong>ista</strong></span> 
     </span>
    </p>
   </div>
   <div class='ocr_carea' id='block_1_120' title="bbox 2051 3858 3619 3928">
    <p class='ocr_par' dir='ltr' id='par_1_120' title="bbox 2051 3858 3619 3928">
     <span class='ocr_line' id='line_1_120' title="bbox 2051 3858 3619 3928; baseline 0 -17"><span class='ocrx_word' id='word_1_845' title='bbox 2051 3858 2287 3913; x_wconf 89' lang='lat' dir='ltr'><strong>habent:</strong></span> <span class='ocrx_word' id='word_1_846' title='bbox 2321 3861 2579 3915; x_wconf 85' lang='lat' dir='ltr'><strong>Bituricas</strong></span> <span class='ocrx_word' id='word_1_847' title='bbox 2616 3862 2828 3915; x_wconf 86' lang='lat' dir='ltr'><strong>civita&#39;e</strong></span> <span class='ocrx_word' id='word_1_848' title='bbox 2873 3858 3144 3915; x_wconf 80' lang='lat' dir='ltr'><strong>translatio</strong></span> <span class='ocrx_word' id='word_1_849' title='bbox 3175 3863 3233 3917; x_wconf 91' lang='lat' dir='ltr'><strong>S.</strong></span> <span class='ocrx_word' id='word_1_850' title='bbox 3259 3861 3469 3928; x_wconf 89' lang='lat' dir='ltr'><strong>Sulpitii</strong></span> <span class='ocrx_word' id='word_1_851' title='bbox 3500 3858 3619 3925; x_wconf 84' lang='lat' dir='ltr'><strong>epi-</strong></span> 
     </span>
    </p>
   </div>
   <div class='ocr_carea' id='block_1_121' title="bbox 2052 3930 3620 3999">
    <p class='ocr_par' dir='ltr' id='par_1_121' title="bbox 2052 3930 3620 3999">
     <span class='ocr_line' id='line_1_121' title="bbox 2052 3930 3620 3999; baseline 0.001 -18"><span class='ocrx_word' id='word_1_852' title='bbox 2052 3931 2201 3998; x_wconf 74' lang='grc' dir='ltr'><strong>ερομὶ</strong></span> <span class='ocrx_word' id='word_1_853' title='bbox 2247 3940 2302 3985; x_wconf 89' lang='lat' dir='ltr'><strong>et</strong></span> <span class='ocrx_word' id='word_1_854' title='bbox 2342 3932 2682 3986; x_wconf 86' lang='lat' dir='ltr'><strong>contessoris.</strong></span> <span class='ocrx_word' id='word_1_855' title='bbox 2714 3948 2734 3982; x_wconf 71' lang='grc' dir='ltr'><strong><em>ι</em></strong></span> <span class='ocrx_word' id='word_1_856' title='bbox 2788 3931 3041 3999; x_wconf 87' lang='lat' dir='ltr'><strong>Ejusdem</strong></span> <span class='ocrx_word' id='word_1_857' title='bbox 3091 3931 3384 3986; x_wconf 88' lang='lat' dir='ltr'><strong>meminere</strong></span> <span class='ocrx_word' id='word_1_858' title='bbox 3424 3946 3490 3984; x_wconf 91' lang='lat' dir='ltr'><strong>eo</strong></span> <span class='ocrx_word' id='word_1_859' title='bbox 3532 3930 3620 3983; x_wconf 87' lang='lat' dir='ltr'><strong>die</strong></span> 
     </span>
    </p>
   </div>
   <div class='ocr_carea' id='block_1_122' title="bbox 2051 4000 2851 4067">
    <p class='ocr_par' dir='ltr' id='par_1_122' title="bbox 2051 4000 2851 4067">
     <span class='ocr_line' id='line_1_122' title="bbox 2051 4000 2851 4067; baseline 0.004 -17"><span class='ocrx_word' id='word_1_860' title='bbox 2051 4001 2291 4067; x_wconf 51' lang='lat' dir='ltr'><strong>quedam</strong></span> <span class='ocrx_word' id='word_1_861' title='bbox 2323 4015 2452 4056; x_wconf 88' lang='lat' dir='ltr'><strong>mss.</strong></span> <span class='ocrx_word' id='word_1_862' title='bbox 2477 4011 2530 4055; x_wconf 91' lang='lat' dir='ltr'><strong>et</strong></span> <span class='ocrx_word' id='word_1_863' title='bbox 2555 4000 2851 4055; x_wconf 86' lang='lat' dir='ltr'><strong>Saussaius.</strong></span> 
     </span>
    </p>
   </div>
   <div class='ocr_carea' id='block_1_123' title="bbox 2126 4069 3543 4140">
    <p class='ocr_par' dir='ltr' id='par_1_123' title="bbox 2126 4069 3543 4140">
     <span class='ocr_line' id='line_1_123' title="bbox 2126 4069 3543 4140; baseline 0.001 -17"><span class='ocrx_word' id='word_1_864' title='bbox 2126 4079 2149 4140; x_wconf 64' lang='grc' dir='ltr'>β</span> <span class='ocrx_word' id='word_1_865' title='bbox 2183 4069 2411 4125; x_wconf 81' lang='lat' dir='ltr'><strong>Cwsarii.</strong></span> <span class='ocrx_word' id='word_1_866' title='bbox 2444 4072 2514 4124; x_wconf 89' lang='lat' dir='ltr'><strong>De</strong></span> <span class='ocrx_word' id='word_1_867' title='bbox 2546 4072 2647 4126; x_wconf 88' lang='lat' dir='ltr'><strong>hoc</strong></span> <span class='ocrx_word' id='word_1_868' title='bbox 2673 4070 2791 4125; x_wconf 91' lang='lat' dir='ltr'><strong>vide</strong></span> <span class='ocrx_word' id='word_1_869' title='bbox 2821 4073 2870 4125; x_wconf 93' lang='lat' dir='ltr'><strong>in</strong></span> <span class='ocrx_word' id='word_1_870' title='bbox 2900 4079 3163 4125; x_wconf 90' lang='lat' dir='ltr'><strong>commate</strong></span> <span class='ocrx_word' id='word_1_871' title='bbox 3192 4070 3543 4140; x_wconf 72' lang='lat' dir='ltr'><strong>praecedente.</strong></span> 
     </span>
    </p>
   </div>
   <div class='ocr_carea' id='block_1_124' title="bbox 2123 4136 3619 4211">
    <p class='ocr_par' dir='ltr' id='par_1_124' title="bbox 2123 4136 3619 4211">
     <span class='ocr_line' id='line_1_124' title="bbox 2123 4136 3619 4211; baseline 0 -18"><span class='ocrx_word' id='word_1_872' title='bbox 2123 4136 2151 4175; x_wconf 65' lang='grc' dir='ltr'>δ</span> <span class='ocrx_word' id='word_1_873' title='bbox 2184 4140 2327 4211; x_wconf 81' lang='lat' dir='ltr'><strong>Agri.</strong></span> <span class='ocrx_word' id='word_1_874' title='bbox 2356 4142 2533 4196; x_wconf 87' lang='lat' dir='ltr'><strong>Potius</strong></span> <span class='ocrx_word' id='word_1_875' title='bbox 2565 4141 2791 4211; x_wconf 75' lang='lat' dir='ltr'><strong>Siagrii.</strong></span> <span class='ocrx_word' id='word_1_876' title='bbox 2811 4140 3110 4211; x_wconf 33' lang='lat' dir='ltr'><strong>SCI‘llliALtle</strong></span> <span class='ocrx_word' id='word_1_877' title='bbox 3138 4136 3208 4195; x_wconf 77' lang='lat' dir='ltr'><strong>eo</strong></span> <span class='ocrx_word' id='word_1_878' title='bbox 3228 4142 3387 4210; x_wconf 84' lang='lat' dir='ltr'><strong>Greg.</strong></span> <span class='ocrx_word' id='word_1_879' title='bbox 3418 4140 3619 4211; x_wconf 75' lang='lat' dir='ltr'><strong>Turno.</strong></span> 
     </span>
    </p>
   </div>
   <div class='ocr_carea' id='block_1_125' title="bbox 2054 4208 3622 4280">
    <p class='ocr_par' dir='ltr' id='par_1_125' title="bbox 2054 4208 3622 4280">
     <span class='ocr_line' id='line_1_125' title="bbox 2054 4208 3622 4280; baseline -0.001 -17"><span class='ocrx_word' id='word_1_880' title='bbox 2054 4210 2126 4280; x_wconf 86' lang='lat' dir='ltr'><strong>lib</strong></span> <span class='ocrx_word' id='word_1_881' title='bbox 2167 4208 2243 4265; x_wconf 81' lang='lat' dir='ltr'><strong>de</strong></span> <span class='ocrx_word' id='word_1_882' title='bbox 2278 4221 2411 4280; x_wconf 83' lang='lat' dir='ltr'><strong>gest.</strong></span> <span class='ocrx_word' id='word_1_883' title='bbox 2444 4208 2734 4274; x_wconf 47' lang='lat' dir='ltr'><strong>Francq&#39;v,</strong></span> <span class='ocrx_word' id='word_1_884' title='bbox 2765 4210 2828 4274; x_wconf 83' lang='lat'><strong>5;</strong></span> <span class='ocrx_word' id='word_1_885' title='bbox 2863 4226 2941 4276; x_wconf 78' lang='lat' dir='ltr'><strong>ix,</strong></span> <span class='ocrx_word' id='word_1_886' title='bbox 2968 4208 3039 4262; x_wconf 73' lang='grc'>25</span> <span class='ocrx_word' id='word_1_887' title='bbox 3062 4220 3117 4264; x_wconf 91' lang='lat' dir='ltr'><strong>et</strong></span> <span class='ocrx_word' id='word_1_888' title='bbox 3156 4213 3245 4271; x_wconf 73' lang='grc'>41.</span> <span class='ocrx_word' id='word_1_889' title='bbox 3273 4220 3327 4264; x_wconf 91' lang='lat' dir='ltr'><strong>et</strong></span> <span class='ocrx_word' id='word_1_890' title='bbox 3344 4208 3417 4277; x_wconf 73' lang='grc' dir='ltr'><strong>ἰ,</strong></span> <span class='ocrx_word' id='word_1_891' title='bbox 3447 4209 3539 4271; x_wconf 76' lang='grc'><strong>28,</strong></span> <span class='ocrx_word' id='word_1_892' title='bbox 3566 4220 3622 4263; x_wconf 92' lang='lat' dir='ltr'><strong>et</strong></span> 
     </span>
    </p>
   </div>
   <div class='ocr_carea' id='block_1_126' title="bbox 2054 4279 3623 4348">
    <p class='ocr_par' dir='ltr' id='par_1_126' title="bbox 2054 4279 3623 4348">
     <span class='ocr_line' id='line_1_126' title="bbox 2054 4279 3623 4348; baseline -0.001 -14"><span class='ocrx_word' id='word_1_893' title='bbox 2054 4279 2106 4334; x_wconf 83' lang='lat' dir='ltr'><strong>in</strong></span> <span class='ocrx_word' id='word_1_894' title='bbox 2139 4280 2255 4348; x_wconf 82' lang='lat' dir='ltr'><strong>ejus</strong></span> <span class='ocrx_word' id='word_1_895' title='bbox 2286 4279 2435 4336; x_wconf 11' lang='lat' dir='ltr'><strong>Vllist.</strong></span> <span class='ocrx_word' id='word_1_896' title='bbox 2478 4281 2669 4336; x_wconf 84' lang='lat' dir='ltr'><strong>Frauc.</strong></span> <span class='ocrx_word' id='word_1_897' title='bbox 2716 4283 2980 4348; x_wconf 83' lang='lat' dir='ltr'><strong>Epitome,</strong></span> <span class='ocrx_word' id='word_1_898' title='bbox 3025 4296 3146 4348; x_wconf 84' lang='lat' dir='ltr'><strong>cap.</strong></span> <span class='ocrx_word' id='word_1_899' title='bbox 3176 4282 3265 4337; x_wconf 84' lang='lat'><strong>89.</strong></span> <span class='ocrx_word' id='word_1_900' title='bbox 3300 4281 3416 4335; x_wconf 84' lang='lat' dir='ltr'><strong>Ado</strong></span> <span class='ocrx_word' id='word_1_901' title='bbox 3463 4280 3623 4334; x_wconf 78' lang='lat' dir='ltr'><strong>Vien-</strong></span> 
     </span>
    </p>
   </div>
   <div class='ocr_carea' id='block_1_127' title="bbox 2056 4350 3621 4420">
    <p class='ocr_par' dir='ltr' id='par_1_127' title="bbox 2056 4350 3621 4420">
     <span class='ocr_line' id='line_1_127' title="bbox 2056 4350 3621 4420; baseline -0.001 -16"><span class='ocrx_word' id='word_1_902' title='bbox 2056 4352 2234 4405; x_wconf 89' lang='lat' dir='ltr'><strong>nensis</strong></span> <span class='ocrx_word' id='word_1_903' title='bbox 2260 4352 2310 4405; x_wconf 94' lang='lat' dir='ltr'><strong>iu</strong></span> <span class='ocrx_word' id='word_1_904' title='bbox 2341 4350 2520 4406; x_wconf 87' lang='lat' dir='ltr'><strong>Chron</strong></span> <span class='ocrx_word' id='word_1_905' title='bbox 2569 4367 2708 4407; x_wconf 90' lang='lat' dir='ltr'><strong>anno</strong></span> <span class='ocrx_word' id='word_1_906' title='bbox 2735 4353 2838 4405; x_wconf 83' lang='lat'><strong>575</strong></span> <span class='ocrx_word' id='word_1_907' title='bbox 2866 4352 3099 4420; x_wconf 89' lang='lat' dir='ltr'><strong>appellat</strong></span> <span class='ocrx_word' id='word_1_908' title='bbox 3126 4368 3247 4407; x_wconf 89' lang='lat' dir='ltr'><strong>eum</strong></span> <span class='ocrx_word' id='word_1_909' title='bbox 3280 4352 3448 4405; x_wconf 88' lang='lat' dir='ltr'><strong>virum</strong></span> <span class='ocrx_word' id='word_1_910' title='bbox 3477 4365 3621 4403; x_wconf 86' lang='lat' dir='ltr'><strong>sum-</strong></span> 
     </span>
    </p>
   </div>
   <div class='ocr_carea' id='block_1_128' title="bbox 2058 4421 3620 4490">
    <p class='ocr_par' dir='ltr' id='par_1_128' title="bbox 2058 4421 3620 4490">
     <span class='ocr_line' id='line_1_128' title="bbox 2058 4421 3620 4490; baseline 0 -17"><span class='ocrx_word' id='word_1_911' title='bbox 2058 4436 2156 4475; x_wconf 79' lang='lat' dir='ltr'><strong>ma:</strong></span> <span class='ocrx_word' id='word_1_912' title='bbox 2174 4423 2487 4490; x_wconf 85' lang='lat' dir='ltr'><strong>sanctitatis,</strong></span> <span class='ocrx_word' id='word_1_913' title='bbox 2504 4426 2856 4490; x_wconf 77' lang='lat' dir='ltr'><strong>eamdemque</strong></span> <span class='ocrx_word' id='word_1_914' title='bbox 2878 4434 3101 4477; x_wconf 88' lang='lat' dir='ltr'><strong>testatur</strong></span> <span class='ocrx_word' id='word_1_915' title='bbox 3124 4421 3427 4477; x_wconf 89' lang='lat' dir='ltr'><strong>interfuisse</strong></span> <span class='ocrx_word' id='word_1_916' title='bbox 3451 4424 3620 4490; x_wconf 90' lang='lat' dir='ltr'><strong>primo</strong></span> 
     </span>
    </p>
   </div>
   <div class='ocr_carea' id='block_1_129' title="bbox 2058 4492 3621 4558">
    <p class='ocr_par' dir='ltr' id='par_1_129' title="bbox 2058 4492 3621 4558">
     <span class='ocr_line' id='line_1_129' title="bbox 2058 4492 3621 4558; baseline 0 -14"><span class='ocrx_word' id='word_1_917' title='bbox 2058 4494 2281 4546; x_wconf 79' lang='lat' dir='ltr'><strong>Concilio</strong></span> <span class='ocrx_word' id='word_1_918' title='bbox 2311 4493 2703 4547; x_wconf 82' lang='lat' dir='ltr'><strong>Matisconeusi.</strong></span> <span class='ocrx_word' id='word_1_919' title='bbox 2739 4495 2988 4547; x_wconf 85' lang='lat' dir='ltr'><strong>Pervenit</strong></span> <span class='ocrx_word' id='word_1_920' title='bbox 3016 4495 3175 4547; x_wconf 89' lang='lat' dir='ltr'><strong>etiam</strong></span> <span class='ocrx_word' id='word_1_921' title='bbox 3207 4492 3273 4546; x_wconf 89' lang='lat' dir='ltr'><strong>ad</strong></span> <span class='ocrx_word' id='word_1_922' title='bbox 3303 4504 3537 4558; x_wconf 82' lang='lat' dir='ltr'><strong>tempora</strong></span> <span class='ocrx_word' id='word_1_923' title='bbox 3562 4492 3621 4544; x_wconf 87' lang='grc'><strong>5.</strong></span> 
     </span>
    </p>
   </div>
   <div class='ocr_carea' id='block_1_130' title="bbox 2060 4560 3629 4635">
    <p class='ocr_par' dir='ltr' id='par_1_130' title="bbox 2060 4560 3629 4635">
     <span class='ocr_line' id='line_1_130' title="bbox 2060 4560 3629 4635; baseline -0.002 -19"><span class='ocrx_word' id='word_1_924' title='bbox 2060 4560 2298 4635; x_wconf 66' lang='lat' dir='ltr'><strong>Gregorii</strong></span> <span class='ocrx_word' id='word_1_925' title='bbox 2332 4579 2502 4635; x_wconf 70' lang='lat' dir='ltr'><strong>papzn,</strong></span> <span class='ocrx_word' id='word_1_926' title='bbox 2527 4564 2679 4632; x_wconf 91' lang='lat' dir='ltr'><strong>cujus</strong></span> <span class='ocrx_word' id='word_1_927' title='bbox 2706 4563 2774 4619; x_wconf 86' lang='lat' dir='ltr'><strong>ad</strong></span> <span class='ocrx_word' id='word_1_928' title='bbox 2798 4564 3047 4618; x_wconf 89' lang='lat' dir='ltr'><strong>eumdem</strong></span> <span class='ocrx_word' id='word_1_929' title='bbox 3077 4573 3289 4635; x_wconf 80' lang='lat' dir='ltr'><strong>exstant</strong></span> <span class='ocrx_word' id='word_1_930' title='bbox 3317 4564 3497 4635; x_wconf 87' lang='lat' dir='ltr'><strong>plures</strong></span> <span class='ocrx_word' id='word_1_931' title='bbox 3518 4563 3629 4635; x_wconf 60' lang='lat' dir='ltr'><strong>cpio</strong></span> 
     </span>
    </p>
   </div>
   <div class='ocr_carea' id='block_1_131' title="bbox 2057 4632 3623 4702">
    <p class='ocr_par' dir='ltr' id='par_1_131' title="bbox 2057 4632 3623 4702">
     <span class='ocr_line' id='line_1_131' title="bbox 2057 4632 3623 4702; baseline -0.002 -17"><span class='ocrx_word' id='word_1_932' title='bbox 2057 4634 2229 4686; x_wconf 71' lang='lat' dir='ltr'><strong>stulte.</strong></span> <span class='ocrx_word' id='word_1_933' title='bbox 2260 4634 2378 4702; x_wconf 90' lang='lat' dir='ltr'><strong>Ipse</strong></span> <span class='ocrx_word' id='word_1_934' title='bbox 2400 4632 2581 4688; x_wconf 74' lang='lat' dir='ltr'><strong>autem</strong></span> <span class='ocrx_word' id='word_1_935' title='bbox 2616 4636 2836 4687; x_wconf 83' lang='lat' dir='ltr'><strong>Romam</strong></span> <span class='ocrx_word' id='word_1_936' title='bbox 2867 4635 3035 4695; x_wconf 90' lang='lat' dir='ltr'><strong>venit,</strong></span> <span class='ocrx_word' id='word_1_937' title='bbox 3063 4634 3480 4699; x_wconf 77' lang='lat' dir='ltr'><strong>suliscripsitque</strong></span> <span class='ocrx_word' id='word_1_938' title='bbox 3511 4632 3623 4700; x_wconf 88' lang='lat' dir='ltr'><strong>pri-</strong></span> 
     </span>
    </p>
   </div>
   <div class='ocr_carea' id='block_1_132' title="bbox 2058 4702 3630 4771">
    <p class='ocr_par' dir='ltr' id='par_1_132' title="bbox 2058 4702 3630 4771">
     <span class='ocr_line' id='line_1_132' title="bbox 2058 4702 3630 4771; baseline 0.001 -19"><span class='ocrx_word' id='word_1_939' title='bbox 2058 4703 2250 4771; x_wconf 76' lang='lat' dir='ltr'><strong>leegio</strong></span> <span class='ocrx_word' id='word_1_940' title='bbox 2279 4716 2538 4758; x_wconf 91' lang='lat' dir='ltr'><strong>concesso</strong></span> <span class='ocrx_word' id='word_1_941' title='bbox 2574 4704 2823 4757; x_wconf 62' lang='lat' dir='ltr'><strong>Ecclesia;</strong></span> <span class='ocrx_word' id='word_1_942' title='bbox 2854 4703 2910 4757; x_wconf 91' lang='grc'><strong>5.</strong></span> <span class='ocrx_word' id='word_1_943' title='bbox 2936 4702 3193 4767; x_wconf 81' lang='lat' dir='ltr'><strong>Medardi,</strong></span> <span class='ocrx_word' id='word_1_944' title='bbox 3226 4702 3513 4756; x_wconf 61' lang='lat' dir='ltr'><strong>indictione</strong></span> <span class='ocrx_word' id='word_1_945' title='bbox 3534 4717 3630 4753; x_wconf 84' lang='lat' dir='ltr'><strong>uu-</strong></span> 
     </span>
    </p>
   </div>
   <div class='ocr_carea' id='block_1_133' title="bbox 2056 4772 3621 4841">
    <p class='ocr_par' dir='ltr' id='par_1_133' title="bbox 2056 4772 3621 4841">
     <span class='ocr_line' id='line_1_133' title="bbox 2056 4772 3621 4841; baseline 0.001 -18"><span class='ocrx_word' id='word_1_946' title='bbox 2056 4773 2281 4838; x_wconf 87' lang='lat' dir='ltr'><strong>decima,</strong></span> <span class='ocrx_word' id='word_1_947' title='bbox 2312 4787 2452 4828; x_wconf 88' lang='lat' dir='ltr'><strong>anno</strong></span> <span class='ocrx_word' id='word_1_948' title='bbox 2483 4774 2609 4837; x_wconf 75' lang='lat'><strong>595,</strong></span> <span class='ocrx_word' id='word_1_949' title='bbox 2640 4788 2756 4840; x_wconf 72' lang='lat' dir='ltr'><strong>quae</strong></span> <span class='ocrx_word' id='word_1_950' title='bbox 2787 4774 3000 4826; x_wconf 89' lang='lat' dir='ltr'><strong>circiter</strong></span> <span class='ocrx_word' id='word_1_951' title='bbox 3045 4782 3283 4841; x_wconf 89' lang='lat' dir='ltr'><strong>tempora</strong></span> <span class='ocrx_word' id='word_1_952' title='bbox 3315 4772 3511 4825; x_wconf 88' lang='lat' dir='ltr'><strong>obiisse</strong></span> <span class='ocrx_word' id='word_1_953' title='bbox 3540 4774 3621 4825; x_wconf 86' lang='lat' dir='ltr'><strong>vi-</strong></span> 
     </span>
    </p>
   </div>
   <div class='ocr_carea' id='block_1_134' title="bbox 2055 4844 2227 4896">
    <p class='ocr_par' dir='ltr' id='par_1_134' title="bbox 2055 4844 2227 4896">
     <span class='ocr_line' id='line_1_134' title="bbox 2055 4844 2227 4896; baseline -0.012 0"><span class='ocrx_word' id='word_1_954' title='bbox 2055 4844 2227 4896; x_wconf 88' lang='lat' dir='ltr'><strong>detur.</strong></span> 
     </span>
    </p>
   </div>
   <div class='ocr_carea' id='block_1_135' title="bbox 2132 4911 3628 4984">
    <p class='ocr_par' dir='ltr' id='par_1_135' title="bbox 2132 4911 3628 4984">
     <span class='ocr_line' id='line_1_135' title="bbox 2132 4911 3628 4984; baseline 0.001 -20"><span class='ocrx_word' id='word_1_955' title='bbox 2132 4911 2147 4948; x_wconf 76' lang='grc' dir='ltr'>ι</span> <span class='ocrx_word' id='word_1_956' title='bbox 2198 4911 2391 4980; x_wconf 83' lang='lat' dir='ltr'><strong>Ruplu&#39;.</strong></span> <span class='ocrx_word' id='word_1_957' title='bbox 2440 4914 2612 4968; x_wconf 83' lang='lat' dir='ltr'><strong>Rufus</strong></span> <span class='ocrx_word' id='word_1_958' title='bbox 2667 4923 2983 4984; x_wconf 21' lang='lat' dir='ltr'><strong>cumicsset</strong></span> <span class='ocrx_word' id='word_1_959' title='bbox 3038 4914 3270 4983; x_wconf 75' lang='lat' dir='ltr'><strong>patricia:</strong></span> <span class='ocrx_word' id='word_1_960' title='bbox 3315 4912 3628 4984; x_wconf 81' lang='lat' dir='ltr'><strong>dignitatis,</strong></span> 
     </span>
    </p>
   </div>
   <div class='ocr_carea' id='block_1_136' title="bbox 2056 4982 3622 5053">
    <p class='ocr_par' dir='ltr' id='par_1_136' title="bbox 2056 4982 3622 5053">
     <span class='ocr_line' id='line_1_136' title="bbox 2056 4982 3622 5053; baseline 0 -17"><span class='ocrx_word' id='word_1_961' title='bbox 2056 4983 2377 5051; x_wconf 54' lang='lat' dir='ltr'><strong>Apollinaris</strong></span> <span class='ocrx_word' id='word_1_962' title='bbox 2406 4986 2685 5053; x_wconf 76' lang='lat' dir='ltr'><strong>episcOpus</strong></span> <span class='ocrx_word' id='word_1_963' title='bbox 2712 4986 2769 5039; x_wconf 91' lang='grc'><strong>5.</strong></span> <span class='ocrx_word' id='word_1_964' title='bbox 2800 4982 2940 5037; x_wconf 82' lang='lat' dir='ltr'><strong>Petri</strong></span> <span class='ocrx_word' id='word_1_965' title='bbox 2971 4982 3266 5053; x_wconf 83' lang='lat' dir='ltr'><strong>discipulus</strong></span> <span class='ocrx_word' id='word_1_966' title='bbox 3316 4982 3475 5037; x_wconf 77' lang='lat' dir='ltr'><strong>tiliam</strong></span> <span class='ocrx_word' id='word_1_967' title='bbox 3506 4986 3622 5048; x_wconf 82' lang='lat' dir='ltr'><strong>ejus</strong></span> 
     </span>
    </p>
   </div>
   <div class='ocr_carea' id='block_1_137' title="bbox 2056 5054 3622 5124">
    <p class='ocr_par' dir='ltr' id='par_1_137' title="bbox 2056 5054 3622 5124">
     <span class='ocr_line' id='line_1_137' title="bbox 2056 5054 3622 5124; baseline 0 -20"><span class='ocrx_word' id='word_1_968' title='bbox 2056 5067 2083 5105; x_wconf 90' lang='lat' dir='ltr'><strong>a</strong></span> <span class='ocrx_word' id='word_1_969' title='bbox 2119 5058 2339 5108; x_wconf 89' lang='lat' dir='ltr'><strong>mortuis</strong></span> <span class='ocrx_word' id='word_1_970' title='bbox 2379 5055 2674 5120; x_wconf 89' lang='lat' dir='ltr'><strong>suscitavit,</strong></span> <span class='ocrx_word' id='word_1_971' title='bbox 2705 5056 2985 5124; x_wconf 89' lang='lat' dir='ltr'><strong>ipsumque</strong></span> <span class='ocrx_word' id='word_1_972' title='bbox 3014 5058 3064 5108; x_wconf 92' lang='lat' dir='ltr'><strong>in</strong></span> <span class='ocrx_word' id='word_1_973' title='bbox 3104 5055 3205 5108; x_wconf 85' lang='lat' dir='ltr'><strong>tide</strong></span> <span class='ocrx_word' id='word_1_974' title='bbox 3234 5054 3414 5107; x_wconf 81' lang='lat' dir='ltr'><strong>docuit</strong></span> <span class='ocrx_word' id='word_1_975' title='bbox 3442 5064 3495 5106; x_wconf 90' lang='lat' dir='ltr'><strong>et</strong></span> <span class='ocrx_word' id='word_1_976' title='bbox 3525 5054 3622 5105; x_wconf 83' lang='lat' dir='ltr'><strong>ba-</strong></span> 
     </span>
    </p>
   </div>
   <div class='ocr_carea' id='block_1_138' title="bbox 2057 5124 3627 5193">
    <p class='ocr_par' dir='ltr' id='par_1_138' title="bbox 2057 5124 3627 5193">
     <span class='ocr_line' id='line_1_138' title="bbox 2057 5124 3627 5193; baseline 0 -18"><span class='ocrx_word' id='word_1_977' title='bbox 2057 5126 2272 5191; x_wconf 82' lang='lat' dir='ltr'><strong>ptizavit</strong></span> <span class='ocrx_word' id='word_1_978' title='bbox 2302 5142 2402 5179; x_wconf 90' lang='lat' dir='ltr'><strong>una</strong></span> <span class='ocrx_word' id='word_1_979' title='bbox 2436 5142 2555 5181; x_wconf 93' lang='lat' dir='ltr'><strong>cum</strong></span> <span class='ocrx_word' id='word_1_980' title='bbox 2590 5128 2693 5180; x_wconf 90' lang='lat' dir='ltr'><strong>tilia</strong></span> <span class='ocrx_word' id='word_1_981' title='bbox 2734 5136 2788 5179; x_wconf 93' lang='lat' dir='ltr'><strong>et</strong></span> <span class='ocrx_word' id='word_1_982' title='bbox 2833 5140 2997 5179; x_wconf 78' lang='lat' dir='ltr'><strong>uxore</strong></span> <span class='ocrx_word' id='word_1_983' title='bbox 3025 5136 3077 5181; x_wconf 92' lang='lat' dir='ltr'><strong>et</strong></span> <span class='ocrx_word' id='word_1_984' title='bbox 3110 5125 3308 5178; x_wconf 87' lang='lat' dir='ltr'><strong>familia</strong></span> <span class='ocrx_word' id='word_1_985' title='bbox 3338 5124 3627 5193; x_wconf 86' lang='lat' dir='ltr'><strong>promiscui</strong></span> 
     </span>
    </p>
   </div>
   <div class='ocr_carea' id='block_1_139' title="bbox 2055 5196 3625 5264">
    <p class='ocr_par' dir='ltr' id='par_1_139' title="bbox 2055 5196 3625 5264">
     <span class='ocr_line' id='line_1_139' title="bbox 2055 5196 3625 5264; baseline -0.001 -17"><span class='ocrx_word' id='word_1_986' title='bbox 2055 5209 2215 5249; x_wconf 72' lang='lat' dir='ltr'><strong>sexus</strong></span> <span class='ocrx_word' id='word_1_987' title='bbox 2243 5212 2465 5252; x_wconf 87' lang='lat' dir='ltr'><strong>numero</strong></span> <span class='ocrx_word' id='word_1_988' title='bbox 2490 5197 2613 5263; x_wconf 59' lang='grc' dir='ltr'><strong>τω,</strong></span> <span class='ocrx_word' id='word_1_989' title='bbox 2640 5207 2697 5250; x_wconf 90' lang='lat' dir='ltr'><strong>ut</strong></span> <span class='ocrx_word' id='word_1_990' title='bbox 2721 5196 2974 5264; x_wconf 86' lang='lat' dir='ltr'><strong>scriptum</strong></span> <span class='ocrx_word' id='word_1_991' title='bbox 2998 5207 3075 5250; x_wconf 89' lang='lat' dir='ltr'><strong>est</strong></span> <span class='ocrx_word' id='word_1_992' title='bbox 3110 5196 3162 5249; x_wconf 92' lang='lat' dir='ltr'><strong>in</strong></span> <span class='ocrx_word' id='word_1_993' title='bbox 3192 5198 3441 5249; x_wconf 80' lang='lat' dir='ltr'><strong>Passioue</strong></span> <span class='ocrx_word' id='word_1_994' title='bbox 3464 5196 3625 5259; x_wconf 85' lang='lat' dir='ltr'><strong>Apol-</strong></span> 
     </span>
    </p>
   </div>
   <div class='ocr_carea' id='block_1_140' title="bbox 2056 5265 3630 5335">
    <p class='ocr_par' dir='ltr' id='par_1_140' title="bbox 2056 5265 3630 5335">
     <span class='ocr_line' id='line_1_140' title="bbox 2056 5265 3630 5335; baseline 0 -18"><span class='ocrx_word' id='word_1_995' title='bbox 2056 5265 2239 5321; x_wconf 90' lang='lat' dir='ltr'><strong>linaris</strong></span> <span class='ocrx_word' id='word_1_996' title='bbox 2269 5269 2405 5335; x_wconf 90' lang='lat' dir='ltr'><strong>apud</strong></span> <span class='ocrx_word' id='word_1_997' title='bbox 2447 5267 2656 5323; x_wconf 89' lang='lat' dir='ltr'><strong>Surium</strong></span> <span class='ocrx_word' id='word_1_998' title='bbox 2690 5278 2819 5321; x_wconf 88' lang='lat' dir='ltr'><strong>tom.</strong></span> <span class='ocrx_word' id='word_1_999' title='bbox 2847 5265 2933 5321; x_wconf 87' lang='lat' dir='ltr'><strong>lV.</strong></span> <span class='ocrx_word' id='word_1_1000' title='bbox 2962 5267 3112 5333; x_wconf 87' lang='lat' dir='ltr'><strong>Quod</strong></span> <span class='ocrx_word' id='word_1_1001' title='bbox 3145 5266 3283 5322; x_wconf 85' lang='lat' dir='ltr'><strong>Nero</strong></span> <span class='ocrx_word' id='word_1_1002' title='bbox 3310 5266 3485 5319; x_wconf 80' lang='lat' dir='ltr'><strong>Caesar</strong></span> <span class='ocrx_word' id='word_1_1003' title='bbox 3530 5280 3630 5317; x_wconf 88' lang='lat' dir='ltr'><strong>au-</strong></span> 
     </span>
    </p>
   </div>
   <div class='ocr_carea' id='block_1_141' title="bbox 2057 5336 3633 5406">
    <p class='ocr_par' dir='ltr' id='par_1_141' title="bbox 2057 5336 3633 5406">
     <span class='ocr_line' id='line_1_141' title="bbox 2057 5336 3633 5406; baseline 0.001 -19"><span class='ocrx_word' id='word_1_1004' title='bbox 2057 5336 2230 5406; x_wconf 83' lang='lat' dir='ltr'><strong>diens,</strong></span> <span class='ocrx_word' id='word_1_1005' title='bbox 2263 5337 2432 5406; x_wconf 90' lang='lat' dir='ltr'><strong>ipsum</strong></span> <span class='ocrx_word' id='word_1_1006' title='bbox 2458 5353 2485 5390; x_wconf 85' lang='lat' dir='ltr'><strong>a</strong></span> <span class='ocrx_word' id='word_1_1007' title='bbox 2516 5340 2707 5393; x_wconf 82' lang='lat' dir='ltr'><strong>ducatu</strong></span> <span class='ocrx_word' id='word_1_1008' title='bbox 2738 5338 3003 5393; x_wconf 77' lang='lat' dir='ltr'><strong>Ravenna:</strong></span> <span class='ocrx_word' id='word_1_1009' title='bbox 3031 5339 3276 5390; x_wconf 87' lang='lat' dir='ltr'><strong>absolvit.</strong></span> <span class='ocrx_word' id='word_1_1010' title='bbox 3297 5337 3430 5391; x_wconf 86' lang='lat' dir='ltr'><strong>Cum</strong></span> <span class='ocrx_word' id='word_1_1011' title='bbox 3454 5347 3633 5388; x_wconf 87' lang='lat' dir='ltr'><strong>autem</strong></span> 
     </span>
    </p>
   </div>
   <div class='ocr_carea' id='block_1_142' title="bbox 2058 5405 3639 5479">
    <p class='ocr_par' dir='ltr' id='par_1_142' title="bbox 2058 5405 3639 5479">
     <span class='ocr_line' id='line_1_142' title="bbox 2058 5405 3639 5479; baseline 0.001 -22"><span class='ocrx_word' id='word_1_1012' title='bbox 2058 5405 2241 5479; x_wconf 10' lang='lat' dir='ltr'><strong>Rufus,</strong></span> <span class='ocrx_word' id='word_1_1013' title='bbox 2273 5405 2502 5463; x_wconf 76' lang='lat' dir='ltr'><strong>veniaset</strong></span> <span class='ocrx_word' id='word_1_1014' title='bbox 2548 5410 2802 5479; x_wconf 89' lang='lat' dir='ltr'><strong>Capuam,</strong></span> <span class='ocrx_word' id='word_1_1015' title='bbox 2847 5419 3023 5461; x_wconf 89' lang='lat' dir='ltr'><strong>tentus</strong></span> <span class='ocrx_word' id='word_1_1016' title='bbox 3066 5424 3095 5461; x_wconf 91' lang='lat' dir='ltr'><strong>a</strong></span> <span class='ocrx_word' id='word_1_1017' title='bbox 3143 5409 3339 5462; x_wconf 86' lang='lat' dir='ltr'><strong>vicario</strong></span> <span class='ocrx_word' id='word_1_1018' title='bbox 3394 5408 3639 5476; x_wconf 67' lang='lat' dir='ltr'><strong>praefecti</strong></span> 
     </span>
    </p>
   </div>
   <div class='ocr_carea' id='block_1_143' title="bbox 2058 5477 3633 5600">
    <p class='ocr_par' dir='ltr' id='par_1_143' title="bbox 2058 5477 3633 5600">
     <span class='ocr_line' id='line_1_143' title="bbox 2058 5477 3633 5600; baseline 0.001 -71"><span class='ocrx_word' id='word_1_1019' title='bbox 2058 5477 2361 5600; x_wconf 54' lang='lat' dir='ltr'><strong>Mestaliuo,</strong></span> <span class='ocrx_word' id='word_1_1020' title='bbox 2394 5479 2564 5534; x_wconf 90' lang='lat' dir='ltr'><strong>noluit</strong></span> <span class='ocrx_word' id='word_1_1021' title='bbox 2592 5477 2892 5535; x_wconf 75' lang='lat' dir='ltr'><strong>sacrilicare</strong></span> <span class='ocrx_word' id='word_1_1022' title='bbox 2920 5490 2973 5533; x_wconf 91' lang='lat' dir='ltr'><strong>et</strong></span> <span class='ocrx_word' id='word_1_1023' title='bbox 3000 5478 3293 5535; x_wconf 85' lang='lat' dir='ltr'><strong>decullatus</strong></span> <span class='ocrx_word' id='word_1_1024' title='bbox 3328 5490 3428 5534; x_wconf 88' lang='lat' dir='ltr'><strong>est.</strong></span> <span class='ocrx_word' id='word_1_1025' title='bbox 3466 5481 3633 5532; x_wconf 75' lang='lat' dir='ltr'><strong>l’nu.</strong></span> 
     </span>
     <span class='ocr_line' id='line_1_144' title="bbox 2059 5563 2355 5600; baseline 0 0"><span class='ocrx_word' id='word_1_1026' title='bbox 2059 5563 2123 5600; x_wconf 78' lang='lat' dir='ltr'><strong>ns</strong></span> <span class='ocrx_word' id='word_1_1027' title='bbox 2198 5564 2355 5600; x_wconf 77' lang='lat' dir='ltr'><strong>ATAL.</strong></span> 
     </span>
    </p>
   </div>
   <div class='ocr_carea' id='block_1_144' title="bbox 2059 5563 2355 5603">
    <p class='ocr_par' dir='ltr' id='par_1_144' title="bbox 2059 5563 2355 5603">
     <span class='ocr_line' id='line_1_145' title="bbox 2059 5563 2355 5603; baseline 0 -2"><span class='ocrx_word' id='word_1_1028' title='bbox 2059 5563 2123 5601; x_wconf 80' lang='lat' dir='ltr'><strong>DE</strong></span> <span class='ocrx_word' id='word_1_1029' title='bbox 2150 5563 2355 5603; x_wconf 73' lang='lat' dir='ltr'><strong>lVATAL.</strong></span> 
     </span>
    </p>
   </div>
   <div class='ocr_carea' id='block_1_145' title="bbox 2131 5614 3637 5691">
    <p class='ocr_par' dir='ltr' id='par_1_145' title="bbox 2131 5614 3637 5691">
     <span class='ocr_line' id='line_1_146' title="bbox 2131 5614 3637 5691; baseline 0.002 -22"><span class='ocrx_word' id='word_1_1030' title='bbox 2131 5618 2144 5669; x_wconf 87' lang='lat' dir='ltr'><strong>i</strong></span> <span class='ocrx_word' id='word_1_1031' title='bbox 2191 5616 2463 5673; x_wconf 82' lang='lat' dir='ltr'><strong>Ilermctis.</strong></span> <span class='ocrx_word' id='word_1_1032' title='bbox 2497 5620 2651 5675; x_wconf 79' lang='lat' dir='ltr'><strong>Hunc</strong></span> <span class='ocrx_word' id='word_1_1033' title='bbox 2700 5621 2787 5691; x_wconf 85' lang='lat' dir='ltr'><strong>qui</strong></span> <span class='ocrx_word' id='word_1_1034' title='bbox 2840 5621 2936 5673; x_wconf 84' lang='lat' dir='ltr'><strong>fuit</strong></span> <span class='ocrx_word' id='word_1_1035' title='bbox 2984 5620 3267 5689; x_wconf 58' lang='lat' dir='ltr'><strong>praefectus</strong></span> <span class='ocrx_word' id='word_1_1036' title='bbox 3305 5614 3484 5685; x_wconf 69' lang='lat' dir='ltr'><strong>Urbis,</strong></span> <span class='ocrx_word' id='word_1_1037' title='bbox 3516 5634 3637 5673; x_wconf 86' lang='lat' dir='ltr'><strong>cum</strong></span> 
     </span>
    </p>
   </div>
   <div class='ocr_carea' id='block_1_146' title="bbox 2060 5691 3637 5760">
    <p class='ocr_par' dir='ltr' id='par_1_146' title="bbox 2060 5691 3637 5760">
     <span class='ocr_line' id='line_1_147' title="bbox 2060 5691 3637 5760; baseline 0.002 -18"><span class='ocrx_word' id='word_1_1038' title='bbox 2060 5705 2246 5753; x_wconf 76' lang='lat' dir='ltr'><strong>uxore,</strong></span> <span class='ocrx_word' id='word_1_1039' title='bbox 2279 5707 2464 5744; x_wconf 89' lang='lat' dir='ltr'><strong>sorore</strong></span> <span class='ocrx_word' id='word_1_1040' title='bbox 2508 5702 2563 5743; x_wconf 87' lang='lat' dir='ltr'><strong>et</strong></span> <span class='ocrx_word' id='word_1_1041' title='bbox 2603 5694 2723 5745; x_wconf 89' lang='lat' dir='ltr'><strong>liliis</strong></span> <span class='ocrx_word' id='word_1_1042' title='bbox 2756 5694 3037 5760; x_wconf 82' lang='lat' dir='ltr'><strong>baptizavit</strong></span> <span class='ocrx_word' id='word_1_1043' title='bbox 3078 5694 3134 5745; x_wconf 82' lang='lat' dir='ltr'><strong>S.</strong></span> <span class='ocrx_word' id='word_1_1044' title='bbox 3174 5691 3476 5746; x_wconf 73' lang='lat' dir='ltr'><strong>Alexander</strong></span> <span class='ocrx_word' id='word_1_1045' title='bbox 3510 5706 3637 5757; x_wconf 80' lang='lat' dir='ltr'><strong>pott-</strong></span> 
     </span>
    </p>
   </div>
   <div class='ocr_carea' id='block_1_147' title="bbox 2059 5762 3633 5836">
    <p class='ocr_par' dir='ltr' id='par_1_147' title="bbox 2059 5762 3633 5836">
     <span class='ocr_line' id='line_1_148' title="bbox 2059 5762 3633 5836; baseline -0.003 -20"><span class='ocrx_word' id='word_1_1046' title='bbox 2059 5762 2185 5817; x_wconf 52' lang='lat' dir='ltr'><strong>tifa</strong></span> <span class='ocrx_word' id='word_1_1047' title='bbox 2238 5766 2541 5830; x_wconf 78' lang='lat' dir='ltr'><strong>Romanus;</strong></span> <span class='ocrx_word' id='word_1_1048' title='bbox 2589 5779 2693 5833; x_wconf 87' lang='lat' dir='ltr'><strong>quo</strong></span> <span class='ocrx_word' id='word_1_1049' title='bbox 2740 5768 2974 5836; x_wconf 72' lang='lat' dir='ltr'><strong>Cognito,</strong></span> <span class='ocrx_word' id='word_1_1050' title='bbox 3022 5762 3339 5821; x_wconf 70' lang='lat' dir='ltr'><strong>Aurelianus</strong></span> <span class='ocrx_word' id='word_1_1051' title='bbox 3380 5777 3561 5820; x_wconf 83' lang='lat' dir='ltr'><strong>comes</strong></span> <span class='ocrx_word' id='word_1_1052' title='bbox 3604 5775 3633 5812; x_wconf 90' lang='lat' dir='ltr'><strong>a</strong></span> 
     </span>
    </p>
   </div>
  </div>
