4110 6446
332 259 472 315 ἰΟΞῗῖ

1434 263 1629 321 SECT.
1672 265 1736 322 ll.
1776 295 1844 306 —
1884 265 2447 323 MARTYROLOGIA.

3465 270 3600 324 illiti

1583 382 1806 438 EDITIO
1843 383 2312 441 COLONIENSIS.

326 472 453 517 sant
504 462 706 517 viscera
752 465 889 532 ejus.
938 467 1087 533 Apud
1144 468 1444 528 Sanctonas
1497 477 1663 530 sancti
1719 476 1914 531 Juliaui
1947 483 1993 540 A
2022 476 2087 531 ad
2119 478 2472 532 secretarium
2520 474 2714 547 judicia
2754 481 2900 527 esset
2941 473 3253 541 perductus,
3281 472 3427 541 juxta
3470 485 3605 529 tem-

331 554 567 621 Cpiscopi
594 563 647 609 et
667 555 1012 612 confessoris.
1043 559 1108 613 Et
1137 564 1315 617 natale
1345 568 1515 620 sancti
1543 566 1743 622 Juliani
1775 586 1913 623 mar.

336 644 484 713 tyris.
519 643 647 698 ltem
681 648 857 700 natale
888 652 1058 702 sancti
1094 650 1293 722 Pelagii
1326 659 1602 727 martyris.

405 734 466 787 ε.
494 734 559 789 IV
590 735 830 791 Kanasu.
861 738 1131 795 Serrana.
1178 743 1360 799 Passio
1406 758 1459 800 et
1497 748 1801 816 decollatio,
1836 752 1917 807 vel

342 830 511 896 potius
542 830 777 884 inventio
803 832 991 898 capitis
1022 835 1161 889 beati
1188 836 1410 894 Joannis
1456 839 1730 908 Baptistae,
1758 858 1917 912 queut

343 922 599 987 Herodes,
648 930 706 977 ut
734 927 1078 995 evangelista:
1125 930 1386 996 referunt,
1420 932 1673 988 decollari
1719 950 1917 1003 praece-

343 1013 436 1081 pit.
470 1014 650 1067 Romae
681 1014 731 1067 in
785 1018 1049 1070 Aventino
1080 1020 1282 1086 Oppido
1326 1020 1676 1088 Vindmense,
1727 1026 1791 1078 ad
1838 1041 1921 1079 ar-

338 1120 460 1160 eum
490 1105 721 1160 FauSIini
753 1106 920 1161 beatae
955 1109 1163 1163 Sabina:
1210 1112 1481 1182 martyris,
1514 1129 1631 1182 quae
1662 1114 1759 1168 fuit
1789 1130 1923 1169 uxor

344 1198 733 1265 prteclarissimi
765 1198 1032 1266 quondam
1062 1198 1356 1255 Valentini.
1404 1203 1549 1257 lianc
1594 1204 1743 1257 beata
1778 1204 1925 1275 virgo

340 1290 562 1357 Serapia
587 1306 708 1344 vera
740 1290 838 1343 fide
877 1291 1153 1346 instruxit.
1196 1292 1352 1347 Passa
1400 1305 1482 1349 est
1513 1306 1691 1349 autem
1725 1294 1924 1349 famula

343 1381 534 1435 Christi
581 1382 776 1435 Sabina
820 1382 918 1437 sub
966 1383 1205 1438 Adriano
1247 1386 1594 1453 imperatore,
1639 1387 1737 1440 sub
1786 1400 1925 1456 prte-

346 1472 485 1528 fccto
515 1489 729 1545 quoque
776 1475 1014 1543 Elpidio,
1066 1493 1185 1531 cum
1243 1477 1293 1531 in
1350 1479 1685 1533 confessione
1732 1478 1927 1532 Christi

348 1567 677 1633 perduraret,
746 1567 1105 1621 tlecollatione
1153 1569 1343 1635 capitis
1402 1570 1648 1639 martyrii
1701 1571 1928 1638 palmam

347 1660 535 1728 adepta
567 1667 667 1713 est.
698 1659 862 1729 Cujus
890 1673 1087 1725 corpus
1133 1660 1398 1728 sepultum
1448 1671 1530 1715 est
1582 1662 1633 1714 in
1686 1662 1932 1731 sepulcro

349 1750 486 1819 quod
520 1750 615 1804 sibi
648 1750 759 1818 ipsa
790 1759 1083 1817 paraverat,
1110 1752 1196 1804 ubi
1228 1760 1281 1803 et
1308 1751 1614 1820 magistram
1645 1752 1923 1819 Serapiam

2022 566 2167 632 plum
2222 564 2461 635 Serapis,
2523 568 2648 619 dum
2702 571 2987 631 cogeretur
3034 562 3100 615 ad
3171 563 3601 631 sacriﬁcandum,

2019 655 2329 710 exsufﬂavit
2352 656 2405 709 in
2450 655 2639 709 faciem
2672 664 2861 709 statuae
2887 669 3063 718 aereae,
3097 663 3151 709 et
3177 656 3353 707 statim
3390 656 3604 712 cecidit.

2021 746 2147 801 Item
2181 747 2373 801 ductus
2404 748 2470 801 ad
2518 746 2762 801 Mercurii
2804 754 3059 812 statuam,
3101 762 3223 815 quze
3254 748 3412 802 simili
3444 750 3604 804 modo

2020 838 2233 891 cecidit.
2266 836 2395 890 Item
2430 836 2497 890 ad
2525 836 2867 890 simulacrum
2902 836 3107 902 Dianm,
3140 838 3278 906 quod
3308 840 3416 903 pari
3446 840 3604 893 modo

2021 924 2237 979 cecidit.
2283 924 2434 977 Tunc
2482 937 2682 992 prmscs
2725 923 2881 990 jussit
2916 938 3038 976 eum
3070 925 3349 978 decollari.
3381 927 3603 993 Quidam

2023 1030 2151 1085 ergo
2194 1015 2273 1069 vir
2304 1015 2640 1069 Christianus
2670 1012 2863 1068 obvius
2893 1014 2943 1067 ei
2996 1013 3110 1078 fuit,
3145 1016 3447 1073 hominibus
3488 1018 3607 1085 qui-

2023 1106 2143 1160 dem
2201 1106 2517 1160 absconsus.
2562 1104 2672 1159 Deo
2720 1119 2847 1159 vero
2896 1107 3255 1171 manifestus;
3309 1107 3393 1159 hic
3442 1110 3604 1176 ccepit

2025 1197 2293 1250 clamare:
2331 1197 2502 1262 Ipsum
2544 1212 2700 1265 quem
2738 1196 2822 1250 hic
2849 1210 3070 1251 sanctus
3099 1198 3256 1251 Pater
3296 1200 3602 1263 confitetur,

2029 1287 2313 1341 Dominum
2339 1286 2521 1342 Jesum
2553 1287 2824 1341 Christum
2871 1287 3012 1341 colo.
3048 1288 3163 1341 Mox
3198 1298 3253 1342 et
3282 1289 3392 1356 ipse
3421 1289 3488 1342 ab
3530 1290 3612 1343 of-

2027 1378 2150 1433 ficio
2193 1378 2429 1448 pra-fecti
2460 1378 2913 1445 comprehensus,
2948 1378 3142 1445 pariter
3186 1377 3309 1431 dato
3337 1377 3436 1430 Sibi
3468 1378 3611 1445 prius

2028 1468 2212 1523 OSCUJO
2255 1483 2398 1537 pacis
2424 1484 2542 1521 cum
2578 1470 2735 1523 beato
2767 1468 2946 1522 Felice
2973 1469 3270 1523 decollatus
3305 1481 3409 1524 est.
3443 1470 3611 1539 Hujus

2031 1574 2223 1613 nomen
2252 1562 2379 1627 quia
2425 1573 2529 1614 non
2574 1561 2893 1613 invenerunt
2927 1561 3265 1627 postmodum
3298 1562 3611 1630 Christiani,

2032 1650 2324 1704 Adauctum
2352 1665 2472 1705 eum
2505 1651 2938 1719 appellaverunt.
2972 1668 3035 1705 eo
3072 1653 3216 1720 quod
3247 1663 3436 1707 sancto
3466 1668 3611 1708 mar-

2037 1746 2135 1814 tyri
2170 1745 2329 1799 Felici
2375 1756 2565 1798 auctus
2618 1746 2689 1797 sit
2739 1745 2803 1797 ad
2855 1760 3131 1798 coronam.
3162 1746 3454 1801 Christiani
3484 1762 3612 1803 vero

352 1841 461 1909 ipsa
512 1851 633 1894 ante
682 1841 1018 1895 condiderat.
1071 1841 1125 1893 In
1178 1841 1413 1894 Venusia
1467 1840 1681 1895 civitate
1720 1843 1931 1910 Apulia;
1966 1855 2008 1913 Β
2038 1844 2195 1889 noctu
2222 1837 2518 1899 venientes,
2548 1836 2618 1888 ibi
2653 1835 2703 1887 in
2734 1834 2923 1890 eodem
2955 1836 3073 1889 loco
3118 1838 3447 1905 sepelierunt
3491 1852 3609 1893 eos.

352 1934 524 1987 natale
554 1932 747 1987 Felicis
776 1933 1035 2000 episcopi.
1067 1930 1294 1987 Civitate
1342 1932 1686 1988 Tubzozense
1738 1933 1938 1989 Janua-

354 2024 414 2077 rii
453 2024 773 2094 presbyteri,
816 2031 871 2077 et
914 2023 1285 2077 Fortunatiani
1316 2034 1367 2077 et
1394 2025 1615 2095 Septimi
1648 2028 1933 2091 lectorum,

353 2116 444 2185 qui
484 2116 583 2171 sub
629 2116 954 2171 Diocletiano
985 2117 1301 2182 imperatore
1342 2133 1372 2172 a
1406 2119 1757 2189 Magdelliano
1804 2135 1930 2189 pro-

353 2218 608 2261 curatore
631 2208 809 2273 gladio
836 2209 1195 2263 consummati
1221 2218 1363 2263 sunt.

428 2297 489 2351 D.
525 2299 586 2352 lll
628 2298 866 2353 Kauasn.
908 2300 1177 2354 SEPTEMB.
1223 2300 1402 2353 Romae
1436 2299 1515 2353 via
1557 2300 1787 2356 Ostiensi
1818 2316 1940 2355 San-

356 2388 425 2441 cti
456 2387 649 2443 Felicis
681 2390 1001 2459 presbyteri.
1040 2393 1139 2445 sub
1179 2391 1509 2444 Diocletiano
1539 2402 1592 2445 et
1622 2392 1941 2447 Maximiano

361 2478 801 2548 imperatoribus,
831 2478 1083 2548 prtefecto
1107 2491 1158 2535 et
1182 2480 1364 2550 judice
1399 2481 1658 2536 Dracone.
1697 2482 1791 2535 llic
1816 2496 1936 2534 cum

2040 1924 2275 1990 Quorum
2306 1939 2529 1992 corpora
2564 1927 2844 1981 voluerunt
2892 1930 3077 1997 pagani
3127 1929 3321 1984 eximie
3357 1929 3616 1997 ell‘odere,

2045 2016 2138 2071 sed
2170 2018 2473 2085 quicunque
2498 2032 2688 2070 manus
2714 2029 3078 2086 opposuerunt
3099 2036 3126 2073 a
3153 2022 3365 2076 diabolo
3386 2022 3617 2089 Correpti

2042 2117 2185 2174 sunt,
2219 2109 2304 2162 ubi
2341 2119 2521 2176 postea
2551 2110 2693 2178 pacis
2722 2122 2960 2180 tempore
2988 2114 3204 2169 basilica
3233 2114 3485 2170 fabricata
3516 2127 3623 2170 est.

2046 2203 2108 2253 Et
2131 2202 2302 2255 natale
2328 2213 2526 2256 sancta:
2552 2201 2858 2258 Gaudentie
2880 2206 3112 2275 virginis,
3148 2222 3268 2261 cum
3290 2208 3408 2262 aliis
3431 2209 3624 2262 tribus.

2049 2295 2116 2363 Et
2144 2295 2406 2364 depositio
2436 2297 2572 2365 Agili
2612 2300 2837 2354 abbatis.

2121 2392 2183 2446 E.
2220 2392 2371 2446 Palu.
2404 2392 2644 2450 KALEND.
2677 2396 2941 2452 Serrane.
2982 2399 3216 2454 Treviris
3247 2400 3422 2454 natale
3459 2398 3628 2453 sancti

2050 2481 2253 2536 Paulini
2283 2484 2519 2554 episc0pi
2550 2494 2605 2539 et
2634 2488 2981 2556 confessoris,
3024 2489 3113 2558 qui
3147 2498 3387 2559 tempore
3416 2492 3623 2543 Arianze

1615 2570 1840 2626 EDITlO
1882 2570 2380 2626 BOLLANDIANA.

435 2656 524 2709 29.
547 2686 620 2697 —
646 2655 710 2710 IV
751 2655 882 2710 Κλι..
919 2656 1098 2710 Roma:
1129 2657 1185 2712 S.
1220 2664 1245 2692 ⁸
1270 2658 1479 2713 Sabina:
1530 2660 1753 2729 virginis
1785 2672 1941 2730 atque

368 2750 635 2820 martyris.
667 2748 687 2783 l‘
720 2750 916 2802 Eodem
945 2750 1031 2802 die
1060 2751 1342 2805 decollatio
1371 2752 1427 2805 S.
1451 2750 1670 2805 Joannis
1694 2753 1943 2821 Baptista:

366 2839 454 2906 qui
486 2841 658 2910 primo
687 2836 1001 2895 in‘Samaria
1032 2844 1274 2897 conditus
1300 2856 1423 2897 tunc
1454 2847 1505 2898 in
1538 2850 1561 2879 °
1598 2845 1940 2912 Alexandria,

373 2948 527 3003 porro
553 2932 576 2970 ἀ
601 2944 757 3002 caput
782 2934 850 2989 de
899 2934 1279 3007 llierosolymis
1323 2938 1387 2991 ad
1432 2937 1723 2994 Phoenicia;
1757 2938 1943 2993 urbem

374 3025 629 3078 Emissam
660 3025 888 3079 delatum
917 3037 1016 3079 est.

2049 2662 2125 2715 SS
2161 2671 2185 2708 ε
2219 2662 2415 2717 Felicis
2463 2662 2699 2732 episcOpi
2747 2661 2974 2716 civitatis
3018 2662 3396 2724 Tubzocensis.
3426 2671 3483 2718 et
3506 2664 3621 2718 Au-

2052 2751 2188 2807 dacti
2231 2763 2285 2808 et
2314 2754 2553 2809 Januarii
2598 2754 2913 2825 presbyteri,
2943 2764 2996 2809 et
3044 2755 3406 2810 Fortttnatiani
3436 2766 3490 2811 et
3530 2757 3630 2813 Sec

2055 2846 2261 2915 ptimini
2287 2845 2549 2902 lcetorutn
2583 2865 2596 2901 :
2629 2848 2716 2915 qui
2748 2848 3077 2915 temporibus
3111 2846 3423 2901 Diocletiani
3453 2848 3503 2902 in
3532 2863 3628 2903 sua

2056 2938 2273 2993 civitate
2307 2941 2434 2993 tenti
2466 2956 2494 2992 a
2529 2939 2860 3007 Magneliano
2889 2949 3157 3003 curatore,
3187 2940 3307 2992 inde
3337 2941 3515 2993 multis
3542 2940 3632 2993 diu

2054 3032 2283 3085 vinculis
2306 3044 2357 3085 et
2384 3032 2692 3085 carceribus
2720 3030 3006 3092 macerati;
3038 3040 3088 3085 et
3121 3031 3173 3084 in
3201 3031 3377 3084 Africa
3404 3040 3457 3084 et
3484 3034 3532 3085 in
3558 3032 3614 3086 Si

441 3118 603 3171 Addit
630 3117 693 3170 Τ.
723 3133 737 3171 :
771 3118 945 3184 Ipsum
996 3117 1307 3173 imminente
1354 3118 1640 3172 festivitate
1693 3119 1938 3174 Paschali
1972 3091 2019 3154 ο
2050 3121 2193 3186 cilia,
2228 3120 2442 3174 tandem
2477 3123 2527 3173 in
2577 3121 2851 3174 occisione
2890 3122 3049 3189 gladii
3101 3121 3456 3174 consummati
3488 3132 3634 3175 sunt.

375 3190 536 3241 fuisse
565 3189 880 3240 decollatum
913 3189 1253 3256 evangelista:
1278 3188 1545 3242 declarant
1571 3200 1622 3242 et
1651 3206 1791 3243 anno
1820 3202 1937 3257 post

374 3261 512 3311 hunc
542 3270 796 3325 sequente
821 3272 940 3310 cum
971 3259 1145 3310 denuo
1185 3269 1392 3323 tempus
1439 3261 1685 3321 paschale
1717 3263 1933 3326 rediret,

373 3343 680 3398 mysrertum
728 3327 1009 3398 dominicae
1057 3329 1318 3394 passionis
1361 3333 1683 3393 completum
1719 3342 1819 3382 est.
1852 3332 1940 3395 C.,

373 3396 441 3451 Et
467 3398 707 3467 pausatio
749 3396 804 3450 8.
840 3398 1049 3452 Ilelizzei
1086 3400 1379 3467 prophetae,
1414 3399 1658 3466 discipuli
1688 3400 1741 3454 S.
1781 3401 1943 3455 Hel-tn

372 3476 663 3537 prophetas.
694 3466 757 3523 Β.
783 3469 842 3521 C.
880 3468 963 3524 V..
993 3468 1055 3521 Et
1085 3466 1306 3522 altorum
1337 3479 1359 3504 ε
1387 3480 1774 3533 nongentarum
1806 3487 1945 3523 utar-

373 3549 545 3609 tyrum
594 3541 679 3607 qui
726 3539 929 3609 eodem;
963 3538 1048 3591 die
1098 3542 1235 3607 passi
1288 3548 1430 3592 sunt.
1483 3540 1578 3603 'l‘.,
1618 3539 1838 3594 Peronte
1883 3541 1941 3595 S.

380 3606 409 3681 ξ’
432 3606 622 3681 Fursei
644 3610 866 3681 abbatis.
902 3606 987 3669 Β..
1021 3609 1072 3661 In
1104 3611 1382 3663 Antiochia
1428 3611 1598 3681 Syriae
1640 3612 1813 3666 natale
1843 3612 1944 3681 88.

381 3679 567 3733 Basilei
613 3690 666 3734 et
717 3679 883 3731 Pauli.
925 3682 979 3733 In
1034 3681 1223 3735 Sirmia
1269 3679 1551 3737 natale'S.
1589 3682 1797 3736 Basili-.8
1840 3680 1948 3735 tir-

377 3751 534 3819 ginis.

2045 3212 2207 3268 Felix
2240 3212 2620 3281 quinquaginta
2648 3227 2740 3266 sex
2784 3225 3068 3275 annorum,
3108 3210 3258 3279 virgo
3303 3213 3452 3266 obiit.
3494 3211 3639 3281 (Ha-

2049 3319 2220 3360 ctenus
2248 3305 2333 3371 L.)
2362 3307 2499 3362 Sunt
2544 3314 2720 3359 autem
2770 3305 2907 3358 inter
2945 3303 3322 3371 Carthaginem
3354 3315 3406 3357 et
3440 3304 3637 3359 Tibzo-

2054 3413 2171 3451 cam
2203 3397 2373 3470 [Mss.,
2402 3393 2699 3465 Tibiucam]
2735 3394 2905 3449 millia
2940 3409 3188 3463 passuum
3239 3394 3453 3465 triginta
3482 3397 3641 3466 quin-

2055 3506 2183 3561 que.

2124 3595 2184 3649 C.
2214 3595 2301 3663 V.,
2358 3597 2538 3650 Romae
2590 3597 2781 3651 natalis
2815 3595 2914 3651 88.
2971 3595 3162 3650 Felicis
3195 3602 3248 3649 et
3279 3595 3517 3650 Audaeti.
3554 3597 3641 3663 Β..

2060 3665 2262 3720 Eodem
2294 3668 2377 3721 die
2406 3670 2461 3720 8.
2488 3670 2725 3723 Sevene.

2134 3758 2219 3813 5|.
2242 3788 2311 3799 —
2337 3760 2394 3813 ll.
2422 3760 2553 3815 liae.
2586 3760 2745 3814 Vacat
2775 3759 2930 3813 Barda
2960 3775 3057 3815 nec
3084 3775 3186 3812 non
3216 3774 3314 3812 ms.
3344 3759 3402 3813 D.
3432 3760 3482 3813 in
3513 3775 3643 3828 sup-

452 3840 541 3896 30.
566 3871 633 3880 —
658 3840 719 3895 Ill
755 3840 885 3893 Kac.
920 3840 970 3893 lu
1024 3839 1253 3895 Venusia
1285 3842 1500 3896 civitate
1546 3844 1751 3913 Apulite
1783 3844 1957 3899 natale
2067 3849 2354 3918 plemento.

1777 3978 1981 4033 SMlTll
2025 3980 2249 4035 NOT/E.

456 4098 478 4124 ³
512 4090 735 4145 Sabinw.
765 4089 893 4154 Qttze
935 4102 1085 4157 passa
1115 4098 1196 4143 est
1230 4096 1466 4156 letttpore
1513 4091 1756 4145 Ilatlriani
1790 4093 1955 4159 impe-

386 4161 577 4217 ratoris
622 4161 723 4213 sub
773 4163 1020 4224 praelecto
1061 4159 1215 4213 Urbis
1245 4159 1476 4226 Elpidio.
1509 4162 1631 4215 llaec
1680 4162 1777 4215 l'uit
1826 4179 1958 4215 uvor

385 4232 660 4297 cujusdam
711 4230 1098 4296 praeclarissimi
1152 4230 1447 4293 Valentini,
1479 4243 1531 4287 et
1582 4233 1684 4285 lilia
1737 4232 1961 4287 llerodis

392 4302 691 4356 metaiiarii.
719 4302 848 4366 Qua-
891 4315 919 4351 a
958 4300 1012 4353 S.
1041 4300 1320 4365 Serapltia,
1351 4304 1501 4368 cujus
1544 4318 1738 4367 corpus
1783 4315 1962 4371 postea

393 4376 504 4439 ipsa
548 4372 742 4427 Sabina
790 4371 1062 4436 sepelivit,
1110 4385 1368 4424 conversa
1417 4381 1501 4425 est
1543 4374 1607 4425 ad
1661 4374 1963 4428 Dominum.

396 4443 521 4497 l‘ost
550 4442 856 4511 martyrium
894 4441 1180 4511 Serapltiae
1216 4441 1271 4493 Β.
1301 4441 1497 4495 Sabino
1546 4458 1683 4495 anno
1730 4444 1839 4498 fere
1883 4444 1967 4496 in-
2004 4441 2050 4499 D

395 4524 542 4581 Iegro
578 4510 931 4579 elee’mosynis
975 4511 1230 4563 incubuit.
1266 4511 1485 4563 Domum
1520 4525 1547 4563 a
1580 4511 1833 4581 praefecto
1865 4515 1968 4569 Ur—

398 4584 476 4638 bis
508 4583 713 4650 Elpidio
742 4581 1124 4648 comprehensa
1156 4583 1575 4647 compellebatur
1603 4596 1657 4636 ut
1696 4583 1969 4637 Christum

398 4665 651 4724 negaret:
685 4668 801 4724 quae
831 4667 948 4704 cum
998 4653 1159 4704 nollet
1205 4652 1358 4724 idolis
1406 4654 1562 4705 tbura
1605 4654 1750 4717 dare,
1782 4656 1971 4709 decol—

402 4721 501 4777 lata
551 4733 652 4776 est.
694 4722 855 4793 Cujus
900 4738 1091 4789 corpus
1133 4738 1160 4773 a
1210 4721 1526 4793 Christianis
1573 4728 1843 4793 sepultum
1894 4737 1975 4780 est

403 4798 452 4849 in
483 4794 677 4862 oppido
725 4792 992 4846 Vindieusi
1036 4792 1100 4845 ad
1152 4797 1345 4846 Arcum
1394 4790 1656 4850 Faustini.
1696 4796 1861 4849 PETR.
1910 4810 1973 4849 DE

399 4866 608 4920 ΝΑτΑι..

476 4936 501 4974 δ
532 4935 592 4988 D.
628 4934 751 5005 llaec
778 4934 851 5005 de
873 4933 1232 4989 DecnlIatione
1270 4934 1327 4989 S.
1357 4934 1575 4991 Joannis
1606 4935 1858 5005 Baptistae
1890 4937 1978 4991 ba-

403 5008 492 5063 bet
519 5009 582 5058 ad
615 5004 772 5058 liuent
803 5004 908 5058 diei
936 5005 1226 5070 sequentis.

480 5086 501 5113 ο
527 5076 857 5130 Alexandria.
880 5076 952 5129 De
976 5076 1346 5129 Translatione
1373 5076 1712 5144 reliquiarum
1737 5078 1796 5133 S.
1820 5077 1979 5131 Joan-

412 5148 491 5201 nis
525 5146 775 5214 Baptista:
804 5160 864 5198 ex
897 5147 1119 5200 Sebaste
1159 5147 1451 5199 Palaestinae
1495 5147 1625 5201 urbe
1667 5148 1718 5201 in
1755 5150 1982 5204 Alexan-

411 5220 578 5271 driam
616 5219 768 5281 plene
792 5218 963 5285 agitur
988 5218 1038 5269 iu
1068 5216 1237 5271 Balbe
1263 5217 1528 5272 Chronico
1556 5218 1656 5273 sub
1677 5219 1906 5284 Juliano,
1932 5228 1983 5271 et

414 5291 465 5343 in
502 5288 673 5341 [inlini
708 5288 842 5340 llist.
869 5303 920 5346 tt.
948 5287 1037 5341 98.

483 5359 510 5399 ιι
540 5357 725 5429 Caput.
757 5357 923 5429 Caput
966 5357 1082 5426 ejus
1126 5357 1191 5410 ad
1247 5359 1536 5413 Sozomen.
1572 5374 1666 5427 vu,
1698 5360 1791 5425 Ἡ,
1822 5359 1986 5429 ἰιηροο

413 5430 605 5483 ratoris
639 5428 921 5481 Theodosii
956 5429 1282 5496 temporibus
1312 5430 1543 5482 delatunt
1573 5442 1653 5484 est
1684 5428 1988 5485 Constanti-

417 5498 667 5568 nopolim.
694 5496 770 5550 De
793 5501 1023 5550 secunda
1050 5498 1354 5551 inventione
1379 5499 1541 5554 etiam
1569 5502 1687 5565 ejus
1714 5503 1901 5569 capitis
1936 5503 1987 5554 in

420 5573 676 5642 Emesena
707 5569 920 5642 civitate
960 5569 1119 5623 hodie
1142 5569 1319 5642 agitur
1346 5572 1491 5642 juxta
1528 5569 1759 5625 Usuardi
1790 5572 1983 5642 Marty-

421 5641 701 5708 rologium,
736 5640 861 5711 licet
904 5650 1089 5694 auctor
1115 5640 1312 5711 Cltron:
1352 5641 1505 5694 Alex.
1549 5642 1689 5695 dicat
1717 5643 1859 5711 quod
1893 5640 1989 5695 im-

422 5711 729 5782 perantibus
764 5708 1134 5763 Valentiniano
1164 5719 1218 5764 et
1268 5708 1536 5767 Marciano
1564 5720 1689 5767 ante
1733 5708 1879 5769 diem
1925 5728 1996 5767 xu

2073 4094 2192 4148 Kal.
2226 4094 2357 4146 Mart
2385 4130 2400 4153 .
2426 4100 2478 4144 ct
2506 4089 2836 4144 Marcellinus
2868 4089 2917 4142 in
2948 4088 3215 4144 Chronico
3244 4091 3381 4158 quod
3415 4107 3535 4146 utv
3558 4091 3647 4148 die

2074 4165 2341 4219 Februarii
2392 4164 2637 4224 Baptista:
2666 4170 2825 4229 caput
2874 4160 3065 4215 iterum
3116 4162 3459 4216 inveniretur.
3514 4163 3642 4217 Vide

2074 4252 2227 4301 supra
2258 4250 2374 4286 utv
2406 4234 2563 4285 Febr.

2158 4309 2179 4333 "
2215 4303 2617 4371 Nongcntorum.
2654 4301 2727 4355 De
2753 4300 2834 4353 his
2882 4300 3137 4369 postridie
3183 4302 3293 4371 agit
3335 4301 3641 4373 liieronym.

2078 4376 2525 4439 Martvrologium.

2152 4442 2170 4482 ί
2220 4444 2421 4498 Fursei.
2478 4444 2629 4497 llttnc
2692 4442 2849 4495 hodie
2912 4440 3248 4497 laudabiliter
3298 4444 3461 4496 vitam
3530 4443 3650 4499 lini-

2078 4516 2218 4571 visse
2262 4515 2445 4568 scribit
2487 4513 2627 4568 Petr.
2660 4514 2727 4566 de
2771 4512 2940 4565 Natal.
2976 4527 3098 4575 vin,
3142 4513 3262 4566 i26.
3306 4514 3643 4580 Martyrologi

2078 4601 2206 4641 vero
2232 4599 2417 4638 omnes
2446 4586 2783 4639 c0nsentiunt
2812 4598 2933 4635 eum
2964 4584 3164 4636 obiisse
3218 4599 3300 4636 va
3349 4582 3607 4637 Januarii.

2152 4667 2176 4705 ts
2212 4656 2418 4709 Felicis.
2466 4657 2536 4707 De
2581 4656 2660 4708 bis
2708 4654 2841 4706 infra
2887 4661 3074 4715 agetur
3123 4668 3253 4705 xxiv
3301 4654 3491 4707 Octob.
3529 4668 3650 4707 eum

2084 4728 2377 4789 llsuardus,
2405 4724 2539 4787 Ado,
2567 4724 2823 4777 Baronius
2843 4731 2897 4776 et
2919 4723 3005 4776 alii
3037 4726 3226 4775 borunt
3255 4724 3487 4776 natalem
3512 4726 3653 4777 diem

2085 4799 2378 4851 celebrant.
2415 4794 2475 4848 lli
2507 4796 2675 4847 sancti
2705 4792 2950 4845 videntur
2978 4791 3101 4845 ideo
3129 4793 3194 4844 ad
3230 4794 3370 4846 hunc
3416 4794 3555 4847 diem
3588 4808 3656 4845 ex

2084 4883 2267 4921 errore
2286 4865 2487 4926 referri,
2517 4864 2635 4932 quia
2660 4864 2797 4932 apud
2831 4873 3059 4915 cmteros
3087 4863 3479 4932 martyrologos
3511 4864 3660 4916 Felix

2084 4938 2296 5006 quidam
2329 4936 2607 5006 presbyter
2646 4944 2699 4987 et
2742 4934 3036 5006 Adattctus,
3068 4933 3389 5006 qtti_Roma2
3436 4934 3516 4987 via
3559 4934 3661 4986 Os-

2087 5003 2240 5061 tiensi
2271 5003 2370 5061 sub
2395 5003 2718 5058 Diocletiano
2741 5004 2879 5071 passi
2912 5011 3057 5066 sunt,
3091 5003 3247 5055 hodie
3271 5013 3659 5057 memorantur.

2086 5080 2249 5145 Cujus
2278 5075 2506 5131 civitatis
2534 5076 2587 5129 in
2613 5075 2787 5129 Africa
2813 5072 2960 5128 Felix
2990 5073 3279 5145 episcopus
3313 5074 3488 5139 fuerit,
3518 5074 3661 5127 varia

2091 5142 2249 5202 lectio
2277 5155 2375 5201 est.
2420 5145 2609 5200 Noster
2659 5145 2814 5213 legit,
2857 5144 3093 5198 civitatis
3142 5142 3495 5209 Tubzocensis,
3529 5145 3668 5205 Atio,

2094 5218 2437 5284 Tibrurensis,
2471 5226 2626 5285 prout
2655 5217 2815 5271 etiam
2854 5215 2905 5268 in
2940 5216 3126 5285 horum
3171 5225 3458 5285 martyrum
3500 5215 3669 5280 ACIis,

2098 5306 2215 5357 quae
2266 5284 2638 5354 exstant’apud
2669 5285 2883 5340 Surium
2915 5295 3045 5357 tom.
3080 5284 3139 5349 V,
3181 5284 3388 5357 legitur.
3422 5284 3498 5339 Ex
3538 5287 3676 5338 anti-

2095 5355 2214 5430 quis
2241 5370 2419 5430 autem
2452 5374 2584 5412 mss.
2616 5359 2806 5430 verior»
2830 5355 2989 5430 lectio
3013 5370 3074 5410 ea
3103 5356 3525 5430 mittiprobatur
3548 5367 3677 5430 uate

2100 5426 2281 5491 habet,
2310 5428 2604 5482 Tibirensis.
2634 5429 2708 5481 De
2730 5426 2993 5479 'l‘ibireusi
3040 5428 3121 5479 vel
3144 5426 3435 5479 'l‘ibiritaua
3459 5426 3674 5480 civitate

2101 5501 2303 5553 mentio
2338 5498 2564 5552 habetur
2590 5500 2642 5551 in
2672 5511 2826 5551 conc.
2854 5497 3109 5566 Carthag.
3136 5497 3465 5566 temporibus
3493 5496 3552 5550 8.
3571 5494 3674 5566 Cy—

2102 5570 2288 5636 priani.
2319 5569 2518 5624 Bacon.
2545 5570 2597 5623 in
2628 5568 2794 5621 Notis.
2828 5595 2896 5606 —
2930 5564 3135 5619 Felicis.
3174 5565 3264 5620 Via
3309 5566 3538 5621 Ostiensi
3581 5564 3679 5619 sub

2108 5640 2432 5696 Diocletiano
2484 5648 2539 5694 et
2589 5638 2902 5691 Maximiano
2949 5638 3377 5704 imperatoribus.
3426 5640 3524 5705 Qui
3560 5646 3679 5704 post

2105 5711 2411 5783 equuleum,
2437 5709 2555 5764 data
2577 5710 2839 5765 sententia
2858 5721 2979 5762 cum
3003 5707 3066 5762 ad
3092 5706 3495 5764 decollationem
3521 5709 3679 5759 duce-
