4110 6448
310 269 442 322 i029

1429 265 1623 322 SECT.
1670 265 1733 321 ll.
1778 295 1840 304 —
1884 264 2445 320 MARTYROLOGIA.

3424 276 3563 328 1050

1612 378 1835 433 EDITIO
1874 376 2352 434 COLONIENSIS.

306 480 402 531 ωε
426 476 599 530 eidem
651 473 849 527 civitati
902 469 1167 525 ordinavit
1226 470 1555 540 episcopum.
1600 470 1677 524 Ad
1710 485 1880 536 aquas
1909 476 1957 531 Α
1986 467 2294 538 Ᾱῖεγριυηι,
2335 468 2423 522 ubi
2468 483 2562 538 per
2588 470 2789 540 aliquot
2824 485 2993 527 annos
3032 474 3238 529 sanctis
3286 478 3565 532 monachis

304 568 464 622 duras
494 568 667 622 natale
695 576 893 620 sancta!
919 562 1148 619 Verenre
1178 564 1418 633 virginis,
1463 576 1515 617 et
1546 564 1717 618 sancti
1748 562 1877 634 Egi-

306 657 378 713 dii
410 658 615 712 abbatis
644 667 697 711 et
728 654 1075 709 confessoris.

377 748 442 804 G.
486 748 549 803 IV
595 747 727 803 Nox.
775 747 1039 802 Sarmata.
1074 746 1256 802 Natale
1286 747 1452 801 sancti
1481 746 1616 801 Justi
1660 746 1880 817 Lugdu-

310 838 488 893 nensis
510 839 766 907 episcopi,
800 839 949 892 mine
984 837 1277 892 sanctitatis
1305 847 1358 891 et
1389 836 1686 905 prophetici
1716 836 1875 904 spiri-

308 936 396 983 tus
425 928 545 982 viri.
596 928 694 982 Hic
737 927 871 982 clam
928 926 1291 995 episcopatum
1350 941 1503 981 suum
1551 926 1877 994 relinquens,

310 1033 532 1073 ascensa
576 1019 714 1084 navi,
747 1019 1035 1072 comitante
1087 1031 1271 1071 secum
1304 1031 1408 1070 uno
1456 1023 1656 1070 tantum
1691 1030 1877 1084 puero,

309 1110 398 1180 qui
429 1108 609 1165 ofﬁcio
657 1110 827 1162 lector
867 1119 1003 1171 erat,
1056 1108 1274 1160 nomine
1307 1106 1505 1167 Viator.
1538 1107 1783 1176 pervenit
1814 1106 1879 1158 ad

1985 560 2179 615 caelum
2209 559 2380 613 solum
2425 561 2878 629 exapectantibus,
2922 564 3284 628 consociatus,
3336 566 3561 622 humili-

1986 658 2092 703 tate
2121 658 2177 704 et
2219 649 2500 703 sanctitate
2533 666 2634 703 non
2666 652 2919 706 mediocri
2967 656 3122 709 vixit.
3160 654 3331 710 Cursu
3384 660 3564 726 itaque

1986 740 2240 807 temporis
2266 750 2657 807 consummato,
2686 756 2937 796 coronam
2964 744 3185 812 justitite
3207 758 3559 816 percepturus

1987 834 2237 904 migravit
2267 835 2332 889 ad
2370 835 2672 902 Dominum,
2709 838 2876 904 pridie
2908 839 3029 893 ldus
3058 840 3328 898 Octobris.
3359 842 3567 913 Corpus

1988 929 2103 993 ejus
2132 940 2161 978 a
2185 927 2452 994 religiosis
2474 928 2679 981 civibus
2709 929 3027 997 Lugdunum
3052 946 3170 986 cum
3196 934 3406 989 ossibus
3425 937 3567 991 beati

1994 1016 2225 1073 Viatoris
2259 1019 2489 1074 ministri
2519 1021 2634 1089 ejus
2683 1022 2930 1089 relatum,
2963 1033 3017 1079 et
3041 1028 3308 1097 condigne
3335 1029 3482 1085 cultu
3512 1033 3567 1086 in

1991 1111 2207 1166 basilica
2265 1122 2568 1168 Sanctorum
2630 1115 3057 1173 Maehabzrorum
3127 1121 3406 1176 conditum
3462 1134 3566 1188 est,

1614 1195 1836 1249 EDlTIO
1877 1199 2373 1259 BOLIANDIANA.

313 1291 396 1355 L.,
427 1290 480 1344 In
504 1289 676 1375 Capita
708 1287 895 1375 iii
925 1285 1169 1375 Aqitaria]
1198 1287 1372 1375 nata'e
1400 1284 1456 1340 S.
1477 1284 1886 1375 “‘Prisci‘iﬂncs

309 1378 465 1428 usque
510 1360 572 1415 V.
605 1360 665 1413 (Σ.
710 1357 756 1411 et
792 1358 900 1425 8.),
928 1362 1014 1425 qui
1042 1360 1135 1409 fuit
1176 1372 1310 1409 unus
1343 1357 1407 1407 de
1434 1357 1660 1421 antiquis
1689 1357 1882 1410 Christi

313 1430 605 1498 discipulis.
652 1431 817 1492 Alias,
857 1430 943 1496 qui
974 1442 1106 1498 unus
1129 1428 1321 1498 dicitur
1348 1426 1521 1498 iuisse
1557 1435 1881 1498 ἐχ-δεοίμε-

311 1494 461 1570 ginta
485 1500 688 1570 duobus
714 1494 1005 1570 discipulis.
1029 1496 1118 1570 __C.
1153 1496 1214 1549 V.
1239 1502 1313 1570 ΔΑ.
1338 1495 1406 1570 :1“.
1438 1494 1519 1570 Li,
1555 1494 1879 1570 inTuderti-

315 1564 396 1625 itis
425 1570 529 1642 [C.,
568 1569 716 1642 Tude
742 1566 1065 1642 Terentiam]
1112 1566 1286 1642 naiale
1455 1564 1665 1642 felicis
1703 1575 1756 1642 et
1781 1566 1877 1642 Do-

313 1633 444 1694 nati:
483 1633 546 1694 Ai.
591 1640 672 1701 L.,
704 1640 853 1706 Apud
898 1633 1136 1693 Senonas
1162 1636 1421 1701 depositio
1451 1633 1566 1706 8.?
1600 1635 1732 1702 Lupi
1760 1636 1878 1702 epi-

314 1712 456 1780 scopi
479 1720 533 1766 et
557 1694 896 1780 confessoris.
930 1708 1016 1773 T.,
1036 1707 1218 1780 Romae
1238 1694 1501 1770 depositio
1528 1704 1584 1757 S.
1604 1694 1877 1780 Citiuttibze
1913 1694 1956 1752 Β

314 1778 552 1850 virginis.
588 1782 667 1844 Β..
709 1781 761 1832 lu
797 1784 817 1811 θ
849 1779 1388 1850 (Σθτῑιιιιεὶιιθμηςιῑωθ
1417 1784 1719 1850 sanctorum
1751 1778 1882 1828 duo-

314 1846 483 1905 decim
511 1852 749 1903 fratrum.
800 1850 887 1912 A.,
922 1846 1118 1901 Eodem
1157 1846 1245 1900 die
1269 1854 1571 1898 sanctorum
1598 1846 1880 1913 episcopo-

317 1937 431 1975 rum
460 1919 484 1957 ἀ
514 1919 645 1973 Sixti
667 1963 679 1981 ,
727 1919 883 1973 Sinici
912 1927 1069 1985 atque
1112 1916 1335 1971 Juvandi
1376 1925 1430 1968 et
1461 1923 1485 1951 ο
1512 1914 1733 1968 Firmini
1765 1916 1883 1982 epi-

316 1992 459 2057 sc0pi
486 2001 539 2043 et
569 1993 625 2044 8.
664 1990 682 2027 ί
714 1989 905 2055 As'gidii
951 1988 1185 2057 abbatis.
1215 1986 1311 2057 Β..
1332 1986 1383 2038 In
1418 1986 1693 2057 Provincia
1716 1985 1882 2053 depo-

318 2054 442 2115 sitio
468 2064 523 2114 8.
562 2059 751 2129 ΑΞςίᾱῆ
776 2054 1117 2113 confessoris.
1168 2056 1254 2120 L.,
1297 2056 1361 2129 ln_
1400 2056 1514 2109 loco
1567 2054 1727 2129 Vallis
1764 2070 1882 2129 quae

317 2131 511 2185 dicitur
542 2125 808 2191 Flaiiana,
841 2129 895 2181 in
930 2137 1210 2195 prospectu
1237 2126 1416 2191 maris,
1452 2126 1639 2195 natalis
1661 2125 1716 2178 S.
1744 2125 1886 2190 ΑΕκί-

320 2201 392 2255 dii
424 2200 646 2261 abbatis,
681 2199 816 2267 apud
847 2194 1079 2252 Athenas
1105 2196 1228 2260 orti,
1268 2206 1415 2265 patre
1437 2194 1741 2267 Theodoro,
1774 2210 1890 2267 mas

324 2281 401 2325 tre
424 2270 646 2323 Pelusia.
676 2263 762 2334 Βζ,
797 2269 1064 2322 Bectaulia
1096 2263 1282 2334 prima
1311 2266 1481 2318 natale
1511 2263 1607 2318 SS.
1640 2265 1889 2318 Marciani

317 2341 570 2410 episcopi.
604 2339 847 2410 Sisinnii,
874 2347 929 2392 et
958 2339 1194 2392 Amausi.
1225 2335 1544 2410 Cenomanis
1563 2338 1771 2388 civitate
1795 2336 1892 2389 de-

319 2407 514 2476 positio
540 2412 597 2464 8.
637 2409 860 2462 Victoris
886 2410 1119 2476 episcopi
1148 2416 1199 2461 et
1231 2407 1568 2461 confessoris.

392 2498 449 2553 2.
480 2528 551 2541 --
579 2500 643 2554 IV
676 2499 873 2553 NONAS.
912 2498 1071 2552 Vacat
1100 2498 1275 2551 Baldo.

396 2593 582 2648 Florus
607 2593 658 2647 in
699 2594 763 2646 A.
794 2592 855 2645 Τ.
891 2590 953 2645 L.
982 2607 993 2643 :
1029 2590 1284 2659 Lugdune
1327 2589 1590 2658 depositio
1618 2587 1677 2643 S.
1702 2596 1727 2634 8
1758 2586 1893 2641 JuSti

1991 1291 2225 1361 episcopi
2280 1304 2334 1347 et
2378 1294 2743 1350 confessoris:
2797 1297 2882 1366 qui
2932 1313 3027 1367 pro
3071 1301 3299 1369 quodam
3349 1303 3569 1374 fugitivo

1987 1380 2223 1448 ejusdem
2252 1384 2527 1452 Ecclesiae,
2562 1397 2773 1454 petente
2800 1388 3054 1456 primario
3077 1392 3325 1459 civitatis,
3358 1395 3566 1451 reddito

1988 1472 2359 1542 supplicioque
2390 1476 2577 1529 mortis
2604 1476 2816 1542 affecto,
2865 1479 2979 1548 ejus
3008 1482 3108 1535 sibi
3139 1485 3411 1540 ascribens
3439 1502 3567 1553 sup-

1987 1560 2202 1627 pliciuni
2230 1578 2245 1627 ;
2288 1578 2504 1633 gregem
2532 1566 2900 1633 commissum,
2933 1585 3089 1637 quem
3118 1587 3305 1640 magna
3338 1578 3567 1641 puritate

1983 1664 2037 1710 et
2069 1654 2325 1710 modestia
2354 1671 2415 1711 ac
2446 1656 2699 1726 patientia
2732 1660 2912 1715 multis
2946 1675 3159 1719 rexerat
3185 1669 3360 1731 annis,
3404 1669 3560 1724 dere-

1988 1748 2258 1817 linquens,
2291 1761 2351 1801 se
2381 1763 2563 1803 eremo
2592 1749 2761 1815 dedit,
2798 1750 3024 1805 Domino
3062 1754 3343 1811 adhaerens
3373 1767 3428 1813 et
3455 1760 3571 1814 cnl-

1989 1837 2192 1890 toribus
2222 1837 2354 1905 ejus,
2404 1846 2589 1891 sancto
2616 1838 2863 1895 videlicet
2892 1841 3128 1898 Macario
3155 1857 3445 1914 sanctoque
3471 1847 3573 1903 Pa-

1988 1929 2248 1996 plmutio:
2299 1943 2522 1997 quorum
2572 1930 2693 1983 vita:
2726 1945 2786 1984 ac
2818 1936 3003 1987 mortis
3052 1936 3313 2005 particeps
3343 1939 3571 1995 exstitit.

1986 2019 2073 2084 T.,
2106 2018 2171 2074 Et
2200 2020 2250 2072 in
2283 2018 2459 2073 Si-‘ilia
2490 2021 2667 2076 natale
2692 2020 2885 2076 Felicis
2907 2033 2959 2077 et
2987 2024 3243 2080 Secundi.

2062 2110 2122 2165 V.
2150 2112 2237 2175 C.,
2271 2111 2326 2164 In
2373 2112 2692 2165 Alexandria
2724 2114 3013 2168 Theodori.
3064 2118 3116 2170 In
3169 2120 3449 2175 Antiochia
3479 2122 3570 2176 Ti-

1988 2181 2239 2258 mothei._
2262 2181 2397 2258 Aiibi
2417 2182 2700 2258 depositio
2726 2185 2846 2258 S._¢
2874 2185 3029 2240 Justi.
3056 2186 3143 2250 C.,
3178 2190 3442 2258 Episcopi.
3483 2194 3565 2256 Ι).,

1992 2254 2174 2332 Natale
2207 2252 2265 2307 S.
2296 2252 2430 2332 Ju_.~ti
2452 2252 2834 2332 Lugdunensis
2882 2258 3142 2327 episcopi,
3190 2252 3335 2313 mine
3366 2252 3566 2316 sancti;

1995 2323 2114 2375 tatis
2137 2335 2185 2375 et
2220 2323 2535 2390 prophetiae.

2063 2392 2165 2470 sed
2197 2393 2503 2470 incomitum
2536 2391 2775 2470 indictis
2806 2408 2934 2470 tnSs.
2965 2396 3224 2470 habentur
3246 2399 3361 2454 loco
3388 2411 3571 2470 poste-

1994 2462 2156 2538 riori,
2205 2463 2352 2538 initio
2381 2473 2556 2538 autem
2589 2464 2701 2538 haec
2750 2465 3140 2538 prtetui_ttuntnr
3204 2468 3257 2521 in
3289 2471 3353 2523 A.
3387 2462 3450 2524 Τ.
3482 2473 3568 2538 L.,

1998 2533 2183 2587 Passio
2203 2533 2517 2587 Sanctorum
2546 2530 2572 2567 ιι
2604 2530 2807 2588 Aniceti
2836 2546 2884 2588 et
2915 2534 3086 2591 Fotini
3113 2536 3289 2594 fratris
3314 2542 3453 2609 ejus.
3480 2530 3568 2609 T.,

1707 2679 1819 2734 SMI
1838 2679 1914 2733 fil
1954 2668 2181 2731 NOTAE.

388 2780 415 2809 ι
447 2768 633 2824 Prisci.
669 2769 823 2825 Juxta
856 2767 1068 2823 Petrum
1096 2766 1365 2836 d«-.,Nata|.
1399 2766 1482 2821 hic
1522 2768 1610 2823 ille
1661 2771 1890 2836 paterfa-

321 2839 493 2895 milias
516 2840 636 2905 fuit,
692 2840 743 2891 in
768 2838 920 2907 cujus
957 2840 1116 2893 domo
1154 2834 1399 2909 Christus
1433 2838 1633 2891 Pascha
1662 2834 1763 2894 sibi
1798 2856 1885 2909 pa-

320 2912 422 2966 rari
468 2912 641 2979 jussit.
695 2910 787 2963 llic
832 2916 954 2977 post
991 2908 1355 2979 ascensionem
1406 2909 1615 2962 Domini
1673 2908 1889 2966 veniens

321 2977 545 3035 Romam
585 2996 704 3035 cum
746 2980 984 3048 apostolo
1014 2977 1248 3049 Petroiin
1301 2979 1534 3049 partibus
1585 2981 1887 3049 Campania:

324 3051 664 3121 Evangeliutn
722 3050 1044 3118 prtedicavit.

326 3115 555 3190 Aquaria
584 3115 854 3190 depositus
892 3128 993 3183 est,
1027 3127 1082 3169 tit
1104 3117 1237 3190 dicit
1268 3115 1398 3190 Ade.

399 3187 427 3231 ι)
459 3191 610 3261 Lupi.
643 3189 739 3256 Qui
786 3191 837 3241 in
882 3188 1149 3261 territorio
1176 3187 1539 3261 Aurelianensi
1580 3197 1733 3242 natus
1786 3201 1892 3254 est,

328 3279 392 3316 ex
422 3258 569 3330 patre
596 3262 836 3330 Bellone,
874 3268 1042 3330 matre
1071 3258 1409 3330 Austregildi,
1443 3259 1527 3311 cui
1567 3271 1892 3330 cognomen-

330 3326 437 3386 tum
466 3338 581 3386 erat
605 3332 752 3398 Agia.
785 3327 1038 3382 Avunculi
1070 3327 1185 3394 ejus
1208 3326 1503 3381 Austrenus
1526 3339 1579 3381 et
1601 3327 1888 3394 Aunarius,

329 3402 415 3457 ille
443 3397 864 3464 Aurelianensis,
896 3398 983 3451 hic
1010 3397 1484 3467 Autissiodurensis
1513 3398 1813 3467 episcopus,
1841 3405 1891 3454 in

324 3474 524 3526 clerum
563 3471 709 3525 illum
756 3476 1094 3538 cooptarunt.
1134 3466 1263 3538 _Mo_x
1297 3467 1452 3538 igitur
1501 3476 1567 3538 ut
1604 3469 1892 3522 Arthenius

322 3544 593 3597 Senonum
625 3535 903 3609 episcopus
943 3535 1191 3601 deceSsil,
1219 3536 1274 3590 S.
1320 3535 1502 3609 Lupus
1522 3536 1572 3591 ei
1613 3552 1894 3609 successor

323 3613 594 3666 institutus
615 3607 719 3664 est.
753 3609 1026 3662 Civitatem
1057 3609 1422 3661 Senonensem
1444 3607 1759 3663 Theoderici
1784 3609 1894 3663 tilio

322 3683 593 3737 Chlotario
621 3680 919 3741 obsidente,
976 3677 1303 3748 orationeget
1339 3690 1611 3746 campana:
1648 3680 1802 3748 signo
1832 3680 1896 3732 li-

326 3752 551 3806 beravit.
600 3750 797 3818 lujuste
825 3755 1105 3818 accusatus
1153 3746 1281 3800 etin
1326 3748 1569 3818 exsilium
1601 3746 1796 3803 missus
1839 3748 1892 3804 in

322 3824 503 3876 villam
535 3816 923 3887 Andesaginam
968 3818 1031 3870 ad
1078 3816 1274 3870 ﬂumen
1318 3816 1560 3880 Auciam,
1608 3820 1673 3873 ad
1700 3820 1893 3873 ducem

323 3893 581 3947 Basonem
607 3890 995 3957 Landegisilum
1016 3902 1273 3955 paganum
1307 3889 1471 3953 venit,
1502 3902 1659 3956 quem
1695 3890 1891 3956 praedi-

321 3964 529 4015 catione
551 3973 604 4015 et
631 3960 758 4014 caeci
792 3958 1173 4012 illuininatione
1193 3957 1257 4009 ad
1290 3957 1447 4011 ﬁdem
1480 3959 1761 4012 convertit.
1791 3958 1894 4013 Re-

322 4039 545 4085 vocatus
572 4035 623 4084 in
659 4028 903 4098 patriam,
956 4043 1073 4081 cum
1114 4024 1375 4080 Lutetiam
1424 4026 1746 4082 Parisiorum
1794 4029 1894 4083 iter

322 4101 563 4165 haberet,
599 4101 746 4154 multi
770 4098 964 4165 captivi
998 4098 1111 4167 ejus
1133 4098 1326 4150 virtute
1352 4112 1381 4150 a
1403 4099 1706 4152 carceribus
1725 4099 1893 4153 libere

330 4173 595 4225 abierunt.
646 4170 699 4223 In
728 4169 924 4234 praedio
954 4169 1332 4221 Briennonensi
1363 4168 1583 4221 adversa
1614 4179 1891 4236 correptus

326 4243 626 4296 valetudine
654 4240 803 4304 obiit,
852 4240 1141 4292 secundum
1195 4236 1549 4307 Sigebertum,
1599 4253 1738 4293 anno
1769 4238 1889 4293 616.

324 4312 517 4366 Sumus
549 4322 678 4365 tom.
711 4310 773 4375 V,
802 4307 1020 4362 Gnuvtus
1040 4307 1168 4360 SEN.

402 4391 426 4419 ε
479 4382 801 4450 Carthagine.
846 4379 1002 4433 Juxta
1054 4376 1333 4450 Beronium
1375 4391 1514 4450 vero;
1548 4384 1602 4431 et
1642 4376 1889 4450 Ghiuium

326 4452 617 4505 Senensem
644 4445 695 4504 e't
726 4450 990 4504 Molauum
1021 4449 1085 4499 ad
1117 4447 1342 4500 Usuard.
1376 4448 1516 4515 passi
1558 4456 1684 4501 sunt
1716 4449 1889 4503 Beue-
1920 4445 1968 4503 D

326 4523 487 4574 venti.
520 4521 868 4576 Nominantur
894 4528 1067 4571 autem
1103 4516 1354 4581 Donatus,
1404 4517 1576 4580 Felix,
1607 4519 1885 4584 Acontius,

327 4592 666 4657 Honoratus,
718 4590 1074 4652 Fortunatus,
1122 4586 1470 4652 Savinianus,
1521 4587 1886 4653 Septitninius,

320 4659 626 4726 Januarius,
650 4656 831 4722 Felix,
865 4659 1071 4723 Vitalis,
1105 4657 1347 4726 Satyrus,
1379 4666 1433 4710 et
1456 4656 1757 4724 Depositus.
1789 4660 1889 4724 Qui

327 4734 383 4785 in
416 4732 588 4785 Africa
619 4732 778 4784 nobili
809 4745 1004 4798 genere
1033 4727 1162 4798 uati,
1204 4735 1258 4782 et
1284 4727 1442 4798 a_liqui
1474 4742 1657 4798 eorum
1680 4728 1886 4798 clerici,

326 4803 601 4856 hominum
634 4796 1018 4855 multitud.neni
1048 4797 1155 4851 suis
1180 4796 1644 4866 praedicationibus
1673 4797 1887 4852 Christo

321 4872 715 4941 adiunxerunt;
746 4877 1065 4940 quapropter
1095 4869 1398 4941 carceribus
1420 4866 1730 4941 mancipati,
1755 4868 1891 4941 alios

326 4935 729 5013 ad'martyrium
760 4935 1081 5013 excitabant,
1124 4946 1177 5013 et
1223 4936 1321 5013 ipsi
1369 4935 1695 5013 cruciatibus
1737 4936 1885 5013 torti,

326 5013 492 5066 clavis
514 5006 730 5078 confixi,
764 5012 814 5064 in
857 5024 1039 5079 rogum
1068 5006 1269 5075 iujecti,
1300 5006 1673 5079 semiustulati,
1703 5007 1889 5079 verbe-

329 5082 474 5135 ribus
523 5084 673 5146 caasi,
721 5095 783 5134 ac
811 5077 1023 5135 demum
1072 5080 1241 5132 securi
1296 5078 1531 5143 percussi
1575 5079 1673 5130 sub
1726 5077 1892 5129 Maxi-

328 5154 505 5205 miano
538 5154 855 5221 imperatore
884 5150 1193 5221 martyrium
1244 5156 1701 5221 consummarunt.
1749 5146 1893 5221 Quo-

331 5236 447 5274 rum
473 5215 696 5290 corpora
722 5221 773 5274 in
804 5215 1034 5274 ecclesia
1049 5219 1108 5273 S.
1142 5215 1355 5286 Sophia:
1380 5216 1893 5290 Ca_n0t_iicorutnRe-

329 5286 590 5361 gulariutn
640 5300 999 5347 asserVantur.
1048 5291 1209 5361 Cum.
1260 5290 1389 5361 Sari.
1438 5286 1892 5361 Scripsirborum

328 5357 463 5415 Acta
490 5362 727 5417 carmine
756 5362 971 5415 heroico
1000 5358 1219 5413 Alfanus
1267 5358 1546 5425 episctipus
1600 5357 1894 5411 Salernita-

327 5446 453 5556 aus,
481 5448 599 5502 quas
630 5433 682 5487 iti
715 5442 858 5486 toruo
890 5446 958 5485 VII
990 5428 1166 5484 addito
1196 5428 1485 5483 adSuriutn
1507 5427 1770 5495 descripta
1798 5426 1894 5480 lia-

366 5516 540 5555 entur.

366 5516 540 5555 Clllllf.

400 5571 425 5606 ά
458 5574 618 5639 Sixti,
650 5572 831 5627 Sinici.
886 5570 975 5625 Vel
1016 5569 1215 5626 Sisinii.
1268 5570 1327 5623 lli
1379 5566 1595 5622 Rlietuis
1644 5569 1695 5620 in
1726 5566 1891 5623 Gallia

331 5642 565 5710 episcopi
599 5653 652 5697 et
680 5642 925 5709 discipuli
953 5643 1011 5696 8.
1043 5642 1181 5694 Petri
1212 5639 1475 5706 Apostoli,
1530 5639 1630 5693 sub
1686 5639 1895 5694 Nerone

334 5715 587 5782 martyrio
613 5714 847 5768 coronati
875 5723 1014 5767 sunt.
1049 5712 1202 5765 Cum.
1237 5712 1509 5764 SENENSIS.

1093 3048 1299 3144 quiue:
1327 3048 1478 3144 lapud
1520 3048 1751 3117 Capuam
1801 3054 1882 3106 via
1914 3083 1961 3144 ρ

2074 2768 2097 2797 ο
2130 2757 2372 2812 Firmini.
2411 2755 2624 2827 llieron.
2680 2755 2950 2827 Martyrol.
3004 2758 3198 2814 habet:
3249 2779 3267 2812 ι
3299 2764 3571 2819 Ambianis

1994 2834 2233 2915 civitate,
2283 2826 2545 2895 depositio
2594 2828 2650 2880 8.
2684 2825 2907 2882 Firniini
2937 2831 3168 2898 episcopi
3216 2842 3269 2887 et
3294 2834 3569 2890 confesso.

1995 2919 2089 2959 I'IS.
2125 2920 2145 2954 ι

2069 2990 2088 3029 ί
2123 2986 2349 3057 /Egidii.
2381 2984 2599 3057 Abbatis
2639 2983 3037 3041 Nemausensis.
3088 2988 3142 3043 ln
3174 2990 3319 3046 Actis
3344 2993 3454 3047 suis
3489 2994 3571 3047 di-

1993 3063 2128 3115 citur
2161 3056 2398 3127 Algidius
2444 3056 2587 3123 regia
2617 3057 2781 3127 stirpe
2824 3058 3019 3121 editus,
3068 3073 3098 3113 e
3126 3060 3328 3115 Graecia
3359 3066 3410 3117 iit
3441 3063 3568 3117 Gal-

1994 3133 2079 3187 liae
2116 3125 2439 3198 provinciam
2470 3125 2759 3198 accessisse
2790 3128 2854 3198 ad
2876 3127 3161 3198 Caesarium
3190 3134 3560 3189 Arelatensem

1993 3195 2415 3269 episcopum,__ac
2446 3195 2759 3269 transmisso
2790 3195 3069 3269 Rhodano,
3102 3197 3418 3256 Veredeinio
3444 3218 3569 3258 ere-

1995 3264 2138 3324 niitac
2169 3264 2228 3321 Se
2268 3264 2593 3335 adjunxisse,
2642 3275 2950 3331 penetrasse
2999 3267 3193 3321 deinde
3222 3271 3274 3324 in
3305 3278 3566 3327 secretio-

1999 3354 2109 3394 rein
2139 3334 2341 3407 locum,
2368 3334 2454 3407 ubi
2484 3346 2804 3407 eumcena:
2843 3338 2976 3407 lacte
3006 3351 3310 3405 pascerelur
3332 3380 3349 3407 ,
3400 3341 3569 3397 fertur

1995 3410 2154 3463 etiam
2203 3422 2232 3461 a
2282 3404 2446 3457 Flavii
2500 3401 2796 3474 Gothorum
2842 3406 2982 3474 regis
3006 3401 3360 3466 venatoribus
3407 3413 3571 3468 fuisse

1993 3479 2375 3547 deprehensus,
2425 3481 2711 3547 auctorque
2760 3473 2944 3547 Flavio
2980 3479 3262 3547 exstitisse
3303 3483 3569 3536 condendi

1996 3543 2245 3611 ctenobii,
2273 3547 2409 3612 quod
2438 3554 2617 3610 postea
2646 3543 2705 3598 S.
2738 3544 2932 3613 IEgidii
2958 3545 3157 3602 dictum
3188 3550 3251 3603 ad
3285 3553 3570 3606 seculares

1995 3623 2450 3689 conversumest.
2494 3613 2712 3689 Legitur
2740 3618 3122 3689 etiamACaroli
3153 3620 3392 3674 Francize
3426 3626 3563 3689 tegis

1991 3690 2143 3761 jussu
2171 3685 2439 3761 Aureliam
2482 3688 2701 3738 accitus.
2735 3684 3127 3761 Caesarii‘vero
3163 3691 3401 3759 episcopi
3431 3684 3570 3746 Are-

1997 3753 2214 3814 iatensis
2238 3756 2772 3830 tetasiionconvenit
2795 3770 2914 3830 cum
2959 3753 3131 3813 Caroli
3164 3753 3385 3814 Martelli
3420 3765 3568 3830 prin-

1995 3833 2193 3896 eipatu,
2246 3826 2332 3895 qui
2367 3824 2716 3896 Carolusihoc
2741 3829 2957 3879 nomine
3005 3830 3205 3895 primus
3238 3824 3561 3885 Francorum

1996 3895 2267 3968 sceptrum
2296 3899 2487 3968 tenuit.
2520 3895 2719 3968 Deinde
2739 3896 2805 3947 al)
2835 3896 3134 3951 Atnalarit-o
3168 3897 3562 3968 Visignthorum

1997 3966 2121 4038 rege
2142 3967 2458 4030 suavissimo,
2490 3966 2710 4038 ejusque
2734 3967 3135 4038 suicessoribus
3159 3966 3372 4023 Ariaiiis
3392 3974 3567 4024 aliena

1996 4036 2081 4094 res
2110 4046 2195 4094 est
2220 4036 2524 4090 monasterii
2553 4037 2899 4088 conSIructio.
2950 4036 3004 4090 Si
3035 4039 3148 4103 qui~
3172 4039 3310 4092 dicat
3338 4040 3561 4093 alterum

1995 4111 2159 4164 fuisse
2210 4105 2497 4159 Caesarium
2571 4106 2875 4174 episcopum
2940 4106 3304 4161 Arelatensem
3375 4109 3569 4163 Carolo

1995 4179 2240 4233 Martello
2268 4178 2761 4247 cowvum,_nec_sie
2798 4184 2972 4227 tamen
3022 4178 3306 4232 diiiicu‘tas
3332 4178 3567 4247 explica-

1996 4253 2175 4304 bitur;
2228 4262 2345 4317 cum
2378 4252 2496 4317 post
2524 4245 2882 4317 Amalaricum
2924 4262 3112 4300 omnes
3166 4245 3559 4317 Visigothbrtnn

1994 4333 2145 4389 reges
2177 4320 2229 4371 in
2262 4316 2509 4389 ﬂisiiania
2541 4315 2917 4389 habitaverint,
2968 4333 3072 4369 uuo
3124 4315 3346 4387 excepto
3374 4318 3560 4385 Liuva,

1995 4385 2082 4459 qui
2130 4401 2296 4458 regno
2335 4386 2518 4459 Gallia:
2562 4385 2921 4459 Narbonensis
2968 4385 3272 4459 contentus,
3317 4389 3562 4443 Narbone

1998 4455 2225 4514 triennio
2255 4457 2512 4523 regnavit,
2565 4456 2641 4507 uti
2691 4455 2988 4511 Hadrianus
3036 4456 3277 4512 Valesius
3328 4460 3380 4511 in
3428 4460 3557 4514 lter.

1995 4530 2190 4584 Franc.
2222 4527 2314 4583 lib.
2347 4542 2442 4599 vn,
2475 4541 2523 4593 p.
2549 4523 2673 4590 557,
2702 4528 2992 4599 adnotavit.
3022 4526 3289 4595 S.A§gidii
3322 4528 3561 4599 reliquite

1995 4614 2024 4653 a
2054 4609 2293 4667 tempore
2343 4597 2728 4665 Albigensiuui,
2776 4596 2985 4650 Tolosa:
3033 4600 3084 4650 in
3131 4598 3353 4653 ecclesia
3383 4596 3570 4655 858³-

1997 4670 2195 4723 turntni
2225 4675 2586 4721 asservantur.

2072 4770 2096 4808 ις
2123 4758 2152 4813 J
2162 4760 2277 4812 usti.
2318 4756 2410 4828 llic
2431 4754 2780 4828 inngyptum
2804 4755 3043 4822 secessit,
3074 4756 3171 4828 ubi
3187 4756 3338 4821 obiit,
3360 4755 3570 4828 Lugdu-

2008 4844 2199 4885 nenses
2223 4825 2427 4898 veroiin
2454 4825 2741 4895 Algyptum
2771 4841 2934 4891 usque
2960 4826 3177 4892 profecti
3200 4838 3341 4891 sunt,
3373 4839 3426 4883 et
3446 4825 3568 4898 ejus

2002 4916 2195 4968 corpus
2245 4901 2297 4952 in
2350 4896 2659 4968 Lugdunum
2700 4907 3051 4968 reportarunt.
3108 4898 3299 4952 Sumus
3342 4896 3565 4953 tomﬁV.

1994 4965 2118 5039 Agit
2143 4969 2208 5023 de
2224 4968 2421 5039 eodem
2439 4967 2553 5020 Ado
2579 4965 2889 5039 Viennensis
2915 4970 2965 5020 in
2991 4966 3215 5039 Chron”
3245 4984 3384 5023 anno
3408 4969 3563 5024 Data.

1994 5035 2120 5096 379.
2155 5040 2248 5092 Hic
2278 5040 2366 5092 ille
2396 5035 2594 5099 Justus,
2629 5038 2715 5102 qui
2750 5052 2841 5105 pro
2866 5038 3114 5107 omnibus
3143 5035 3426 5091 Gallicanis
3454 5040 3566 5107 epi-

1998 5112 2175 5177 scOpis
2204 5107 2446 5164 interfuit
2469 5109 2673 5176 legatus
2704 5106 2933 5160 concilio
2959 5108 3280 5177 Aquileiensi
3311 5106 3565 5176 tempori-

1997 5182 2095 5235 bus
2143 5180 2379 5235 Gratiani
2428 5178 2799 5246 imperatoris:
2844 5189 3056 5245 pomtur
3103 5182 3216 5246 ejus
3250 5180 3392 5233 sedis
3438 5178 3565 5246 Epi—

1994 5265 2186 5315 scopus
2215 5247 2688 5319 decimusitertitis
2717 5248 2907 5302 ordine
2954 5252 3003 5301 in
3047 5255 3236 5303 tabulis
3281 5250 3561 5319 episcopo-

1997 5337 2114 5375 rum
2147 5318 2602 5389 Lugdunensium.
2636 5317 2836 5372 BARON.
2872 5319 2922 5371 in
2952 5318 3120 5373 Notis.

2066 5412 2094 5449 ιι
2124 5411 2343 5466 Aniceti.
2376 5409 2475 5475 Qui
2500 5407 2822 5470 Nicomediae
2854 5408 2991 5477 passi
3015 5418 3137 5463 sunt
3164 5424 3283 5463 cum
3312 5408 3432 5464 aliis
3454 5409 3567 5476 plu-

1998 5484 2145 5537 ribus
2173 5482 2271 5535 sub
2301 5481 2631 5535 Diocletiano
2657 5481 2996 5548 imperatore.
3046 5480 3173 5533 Vide
3205 5480 3411 5534 Daronii
3432 5480 3570 5534 Mar-

1999 5558 2151 5621 tyrol.
2189 5567 2257 5604 xtt
2303 5549 2543 5620 Augusti.
2595 5550 2712 5615 Quo
2740 5549 2827 5604 die
2856 5549 2922 5603 tle
2957 5551 3038 5604 liis
3089 5559 3252 5620 agunt
3293 5552 3464 5607 Graeci
3514 5549 3569 5601 in

2002 5624 2319 5691 hleuoiogio.
2936 5632 2940 5649 ·
