4110 6466
551 248 677 302 ίῶῦι

1268 250 1467 305 BEDJS
1516 248 1965 305 \‘ENERABILIS
2005 249 2161 303 UPP.
2205 249 2384 307 PARS
2425 251 2515 305 IV.
2558 280 2627 291 -
2668 250 3053 307 HISTORICA.

3702 257 3844 312 4033

1865 362 2090 418 EDITIO
2126 362 2585 419 COLONIENSIS.

550 472 736 516 quarta
764 461 938 515 Nonas
966 455 1236 525 Septemb.
1279 455 1407 510 Item
1455 456 1593 525 apud
1624 453 1901 526 praefatam
1931 456 2119 508 urbem
2158 460 2204 514 Α
2234 463 2409 511 motus
2455 457 2622 510 factus
2650 464 2735 511 est
2781 471 3046 527 magnus:
3080 457 3497 528 eecideruutque
3544 460 3837 518 exanimes

554 554 689 605 neuti
725 548 913 617 Elpidii
942 547 1175 614 episcopi
1206 555 1259 601 et
1280 544 1629 603 confessoris.
1657 546 1814 615 Aptid
1848 544 2129 615 Apamiam

552 642 719 695 sancti
750 639 1000 692 Antonini
1034 636 1307 705 martyris.

619 730 684 783 A.
724 728 783 782 111
826 728 956 781 Non.
1000 732 1265 781 Sarnus.
1308 726 1496 780 Natale
1537 735 1738 781 sanctas
1769 726 2034 791 Phoeben,
2069 725 2137 781 de

546 837 646 890 qua
680 824 864 875 beatus
908 820 1204 884 Apostolus
1257 820 1513 873 Romanis
1543 820 1747 874 scribit.
1782 819 1971 872 Romae
2008 835 2137 885 pas-

548 914 628 965 sio
657 924 855 965 sancta:
875 911 1111 978 Serapim
1136 912 1381 979 virginis,
1403 912 1504 966 sub
1525 913 1759 964 Adriano
1783 916 2127 978 imperatore,

545 1002 724 1070 judice
756 1003 985 1072 Beryllo.
1021 1002 1144 1056 llaec
1180 1003 1515 1056 Antiocheua
1547 1003 1645 1055 fuit
1674 1018 1891 1070 genere,
1921 1015 1972 1056 et
2003 1016 2125 1055 eum

556 1096 607 1147 in
648 1099 807 1149 domo
835 1096 1052 1149 Sabina:
1083 1104 1475 1159 eommaneret,
1525 1095 1759 1149 exhibita
1787 1106 1868 1149 est
1910 1094 1961 1148 in
1991 1109 2133 1148 cou-

545 1195 730 1252 spectu
764 1184 1041 1249 praesidis;
1076 1184 1161 1238 cui
1196 1184 1285 1237 ille
1314 1184 1483 1237 dixit:
1535 1184 1786 1238 Sacrilica
1818 1184 1940 1238 diis.
2000 1185 2130 1249 Qua!

544 1277 820 1343 respondit
853 1296 865 1330 :
891 1276 1078 1331 Timeo
1108 1287 1164 1330 et
1194 1278 1313 1330 colo
1349 1277 1515 1330 Deum
1546 1277 1995 1343 omnipotentem,
2024 1292 2130 1330 non

543 1370 787 1423 sacrifico
822 1370 1176 1423 dmmonibus.
1207 1369 1356 1422 Tune
1389 1384 1586 1435 prmses
1614 1368 1774 1437 jussit
1811 1382 1932 1422 eam
1966 1369 2127 1437 quiu-

542 1472 645 1526 que
686 1457 972 1528 juvenibus
1020 1459 1229 1512 lascivis
1277 1458 1433 1520 tradi,
1485 1468 1541 1511 ut
1591 1459 1638 1512 ei
1681 1467 1940 1513 nocturno
1990 1458 2129 1513 furto

539 1546 878 1604 insultarent.
914 1551 954 1602 A
986 1547 1180 1617 quibus
1209 1548 1465 1616 perducta
1512 1549 1562 1602 in
1617 1548 1921 1602 Cubiculum
1976 1549 2130 1604 valde

540 1641 849 1707 obscurum,
901 1654 1020 1693 cum
1064 1640 1262 1693 vellent
1299 1653 1418 1692 eam
1466 1648 1706 1707 tangere,
1764 1638 1945 1692 subito
1976 1648 2129 1692 terrae

2242 543 2293 598 in
2352 554 2548 601 terram
2602 546 2861 601 membris
2912 548 3161 602 omnibus
3210 549 3483 603 rezolutis.
3540 549 3667 605 Post
3718 553 3837 611 hac

2243 634 2496 702 praecepit
2545 650 2663 691 eam
2696 638 2922 691 fustibus
2960 638 3115 702 credi,
3169 645 3225 691 et
3270 638 3523 692 ardentes
3554 640 3834 709 lampades

2240 725 2492 781 lateribus
2518 727 2633 797 ejus
2668 729 2887 798 apponi,
2926 729 3021 785 sed
3061 732 3149 799 qui
3183 746 3245 785 ea
3292 733 3565 799 tenebant,
3610 736 3831 790 cecide-

2240 828 2363 873 runt
2388 830 2698 875 retrorsum.
2731 821 2882 876 Tunc
2916 825 3116 889 percuti
3165 824 3339 895 gladio
3377 827 3615 895 jubetur.
3663 828 3827 885 Passa

2239 919 2321 965 est
2346 921 2523 965 autem
2552 920 2737 979 quarta
2781 910 3046 966 Kalendas
3084 916 3333 983 Augusti,
3365 917 3573 987 sepulta
3605 932 3637 972 a
3670 920 3827 974 beata

2237 1000 2454 1063 Sabina.
2489 1003 2628 1071 prid.
2668 1002 2891 1058 Kalend.
2950 1006 3195 1075 Augusti.
3243 1006 3610 1077 Compositum
3641 1020 3698 1064 et
3728 1025 3806 1066 or-

2240 1101 2421 1147 natum
2463 1104 2547 1147 est
2578 1094 2648 1147 ibi
2678 1094 2985 1149 venerabile
3016 1097 3402 1166 sarcopliagum
3432 1100 3737 1165 ambarum,
3768 1112 3821 1156 et

2239 1185 2387 1239 locus
2410 1186 2667 1240 orationis
2699 1187 2962 1257 condigne
2988 1189 3287 1257 dedicatus,
3323 1193 3479 1247 tertio
3507 1194 3641 1249 Non.
3682 1196 3822 1264 Sep-

2239 1276 2403 1329 temb.
2456 1274 2513 1330 In
2580 1276 2759 1345 Capua
2819 1287 3131 1332 sanctorum
3189 1292 3506 1351 martyrum,
3560 1284 3822 1338 Antoniu:

2238 1368 2385 1437 pueri
2420 1368 2605 1437 viginti
2632 1384 2915 1433 annorum,
2944 1378 2997 1423 et
3026 1370 3234 1425 Aristaei
3284 1374 3543 1443 episcopi,
3587 1390 3814 1445 quorum

2237 1468 2385 1526 gesta
2420 1457 2709 1515 habentur.

2312 1550 2368 1602 Β.
2430 1551 2582 1608 Peto.
2644 1552 2775 1608 Non.
2832 1553 3101 1610 Ssprsus.
3171 1555 3337 1627 Moysi
3394 1558 3692 1627 propheta.
3752 1561 3817 1616 Et

2238 1642 2374 1709 apud
2402 1643 2666 1712 Ancyram
2700 1644 2921 1700 Galatia:
2954 1658 3258 1701 sanctorqu
3293 1660 3607 1720 martyrum,
3650 1653 3813 1709 trium

1792 1728 2022 1783 EDITIO
2064 1729 2578 1791 BOLLxNDIANA.

540 1825 629 1893 qui
682 1834 803 1901 post
843 1824 1150 1901 multiplicia
1190 1835 1257 1877 ac
1292 1838 1429 1901 satva
1480 1831 1738 1875 tormenta
1772 1822 1891 1901 igni
1944 1822 2118 1901 traditi
2160 1835 2201 1892 Β
2232 1827 2467 1901 Adriano
2493 1829 2812 1901 imperatore
2835 1843 2898 1882 ac
2934 1828 3109 1901 judice
3159 1830 3384 1901 Beryllo.
3420 1833 3502 1896 Ι...
3537 1833 3590 1887 In
3633 1836 3808 1894 Sicilia

545 1892 691 1948 sunt.
741 1896 792 1948 In
843 1895 1146 1948 Nicomedia
1189 1897 1366 1949 natale
1417 1905 1716 1946 sauciorum
1766 1892 2016 1955 Gorgonii
2068 1901 2124 1944 et

538 1964 850 2021 Tlieodotac.
907 1969 973 2018 A.
1018 1966 1081 2019 Τ.
1131 1966 1190 2019 ι..
1228 1967 1309 2024 Β..
1361 1964 1557 2017 Eodem
1603 1964 1687 2015 die
1717 1962 1774 2016 S.
1803 1964 1829 1992 ⁴¹
1870 1961 2121 2013 Antonini

539 2044 805 2106 martyris.
838 2039 901 2088 A.
932 2036 1018 2096 Β..
1047 2036 1416 2106 Augustuduni
1454 2033 1717 2098 depositio
1854 2030 1880 2068 δ
1913 2032 2122 2106 Syagrii

536 2102 772 2173 episcopi
814 2117 867 2158 et
896 2106 1242 2159 eottleSsuris.
1278 2105 1361 2167 8.,
1408 2105 1462 2156 lu
1504 2104 1819 2156 Alexandria
1854 2102 2121 2173 nataleﬁ.

540 2170 828 2229 Theodori.
857 2176 1095 2241 Lugduni
1122 2176 1384 2242 depositio
1406 2174 1461 2227 S.
1488 2173 1622 2226 .Iusti
1653 2173 1909 2241 episcopi.
1947 2171 2001 2223 In
2029 2170 2123 2223 Ni-

538 2246 777 2298 comedia
820 2247 917 2299 SS.
958 2245 1207 2310 Zenonis,
1241 2245 1515 2314 Gorgonii,
1568 2244 1891 2313 Monolappi,
1944 2242 2123 2297 'l‘neo-

539 2318 679 2369 (lota:
703 2332 823 2369 cum
856 2317 976 2369 liliis
1002 2318 1133 2369 suis.

607 2406 661 2460 ὅ.
694 2439 765 2452 -
796 2408 858 2462 111
886 2407 1085 2461 Nonas.
1120 2407 1282 2461 Vacat
1308 2406 1485 2461 Baeda.

606 2500 666 2553 C.
700 2497 791 2563 νη
821 2505 841 2567 ς
878 2498 1070 2552 Leonis
1101 2509 1154 2553 et
1188 2497 1375 2552 Marini
1409 2499 1797 2555 confessorum.
1829 2498 1885 2553 in
1910 2498 2124 2567 Aquile-

540 2572 623 2633 gia
670 2566 886 2639 Syrieii,
938 2570 1243 2635 Eupltemite
1286 2568 1371 2639 [ν’.
1407 2586 1508 2639 om.
1545 2566 1875 2638 Eupliemitej
1924 2566 1983 2622 et
2009 2569 2129 2622 Ari-

534 2648 675 2695 ston.
715 2636 825 2703 'D.,
886 2640 1066 2693 ltoma:
1121 2636 1301 2693 beata!
1341 2636 1366 2674 ἀ
1420 2638 1695 2709 Serapbia:
1757 2636 1973 2709 virginis
2031 2639 2131 2691 sub

2234 1898 2411 1952 natale
2439 1900 2495 1953 S.
2532 1907 2555 1935 ⁸
2591 1899 2801 1963 Felicis,
2837 1909 2891 1953 et
2918 1900 3057 1966 apud
3090 1898 3389 1957 Stabulans.
3423 1906 3479 1958 S.
3520 1903 3539 1942 ί
3576 1907 3809 1964 ltemacli

2232 1969 2470 2033 episcopi
2523 1968 2873 2038 Tuugrensis.
2926 1970 3011 2033 Β..
3056 1970 3112 2023 In
3163 1973 3479 2028 Alexandria
3531 1980 3706 2032 natale
3749 1982 3809 2035 S.

2235 2046 2260 2083 κ
2287 2039 2548 2109 Aristonis
2581 2040 2847 2107 Episcopi.
2886 2039 2952 2093 Et
2972 2042 3145 2094 natale
3163 2043 3261 2095 SS.
3292 2043 3619 2109 Euplietnize,
3650 2048 3808 2103 Sirici

2233 2120 2285 2161 et
2313 2107 2578 2162 Aristonis
2606 2126 2723 2163 eum
2758 2110 2917 2163 sociis
2959 2126 3166 2165 eorum.
3200 2112 3287 2171 T.,
3318 2107 3498 2169 Natale
3528 2116 3585 2169 S.
3613 2118 3636 2156 ιι
3668 2118 3809 2176 Justi

2233 2178 2429 2251 episco,
2454 2180 2490 2233 i.
2517 2180 2676 2251 T.VA.
2711 2180 2796 2240 Β..
2830 2179 2885 2233 In
2911 2182 3176 2246 provincia
3206 2179 3372 2251 Syriae
3404 2186 3579 2239 natale
3608 2190 3663 2243 S.
3700 2196 3809 2244 An-

2234 2249 2402 2302 tonini
2454 2250 2604 2316 pueri
2638 2251 2653 2287 ¹
2693 2265 2955 2303 annorum
2996 2249 3295 2316 duodecim,
3344 2264 3398 2308 et
3443 2256 3500 2309 S.
3535 2255 3550 2306 ί
3596 2260 3810 2315 Aristaei

2236 2320 2493 2391 episcopi.
2523 2321 2612 2384 T.,
2666 2321 2727 2372 Et
2754 2319 3095 2391 COIIi'CSSOI'iS.
3153 2322 3215 2375 Τ.
3244 2328 3330 2388 Α.,
3366 2325 3429 2378 Et
3455 2326 3716 2391 depositio
3749 2332 3807 2386 S.

2238 2388 2259 2425 ⁸
2297 2391 2629 2457 Euphemus.
2663 2391 2726 2444 Et
2756 2395 2811 2445 S.
2850 2390 3081 2445 Remacli
3115 2394 3281 2459 epise.
3336 2395 3424 2457 A.,
3459 2388 3811 2454 ln‘monaste-

2228 2463 2307 2582 if‘io
2348 2462 2627 2539 Stabulaus
2655 2461 2921 2529 depositio
2970 2463 3027 2519 S.
3059 2463 3188 2515 Rem
3224 2464 3288 2517 cl;
3320 2467 3554 2535 episcopi
3596 2479 3651 2523 et
3677 2486 3811 2527 eon-

2256 2546 2471 2582 essons.

2256 2546 2471 2583 85$0l‘l5.

2304 2624 2355 2677 4.
2384 2654 2449 2665 -—
2476 2624 2510 2677 ll
2543 2623 2673 2678 Nos.
2705 2623 2868 2677 Vacat
2895 2625 3068 2678 Baeda.

1927 2725 2138 2781 SMlTll
2180 2718 2411 2776 NOTJE.

606 2828 631 2856 ι
666 2819 926 2870 Antonini.
977 2817 1076 2883 Qui
1124 2816 1266 2888 apud
1313 2817 1588 2885 Apamiam
1633 2817 1886 2882 Oppidum
1940 2818 2112 2888 Syria:

536 2904 723 2956 passus
750 2899 871 2940 est:
919 2896 973 2939 et
1002 2904 1123 2940 cum
1172 2887 1360 2939 eodem
1405 2888 1601 2952 oppido
1646 2889 1907 2941 oriundus
1935 2898 2105 2955 esset,

535 2968 588 3011 et
617 2956 682 3011 ad
726 2960 1122 3026 presbyteratus
1150 2958 1392 3010 ordinem
1421 2957 1774 3019 ascendisset,
1825 2959 1947 3011 inde
1987 2974 2106 3014 ver-

2221 2812 2416 2869 Sabina
2458 2808 2512 2864 in
2542 2822 2639 2863 suo
2678 2814 3024 2859 monumento
3076 2805 3225 2875 juxta
3273 2821 3448 2862 aream
3502 2806 3799 2867 Vind‘ciaui

2221 2884 2428 2952 sepulta
2453 2898 2488 2952 ;7
2518 2878 2610 2932 sed
2641 2879 2896 2952 memoria
2928 2874 3092 2952 ipsius
3138 2878 3373 2946 martyrii
3418 2878 3515 2952 hac
3542 2881 3625 2934 die
3651 2884 3795 2937 cele-

2221 2946 2369 3010 brior
2411 2951 2656 3012 habetur,
2705 2948 2917 3014 quando
2969 2946 3243 3018 ambarum
3296 2949 3673 3018 sareupliagnui
3722 2953 3795 3008 ibi

541 3017 1312 3080 l-umDomini-dissemiuando
1336 3027 1611 3095 processit.
1647 3017 1912 3083 Reversus
1934 3041 2111 3085 autem
2143 3037 2189 3098 ο
2220 3023 2575 3098 (ξοηιυοξίιιψι
2605 3028 2659 3072 ει
2684 3032 2929 3098 "malum
2957 3018 3073 3076 Γυίιο
3107 3026 3161 3070 ει
3182 3017 3337 3098 ἔρευέ
3360 3017 3650 3098 ευηάικιὶξιβ
3669 3038 3795 3072 οη-

539 3099 817 3167 Apamiam
845 3106 897 3151 et
933 3099 1155 3167 gentiles
1206 3099 1539 3165 impugnans,
1597 3100 1907 3167 martyrium
1958 3116 2112 3153 suum

540 3168 1085 3237 lideliliusipradixit.
1141 3167 1330 3237 Verum
1362 3171 1487 3221 dum
1520 3167 1632 3220 loca
1662 3183 1813 3223 sacra
1842 3184 1962 3223 cum
1994 3170 2116 3237 qui-

537 3238 755 3291 busdam
784 3236 1101 3291 Christianis
1135 3236 1396 3304 visitaret,
1442 3248 1496 3292 et
1526 3241 1592 3290 ab
1613 3240 1690 3292 eis
1720 3236 2109 3306 aliquantulum

536 3309 861 3374 divertisset,
906 3323 936 3362 a
969 3310 1187 3376 paganis
1232 3317 1406 3363 lentus
1435 3318 1487 3362 et
1509 3308 1664 3377 juxta
1696 3310 1898 3365 ﬂumen
1931 3313 1997 3364 ad
2027 3326 2113 3364 ra-

534 3378 681 3448 dices
734 3382 930 3432 montis
997 3379 1237 3448 Apamia:
1300 3378 1593 3433 decurrens
1650 3379 1949 3435 decollatus
2012 3390 2111 3435 cst.

535 3447 700 3519 Pera.
736 3465 801 3502 ne
833 3447 1056 3503 ΝΑτΑι..
1085 3448 1134 3503 Is
1166 3466 1269 3503 non
1298 3450 1539 3502 diversus
1564 3449 1768 3504 videtur
1816 3450 1884 3504 ab
1917 3464 1981 3505 eo
2026 3452 2114 3519 qui

534 3514 733 3590 Panum
788 3522 838 3571 iu
887 3520 1166 3590 Aquitania
1221 3520 1557 3590 passushae
1602 3521 1689 3574 die
1737 3521 1789 3575 iu
1840 3514 2113 3590 Martyrol.

534 3586 687 3643 Rom.
721 3586 965 3643 relertur}
1022 3588 1301 3644 Ferrarius
1343 3589 1502 3644 ltodie
1552 3591 1604 3643 iu
1643 3590 1795 3646 Notis
1842 3591 1908 3644 ad
1940 3586 2112 3646 Catal.

533 3659 730 3711 (letter.

610 3726 898 3807 bﬁyagrii.
954 3728 1029 3784 De
1083 3733 1180 3783 hoc
1225 3742 1384 3797 supra
1433 3729 1607 3799 agitur
1667 3729 1756 3784 die
1805 3747 1947 3786 xxvii
2002 3734 2113 3787 Au-

531 3811 693 3867 gtistl.

610 3879 631 3906 ε
670 3867 850 3921 Leonis
879 3878 924 3921 et
954 3867 1162 3922 Marini.
1188 3868 1284 3935 Qui
1316 3874 1366 3924 in
1396 3869 1612 3924 civitate
1640 3872 1964 3927 Ariminensi
1995 3872 2106 3927 cla~

534 3948 754 3992 ruerunt
797 3948 1037 4011 tempore
1088 3939 1397 3995 Diocletiani
1425 3951 1478 3994 et
1511 3940 1831 3996 Maximiani.
1874 3943 1974 4011 Qui
2006 3947 2108 3997 im-

534 4020 804 4077 peratores
834 4010 957 4064 dum
989 4026 1052 4065 ex
1082 4014 1225 4063 omni
1254 4023 1403 4078 parte
1423 4012 1753 4066 diversarum
1782 4010 1973 4067 artium
1998 4030 2109 4068 ma-

530 4080 725 4146 gistros
754 4092 806 4135 et
836 4084 1107 4147 operarios
1157 4094 1544 4150 congregarent
1585 4082 1651 4136 ad
1682 4084 2108 4139 remdilicantlam

532 4151 927 4206 Ariminensem
960 4155 1254 4215 civitatem,
1287 4152 1509 4220 contigit
1540 4163 1595 4206 ut
1617 4168 1681 4206 ex
1715 4154 1971 4209 Dalmatia
1996 4155 2104 4209 duo

532 4221 769 4292 magistri
799 4222 1149 4292 dolandorum
1183 4223 1435 4291 lapidum,
1490 4223 1594 4276 vid.
1623 4222 1729 4277 Leo
1757 4234 1809 4276 et
1840 4225 2102 4292 Marinus,

532 4288 1186 4361 Christiani,advenirent.
1235 4288 1299 4344 lli
1330 4293 1699 4359 praefectorum
1742 4293 1896 4361 jussu
1947 4288 2107 4349 Curi;

532 4360 736 4412 stiauos
767 4360 977 4427 injustis
1009 4362 1328 4429 ponderibus
1359 4374 1605 4415 oneratos
1633 4360 1959 4429 spec-tantes,
2010 4382 2103 4420 eos

532 4439 813 4494 tmperunt
866 4433 914 4482 in
969 4432 1237 4484 laboribus
1284 4432 1394 4483 suis
1432 4433 1724 4499 adjuvare,
1767 4444 1819 4486 et
1871 4434 2102 4488 Marinus

532 4500 661 4551 emit
700 4501 921 4553 asellum
949 4541 963 4562 ,
1015 4501 1102 4568 qui
1131 4500 1377 4553 fratribus
1417 4500 1468 4553 iu
1516 4503 1780 4569 lapidibus
1828 4508 2101 4570 portandis

534 4570 859 4625 subveniret.
898 4570 1021 4624 Post
1050 4586 1221 4625 annos
1247 4582 1421 4624 autem
1456 4582 1563 4625 tres
1588 4574 1694 4625 Leo
1726 4575 1775 4626 in
1800 4586 1979 4627 monte
2006 4576 2106 4629 Fe-

530 4641 703 4693 liciani
737 4642 837 4694 sibi
864 4642 1049 4694 cellam
1084 4644 1376 4699 constituit.
1410 4652 1461 4695 ct
1493 4651 1650 4696 vitam
1674 4645 2101 4700 anachoreticam

2224 3097 2381 3149 tionis
2412 3091 2704 3144 dedicatus.
2751 3088 2948 3143 Sumus
3000 3098 3129 3142 tom.
3182 3087 3244 3153 V,
3290 3088 3454 3144 Perit.
3486 3106 3553 3144 bs
3584 3093 3788 3149 Νιτλι..

2226 3166 2355 3219 Vide
2384 3180 2434 3217 tv
2460 3162 2573 3215 Kal.
2610 3163 2746 3228 Aug.

2296 3246 2319 3273 ο
2356 3233 2567 3287 Felicis.
2600 3230 2671 3284 De
2702 3232 2804 3284 hoc
2832 3229 2989 3283 etiam
3019 3228 3189 3297 pridie
3215 3230 3297 3297 agi
3328 3229 3552 3285 videtur.

2298 3304 2317 3345 ί
2351 3302 2600 3357 Remacli.
2639 3301 2732 3354 llic
2777 3300 2828 3352 in
2880 3300 3158 3367 Aquitania
3192 3300 3352 3354 nobili
3382 3316 3573 3370 genere
3614 3311 3795 3370 natus,

2220 3378 2319 3431 sub
2364 3376 2423 3430 S.
2465 3372 2692 3441 Sulpitio
2740 3370 3060 3425 Bituricensi
3108 3373 3362 3439 episcopo
3408 3373 3682 3434 educatus,
3734 3376 3798 3431 S.

2222 3446 2393 3517 Eligio
2439 3444 2637 3517 deinde
2684 3441 3089 3517 commendatus
3129 3452 3182 3494 et
3328 3443 3416 3495 illo
3458 3445 3691 3517 Sulemui
3726 3462 3795 3499 eo

2221 3512 2547 3570 ntoitaSterio
2581 3513 2882 3581 prinlectus,
2936 3512 3068 3564 adeo
3101 3513 3383 3564 virtutibus
3415 3515 3684 3577 excelluit,
3731 3528 3792 3570 ut

2221 3599 2341 3656 post
2390 3585 2779 3656 abdicationem
2800 3581 3188 3656 _S.‘Amandi,
3235 3597 3334 3656 an;
3356 3581 3481 3646 652,
3510 3586 3795 3653 episcOpus

2218 3651 2563 3711 consecratus
2608 3653 2772 3707 fuerit
2800 3651 3157 3721 Trajecteusis
3209 3663 3262 3706 et
3293 3651 3637 3721 Tuugrensis.
3686 3656 3795 3709 Po-

2258 3729 2373 3782 ulos
2413 3727 2617 3793 optime
2645 3724 2783 3777 rexit
2814 3740 2824 3774 :
2850 3724 3105 3776 ecclesias
3146 3723 3361 3777 nomine
3391 3726 3449 3778 S.
3478 3725 3690 3792 Sulpitii
3738 3730 3792 3781 in

2258 3743 2373 3782 UIOS
2413 3743 2617 3793 optime
2645 3743 2783 3777 rexit
2814 3743 2824 3774 ξ
2850 3743 3105 3776 θεοιθδικδ
3146 3743 3361 3777 1101111118
3391 3743 3449 3778 δ.
3478 3743 3690 3792 δυιριιιι
3738 3743 3792 3781 In

2220 3743 2503 3853 Eeodiensi
2537 3793 2754 3850 dioecesi
2781 3794 2997 3855 dicavit,
3029 3803 3081 3844 et
3113 3795 3431 3846 monaSIeria
3462 3796 3565 3847 duo
3588 3796 3792 3850 Stabu-

2221 3868 2382 3923 letum
2412 3877 2465 3921 et
2492 3866 2955 3936 Melmundarium,
2989 3863 3039 3915 in
3079 3864 3263 3918 eadem
3298 3863 3513 3918 dioecesi
3556 3866 3791 3936 Sigiber-

2222 3950 2304 3994 tus
2336 3954 2427 3993 rex
2460 3939 2625 4005 ipsius
2654 3935 2862 3988 hortatu
2908 3936 3245 3997 construxit;
3287 3946 3340 3988 et
3369 3938 3576 3989 tandem
3604 3935 3634 3989 ά
3666 3952 3788 4001 rege

2219 4009 2519 4077 impetravit
2544 4016 2602 4061 ut
2632 4007 2941 4077 relinquens
2971 4017 3333 4077 successorem
3359 4015 3473 4071 post
3499 4022 3556 4061 se
3583 4008 3632 4060 in
3659 4008 3789 4062 sede

2218 4076 2524 4148 pontiﬁcali,
2556 4079 2607 4131 in
2638 4076 2974 4131 Stabuletum
3006 4076 3471 4148 tuunasteriuui_§e
3496 4078 3780 4143 reciperet,

2218 4142 2304 4203 ubi
2332 4142 2634 4217 obiit;'quo
2680 4160 3017 4217 veroranno,
3067 4145 3347 4217 incertum.
3392 4142 3779 4211 Heusctienius,

2219 4220 2271 4272 in
2320 4216 2618 4274 Comment.
2672 4218 2737 4269 ad
2796 4216 2965 4270 Vitam
3010 4216 3257 4281 Sigiberti
3304 4219 3459 4283 regis.
3512 4226 3645 4271 sect.
3697 4218 3785 4281 l0,

2215 4292 2355 4344 diei
2395 4289 2554 4344 Febr.
2606 4288 2858 4341 Remaclo
2905 4287 3239 4353 pouttlieatus
3282 4288 3632 4355 Trajeeteusi.
3677 4303 3711 4341 n
3738 4307 3784 4341 on

2217 4362 2459 4414 invalidis
2483 4360 2741 4413 adduetus
2786 4360 3122 4427 argumentis
3154 4356 3338 4411 tribuit
3376 4374 3541 4411 annos
3574 4360 3786 4412 decem.

2132 4418 2181 4476 D
2211 4431 2393 4486 Auuos
2428 4433 2706 4484 minimum
2737 4418 3125 4480 tliiti§5tabulaii
3150 4428 3421 4480 solitarius
3451 4431 3787 4495 supervixit;

2216 4502 2353 4555 unde
2406 4516 2549 4555 anno
2605 4500 2817 4553 circiter
2848 4495 2953 4552 661
3002 4496 3119 4565 ejus
3177 4498 3381 4551 obium
3432 4500 3783 4553 collocamus.

2206 4570 2411 4641 Corpus
2439 4572 2558 4641 ejus
2584 4570 2849 4639 sepultum
2876 4577 2959 4641 est
3002 4569 3051 4619 iu
3094 4569 3317 4621 ecclesia
3350 4585 3441 4622 seu
3468 4572 3698 4641 oratorio
3722 4570 3782 4626 S.

2214 4638 2446 4707 Martini,
2470 4638 2615 4695 sicut
2638 4638 2895 4709 Notgerus
2922 4638 3320 4709 llarigerusque
3352 4650 3627 4693 testantur.
3670 4640 3786 4694 Vita

2207 4714 2323 4777 ejus
2364 4715 2581 4781 legenda
2610 4708 2776 4766 estet
2823 4711 2959 4781 apud
3004 4708 3237 4774 Suriutu,
3281 4718 3409 4763 tom.
3448 4712 3503 4773 \',
3548 4721 3603 4763 et
3643 4713 3783 4781 apud

2209 4780 2505 4845 Mabilloiu,
2534 4797 2642 4836 sec.
2676 4796 2732 4844 tt,
2764 4781 2881 4833 Act.
2911 4780 3039 4833 Ben.

2277 4861 2302 4899 ι
2330 4854 2598 4908 Aristonis.
2627 4853 2777 4921 Apud
2823 4848 2869 4903 Η
2892 4848 3130 4920 erouymi
3162 4848 3431 4920 Mai-tyrol.
3466 4852 3547 4906 hic
3590 4852 3784 4906 scribi-

2207 4932 2290 4991 tur
2320 4926 2713 4991 Aristonippus.

2276 4990 2484 5049 hlaro“.
2529 4990 2732 5047 Forsan
2784 4992 2870 5046 hic
2918 4993 3056 5046 idem
3090 4999 3170 5046 est
3219 5006 3340 5045 eum
3384 5006 3447 5047 eo
3489 4993 3578 5062 qui
3610 4992 3782 5062 pridie

2204 5064 2415 5130 co'itur,
2452 5065 2805 5131 Lugdunense
2830 5064 3104 5131 episcopo.

2283 5145 2297 5172 ι
2330 5137 2595 5189 Annorum
2628 5136 2893 5187 duodecim
2920 5136 2971 5186 in
3006 5135 3122 5187 sulo
3153 5134 3212 5186 li.

533 4712 722 4776 duxit;
774 4712 1007 4765 Marinus
1052 4712 1233 4779 etiam,
1284 4714 1550 4779 completo
1593 4714 1824 4768 civitatis
1855 4715 2101 4783 aedilicio,

530 4783 594 4832 ad
629 4785 787 4834 imum
840 4794 1073 4836 montem
1126 4784 1374 4836 Titanum
1424 4800 1482 4838 se
1534 4784 1585 4837 in
1637 4787 1769 4838 cella
1798 4787 2100 4842 absenttdtt.

531 4850 859 4923 Gaudentius
890 4869 1016 4923 vero
1045 4852 1326 4923 episcopus
1367 4852 1725 4909 Ariminensis
1755 4856 1931 4910 audita
1965 4860 2101 4911 l'ama

528 4924 626 4973 SS.
662 4921 853 4975 Leonis
883 4932 935 4975 et
966 4921 1174 4987 Marini,
1204 4939 1298 4977 eos
1327 4928 1391 4976 ad
1430 4939 1487 4979 se
1530 4928 1831 4993 accersivit,
1881 4936 1935 4980 et
1966 4926 2103 4981 Leo—

528 5006 649 5044 nem
683 4995 732 5044 iu
767 4995 1173 5061 presbyterum,
1225 4993 1481 5047 Marinum
1528 4996 1579 5048 in
1629 4996 1909 5049 diaconum
1958 4999 2101 5049 ordi-

528 5066 692 5116 navit.
727 5063 957 5116 Marinus
999 5064 1050 5117 in
1095 5065 1223 5117 cella
1266 5079 1357 5116 sua
1410 5066 1687 5129 remansit,
1739 5065 1910 5121 donec
1957 5083 2100 5122 anno

528 5130 634 5184 23'!
686 5132 914 5197 obierit;
967 5136 1307 5201 sepultusque
1351 5145 1431 5188 est
1478 5136 1530 5189 in
1571 5140 1756 5190 eadem
1810 5137 1861 5191 in
1908 5136 2100 5193 Titano

532 5214 732 5273 monte,
766 5202 854 5272 qui
900 5214 1120 5257 vocatur
1153 5206 1307 5258 l’aena
1336 5203 1544 5258 Marini.
1578 5206 1739 5259 Pera.
1768 5221 1835 5262 os
1862 5206 2094 5273 Nnu..,

525 5272 618 5396 quli
644 5290 740 5397 ι«ξοδ
772 5288 872 5327 una
912 5288 1034 5328 cum
1075 5276 1303 5331 Barouio
1342 5278 1393 5329 iu
1431 5276 1806 5347 Martyrologio
1845 5272 2100 5347 postridie

525 5357 640 5397 cee
681 5356 778 5397 rat.

525 5356 778 5398 celebrat.

531 5480 541 5491 _
597 5414 626 5455 ἀ
654 5413 937 5491 semp/litt.
972 5416 1099 5491 Qum
1127 5430 1249 5473 cum
1271 5425 1411 5491 esset
1442 5417 1630 5491 tradita
1654 5416 1861 5472 duobus
1887 5418 2100 5474 lascivis

523 5488 831 5551 juvenibus,
874 5496 929 5538 et
957 5490 1174 5541 minime
1207 5488 1467 5556 posuisset
1497 5488 1663 5553 illudi,
1718 5503 1815 5543 nec
1848 5501 2090 5557 postmo-

527 5556 1014 5628 dumardentibus
1066 5559 1266 5611 lacibus
1310 5558 1667 5622 inﬂammari,
1714 5556 1864 5628 jussu
1919 5562 2097 5614 Berilli

527 5623 720 5697 judieis
752 5624 974 5678 fustibus
1001 5642 1162 5689 exesa,
1211 5629 1405 5684 dehinc
1453 5632 1629 5697 gladio
1676 5623 1937 5684 decollata
1988 5640 2094 5684 est.

527 5692 686 5746 l'assa
727 5705 805 5747 est
856 5708 1031 5751 autem
1076 5710 1264 5766 quarto
1311 5692 1574 5754 Kalendas
1618 5700 1856 5770 Augusti,
1901 5707 1953 5754 et
1982 5716 2009 5753 a
2037 5700 2092 5756 Β.

2279 5206 2292 5255 i
2330 5208 2554 5260 Aristai.
2596 5208 2712 5259 Ado
2742 5215 2795 5258 et
2829 5206 3120 5269 Usuardus,
3170 5204 3259 5272 qui
3290 5204 3358 5259 de
3389 5205 3470 5260 his
3500 5216 3655 5274 agunt
3682 5207 3782 5261 liae

2203 5276 2312 5340 die,
2341 5277 2528 5331 horum
2558 5278 2689 5331 Acta
2721 5286 2933 5329 exstare
2958 5287 3237 5337 testantur,
3271 5277 3364 5329 sed
3394 5278 3651 5331 excidisse
3682 5293 3778 5345 pu-

2206 5355 2398 5413 tamus,
2428 5346 2859 5416 quandoquidem
2911 5362 3008 5399 uee
3049 5347 3098 5398 in
3130 5360 3225 5399 sna
3275 5348 3509 5415 ipsorum
3544 5348 3779 5402 Ecclesia

2203 5421 2577 5482 reperiuntur;
2614 5418 2724 5481 ubi,
2758 5418 2963 5470 omisso
2994 5418 3242 5479 Arntmo,
3287 5428 3485 5471 tantum
3513 5419 3579 5471 de
3610 5423 3778 5471 Anto-

2202 5489 2330 5539 nino
2355 5487 2437 5556 agi
2472 5488 2767 5556 reperimus
2798 5486 2853 5540 in
2883 5486 3001 5557 ejus
3034 5488 3304 5540 Breviario
3332 5504 3347 5552 ;
3386 5489 3505 5541 hinc
3533 5490 3777 5541 ducimur

2203 5558 2509 5627 conjectura
2543 5561 2612 5613 ob
2643 5562 2946 5613 innumeias
2978 5558 3240 5613 bellorum
3288 5559 3466 5613 clades
3508 5560 3648 5613 illius
3681 5560 3752 5613 Ec

2202 5627 2381 5698 clegsite
2400 5642 2740 5683 monumenta
2756 5644 2876 5683 esse
2897 5629 3194 5698 deperdita.
3219 5630 3507 5697 Bastarnas,
3538 5630 3589 5683 in
3615 5632 3758 5683 notis

2275 5697 2301 5737 ¹ι
2326 5697 2647 5770 Euphcmiw.
2693 5697 2985 5770 Eupliemia
3028 5703 3267 5770 quaedam
3304 5704 3416 5769 luit,
3457 5716 3574 5771 qum
3619 5703 3755 5771 Aqui
