4110 6530
294 438 427 492 1035

1401 433 1597 489 SECT.
1644 430 1705 483 ll.
1750 456 1815 467 -—
1856 414 2412 477 MARTVROLOGIA.

3420 410 3555 465 IDEM

1530 521 1757 578 EDITIO
1793 509 2269 573 I.20l.0.\'lENSlS.

289 631 595 683 puerorum,
660 614 857 679 Rufini,
910 613 1127 686 Sylvani
1174 624 1229 668 et
1288 613 1549 668 Vitalic.c.
1608 612 1867 665 Cabiloue
1894 612 1941 668 Α
1974 606 2112 659 uina:
2142 602 2287 655 urbis
2311 598 2641 668 adipiscitur.
2675 597 2799 651 Inde
2831 597 3169 666 postmodum
3191 597 3289 652 sub
3317 597 3551 666 impera-

291 708 465 761 natale
494 709 662 761 sancti
706 706 969 772 Marcelli,
998 708 1088 776 qui
1123 706 1221 760 sub
1250 705 1522 760 Antonino
1549 705 1873 772 imperatore

290 816 388 867 per
436 800 674 854 Priscum
709 799 992 868 prmsidem
1048 813 1256 867 passus,
1317 800 1458 852 hunc
1508 796 1874 851 immolrntem

292 892 398 945 diis
426 890 537 944 suis
565 890 807 944 incurrit.
842 890 1083 959 Cumque
1110 891 1176 942 ab
1205 904 1272 945 eo
1301 889 1365 942 ad
1398 888 1702 942 convivium
1742 900 1869 955 pro-

298 981 473 1035 fanum
506 979 685 1035 fuisset
715 980 989 1050 invitatus,
1019 989 1072 1035 et
1096 980 1401 1047 hujusmodi
1423 991 1712 1034 exsecraris
1737 990 1872 1044 epu-

296 1071 597 1133 las,omnes
623 1070 711 1137 qui
744 1073 988 1135 aderant,
1019 1086 1115 1123 cur
1138 1071 1295 1126 idolis
1320 1069 1678 1129 deservirent,
1708 1066 1878 1120 libera

301 1160 666 1228 increpatione
696 1162 1011 1229 corriperet,
1046 1161 1290 1216 inaudito
1330 1161 1659 1216 crudelitatis
1682 1172 1881 1230 genere

292 1251 470 1307 defodi
523 1267 645 1305 eum
686 1254 896 1319 cingqu
949 1264 1101 1307 tenus
1149 1262 1389 1307 erectum
1444 1267 1643 1321 praeses
1694 1250 1879 1319 jussit.

297 1346 491 1413 Sicque
518 1354 733 1398 sanctus
764 1345 854 1399 Dei
905 1360 1109 1415 martyr
1154 1347 1331 1400 triduo
1385 1347 1435 1399 in
1488 1344 1734 1399 laudibus
1783 1343 1876 1397 Dei

295 1436 678 1503 omnipotentis
709 1451 1080 1506 perseverans,
1124 1438 1602 1493 incontaminatum
1633 1436 1881 1507 spiritum

299 1530 551 1585 reddidit.

369 1623 434 1678 G.
475 1623 606 1677 Nos.
644 1624 919 1679 Serrana.
962 1624 1016 1676 In
1049 1622 1357 1677 suburbano
1388 1621 1576 1675 Romae
1606 1620 1745 1674 beati
1782 1619 1878 1673 Vi-

296 1713 486 1767 ctorini
516 1715 762 1781 martyris
783 1755 796 1778 ,
830 1715 917 1782 qui
949 1714 1075 1766 dum
1117 1712 1448 1766 eremiticam
1497 1709 1658 1764 vitam
1709 1709 1868 1763 duce-

298 1812 401 1867 ret,
435 1804 633 1859 diaboli
665 1805 1007 1860 suasionibus
1033 1815 1114 1859 est
1147 1806 1347 1873 lapsus,
1377 1802 1470 1859 sed
1518 1817 1612 1871 per
1641 1802 1730 1855 Dei
1764 1813 1886 1870 gra-

300 1895 426 1949 tiam
457 1904 826 1963 recuperatos,
873 1906 926 1951 et
960 1904 1141 1964 postea
1194 1894 1553 1951 sacerdotium
1609 1892 1881 1946 Amiuter-

1976 704 2095 750 tore
2121 693 2312 749 Nerva,
2347 704 2468 742 cum
2501 688 2622 742 aliis
2650 688 2739 741 Dei
2766 688 2958 757 servis,
3012 687 3197 744 Eutice
3225 698 3279 744 et
3321 688 3553 745 Marona:

1978 787 2046 840 ab
2073 785 2361 840 Aureliano
2406 780 2583 849 judice
2617 782 2787 847 primo
2818 782 3085 852 relegatur
3117 782 3258 850 apud
3304 799 3427 838 eum
3477 785 3554 838 lo-

1979 891 2122 940 cum,
2155 874 2241 929 nbi
2273 882 2521 942 potentes
2550 885 2700 940 aqua:
2728 881 2782 926 et
2826 873 3132 940 sulphurea:
3163 885 3415 931 emanant
3443 894 3455 930 :
3506 879 3559 932 in

1981 968 2110 1037 ipsis
2129 967 2301 1035 capite
2330 965 2578 1019 deorsum
2610 978 2702 1032 per
2730 971 2840 1018 tres
2870 964 3029 1018 horas
3058 966 3316 1036 suspendi
3342 968 3546 1036 jussus,

1982 1072 2036 1115 et
2064 1060 2229 1114 teneri
2273 1059 2342 1113 ab
2370 1058 2532 1127 irnpin
2570 1057 2747 1126 judice
2778 1059 2953 1124 jussus
2980 1068 3079 1113 est.
3112 1060 3265 1126 Quod
3297 1076 3417 1116 cum
3462 1077 3561 1131 per

1985 1164 2019 1208 tr
2034 1154 2216 1207 iduum
2251 1166 2345 1220 pro
2370 1150 2584 1205 nomine
2624 1149 2820 1205 Christi
2854 1165 3040 1219 passus
3081 1152 3291 1218 fuisset,
3322 1155 3556 1224 gloriose

1984 1255 2267 1302 coronatus
2297 1245 2465 1299 victor
2496 1245 2738 1313 migravit
2769 1244 2833 1297 ad
2885 1244 3186 1300 Dominum.
3236 1246 3400 1315 Cujus
3433 1263 3558 1303 cor-

1986 1353 2083 1408 pus
2112 1338 2546 1391 Aminternenses
2563 1336 2738 1403 populi
2770 1337 3059 1405 rapientes,
3085 1339 3435 1393 honorificam
3466 1356 3557 1396 se-

1988 1428 2199 1498 pultura
2230 1427 2608 1482 condiderunt.
2663 1426 2847 1480 liomre
2878 1428 3049 1481 sancti
3081 1429 3382 1485 llerculiaui
3417 1448 3560 1487 mar—

1990 1521 2140 1589 tyris.
2188 1520 2384 1587 Capua:
2416 1529 2725 1572 sanctorum
2768 1519 2968 1587 Quinti,
3004 1521 3239 1578 Arcontii
3267 1533 3320 1578 et
3354 1525 3565 1592 Donati,

1989 1610 2228 1672 Taurini,
2283 1609 2453 1675 Nimpi
2508 1617 2561 1661 et
2612 1608 2906 1672 Saturnini,
2949 1623 3003 1663 et
3051 1610 3315 1680 depositio
3364 1616 3561 1685 Ingenii

1989 1701 2248 1771 episcopi.

2063 1792 2123 1846 D.
2171 1791 2281 1845 VIII
2318 1791 2437 1844 Inus
2493 1789 2767 1843 Serrane.
2823 1789 3095 1845 lacuaria:
3155 1794 3450 1863 prophetat.
3508 1796 3575 1852 Et

1992 1884 2167 1938 natale
2213 1881 2355 1935 beati
2398 1879 2740 1948 Onesiphori,
2773 1882 3138 1950 apostolorum
3188 1882 3456 1955 discipuli,
3498 1888 3570 1944 de

1547 2005 1778 2060 EDITIO
1818 1991 2322 2056 BOLLANDIANA.

376 2096 567 2151 Florus
598 2098 650 2151 in
689 2100 753 2153 A.
779 2098 843 2153 Τ.
875 2099 932 2153 L.
962 2116 976 2152 :
1010 2099 1063 2153 In
1103 2096 1297 2163 Gallia,
1346 2098 1563 2153 civitate
1604 2094 1888 2151 Cavalonis
1921 2095 1967 2155 Β
1996 2088 2119 2140 liam
2151 2084 2249 2138 sub
2281 2082 2507 2152 prCCSide
2549 2081 2814 2150 Crispino.
2860 2082 3060 2139 Eodem
3093 2084 3181 2142 die
3211 2087 3476 2157 depasitio
3505 2096 3566 2151 S.

305 2194 481 2248 natale
524 2193 581 2249 S.
626 2202 650 2229 τι
687 2195 922 2248 Marcelli
983 2197 1232 2266 martyris
1259 2237 1274 2259 ,
1335 2195 1422 2263 qui
1472 2194 1758 2248 virtutibus
1799 2207 1890 2247 coo

309 2300 533 2340 ruscans
561 2294 613 2339 et
642 2284 695 2339 in
731 2284 1070 2340 confessione
1119 2285 1327 2339 Domini
1378 2293 1683 2339 constanter
1710 2298 1890 2354 perse-

310 2390 526 2441 verans,
558 2384 799 2445 tempore
839 2376 1091 2431 Antonini
1123 2377 1223 2431 sub
1253 2376 1440 2431 Prisco
1486 2375 1732 2444 praeside,
1774 2390 1889 2432 me-

306 2465 429 2519 dius
458 2467 511 2519 in
545 2475 683 2521 terra
727 2468 902 2522 fossus
932 2468 1328 2522 consummavit
1354 2466 1692 2538 martyrium.

386 2558 444 2611 Β.
479 2558 544 2611 V.
577 2558 639 2611 Τ.
676 2558 739 2614 L.
772 2560 835 2613 C.
864 2578 875 2613 :
903 2558 1086 2614 Romae
1132 2560 1213 2613 via
1263 2559 1470 2614 Salaria
1518 2556 1781 2621 depositio
1824 2556 1883 2611 S.

306 2626 337 2665 ι)
368 2628 621 2681 Bonifacii
650 2632 909 2696 episcopi.
963 2632 1046 2696 D.,
1090 2631 1214 2684 Item
1258 2631 1459 2692 Ilomm,
1489 2630 1546 2683 Β.
1579 2625 1643 2685 C.
1674 2628 1760 2688 V..
1807 2627 1883 2681 Ad

314 2698 373 2751 S.
410 2697 762 2764 Felicitatem,
806 2701 996 2766 Magni,
1041 2702 1204 2765 Casti,
1253 2698 1549 2754 Saturnini.
1584 2700 1669 2762 D.,
1718 2699 1883 2766 Moysi

314 2769 609 2836 prophetia.
643 2772 795 2836 Apud
828 2774 1089 2837 Ancyram
1121 2769 1339 2823 Galatia:
1371 2774 1543 2823 natale
1576 2777 1884 2823 sanctorum

319 2848 609 2906 martyrum
640 2842 796 2893 trium
825 2855 1105 2906 puerorum
1140 2841 1330 2903 Itulini,
1370 2838 1571 2895 Silvani
1612 2849 1665 2893 et
1699 2838 1884 2891 Vitali-

308 2922 414 2980 cm.
439 2909 522 2975 D.,
543 2908 861 2964 Cavellionis
886 2913 1060 2973 passio
1082 2912 1141 2965 S.
1168 2911 1403 2965 Marcelli
1425 2910 1681 2980 episcopi.
1700 2908 1886 2964 Trevi-

307 2979 386 3033 ris
415 2981 592 3034 natale
616 2980 674 3035 S.
703 2990 723 3017 ο
751 2980 952 3034 Paulini
984 2982 1241 3048 episcopi.

384 3067 435 3122 5.
460 3099 526 3108 --
546 3070 728 3126 Noms.
762 3071 924 3127 Vacat
946 3072 1123 3127 Baeda.

385 3158 572 3215 Florus
617 3162 669 3215 in
718 3166 783 3216 A.
816 3172 869 3216 et
895 3163 959 3217 Τ.
988 3181 1002 3217 :
1032 3164 1087 3217 Ιιι
1118 3162 1406 3218 Viennensi
1451 3164 1667 3220 civitate
1713 3163 1889 3232 passio

300 3250 364 3306 S.
390 3254 417 3295 ~1
440 3251 637 3307 Ferioli
683 3255 934 3322 martyris
961 3252 1046 3322 qui
1090 3254 1368 3322 gladialem
1398 3256 1633 3324 suscepit
1670 3262 1889 3309 senten-

2001 2184 2023 2211 °
2048 2177 2241 2232 Bertini
2268 2174 2589 2229 confessoris
2615 2184 2667 2229 et
2690 2175 2958 2241 monachi,
2989 2178 3077 2248 qui
3104 2178 3153 2232 in
3185 2181 3380 2239 divinis
3406 2188 3565 2242 rebus

1997 2268 2229 2336 prudens
2261 2274 2316 2321 et
2364 2265 2416 2321 in
2449 2265 2604 2321 malis
2656 2266 2879 2335 simplex
2930 2268 3215 2326 virtutibus
3259 2275 3452 2334 claruit
3482 2280 3567 2334 di-

1995 2374 2153 2417 \‘lﬂlS.

2066 2477 2127 2553 ν.
2301 2476 2361 2553 Iu_
2402 2485 2555 2553 p_ortu
2606 2474 2845 2553 Romano
2891 2477 3093 2553 Quinti,
3139 2481 3379 2553 Taurini,
3430 2489 3567 2543 Are-

1994 2550 2148 2610 stosi,
2178 2547 2385 2611 Donati,
2422 2547 2715 2609 Saturnini,
2747 2548 2980 2616 Ingenui.
3030 2551 3111 2615 D.,
3148 2553 3331 2609 Romae
3364 2547 3569 2614 natalis

1995 2617 2092 2672 SS.
2119 2618 2336 2671 Taurini
2384 2627 2438 2669 et
2485 2616 2777 2671 Saturnini.
2816 2621 2900 2681 D.,
2938 2620 3121 2673 Roma:
3153 2621 3235 2687 D.,
3265 2624 3282 2661 τ
3314 2626 3566 2685 Victorini

2001 2688 2531 2759 martyriszfuerunt
2573 2696 2749 2759 autem
2781 2688 2885 2741 dtto
2932 2690 3121 2744 fratres
3174 2692 3475 2752 Victorinus
3515 2714 3571 2755 et

1992 2758 2303 2839 _Severirru_s.
2339 2762 2425 2819 A.,
2460 2758 2978 2839 Rommndepositiot!
3010 2761 3263 2839 Bonifacii
3304 2772 3563 2839 episcopi.

1995 2829 2081 2903 ιη,
2116 2828 2168 2903 |_n
2200 2829 2611 2903 ῖίρηηεινραεεῑο
2648 2827 2705 2903 _s.
2755 2829 2969 2903 Ingenui
3019 2832 3282 2903 episcopi.
3322 2827 3568 2894 A.'r.'t..

1998 2901 2082 2974 IL,
2118 2899 2181 2974 In
2204 2900 2383 2974 Capua
2415 2898 2719 2974 Catupanite
2752 2901 2925 2974 natale
2966 2898 3271 2959 sanctorum
3302 2908 3482 2974 Quinti
3514 2924 3568 2965 et

1998 2969 2203 3023 Donati.
2240 2969 2298 3022 Β.
2327 2968 2613 3036 interponit
2642 2970 2869 3021 Arconfi.

2065 3080 2121 3139 6.
2147 3109 2219 3122 —
2245 3080 2357 3135 VIII
2391 3080 2527 3135 Inus.
2558 3079 2832 3135 Zacharize
2864 3084 3159 3153 prophetat.

2070 3183 2289 3263 Ponitur
2320 3183 2653 3263 ult_i_mo_loco
2699 3185 2749 3263 in_
2896 3187 3339 3263 .etAL.,_secundo
3387 3194 3439 3249 in
3479 3198 3571 3263 A.,

2000 3254 2125 3306 alibi
2162 3256 2351 3323 primo.
2387 3255 2471 3320 D.,
2505 3254 2571 3307 Et
2610 3256 2785 3309 natale
2815 3254 2871 3310 S.
2896 3252 2924 3291 ιι
2945 3255 3268 3329 Oncsiphori
3298 3252 3576 3334 aposmlo:

1707 3343 1912 3400 SMITll
1952 3342 2177 3402 NOTAE.

304 3436 425 3489 Ieiaa
454 3447 572 3506 cum
604 3431 893 3506 Dorothea,
924 3430 1117 3506 Thecla
1150 3441 1203 3487 et
1248 3432 1486 3499 Erasma,
1528 3434 1626 3486 sub
1658 3433 1883 3506 _Ne_r_one
1912 3435 1955 3493 C
1991 3433 2130 3501 regis
2153 3449 2240 3487 an.
2275 3433 2353 3487 I5.
2385 3432 2720 3506 VirIe_Vitam
2761 3432 2876 3502 ejus
2922 3434 3117 3489 editam
3151 3437 3287 3506 apud
3322 3438 3561 3494 Mabillo-

303 3512 428 3574 post
458 3504 621 3557 multa
661 3503 919 3569 supplicia
965 3503 1141 3571 gladio
1184 3518 1323 3556 caesa
1354 3512 1455 3566 est,
1498 3512 1553 3557 et
1596 3519 1626 3557 a
1653 3504 1710 3559 S.
1743 3501 1882 3557 Her-

301 3573 523 3642 inagora
550 3576 777 3638 sepulta.
809 3573 911 3627 Sed
944 3590 1009 3626 an
1044 3574 1156 3637 illa,
1189 3574 1339 3640 cujus
1371 3574 1469 3627 hoc
1496 3574 1612 3629 loco
1639 3574 1883 3627 memini-

302 3660 427 3700 mus
456 3644 526 3697 sit
555 3645 740 3697 eadem
773 3657 893 3697 eum
926 3643 1046 3706 hac,
1078 3658 1143 3696 an
1174 3657 1293 3698 cum
1321 3659 1380 3698 ea
1411 3660 1530 3713 qua)
1572 3645 1729 3698 simul
1763 3658 1883 3697 cum

300 3714 503 3771 Siricio
532 3724 583 3767 et
618 3716 868 3767 Aristone
901 3728 1051 3780 passa
1082 3723 1183 3776 est,
1218 3714 1476 3768 incertum
1511 3716 1741 3769 videtur.

386 3785 411 3813 ⁸
438 3784 691 3837 Marcelli.
738 3784 811 3838 De
839 3784 1090 3843 hocvide
1115 3784 1353 3845 Surium,
1388 3795 1517 3838 tom.
1556 3785 1616 3851 V,
1640 3794 1693 3839 et
1723 3784 1884 3854 Greg.

304 3856 543 3917 Turon.,
576 3870 648 3915 ix,
679 3853 735 3920 5,
768 3866 819 3907 et
841 3855 907 3908 de
930 3854 1078 3906 Glor.
1117 3863 1297 3918 mart.,
1332 3854 1420 3907 55.

384 3922 409 3961 δ
439 3923 713 3991 Βοιιὶίιιοὶἱ.
759 3926 812 3978 In
856 3927 1166 3979 C(BItleteI‘iO
1216 3925 1437 3979 Maximi
1483 3925 1700 3994 sepulti,
1728 3924 1886 3994 juxta

302 3994 530 4065 llierqn.
563 3995 831 4065 Martyrol.

391 4076 411 4136 ιῖ
442 4058 670 4136 Paulini.
698 4058 792 4136 :De
834 4066 934 4136 hoc
964 4064 1107 4131 vide,
1148 4079 1331 4131 supra,
1360 4065 1500 4119 diem
1538 4066 1601 4119 5|
1640 4067 1885 4136 Augusti.

386 4134 411 4173 ά
441 4134 653 4188 Ferioli.
695 4133 821 4190 Sive
854 4135 1104 4188 Ferreoli.
1136 4136 1234 4202 Qui
1265 4150 1384 4190 cum
1428 4146 1572 4189 esset
1602 4133 1890 4191 tribu'nitize

313 4208 619 4277 potestatis,
648 4205 799 4275 jussu
827 4206 1055 4273 Crispini
1091 4206 1387 4271 impiissimi
1417 4208 1656 4273 praesidis
1689 4217 1887 4271 tentus,

306 4286 373 4333 ct
401 4278 572 4345 primo
621 4277 994 4330 crudelissime
1040 4277 1373 4341 verberatus,
1404 4279 1597 4330 deinde
1625 4279 1771 4346 gravi
1803 4293 1893 4331 ca-

317 4361 559 4401 tenarum
590 4346 826 4412 pondere
862 4356 1115 4399 oneratus
1171 4347 1220 4399 in
1256 4348 1589 4401 teterrimum
1620 4362 1891 4402 carcerem

313 4428 495 4471 trusus
535 4424 651 4480 est,
684 4416 828 4470 unde
859 4416 1050 4468 solutis
1084 4416 1174 4469 Dei
1225 4425 1355 4469 nutu
1385 4419 1608 4470 vinculis
1636 4428 1688 4471 et
1712 4417 1893 4486 januis

314 4488 547 4541 carceris
581 4486 859 4554 patefactis
892 4486 1100 4548 exiens,
1150 4486 1217 4539 ab
1263 4487 1668 4554 insequentibus
1701 4492 1890 4541 iterum

314 4567 502 4624 captus
533 4568 632 4622 est,
668 4566 721 4609 et
749 4556 991 4625 martyrii
1018 4559 1243 4618 palmam
1271 4558 1460 4623 capitis
1486 4558 1893 4614 obtruncatione

316 4630 581 4697 percepit.
614 4628 771 4697 Bazda
806 4628 976 4696 vulg.,
1021 4625 1251 4681 Usuard.
1287 4638 1338 4679 ct
1371 4629 1505 4690 Ado,
1538 4630 1603 4682 de
1639 4642 1704 4681 eo
1732 4640 1896 4695 agunt

321 4696 389 4751 I8
417 4698 503 4749 die
537 4696 694 4763 huius
728 4699 948 4749 mensis.
987 4697 1112 4764 Ejus
1160 4712 1246 4751 res
1275 4708 1453 4761 pestas
1485 4700 1654 4751 edidit
1683 4700 1888 4761 Surius,

1991 3506 2063 3575 uii
2094 3518 2221 3575 sire.
2256 3520 2333 3566 ut.
2369 3506 2482 3557 Act.
2524 3504 2653 3575 Ben.
2688 3503 2873 3557 Annus
2911 3521 3037 3559 vero
3064 3503 3281 3575 quintus
3324 3510 3568 3565 decimus

1989 3574 2315 3629 Childeberti
2347 3576 2490 3644 regis
2522 3574 2720 3628 rectius
2750 3577 2995 3629 convenit
3035 3574 3157 3631 cum
3200 3594 3340 3631 anno
3367 3579 3565 3634 Christi

1992 3644 2116 3699 701).
2157 3645 2215 3698 S.
2260 3645 2461 3699 Bertini
2501 3646 2785 3698 absconsio
2831 3659 2860 3697 a
2893 3645 3155 3715 Folquino
3183 3650 3381 3702 saeculo
3410 3664 3459 3703 ix
3489 3652 3568 3705 fa-

1989 3726 2070 3769 eta
2104 3715 2546 3785 ἰηεενίιιίιιιτιινιι
2572 3714 2691 3768 Kal.
2736 3716 2982 3785 Augusti,
3012 3714 3245 3771 felevatio
3294 3720 3489 3774 saeculo
3514 3738 3564 3777 ιι

1990 3786 2339 3857 celelirataa
2392 3784 2622 3839 Wrdone
2688 3785 3016 3839 Rhemorutn
3077 3789 3480 3857 archiepiscopo
3517 3807 3566 3846 vr

1992 3856 2168 3910 Nonas
2196 3856 2336 3928 Maii,
2369 3857 2646 3909 translatio
2672 3858 2905 3925 denique
2946 3858 2996 3910 in
3043 3856 3541 3928 thecatn’pretiosio

1993 3940 2105 3979 rem
2126 3927 2333 4050 ἓπιῖιιιὲι
2366 3941 2481 3990 λιιι,
2517 3942 2609 3995 per
2641 3928 2857 3980 Petrum
2900 3928 3226 3983 Morinorum
3257 3927 3567 4000 e’pisc0pum

1993 4011 2097 4050 xvn
2175 4013 2199 4047 a
2228 4035 2243 4049 .
2322 4012 2409 4050 ne.

1992 4011 2097 4050 xvii
2126 4011 2243 4050 nat.
2274 4011 2409 4064 aug.

2070 4064 2089 4104 ί
2128 4068 2398 4137 Victorini.
2445 4066 2748 4120 Victorinus
2788 4076 3011 4137 martyr,
3037 4068 3187 4136 cujus
3220 4071 3383 4124 frater
3415 4072 3574 4129 fuisse

1995 4137 2281 4192 Severinus
2305 4136 2684 4200 Neapolitanus
2716 4136 2959 4197 traditur,
2993 4140 3296 4192 celebratur
3325 4141 3376 4193 iu
3400 4144 3573 4197 omni-

1996 4212 2093 4282 bus
2121 4206 2515 4276 Martyrologiis
2547 4222 2612 4282 xv
2644 4213 2771 4276 Apr.
2796 4209 2861 4282 ad
2892 4211 3069 4282 Aquas
3089 4206 3328 4279 Cutylias
3369 4223 3571 4282 marty-

1996 4278 2421 4351 rio_coronatus,
2448 4276 2589 4351 quod
2619 4291 2739 4332 cum
2792 4278 2887 4351 SS.
2938 4280 3157 4334 Marone
3191 4276 3246 4334 et
3279 4276 3574 4351 Entyclie'te

1997 4348 2056 4403 S.
2082 4349 2318 4403 Flaviani
2350 4348 2668 4419 Domitillam
2694 4349 3016 4402 confirmare
3044 4353 3094 4402 in
3124 4348 3400 4419 proposito
3424 4363 3575 4406 tuen-

1997 4420 2078 4472 (ιω
2106 4418 2428 4487 virginitatis
2478 4417 2813 4474 crederetur.
2861 4420 3032 4487 Atque
3066 4417 3574 4477 hunc‘Amiternini

1998 4490 2291 4544 antistitem
2324 4504 2479 4543 suum
2510 4487 2675 4560 fuisse
2716 4499 2920 4557 putant.
2966 4490 3193 4544 Ilursum
3226 4507 3255 4544 v
3299 4495 3574 4560 Septemb.

1998 4560 2138 4614 idem
2170 4571 2500 4613 memoratur
2549 4560 2599 4613 in
2632 4559 3013 4630 Martyrologio
3063 4562 3303 4614 Romano
3328 4559 3384 4617 et
3429 4564 3573 4630 aliis,

1997 4631 2092 4684 sed
2135 4631 2294 4684 veluti
2344 4631 2613 4695 diversus,
2648 4630 2947 4700 adAAquas
2989 4644 3165 4684 tamen
3206 4632 3446 4700 Cutylias
3477 4636 3578 4688 sub

1998 4701 2170 4754 Nerva
2220 4702 2543 4769 imperatore
2584 4698 2915 4763 interfectus,
2960 4716 3081 4754 cum
3127 4710 3273 4757 esset
3311 4698 3575 4759 Amiterni

319 4767 541 4847 tom._V.
581 4766 655 4847 De
680 4766 1183 4847 ejusntranslatione
1211 4777 1384 4847 exstat
1416 4770 1638 4847 epistola
1688 4770 1893 4847 Sidonii
1927 4787 1976 4847 ι)
2003 4766 2311 4847 episcopus.
2344 4770 2470 4847 Ade
2517 4783 2587 4847 eo
2609 4769 2695 4822 die
2716 4769 2973 4847 Severini
3005 4774 3221 4847 fratrem
3257 4784 3439 4847 vocat;
3480 4774 3575 4847 sed

319 4837 644 4905 Apollinaris
685 4838 750 4889 ad
793 4837 853 4891 8.
903 4836 1239 4902 Mamertutn,
1275 4838 1366 4891 lib.
1411 4854 1502 4899 vit,
1550 4840 1707 4905 epist.
1749 4844 1794 4893 I.
1826 4840 1899 4893 De

314 4912 427 4960 alia
475 4922 663 4960 rursus
716 4907 853 4960 facta
887 4907 1234 4961 translatione
1268 4924 1358 4974 per
1388 4908 1732 4963 thicardum
1787 4912 1899 4977 epi-

317 4992 565 5047 scopum,
614 4977 804 5031 scribit
832 4977 949 5033 Ado
995 4979 1047 5031 in
1087 4977 1313 5039 Cltron.,
1368 4994 1511 5033 anno
1540 4982 1664 5034 7l9.
1720 4980 1793 5033 De
1837 4980 1894 5035 S.

323 5048 1045 5121 ferreoliHcorporeﬂaputl
1071 5049 1325 5121 Viennam
1379 5051 1552 5117 posito
1593 5050 1700 5121 agit
1738 5049 1894 5121 Greg.

320 5119 549 5189 Tttron.,
583 5118 674 5170 lib.
706 5120 776 5189 de
814 5117 995 5172 Mirac.
1022 5120 1077 5173 S.
1110 5119 1336 5182 Julian.,
1364 5134 1483 5189 cap.
1518 5122 1569 5173 2.

401 5197 422 5223 ο
442 5187 663 5243 Bertini.
704 5185 805 5242 Hic
835 5192 884 5241 in
914 5191 1241 5243 Constanti-.e
1285 5185 1478 5243 finibus
1527 5200 1681 5246 natus
1708 5201 1815 5255 est,
1847 5200 1900 5246 et

320 5265 645 5314 monachum
692 5258 745 5311 in
798 5258 1116 5314 Luxoviensi
1170 5263 1496 5316 monasterio
1543 5264 1646 5316 sub
1706 5263 1897 5317 Eusta-

321 5331 448 5382 chio
481 5332 750 5397 professus
776 5340 893 5395 est;
922 5345 986 5384 ex
1009 5346 1116 5399 quo
1140 5346 1386 5399 egressus
1417 5347 1518 5386 una
1537 5346 1658 5387 cum
1688 5334 1900 5388 duobus

321 5401 610 5472 comitibus
668 5399 1016 5454 Mumtnolino
1056 5410 1111 5455 et
1168 5403 1542 5470 Ebertranmo,
1596 5418 1690 5472 per
1737 5414 1900 5457 totam

322 5470 551 5543 Galliam
583 5472 1177 5543 verbutnyprmdicabat,
1220 5483 1273 5526 et
1305 5482 1426 5541 post
1458 5470 1671 5543 longum
1699 5484 1895 5542 tempoo

323 5546 403 5595 ris
434 5540 769 5613 intervallum
809 5541 864 5597 8.
896 5544 1281 5613 Auderuarum
1324 5540 1754 5600 Tarvenricnsem
1789 5540 1902 5613 epi-

325 5626 552 5683 scopum
598 5612 745 5683 adiit,
777 5624 831 5664 ut
860 5611 906 5665 ei
955 5610 1009 5665 in
1042 5615 1378 5679 prindicmido
1416 5626 1563 5669 esset
1606 5610 1893 5683 cornes,'et

325 5682 400 5735 ab
436 5680 712 5737 Adroaldo
762 5683 967 5749 accepit
995 5683 1168 5736 locum
1196 5685 1336 5751 apud
1366 5686 1539 5740 Sithiu
1573 5688 1661 5740 ubi
1708 5680 1893 5741 mona-

326 5753 554 5805 sterium
603 5753 916 5816 aitlificarct,
960 5769 1102 5807 anno
1142 5756 1422 5809 undecimo
1463 5756 1753 5809 Chlodovei
1797 5756 1892 5810 filii

325 5823 636 5893 Dagoberti,
666 5823 714 5876 id
748 5836 827 5877 est
856 5824 1049 5876 Christi
1084 5825 1188 5895 διδ
1218 5837 1306 5878 aut
1337 5828 1654 5895 insequenti,
1690 5829 1777 5881 ubi
1804 5842 1893 5882 se-

326 5912 434 5951 nex
473 5896 601 5949 obiit
630 5908 769 5947 anno
798 5895 993 5946 Christi
1035 5894 1160 5960 698,
1207 5894 1534 5953 Cnildeberti
1568 5897 1894 5957 Francorum

746 5988 1010 6046 Ριιτιιοι..
1062 5986 1279 6049 XCIV.

2005 4843 2281 4893 manifeste
2308 4841 2357 4893 ei
2386 4854 2505 4903 qua:
2532 4838 2787 4893 Victorini
2832 4841 3160 4896 confessoris
3199 4854 3321 4896 sunt
3345 4844 3531 4897 tribrtit
3558 4862 3571 4908 ;

2001 4911 2123 4964 licet
2152 4910 2347 4963 deinde
2395 4908 2788 4964 Arniterninum
2822 4914 3113 4965 antistitem
3143 4924 3382 4966 creatum
3424 4916 3569 4967 velit.

1999 4979 2344 5044 Susnicamur
2375 4996 2402 5031 v
2433 4979 2713 5045 Septemb.
2762 4981 2888 5034 olim
2944 4993 3188 5038 sanctum
3242 4983 3571 5039 Victorinum

1999 5049 2390 5115 confessorem,
2433 5051 2824 5122 Amiterninum
2847 5054 3178 5122 episcopum,
3211 5054 3572 5117 celebratum;

2000 5123 2237 5189 quicum
2292 5130 2493 5189 martyr
2531 5121 2728 5175 obiisse
2775 5131 2830 5175 et
2873 5121 3193 5178 Severinum
3238 5126 3453 5179 fratrem
3485 5125 3581 5177 lia-

2002 5192 2181 5246 buisse
2214 5191 2503 5260 diceretur,
2553 5192 2676 5245 hinc
2717 5193 2935 5260 priebita
2982 5198 3195 5249 occasio
3233 5194 3575 5250 existimandi

2004 5262 2167 5315 alium
2197 5277 2319 5317 esse
2346 5277 2375 5316 a
2402 5261 2672 5316 Victorino
2704 5264 2802 5317 SS.
2831 5263 3011 5325 Nerei.
3032 5265 3287 5330 Achillei,
3320 5264 3571 5329 Maronis,

2008 5332 2320 5403 Eutychetis
2351 5334 2523 5399 socio,
2556 5344 2612 5387 et
2659 5348 2689 5386 a
2724 5333 2992 5388 Victorino
3034 5335 3363 5391 confessore.
3399 5335 3579 5389 Victo-

2006 5406 2107 5459 rini
2136 5404 2461 5477 confessoris
2507 5420 2699 5477 nomen
2740 5406 3115 5477 Martyrologio
3146 5407 3385 5460 Romano
3411 5409 3578 5477 ascri-

2010 5484 2156 5542 ptum
2200 5488 2292 5527 vnt
2322 5473 2465 5529 Junii
2513 5473 2595 5530 his
2649 5476 2824 5530 verbis
2862 5473 3164 5532 :Camerini
3218 5478 3277 5533 S.
3320 5476 3576 5531 Victorini

2007 5542 2355 5600 confessoris.
2386 5546 2534 5609 Quod
2560 5547 2612 5599 iu
2645 5545 3033 5614 antiquioribus
3066 5550 3293 5601 Ilaronio
3321 5548 3578 5614 Martyro-

2012 5616 2165 5683 Iogiis
2185 5606 2529 5682 reperiri—non
2550 5626 2742 5685 potest.
2775 5606 3045 5672 Bonus».
3071 5622 3140 5673 de
3168 5619 3427 5673 Severiuo
3444 5606 3579 5687 Sep-

1999 5688 2318 5752 tempedano
2348 5701 2436 5739 vttt
2467 5686 2726 5741 Januarii.

2072 5766 2096 5827 tt
2124 5754 2395 5827 Bouifacii.
2439 5754 2536 5810 llic
2565 5770 2723 5811 etiam
2760 5758 2930 5824 pridie
2956 5760 3274 5815 celebratur.

2070 5826 2099 5865 ιι
2128 5826 2457 5897 οηεεὶρίιογὶ.
2487 5829 2593 5900 llic
2624 5844 2744 5900 cum
2787 5842 2975 5884 sancto
3008 5832 3301 5900 Porphyrio
3336 5847 3431 5900 pro
3458 5830 3577 5884 fidei

2010 5901 2419 5970 praedicatione,
2478 5899 2626 5970 jussu
2677 5898 2935 5958 Iladriaui
2993 5898 3347 5971 proconsulis
3382 5902 3577 5959 acriter

3033 5990 3107 6051 33
