4110 6514
634 367 773 426 i055

1375 368 1577 425 BEDJE
1625 367 2070 424 VENERABILIS
2108 368 2258 425 OPP.
2293 367 2467 423 PARS
2510 369 2593 422 IV.
2635 398 2702 412 —
2745 370 3122 427 HISTORICA.

3767 379 3885 435 lli-36

1894 478 2119 533 EDITIU
2158 477 2625 534 COLONIENSIS.

627 586 735 634 quo
789 571 863 625 ait
917 567 1203 639 Apostolus
1250 585 1262 621 :

627 663 945 734 Onesiphori
977 662 1177 716 domui.
1220 660 1376 730 Apud
1415 659 1647 715 Africam
1676 662 1951 715 beatorum
1976 661 2196 716 confes-

627 772 806 810 sorum
858 765 911 809 et
958 754 1329 823 episcoporum
1380 753 1679 818 Donatiani,
1726 752 1988 816 Praesidii,
2048 753 2198 806 Man-

626 849 785 912 sueti,
810 846 1086 911 Germani,
1112 843 1349 913 Fusculi,
1372 844 1462 913 qui
1491 844 1860 913 persecutione
1887 842 2199 911 Vandalica,

622 941 773 1011 jussu
803 938 1052 993 Ilunerici
1079 936 1216 1007 regis
1248 936 1451 1005 Ariani,
1483 951 1578 1006 pro
1605 936 1898 991 assertione
1927 936 2206 990 catholica:

621 1030 859 1086 veritatis
904 1028 1190 1083 durissime
1252 1027 1481 1082 fustibus
1531 1026 1682 1094 exesi,
1736 1036 1790 1082 et
1838 1027 2029 1082 exsilio
2076 1037 2203 1082 sunt

619 1123 893 1179 damnati:
927 1122 1067 1175 inter
1088 1134 1221 1189 quos
1244 1119 1403 1174 etiam
1450 1118 1781 1187 episcopum,
1831 1120 2049 1173 nomine
2096 1118 2197 1173 Le-

620 1222 757 1277 tum,
790 1211 1041 1266 incendio
1071 1209 1453 1264 concremavit.
1500 1207 1650 1262 Tunc
1695 1208 1857 1262 etiant
1904 1208 2197 1277 episcopis,

618 1304 769 1373 quasi
800 1303 865 1357 ad
894 1301 1173 1358 consilium
1228 1302 1567 1371 congregatis
1596 1301 1941 1369 Carthagine,
1971 1316 2078 1354 una
2107 1301 2198 1356 die

619 1398 884 1452 universa
939 1394 1131 1450 Africa:
1179 1392 1434 1448 ecclesias
1500 1392 1715 1459 clausit,
1778 1392 2197 1461 universamque

618 1490 974 1545 substantiam
1013 1487 1386 1555 episcoporum
1434 1495 1489 1540 et
1534 1484 1884 1540 ecclesiarum
1932 1483 2045 1538 suis
2090 1485 2204 1549 epi-

617 1580 797 1651 sc0pis
830 1578 1170 1636 condonavit.
1204 1577 1387 1633 Sancti
1434 1575 1607 1646 Magni
1648 1572 2000 1637 confessoris,
2042 1572 2203 1627 disci-

1323 568 1420 624 Det
1473 568 1897 624 misericordiam
1949 570 2205 623 Dominus
2236 576 2284 633 Α
2314 569 2419 639 pnli
2447 574 2612 625 sancti
2644 572 2799 626 Galli.
2838 571 3021 628 Roma:
3056 573 3341 629 Eleutherii
3375 578 3649 647 episcopi.
3681 582 3878 649 Cappa-

2307 662 2460 715 docia
2483 663 2695 716 civitate
2734 666 2903 719 sancti
2931 664 3128 720 Cuttidi
3170 668 3405 737 episcopi
3438 679 3494 724 et
3541 672 3784 741 Eugenii,
3830 686 3879 729 et

2307 756 2574 810 sociorum
2601 756 2737 824 ejus.

2383 890 2442 944 Ι).
2488 890 2574 943 Vll
2615 890 2734 945 lnus
2772 890 3039 947 Ssrrsus.
3082 892 3234 960 Apud
3286 893 3657 953 Nicomediam
3708 903 3877 956 natale

2310 982 2445 1039 beati
2470 983 2689 1038 Joannis
2716 986 2812 1039 sub
2838 983 3172 1039 Diocletiano
3196 986 3540 1055 impera'ore.
3568 990 3738 1061 Cujus
3761 1008 3872 1046 cum

2300 1076 2409 1145 jam
2438 1077 2637 1130 viscera
2671 1077 2722 1130 in
2767 1076 3046 1144 suppliciis
3085 1078 3423 1145 defecissent,
3458 1097 3727 1151 nunquam
3761 1081 3872 1136 effi-

2303 1182 2425 1223 cere
2456 1178 2740 1237 potuerunt
2768 1178 2823 1221 ut
2860 1183 2982 1221 eum
3022 1183 3088 1223 ne
3111 1178 3422 1225 aestuantem
3454 1172 3648 1241 aliquis
3678 1173 3728 1226 in
3770 1188 3877 1240 pl:-

2305 1258 2387 1313 nis
2418 1260 2639 1314 videret.
2674 1260 2738 1314 Et
2769 1260 2946 1315 natale
2976 1263 3141 1315 sancti
3175 1261 3365 1316 Euritii
3395 1264 3629 1332 episcopi
3662 1275 3715 1318 et
3740 1279 3873 1317 eon-

2304 1351 2541 1414 fcssoris,
2572 1361 2625 1405 et
2654 1353 2917 1419 depositio
2952 1352 3224 1408 Clodoaldi
3272 1357 3610 1415 confessoris.
3677 1360 3869 1413 Arelati

2303 1442 2472 1495 sancti
2518 1442 2818 1509 Augustalis
2862 1443 3097 1512 episcopi
3138 1454 3190 1499 et
3232 1444 3575 1511 confessoris,
3600 1457 3655 1501 et
3683 1459 3875 1502 sancire

2304 1530 2520 1601 Regina:
2552 1532 2807 1605 martyris

1871 1684 2099 1739 EDITIO
2143 1682 2649 1738 BOLLANDIANA.

622 1801 742 1840 rum
772 1783 1041 1852 discipuli.
1075 1783 1135 1838 Β.
1168 1782 1230 1837 C.
1269 1781 1327 1835 V.
1359 1781 1424 1837 A.
1455 1781 1519 1836 Τ.
1553 1780 1639 1846 L.,
1668 1779 1960 1852 RomaeAS.
1983 1789 2009 1817 ι
2042 1780 2203 1833 Elen-
2236 1783 2278 1842 Β
2308 1789 2442 1833 tare.
2491 1781 2622 1846 Qua:
2667 1780 2938 1848 speculata
2987 1778 3045 1835 8.
3100 1780 3373 1836 Evurtinm
3399 1781 3575 1850 janute
3612 1784 3874 1838 inhaeren-

621 1856 778 1911 therii
803 1849 1062 1923 episcopi.
1092 1854 1157 1908 A.
1189 1854 1253 1907 Τ.
1287 1852 1373 1920 L.,
1404 1854 1469 1906 Et
1493 1853 1758 1919 depositio
1786 1853 1845 1905 S.
1872 1849 2201 1923 bfllumberti

620 1926 947 1981 confessoris
973 1924 1190 1979 Christi.
1218 1923 1385 1985 Alias,
1426 1923 1747 1977 sacerdmis.
1784 1923 1869 1985 Β..
1903 1922 1956 1975 ln
1987 1925 2200 1974 territo-

620 2000 701 2051 rio
747 1995 1096 2064 Cappadocia:
1145 1995 1359 2050 civitate
1418 1994 1620 2048 Reaten
1652 1995 1830 2049 natale
1864 1993 1922 2048 8.
1952 1995 1973 2022 °
1998 1989 2198 2047 Cartidi

615 2082 734 2122 cum
765 2067 926 2122 sociis
953 2065 1085 2120 suis.

690 2170 744 2223 7.
767 2197 839 2209 —
861 2167 949 2221 VII
982 2165 1125 2221 lous.
1165 2166 1223 2221 8.
1262 2164 1502 2221 Clodaldi
1532 2164 1872 2220 confessoris.

685 2258 839 2329 Quod
870 2259 1056 2313 Florus
1088 2258 1139 2311 in
1172 2259 1235 2313 A.
1267 2257 1331 2312 Τ.
1367 2256 1427 2311 L.
1471 2257 1549 2311 sic
1587 2256 1735 2310 auxit
1761 2273 1773 2308 :
1799 2254 2000 2310 Eodem
2029 2254 2115 2308 die
2148 2253 2198 2308 in

619 2349 891 2407 territorio
937 2350 1260 2405 Parisiorum
1294 2350 1413 2403 vico
1457 2348 1749 2418 Novigento
1788 2348 1845 2403 S.
1876 2345 2197 2402 dClodoaldi

617 2444 943 2500 confessoris
971 2450 1026 2497 et
1050 2444 1213 2510 regis.
1236 2440 1423 2496 Simile
1451 2440 1575 2509 quid
1609 2440 1798 2509 legitur
1829 2441 1879 2493 in
1914 2438 1971 2494 Β.

692 2538 838 2593 Idem
873 2536 1062 2591 Florus
1086 2536 1255 2604 primo
1281 2534 1401 2588 loco
1427 2533 1528 2588 hoc
1551 2532 1708 2587 habet
1737 2550 1748 2585 :
1776 2531 2079 2586 Anrelianis
2108 2530 2200 2586 de-

618 2630 809 2703 positio
842 2630 901 2687 S.
931 2639 953 2667 ε
985 2629 1185 2683 Lvurtii
1217 2628 1449 2697 episcopi
1481 2635 1535 2681 et
1572 2624 1915 2690 confessoris,
1946 2625 2035 2694 qui
2068 2633 2200 2678 tem-

616 2738 743 2788 pore
783 2719 1118 2775 Constantini
1170 2718 1509 2786 imperatoris
1559 2731 1717 2771 causa
1758 2714 2198 2785 requirendorum

619 2813 842 2868 fratrum
888 2824 1158 2880 egressus,
1210 2808 1262 2862 in
1315 2807 1619 2862 Anrelianis
1659 2808 1929 2876 ingressus
1974 2815 2055 2858 est
2113 2819 2201 2858 ur-

613 2906 735 2960 bem
769 2902 900 2957 :nbi
932 2909 1058 2954 tunc
1083 2900 1231 2954 clero
1274 2908 1329 2952 et
1373 2898 1567 2967 populo
1593 2897 1857 2967 jejunium
1891 2896 2197 2950 triduanum

616 2993 930 3051 celebrante
972 3004 1068 3061 pro
1097 2988 1333 3043 antistite
1366 2989 1561 3054 futuro,
1597 2988 1664 3042 ab
1696 2988 1917 3042 ostiario
1959 2987 2199 3043 ecclesia:

613 3084 665 3138 in
696 3081 930 3152 hospitio
963 3089 1232 3150 receptus,
1264 3087 1320 3135 et
1348 3093 1517 3149 usque
1542 3079 1607 3131 ad
1639 3078 1781 3132 diem
1816 3078 2030 3133 tertium
2058 3078 2196 3148 pacti

2304 1880 2433 1939 tem,
2478 1872 2619 1925 illico
2650 1885 2811 1939 super
2849 1880 3009 1941 caput
3056 1872 3173 1940 ejus
3225 1872 3438 1927 insedit.
3468 1874 3621 1943 Quod
3665 1877 3868 1947 signum

2301 1962 2529 2032 populus
2582 1962 2876 2031 admirans,
2928 1964 3155 2032 amplius
3205 1963 3312 2018 Deo
3360 1979 3543 2033 preces
3596 1966 3865 2033 fundebat,

2304 2056 2493 2109 iterum
2542 2054 2801 2125 duplicari
2847 2070 2910 2110 ac
2958 2055 3212 2125 triplieari
3272 2057 3602 2113 miraculum.
3650 2056 3745 2114 His
3796 2060 3863 2114 ita

2299 2146 2578 2200 orantibus
2610 2189 2623 2211 ,
2665 2148 2907 2201 columba
2963 2148 3119 2200 tertio
3167 2147 3329 2211 venit,
3397 2148 3658 2217 tertioque
3711 2165 3868 2220 super

2302 2237 2503 2305 prtefati
2537 2239 2635 2291 viri
2685 2247 2844 2307 caput
2883 2238 3094 2293 insedit.
3127 2237 3238 2292 Hoc
3270 2239 3463 2294 indicio
3507 2241 3714 2297 caelitus
3744 2243 3863 2297 dato

2299 2334 2520 2385 antistes
2558 2330 2781 2385 elTectus
2818 2341 2899 2386 est
2947 2333 3141 2401 populo
3186 2333 3513 2386 Aureliano:
3543 2334 3624 2388 cui
3672 2345 3867 2392 tantam

2304 2421 2560 2475 Dominus
2615 2419 2839 2475 contulit
2886 2424 3134 2490 gratiam,
3178 2431 3233 2476 ut
3285 2423 3594 2478 medicinale
3646 2426 3865 2482 inﬁrmis

2310 2512 2631 2577 remedium,
2661 2520 2716 2566 et
2742 2512 2975 2581 fatigatis
3000 2512 3230 2566 diversis
3274 2513 3660 2568 calamitatibus
3691 2515 3866 2568 inﬁm-

2302 2610 2413 2655 ttnn
2448 2605 2711 2670 praaheret
2750 2603 3090 2657 beneficium.
3143 2603 3270 2656 Nam
3310 2613 3365 2658 et
3408 2604 3458 2657 in
3494 2608 3616 2657 hora
3658 2605 3867 2659 confra-

2300 2693 2490 2747 ctionis
2515 2692 2664 2759 panis
2690 2692 2944 2758 caelestis,
2984 2693 3107 2747 dum
3148 2693 3216 2747 de
3256 2707 3405 2748 more
3430 2694 3739 2748 sacerdotali
3772 2696 3867 2748 hu-

2300 2784 2455 2836 stiam
2487 2782 2710 2836 elevatis
2764 2783 3008 2838 manibus
3051 2784 3205 2838 tertio
3236 2782 3344 2837 Deo
3388 2784 3618 2837 oblatam
3660 2785 3872 2839 benedi-

2300 2870 2522 2925 cendam
2588 2870 2844 2934 offerret,
2918 2886 3078 2937 super
3130 2880 3288 2937 caput
3333 2870 3451 2939 ejus
3504 2873 3647 2924 velut
3710 2875 3875 2926 nubes

2308 2962 2585 3031 splendida
2613 2963 2877 3031 apparuit,
2919 2972 2971 3017 et
2999 2978 3185 3016 manus
3211 2961 3278 3017 de
3308 2963 3448 3016 nube
3492 2972 3708 3017 extensa
3757 2978 3875 3033 por-

2306 3053 2469 3107 rectis
2499 3052 2678 3122 digitis
2728 3053 2904 3107 oblata
2956 3052 3245 3109 benedixit.
3293 3053 3442 3121 Quod
3476 3055 3787 3108 miraculum
3825 3055 3871 3109 ei

611 3173 796 3245 jejunii
821 3182 948 3226 nutu
984 3171 1075 3226 Dei
1100 3181 1182 3226 est
1203 3178 1468 3225 retentus.
1497 3167 1901 3223 Confluentibus
1922 3168 2193 3224 accersitis

2305 3145 2675 3200 tantummodo
2700 3156 2755 3201 et
2781 3145 3109 3202 subdiacono
3135 3146 3271 3215 ejus,
3300 3161 3363 3202 ac
3394 3148 3479 3201 uni
3513 3147 3792 3217 panitenti
3823 3159 3878 3202 et

610 3266 876 3335 episcopis
898 3272 951 3318 et
984 3262 1193 3332 populis
1240 3261 1503 3316 universis
1537 3260 1601 3313 ad
1649 3259 1951 3324 ecclesiam,
1986 3259 2072 3313 ille
2105 3272 2195 3327 pa-

615 3362 745 3415 riter
771 3374 891 3425 cum
920 3371 1021 3412 suo
1060 3355 1275 3409 intravit
1304 3354 1544 3408 ostiario.
1578 3352 1780 3420 Quibus
1821 3352 2100 3407 orantibus
2143 3361 2194 3406 et

615 3451 826 3506 Domini
868 3448 1296 3505 misericordiam
1340 3446 1799 3515 prmstolantibus,
1833 3460 1961 3501 ecce
2006 3444 2198 3499 instin-

613 3556 701 3598 ctu
732 3542 826 3600 Dei
850 3541 1099 3596 columba
1133 3538 1446 3593 transmissa
1491 3552 1583 3605 per
1620 3538 1872 3592 insertam
1906 3536 2193 3591 fenestram

612 3636 878 3703 ingressa,
912 3631 1063 3700 quasi
1098 3630 1184 3684 lux
1216 3631 1474 3684 immensa
1505 3629 1732 3697 fulgens,
1758 3642 1852 3695 per
1882 3636 2044 3681 tatam
2088 3626 2198 3680 fere

617 3727 898 3780 ecclesiam
940 3736 1088 3776 more
1136 3735 1418 3791 personam
1470 3721 1833 3790 investigantis
1880 3718 2039 3789 coepit
2067 3718 2200 3773 voti-

2302 3237 2391 3290 uni
2414 3236 2775 3291 eastimoniali
2802 3238 3120 3305 permissum
3146 3245 3228 3293 est
3254 3239 3452 3292 videre.
3478 3238 3727 3308 Captivos
3750 3254 3876 3294 vero

2304 3326 2496 3380 fratres
2546 3336 2665 3395 post
2715 3327 3061 3398 quadraginta
3105 3343 3274 3385 annos
3313 3329 3514 3399 recepit
3564 3330 3874 3387 incolumes.

2302 3416 2569 3487 Scriptum
2602 3420 2656 3473 itt
2678 3418 2857 3475 Gestis
2886 3420 3021 3490 ejus.

2377 3509 2433 3589 Β2
2587 3509 3015 3590 ln__Bett_ev_e_titi§_
3049 3516 3226 3590 passio
3272 3524 3576 3590 sanctorum
3606 3518 3866 3590 Januarii,

2314 3578 2508 3654 Pericli
2547 3591 2606 3654 et
2648 3583 2929 3637 Dosiderii.
2978 3578 3158 3651 νεα,
3189 3587 3243 3640 ltt
3273 3586 3450 3654 Capua
3477 3588 3731 3650 Januarii,
3773 3578 3874 3644 De;

2310 3650 2538 3723 siderii.
2568 3650 2633 3704 Et
2678 3655 2851 3720 passio
2886 3654 2901 3691 ί
2933 3650 3221 3712 Anastasii.
3266 3656 3327 3712 Ι).
3352 3650 3430 3713 ἐι
3484 3661 3570 3723 8.,
3602 3668 3626 3705 ε
3656 3659 3875 3713 Joztnnis

2310 3720 2447 3789 apud
2498 3721 2863 3779 Nicomediam
2915 3726 3122 3782 diaconi
3162 3729 3431 3799 martyris.
3478 3720 3647 3798 B.,'ln
3695 3728 3873 3784 Galba

2004 3811 2207 3868 SMITII
2250 3810 2482 3868 NOTAE.

619 3906 953 3967 verberatus,
996 3913 1051 3959 et
1092 3919 1121 3958 a
1157 3901 1424 3958 ferocibus
1462 3900 1616 3969 equis
1652 3909 1913 3969 raptatus,
1945 3903 2187 3970 spiritum

613 3977 720 4030 Deo
749 3975 1000 4032 reddidit.
1036 3973 1210 4029 Latini
1241 3982 1406 4041 agunt
1451 3973 1518 4026 de
1562 3971 1752 4025 eodem
1798 3972 1986 4038 hodie;
2019 3976 2191 4029 Graeci

614 4058 791 4101 autem
823 4061 883 4100 nt
915 4046 1031 4100 Kal.
1068 4044 1188 4099 Maii
1238 4045 1291 4097 in
1345 4042 1668 4113 Menologio,
1707 4042 2025 4113 traduntque
2053 4045 2192 4100 hunc

610 4127 870 4195 creatum_
897 4116 1060 4195 fuisse
1108 4116 1419 4195 episcopum
1462 4112 1832 4195 Colophonis;
1891 4113 2193 4171 Dorotheus

610 4200 789 4243 autem
820 4185 949 4241 dicit
987 4186 1233 4241 Coronis»
1260 4201 1271 4237 :
1298 4182 1566 4252 iidemque
1593 4182 1880 4239 deeodem
1922 4199 2024 4239 una
2064 4199 2189 4252 cum

612 4257 819 4312 Evodio
842 4256 909 4309 ad
947 4266 1161 4311 sextum
1194 4253 1315 4307 ldus
1339 4251 1621 4307 Octobres.

683 4335 707 4363 ⁸
734 4326 1033 4382 Eleutherii.
1075 4325 1328 4388 Abbatis;
1358 4323 1617 4378 mendose
1654 4322 1798 4376 enim
1849 4322 2062 4379 additur
2093 4339 2189 4379 no-

613 4412 739 4451 men
778 4397 1037 4466 episcopi,
1067 4409 1226 4466 quem
1271 4393 1330 4448 S.
1364 4392 1654 4466 Gregorius
1701 4408 1832 4463 papa
1860 4394 1954 4448 lib.
1980 4410 2035 4449 Ill
2071 4394 2191 4449 Dia.

610 4468 744 4537 log.,
773 4462 894 4534 cap.
935 4464 1026 4534 53,
1059 4462 1247 4521 scribit
1273 4462 1513 4518 oratione
1555 4472 1610 4517 et
1638 4462 1889 4533 laerymis
1917 4475 2184 4521 mortuum

611 4538 924 4591 suscitasse.

683 4608 709 4647 δ
746 4606 1036 4661 Humberti.
1088 4601 1409 4661 andatoris
1457 4601 1767 4658 monasterii
1817 4603 2186 4662 Marieolensis

616 4680 665 4732 in
708 4676 1023 4738 Harmonia;
1071 4676 1227 4745 cujus
1276 4674 1470 4729 natalis
1517 4676 1818 4745 celebratur
1849 4690 1950 4729 xxv
1980 4677 2182 4744 Martii;

607 4752 807 4804 festum
850 4743 1211 4803 translationis
1236 4760 1364 4799 vero
1390 4744 1566 4799 hodie.
1601 4743 1713 4798 Hoc
1751 4747 1891 4799 enim
1921 4745 2008 4801 die
2032 4743 2188 4814 hujus

614 4834 809 4889 corpus
858 4829 977 4889 post
1015 4818 1380 4889 centesimum
1434 4817 1929 4889 quinquagesimum
1989 4832 2185 4872 annum

611 4885 950 4944 dorinitio'nis
996 4903 1106 4942 sum
1146 4887 1280 4941 adeo
1328 4885 1553 4940 illaesum
1604 4900 1667 4939 ac
1698 4888 2063 4954 incorruptum
2108 4890 2187 4941 in-

609 4971 834 5016 ventum
875 4968 960 5014 est
1004 4974 1065 5012 ac
1091 4958 1136 5011 si
1182 4956 1371 5011 eodem
1401 4956 1489 5009 die
1525 4956 1767 5012 obiisset.
1804 4956 1879 5011 De
1915 4958 1976 5012 8.
2022 4960 2182 5012 llum-

610 5032 764 5087 berto
792 5044 840 5085 et
870 5030 973 5083 hac
1001 5027 1349 5083 translatione
1381 5026 1501 5081 vide
1524 5028 1672 5095 plura
1703 5028 1843 5095 apud
1871 5028 2185 5084 Botlandum

611 5105 698 5155 die
728 5116 827 5154 xxv
852 5100 1046 5153 Martii.
1256 5164 1279 5167 η
1616 5166 1621 5167 ί
2110 5134 2131 5167 ν

685 5177 707 5204 ε
736 5170 951 5223 Cartidi.
996 5168 1211 5223 Rectius
1256 5166 1491 5231 Cottidi,
1534 5166 1625 5236 qui
1675 5167 1967 5223 secundum
2029 5166 2189 5224 Baro-

611 5243 756 5297 nium
787 5242 1045 5296 diaconus
1073 5247 1209 5303 erat,
1243 5247 1297 5292 et
1326 5237 1512 5291 habuit
1539 5238 1745 5291 socium
1770 5239 2089 5308 Eugenium.

680 5314 705 5353 ἀ
730 5309 1028 5365 Cfodoafdi.
1069 5308 1402 5363 Chlodomiri
1428 5309 1566 5377 regis
1590 5308 1915 5363 Francmum
1946 5311 2035 5363 filii
2061 5321 2185 5365 natu

610 5383 834 5437 minimi.
879 5379 977 5436 Hie
1017 5380 1150 5436 duos
1180 5379 1365 5433 habuit
1404 5378 1593 5432 fratres
1622 5394 1755 5447 quos
1785 5383 1955 5447 patrui
1999 5396 2185 5435 eorum

609 5454 967 5519 trucidabant,
990 5463 1045 5505 et
1072 5452 1116 5504 si
1147 5450 1318 5518 ipsum
1348 5447 1695 5503 Clodoaldunt
1725 5450 1960 5517 reperire
1989 5454 2187 5519 potuis-

616 5532 747 5588 sent,
798 5538 896 5577 nec
946 5524 1043 5575 viri
1076 5523 1237 5574 fortes
1274 5535 1397 5574 eum
1445 5519 1815 5575 internecione
1844 5521 2184 5587 liberassent,

616 5593 782 5658 ipsum
813 5596 973 5648 etiam
1000 5593 1373 5646 trucidasset“.
1400 5590 1721 5645 Clodoaldns
1752 5600 1953 5657 autem,
1984 5591 2186 5646 exstin-

613 5668 711 5716 etis
733 5664 939 5717 duobus
971 5662 1224 5715 fratribus
1251 5666 1418 5714 hieres
1451 5663 1655 5729 paterni
1689 5676 1834 5730 regni
1863 5667 2008 5716 solus
2041 5664 2186 5717 insti-

612 5741 794 5795 tntns,
846 5734 1073 5801 regalem
1124 5744 1370 5798 pompam
1422 5734 1565 5787 illico
1604 5734 1884 5799 destruxit,
1937 5735 2182 5798 lectioni,

607 5805 837 5858 orationi
870 5814 921 5859 et
950 5802 1331 5856 misericordia:
1386 5803 1607 5857 vaeavit.
1646 5804 1984 5869 pet'l'ectimtis
2032 5809 2185 5874 cupi-

2296 3902 2395 3957 dus
2420 3904 2478 3958 S.
2510 3902 2747 3958 Severini
2786 3900 3081 3971 disciplima
3109 3917 3168 3957 se
3214 3904 3481 3972 submisit,
3523 3915 3575 3959 et
3604 3910 3871 3962 monasti-

2296 3988 2419 4027 cnm
2470 3974 2705 4045 habitum
2738 3972 2931 4045 induit.
2972 3975 3188 4028 l’arisiis
3226 3976 3292 4027 ab
3342 3975 3573 4031 Eusebio
3625 3978 3866 4045 ejusdem

2300 4045 2444 4098 urbis
2492 4044 2745 4110 episcopo
2793 4044 3078 4113 presbyter
3117 4045 3392 4098 ordinatus
3421 4056 3540 4110 est;
3595 4044 3869 4115 «postea

2297 4115 2539 4169 condidit
2570 4119 2947 4185 monasterium
2982 4117 3031 4167 in
3060 4116 3180 4185 vico
3207 4116 3525 4171 Novientum
3556 4117 3716 4183 dicto,
3745 4136 3867 4185 quas

2302 4185 2457 4254 vulgo
2487 4184 2645 4238 hodie
2673 4184 2868 4238 dicitur
2897 4184 3282 4250 Saint-Clond;
3314 4188 3399 4239 ubi
3441 4188 3665 4241 ecclesia
3699 4184 3872 4242 colle-

2296 4257 2464 4323 giata,
2497 4255 2769 4308 destructo
2789 4254 2895 4322 jam
2930 4255 3131 4321 pridem
3181 4260 3524 4321 monasterio,
3568 4274 3707 4311 nunc
3740 4260 3871 4313 visi-

2298 4336 2404 4389 tur,
2451 4327 2503 4378 in
2542 4340 2643 4393 qna
2690 4325 2807 4393 ejus
2846 4340 3056 4378 sacrum
3096 4341 3291 4393 corpus
3336 4341 3655 4381 asservatur.
3697 4331 3869 4385 Vitam

2296 4398 2411 4463 ejus
2444 4395 2607 4450 habes
2636 4396 2687 4449 in
2721 4397 2866 4449 Actis
2897 4397 2993 4450 SS.
3021 4397 3223 4450 ordinis
3252 4398 3574 4452 Beiiedietini
3600 4403 3803 4453 saeculo
3833 4418 3873 4453 I.

2294 4466 2493 4521 Scribit
2543 4469 2609 4521 de
2665 4480 2732 4520 eo
2773 4464 2933 4536 Greg.
2984 4467 3182 4521 'l‘uron.
3225 4470 3292 4523 de
3318 4477 3451 4537 gest.
3500 4468 3689 4523 Frauc.
3723 4484 3807 4535 tit,
3840 4472 3873 4524 6

2212 4521 2265 4581 D
2292 4548 2344 4591 et
2376 4540 2461 4590 18.

2370 4612 2392 4640 ε
2418 4607 2636 4661 Eunrtii.
2679 4605 2778 4672 Qui
2812 4606 2985 4673 primo
3014 4606 3195 4661 Romae
3225 4607 3477 4662 Ecclesia:
3503 4608 3871 4665 subdiaconus

2292 4677 2423 4739 fuit;
2463 4678 2658 4732 deinde
2696 4686 2752 4730 ut
2799 4678 3187 4746 Eumorphium
3217 4690 3270 4732 et
3296 4678 3537 4733 Cassium
3580 4694 3711 4734 suos
3742 4697 3871 4748 ger-

2292 4764 2480 4801 manos
2512 4756 2779 4817 qut-reret
2818 4758 2871 4800 et
2905 4763 2936 4800 a
2978 4749 3282 4815 captivitate
3312 4750 3584 4810 liberaret,
3616 4752 3867 4804 Aurelia-

2291 4834 2416 4873 nnm
2454 4819 2841 4888 pertransiens,
2870 4817 2941 4871 ibi
2967 4818 3168 4873 electus
3197 4830 3277 4873 est
3308 4821 3608 4887 episc0pus.
3638 4820 3869 4877 Succes-

2289 4887 2467 4943 sorem
2503 4891 2686 4942 habuit
2716 4887 3000 4942 Amanum.
3042 4890 3284 4943 Interfuit
3324 4892 3547 4944 concilio
3580 4890 3869 4945 Valentino

2289 4961 2561 5014 celebrato
2607 4964 2659 5013 in
2707 4958 2889 5013 Galliis
2942 4960 3195 5013 Gratiano
3236 4975 3293 5013 ιιι
3343 4972 3390 5014 et
3434 4961 3635 5029 Equitio
3691 4975 3868 5028 θυαε..

2288 5044 2431 5100 anno
2453 5030 2583 5084 574.
2622 5030 2734 5083 Vita
2764 5029 2880 5097 ejus
2910 5037 3084 5083 exstat
3116 5032 3252 5100 apud
3276 5031 3512 5096 Surium,
3549 5042 3679 5084 tom.
3717 5033 3775 5085 V.

2370 5099 2697 5155 'Anastasii.
2768 5100 2865 5154 llic
2916 5099 3172 5168 Aquileia:
3231 5116 3419 5169 passus
3480 5111 3560 5155 est
3614 5112 3669 5155 et
3727 5102 3864 5156 fullo

2293 5170 2457 5225 fuisse
2476 5171 2673 5226 dicitur
2696 5185 2727 5224 a
2754 5170 2962 5224 Molano
2986 5171 3035 5224 itt
3063 5171 3421 5225 additionibus
3443 5170 3506 5224 ad
3540 5171 3869 5234 Usuardurn,

2289 5251 2345 5295 et
2374 5243 2600 5295 Baronio
2630 5257 2751 5295 eum
2781 5251 3057 5310 sequente.
3086 5243 3189 5297 Sed
3224 5246 3400 5296 forsan
3442 5244 3524 5294 hic
3548 5244 3869 5296 Anastasius

2290 5328 2393 5364 non
2426 5314 2562 5383 alius
2592 5323 2673 5367 est
2713 5311 2781 5364 ab
2810 5327 2875 5383 eo
2915 5314 3001 5381 qni
3031 5326 3190 5382 supra
3223 5315 3416 5368 colitur
3449 5326 3571 5367 snt
3614 5317 3872 5383 Augusti,

2287 5384 2378 5451 qui
2402 5394 2453 5436 et
2478 5382 2608 5436 fullo
2628 5392 2682 5436 et
2710 5382 2972 5450 Aquileia:
2994 5385 3126 5437 eivts
3159 5384 3270 5437 fuit.

2360 5461 2386 5499 8
2410 5451 2647 5508 Joannis.
2691 5451 2788 5505 llic
2813 5468 2917 5506 non
2949 5454 3153 5508 videtur
3180 5455 3436 5508 diaconus
3459 5454 3619 5508 fuisse
3643 5468 3658 5507 :
3687 5469 3874 5522 neque

2288 5525 2429 5577 enim
2464 5540 2658 5593 praeter
2681 5523 2823 5578 hunc
2850 5524 2967 5596 quis
3009 5539 3086 5596 ex;
3124 5526 3495 5596 martyrologis
3525 5524 3669 5577 illum
3702 5539 3766 5578 eo
3794 5528 3873 5576 ti-

2290 5599 2398 5647 tulo
2422 5597 2664 5661 designat
2690 5611 2703 5658 ;
2735 5604 2788 5647 et
2818 5595 3027 5647 videtur
3053 5594 3311 5648 Eusebius
3344 5595 3393 5648 in
3420 5596 3561 5649 Eccl.
3589 5596 3725 5649 llist.
3747 5610 3868 5659 xnt,

2287 5669 2342 5728 ὃ,
2380 5666 2502 5719 huic
2524 5664 2806 5720 sententia:
2828 5668 3115 5719 contraire.
3143 5665 3335 5719 Srrilnt
3363 5670 3503 5719 enim
3534 5670 3633 5720 hoc
3661 5667 3822 5718 modo
3853 5685 3865 5716 ;

2293 5755 2312 5788 ι
2342 5737 2633 5792 Confestim
2671 5738 2829 5805 igitur
2859 5752 2923 5789 ex
2970 5738 3074 5790 illis
3118 5736 3401 5805 quispiam,
3443 5738 3529 5805 qui
3573 5737 3713 5789 haud
3766 5740 3875 5789 oth-

2289 5811 2470 5873 Scnri,
2539 5808 2633 5863 sed
2691 5808 2978 5862 secundum
3036 5809 3215 5865 saeculi
3272 5808 3425 5876 hujus
3474 5808 3873 5866 excellentius.
