4110 6514
535 375 556 428 1
567 371 669 428 0'59

1336 370 1531 426 BED/E
1576 369 2026 426 VENEliABILIS
2057 369 2206 424 OPP.
2250 366 2424 422 PARS
2463 366 2549 421 IV.
2589 396 2657 408 -
2700 367 3080 424 lllSTORlCA.

3671 376 3800 431 1010

1799 480 2024 535 EDITIO
2062 478 2519 536 COLONIENSIS.

529 579 713 645 cincti,
743 575 1048 641 Alexandri,
1078 573 1348 644 Tyburcii.
1374 573 1572 631 Eodem
1596 573 1686 628 die
1711 580 1908 627 sancta:
1927 570 2108 628 Kune-
2139 577 2187 634 Λ
2214 573 2456 628 ordinem
2486 570 2785 641 paschalem
2833 573 3172 640 conscripsit.
3219 571 3287 629 Et
3335 574 3600 646 depositio
3625 580 3788 636 Salrii

527 670 718 741 gundis
741 667 979 737 virginis.

601 762 663 815 A.
701 758 763 816 IV
799 760 914 813 Inus
963 757 1232 812 Sarrana.
1263 785 1330 797 —-
1356 756 1507 826 Apud
1538 759 1772 814 Africam
1807 767 2111 814 sanctorum

527 852 894 922 episcoporum
925 848 1247 916 Nemesiani,
1282 848 1490 905 Felicis.
1535 851 1660 905 Item
1687 851 1898 917 Felicis,
1929 849 2107 916 Littei,

527 941 750 1008 Poliani,
770 941 1020 1004 Victoris,
1051 939 1258 994 Jaderis
1277 949 1334 996 et
1353 939 1510 1004 Datii,
1541 942 1628 1010 qui
1657 942 1756 997 sub
1785 941 2112 997 Diocletiano

524 1042 577 1088 et
623 1033 939 1087 Maximiano
969 1032 1108 1100 passi
1139 1039 1286 1088 sunt.
1318 1031 1370 1084 ltt
1400 1031 1758 1087 Chalcedonia
1803 1043 2106 1088 sanctorum

523 1124 804 1180 Sosthenis
830 1133 885 1178 et
913 1122 1142 1177 Victuris
1173 1133 1484 1194 martyrum,
1516 1124 1614 1178 sub
1647 1121 1834 1179 Prisco
1864 1126 2106 1192 consule,

522 1214 707 1270 Romae
756 1213 1018 1283 depositio
1062 1212 1244 1268 Hilarii
1295 1227 1464 1283 papae,
1518 1228 1614 1283 per
1645 1229 1804 1284 quem
1841 1214 2108 1269 Victurius

2213 661 2469 732 episcopi,
2486 662 2554 718 de
2567 661 2718 732 cujus
2732 663 3010 718 sanctitate
3026 661 3313 736 Gregorius
3329 666 3560 724 Turonis
3578 671 3790 740 episco-

2217 767 2314 822 pus
2345 753 2573 821 scripsit,
2603 766 2824 806 narrans
2850 754 2986 823 quod
3019 769 3116 824 per
3158 757 3534 813 reuelationem
3575 762 3792 820 vidisset

2216 843 2408 899 divina:
2457 845 2602 898 vocis
2647 843 2984 912 evaginatnm
3029 845 3258 911 gladium
3315 849 3592 906 imminere
3631 867 3789 923 super

2219 935 2471 1004 tegulum,
2523 935 2662 1002 quod
2701 933 2998 1002 Hilpericus
3026 951 3118 989 rex
3152 939 3404 1006 praecepit
3426 943 3677 1006 construi,
3704 946 3786 998 cui

2219 1026 2406 1080 visioni
2451 1025 2648 1080 veritas
2691 1026 2868 1080 statim
2914 1028 3193 1082 subsecuta
3224 1037 3325 1084 est.
3374 1030 3504 1087 Nam
3529 1043 3650 1104 post
3675 1035 3787 1091 dies

2217 1115 2402 1186 viginti
2430 1117 2582 1181 duos,
2619 1116 2709 1171 lilii
2741 1117 2881 1187 regis
2907 1117 3098 1172 mortui
3128 1129 3268 1174 sunt.

1775 1305 2004 1374 EDITIU
2045 1298 2547 1359 BOLLANDIANA.

519 1398 780 1452 virtutum
809 1396 979 1467 signis
1003 1396 1213 1466 pollens
1241 1395 1535 1452 Tarvennis
1564 1396 1714 1454 urbis
1756 1396 2010 1467 populum
2035 1397 2101 1451 ad

519 1491 720 1544 cultum
750 1487 1016 1543 convertit
1053 1487 1316 1542 divinum.

589 1581 680 1634 10.
705 1608 776 1619 -
807 1578 872 1633 IV
907 1577 1048 1631 lous.
1082 1577 1245 1631 Vacat
1275 1576 1456 1630 Bmda.

593 1671 655 1724 8.
688 1671 747 1724 (Σ.
779 1669 844 1723 V.
899 1670 961 1724 A.
1016 1669 1082 1722 Τ.
1143 1668 1225 1729 1,..
1261 1669 1443 1723 Romae
1472 1668 1734 1737 depositio
1769 1668 1828 1721 Β.
1864 1676 1890 1705 ⁸
1919 1667 2098 1722 Ililarii

514 1757 675 1807 papa:
729 1739 1034 1807 (ﬂuensque
1090 1739 1196 1807 8.),
1231 1753 1325 1807 per
1369 1755 1527 1807 quem
1561 1738 1586 1778 δ
1616 1739 1917 1792 Victorinus
1941 1739 2099 1792 Ordi-

525 1827 642 1865 nem
677 1810 980 1879 paschaletn
1013 1810 1245 1878 scripsit.
1278 1808 1344 1864 Τ.
1377 1811 1468 1875 Α.,
1502 1810 1554 1862 1η
1582 1809 1896 1862 Alexandria
1924 1811 2096 1862 natale

517 1893 824 1935 sanctorum
872 1879 1100 1933 Nemesii
1130 1922 1142 1944 ,
1192 1881 1418 1934 Ammon
1471 1889 1522 1932 et
1565 1879 1786 1932 aliorum
1829 1881 2103 1946 octingen-

520 1963 691 2005 torum
718 1961 768 2005 et
797 1966 887 2004 sex
921 1950 1032 2022 [A.,
1061 1961 1110 2004 et
1139 1947 1415 2019 quinque].
1443 1950 1526 2016 8.,
1551 1949 1606 2004 In
1639 1948 1957 2005 Alexandria
1981 1953 2108 2002 Am-

2215 1413 2660 1490 nioni_s,Qrionis,
2687 1412 2879 1490 Oriosii
2913 1422 2965 1468 et
2991 1413 3513 1490 aliorumpctoginta
3553 1436 3668 1476 sex.
3695 1423 3780 1490 8.,

2212 1483 2363 1551 Apud
2390 1485 2619 1555 Africani
2636 1487 2807 1539 natale
2829 1494 3130 1538 Sanctorum
3153 1483 3523 1555 episcoporum
3556 1495 3577 1522 ε
3599 1483 3782 1550 Name;

2210 1555 2371 1618 siani,
2393 1553 2602 1616 Felicis,
2622 1555 2782 1608 Lucii.
2808 1555 2932 1608 Item
2957 1555 3165 1618 Felicis,
3195 1553 3368 1622 Littei,
3394 1561 3605 1624 Poliani,
3632 1562 3784 1620 lade-

2210 1625 2284 1696 ris
2303 1637 2354 1696 et
2377 1626 2561 1696 Dativi.
2584 1626 2665 1696 8.,
2691 1625 2744 1678 In
2773 1627 2941 1696 Africa
2968 1626 3140 1680 natale
3162 1630 3257 1680 SS.
3280 1627 3584 1692 Doletatuli,
3603 1632 3775 1696 Tusci,

2216 1693 2505 1766 Valentini.
2535 1695 2619 1760 ιη,
2647 1695 2712 1748 Et
2737 1697 2796 1750 S.
2826 1695 2851 1734 ά
2878 1696 3174 1749 Theodardi
3198 1699 3492 1766 episcopiet
3517 1693 3777 1766 martyris.

2214 1764 2269 1818 In
2323 1764 2624 1820 Santanico
2681 1767 2740 1821 S.
2793 1770 2819 1800 ⁶
2862 1767 3138 1834 Dagoberti
3187 1764 3455 1837 martyris.
3491 1771 3574 1834 8.,
3630 1764 3780 1828 Manu

2213 1837 2410 1908 recenti
2457 1837 2788 1908 ascriptum:
2841 1837 3146 1894 Translatio
3187 1840 3423 1908 corporis
3468 1841 3527 1896 S.
3561 1841 3580 1881 τ
3617 1845 3781 1901 liene-

2214 1904 2340 1959 dicti
2370 1906 2630 1961 cremitm.

1963 2036 2127 2092 MITH
2166 2036 2393 2092 NOTAE.

1963 2079 1976 2092 .
2211 2036 2300 2090 0T
2381 2078 2393 2092 .

522 2131 726 2187 Friulio
755 2137 808 2184 et
856 2137 1028 2183 matre
1070 2125 1321 2201 Domitia.
1353 2125 1430 2201 Ad
1461 2127 1796 2201 Lnxoviense
1825 2036 2425 2201 moiig-HBNdedﬁe.
2457 2125 2731 2201 canonetn
2763 2125 2911 2181 illum
2944 2125 3162 2201 Victorii
3204 2129 3503 2201 paschalem
3549 2139 3786 2201 promul-

518 2208 654 2258 rium
686 2217 713 2252 a
774 2209 922 2269 patre
980 2198 1634 2269 perducms,_religiosam
1682 2199 1834 2252 duxit
1886 2204 2093 2254 vitam:

523 2267 788 2339 posthch
829 2269 1008 2324 multis
1060 2267 1536 2339 intervenientibus
1579 2270 1733 2322 annis
1778 2285 1806 2322 a
1849 2272 2094 2339 principe

525 2337 836 2412 Dagoberlq
859 2350 928 2412 et
977 2339 1050 2412 ab
1075 2339 1248 2412 omni
1278 2337 1634 2412 Francornmd
1652 2337 2097 2408 populo'vocat’us

517 2409 658 2467 circa
691 2428 780 2465 an.
810 2410 936 2476 617,
971 2409 1029 2464 S.
1060 2409 1287 2463 Achario
1313 2409 1566 2476 episcopo
1597 2409 1951 2466 Noviomense
1982 2413 2099 2478 opi-

522 2486 745 2545 tnlante,
787 2479 1178 2535 Tarvennensis
1205 2477 1484 2548 episcopus
1513 2480 1788 2533 ordinatus
1815 2490 1918 2548 est,
1956 2483 2096 2535 mul-

523 2565 709 2620 tosque
736 2551 1221 2613 Tarvennensinm,
1254 2551 1342 2618 qui
1374 2551 1436 2602 ad
1472 2550 1730 2603 idolorum
1778 2552 1978 2605 cultum
2012 2566 2099 2605 re-

520 2625 652 2691 lapsi
708 2630 920 2685 essent,
988 2624 1051 2691 ad
1103 2621 1260 2673 iidem
1328 2620 1558 2691 reduxit.
1614 2621 1898 2687 Adjutores
1965 2633 2094 2689 tres,

522 2690 920 2748 Mnmniolinuni
947 2729 964 2754 ,
1001 2690 1404 2744 Ebertramnum
1453 2690 1830 2758 Berlinumqne
1859 2693 1924 2744 de
1957 2692 2097 2746 Con-

517 2763 800 2817 stantiensi
832 2761 1048 2830 regione
1077 2763 1298 2826 recepit,
1330 2758 1419 2827 qui
1451 2775 1516 2830 eo
1541 2759 1752 2815 favente
1782 2760 2097 2830 Sithivense

523 2829 910 2888 monasterium
954 2840 1384 2884 construxerunt.
1436 2829 1568 2881 Cum
1619 2839 1796 2884 autem
1821 2829 1880 2883 S.
1920 2831 2098 2884 Audo-

523 2918 704 2958 ntarns
730 2901 799 2954 30
825 2915 1086 2953 annorum
1131 2900 1306 2962 Spatio
1335 2901 1766 2951 'I‘arvennensent
1803 2900 2097 2954 Ecclesiam

523 2973 774 3035 rexisset,
806 2985 946 3023 anno
976 2970 1116 3022 circa
1148 2969 1248 3020 677
1279 2968 1408 3021 obiit
1434 2977 1486 3018 et
1507 2985 1533 3018 a
1558 2968 1615 3022 S.
1653 2969 1868 3024 Bertino
1907 2971 2098 3025 abbate

519 3042 574 3096 in
625 3042 929 3096 Sithivcnse
975 3040 1300 3092 monasterio
1338 3039 1578 3103 sepultus
1617 3050 1732 3105 est;
1785 3040 1873 3092 ubi
1921 3041 2098 3095 adhuc

518 3127 714 3180 corpus
769 3109 884 3177 ejus
927 3109 1152 3162 habetur
1178 3117 1369 3176 printer
1393 3119 1551 3175 caput
1581 3117 1634 3163 et
1672 3125 1794 3162 ossa
1825 3113 2092 3177 quaedam,

521 3199 638 3252 qua:
689 3183 740 3235 in
796 3182 878 3252 Β.
909 3181 1088 3233 Marize
1133 3180 1358 3252 ecclesia
1403 3180 1930 3252 Audomaripolitana
1981 3196 2096 3252 ser-

520 3249 736 3306 vantur.
766 3251 1101 3320 Audomarns
1134 3249 1580 3320 Wandregisilum
1621 3251 1943 3312 sacerdotio,
1982 3249 2092 3303 An-

518 3323 838 3378 strebertatn
904 3329 958 3374 et
1013 3319 1410 3374 Waldetrudem
1467 3320 1586 3373 velo
1639 3335 1984 3374 consecrasse
2041 3324 2092 3375 in

521 3393 748 3462 propriis
792 3392 1026 3462 istorum
1067 3400 1367 3462 sanctorum
1397 3391 1541 3462 Actis
1583 3389 1794 3462 dicitur.
1845 3391 1973 3462 Ejus
2005 3391 2095 3445 Vi-

517 3459 633 3543 tam
668 3462 960 3543 ediderunt
998 3460 1186 3515 Surius
1227 3469 1356 3516 tum.
1397 3459 1433 3514 V
1484 3468 1537 3513 et
1585 3461 1853 3515 Mabillon.
1909 3461 1964 3515 in
1993 3477 2094 3517 sa:—
2121 3475 2169 3543 ρ

515 3535 637 3588 culo
669 3548 727 3595 tt,
768 3534 888 3586 Act.
925 3532 1053 3585 Ben.

587 3613 614 3641 α
640 3602 854 3656 Hilarii.
887 3601 981 3655 Vel
1028 3599 1218 3656 Hilari.
1255 3599 1350 3654 llic
1380 3598 1544 3653 Leoni
1592 3615 1784 3668 magno
1834 3604 2095 3658 successit

513 3688 656 3728 anno
697 3673 821 3734 lilii,
867 3681 923 3726 et
964 3671 1239 3724 ordinatus
1285 3681 1368 3725 est
1412 3671 1498 3724 die
1551 3670 1616 3722 12
1668 3673 1926 3726 Novemb.
1953 3672 2096 3728 Obiit

517 3756 692 3799 autem
748 3757 889 3796 anno
934 3741 1064 3796 468.
1116 3741 1401 3794 Baroninm
1453 3740 1632 3807 igitur,
1668 3741 2090 3809 Papebrochium

521 3814 762 3880 aliosque
810 3812 1070 3880 hactenus
1097 3810 1306 3877 det-epit
1339 3809 1678 3864 Marcellinus
1705 3813 1758 3864 iti
1800 3810 2089 3880 Chronico,

515 3884 605 3950 qui
661 3878 760 3936 sub
807 3881 932 3936 anni
981 3878 1082 3935 467
1114 3880 1422 3935 consulibus
1449 3881 1706 3943 Simplicii
1762 3878 2093 3938 successoris

520 3953 689 4008 Hilari
743 3952 946 4006 initium
987 3951 1262 4005 recitavit.
1305 3951 1436 4004 Nam
1466 3952 1523 4006 S.
1555 3951 1720 4005 llilati
1749 3953 1926 4004 obitus
1953 3967 2093 4009 anno

524 4023 766 4093 sequenti
791 4022 1034 4090 contigit,
1078 4023 1226 4089 isque
1250 4036 1353 4076 non
1383 4037 1554 4093 annos
1584 4024 1616 4075 5
1642 4031 1696 4076 et
1718 4022 1920 4092 aliquot
1945 4039 2092 4077 men-

515 4092 627 4158 ses,
675 4103 732 4148 ut
775 4107 964 4147 omnes
1021 4093 1346 4147 recentiores
1401 4092 1450 4146 ei
1497 4093 1807 4158 attribuere,
1867 4093 1959 4147 sed
1996 4110 2094 4147 an-

515 4179 612 4219 nos
640 4163 695 4231 6,
728 4178 936 4217 menses
967 4163 1020 4230 '5,
1067 4164 1181 4216 dies
1209 4163 1297 4229 l0,
1344 4161 1635 4217 Ecclesiam
1678 4164 1968 4217 Romanam
1999 4166 2094 4219 ad-

518 4234 857 4298 ministravit,
907 4242 963 4286 ut
1007 4235 1176 4303 liquet
1221 4241 1328 4285 tam
1375 4247 1441 4303 ex
1477 4233 1778 4300 Anastasio,
1812 4235 2087 4303 Urderico,

518 4303 612 4358 lib.
645 4317 704 4367 Il,
741 4302 1088 4368 Luitprando,
1121 4302 1342 4356 Abbone
1374 4302 1726 4367 Floriaccnsi,
1771 4312 1826 4357 et
1854 4302 2090 4359 Ilonorio

515 4372 1005 4441 Augustodunensi,
1057 4386 1215 4439 quam
1264 4387 1331 4426 ex
1374 4371 1625 4440 Catalogo
1659 4372 2090 4428 Vaticano-Pala-

521 4440 652 4507 tino,
685 4457 780 4497 sex
810 4441 928 4494 aliis
967 4440 1253 4510 Catalogis,
1289 4441 1585 4509 lieginone,
1618 4443 1918 4495 Ilermanno
1946 4447 2089 4497 Con-

514 4521 684 4566 tracto
711 4511 952 4580 aliisque.
985 4511 1250 4566 Marianus
1295 4517 1454 4565 etiam
1504 4512 1694 4566 Scottis
1736 4516 1784 4565 in
1823 4512 2089 4568 Chronico

514 4591 664 4638 recte
694 4582 834 4636 diem
849 4579 980 4651 ’ejus
1007 4582 1363 4636 emortualem
1395 4582 1619 4636 notavit.
1670 4581 1868 4637 Scribit
1896 4586 2036 4638 enim
2071 4601 2084 4638 :

518 4671 537 4704 ι
571 4652 796 4707 Hilarius
843 4667 974 4721 papa
1002 4654 1135 4706 obiit
1181 4669 1231 4707 ix
1257 4651 1373 4706 Kal.
1407 4654 1598 4718 Martii,
1633 4670 1651 4704 ι
1690 4654 1740 4707 id
1782 4665 1864 4708 est
1885 4656 1968 4709 die
2000 4671 2087 4711 xxt

515 4725 718 4778 mensis
744 4722 1046 4786 Februarii,
1069 4722 1132 4776 ad
1159 4738 1318 4794 quem
1347 4723 1487 4777 diem
1521 4723 1807 4778 Bollandus
1825 4726 1932 4794 ait,
1963 4741 2084 4781 eum

515 4795 808 4864 ascriptum
839 4807 958 4848 esse
988 4793 1228 4864 Florario
1252 4793 1352 4852 SS.
1376 4803 1431 4849 et
1460 4795 1773 4864 Maurolyci,
1806 4793 2081 4862 Galesinii,

2207 2199 2353 2267 gavit
2385 2196 2674 2251 Buclierius
2706 2197 2754 2249 in
2786 2211 2946 2264 opere
2976 2199 3042 2252 de
3064 2196 3223 2252 Doct.
3250 2200 3439 2269 Temp.
3549 2196 3563 2201 ⁷

2275 2275 2303 2333 ,ο
2335 2265 2657 2322 Nemesiani.
2691 2265 2746 2319 In
2775 2281 2933 2320 causa
2965 2267 3208 2335 baptismi
3255 2270 3625 2329 haereticorum
3653 2291 3774 2333 cum

2202 2337 2469 2416 Cypriano
2517 2337 2573 2416 in
2615 2337 2842 2391 concilio
2903 2347 3101 2416 stetere
3163 2353 3356 2416 omnes
3406 2339 3459 2416 hi
3508 2347 3775 2416 episcopi:

2203 2410 2442 2488 omnium
2490 2410 2634 2462 enim
2666 2421 2850 2488 eorum
2900 2410 3114 2488 nomina
3160 2408 3213 2462 in
3261 2411 3468 2488 synodo
3493 2408 3777 2488 partitagi-

2201 2480 2380 2533 nieusi
2433 2487 2765 2542 comparent.
2810 2477 3156 2532 Nemesianus
3200 2493 3228 2532 a
3261 2477 3534 2536 Thubunis
3581 2477 3778 2543 dicii'ur

2199 2549 2416 2617 sull'rag.
2447 2546 2501 2614 5,
2533 2547 2679 2617 Felix
2710 2561 2738 2599 a
2775 2547 2930 2614 Bagai
2964 2547 3185 2602 habetur
3208 2551 3330 2604 sull'.
3368 2550 3450 2615 1‘2,
3481 2553 3548 2607 ab
3582 2560 3773 2614 Antae-

2199 2635 2331 2696 (ξιιιῇ
2356 2616 2477 2671 san.
2512 2616 2600 2670 35.
2661 2619 2761 2670 Alii
2791 2619 3002 2696 quidem
3037 2618 3107 2696 ibi
3139 2631 3262 2696 sunt
3293 2619 3516 2688 Felices,
3550 2627 3641 2679 sed
3683 2632 3772 2696 qui

2199 2691 2264 2742 ad
2301 2690 2643 2758 Byzacenam
2680 2689 3038 2754 pertinebant.
3065 2689 3256 2744 Lucius
3299 2703 3622 2748 memoratur
3648 2689 3768 2752 suit.

2198 2763 2253 2823 8,
2288 2756 2386 2812 nec
2433 2775 2537 2812 non
2589 2756 2679 2824 5i,
2723 2759 2933 2825 utrique
2956 2758 3216 2825 Numidze,
3244 2760 3334 2813 alii
3368 2763 3518 2816 istius
3541 2770 3775 2822 nominis

2197 2829 2263 2906 ad
2287 2829 2665 2906 “Lengitanarn
2719 2828 3003 2906 pertinent.
3034 2829 3240 2906 l.._itteus
3259 2836 3504 2906 occurrit
3531 2835 3650 2906 δυσ.
3679 2837 3771 2906 8‘2,

2208 2897 2488 2952 Polianum
2547 2899 2804 2951 habemus
2847 2897 2970 2950 sull'.
3027 2899 3126 2962 l5,
3182 2901 3333 2967 quia
3363 2900 3517 2956 Milco
3559 2897 3772 2961 dicitur:

2199 2967 2332 3024 Sul'f.
2388 2969 2457 3039 78
2493 2967 2761 3021 Victorem
2815 2968 2885 3039 ab
2934 2970 3136 3024 Octavo
3184 2970 3469 3025 Nutnidum
3521 2975 3772 3039 exhibet;

2196 3039 2332 3092 alter
2361 3053 2388 3091 a
2417 3038 2524 3092 Gor
2547 3107 2557 3108 7
2582 3054 2686 3108 non
2739 3037 2948 3091 videtur
2994 3040 3149 3108 hujus
3201 3041 3323 3095 loci.
3358 3040 3515 3097 Jader
3540 3058 3568 3097 a
3600 3037 3772 3101 Midila

2197 3114 2432 3162 occurrit
2454 3107 2575 3161 san.
2611 3106 2702 3164 45.
2735 3109 2949 3160 Dativus
2972 3106 3185 3163 detnttm
3215 3125 3244 3164 a
3271 3111 3428 3168 Badis
3449 3126 3773 3171 memoratur

2197 3179 2319 3232 sull‘.
2356 3179 2440 3232 l5.
2489 3178 2560 3232 De
2591 3177 2908 3230 Netnesiano
2935 3181 3050 3231 solo
3077 3181 3306 3233 dubitari
3340 3185 3529 3248 poterit
3557 3202 3622 3240 an
3663 3188 3773 3241 Nu-

2197 3251 2336 3301 mida
2362 3249 2539 3311 fuerit,
2579 3262 2645 3300 an
2673 3249 2912 3312 Maurus;
2943 3251 3041 3302 nisi
3072 3251 3213 3316 quod
3242 3251 3482 3305 Tubunia
3525 3269 3773 3311 occurrat

2198 3319 2250 3372 in
2308 3319 2562 3387 Numidia
2587 3333 2690 3372 non
2745 3319 2917 3387 minus
2945 3333 3104 3387 quam
3135 3320 3186 3374 in
3238 3321 3582 3387 Mauritania;
3625 3337 3679 3379 ut
3704 3345 3773 3382 ex

2196 3388 2486 3462 collatione
2539 3386 2976 3462 Carthaginiensi
3008 3399 3251 3462 apparet.
3294 3391 3367 3446 De
3410 3393 3489 3445 his
3537 3386 3655 3450 vide
3681 3398 3772 3462 76,

2197 3458 2290 3532 77,
2325 3459 2414 3532 79,
2445 3474 2569 3527 epp.
2603 3457 2683 3532 S.‘
2713 3457 2984 3532 Cypriani.
3019 3458 3082 3514 Hi
3117 3464 3343 3532 primum
3381 3463 3599 3518 fustibus
3627 3457 3774 3532 caesi,

2199 3529 2394 3583 deinde
2417 3532 2482 3582 ad
2508 3527 2719 3582 metalla
2750 3529 2988 3582 damnati
3015 3527 3158 3597 sunt,
3197 3531 3478 3590 Valeriano
3503 3548 3536 3587 ιι
3567 3544 3624 3590 et
3643 3527 3773 3594 Gal;

2200 3599 2340 3654 lieno
2372 3614 2427 3652 III
2459 3613 2601 3653 coss.
2635 3613 2776 3651 anno
2798 3597 2925 3653 257.

2270 3669 2295 3706 ά
2337 3669 2662 3730 Tlteodurdi,
2704 3669 2938 3736 episcopi
2991 3667 3348 3739 Trajectensis
3393 3673 3627 3729 vicesimi
3670 3692 3772 3733 oc-

2199 3739 2326 3812 tavi,
2368 3740 2423 3795 S.
2458 3740 2710 3812 lictnacli
2739 3739 2983 3812 discipuli
3015 3749 3068 3794 et
3115 3743 3166 3794 in
3199 3744 3329 3797 sede
3357 3743 3472 3812 ejus
3503 3760 3775 3803 successo-

2197 3811 2292 3873 ris,
2325 3813 2414 3877 qui
2446 3825 2567 3864 cum
2596 3809 2959 3863 Childericum
3010 3826 3189 3881 regem
3232 3813 3298 3866 ad
3330 3809 3641 3880 repetendas
3671 3820 3772 3872 Ec-

2196 3881 2374 3934 clesiae
2404 3895 2512 3935 sua:
2546 3895 2652 3943 res,
2686 3893 2818 3951 quas
2851 3882 3091 3951 nonnulli
3123 3885 3447 3951 invaserant,
3481 3887 3667 3948 adiret,
3698 3891 3772 3943 ab

2199 3951 2303 4026 illis
2320 3961 2536 4004 necatus
2551 3963 2628 4004 est
2645 3951 2694 4002 in
2720 3950 2940 4026 Alsatia,
2963 3966 3155 4020 nempe
3171 3953 3220 4005 in
3245 3954 3378 4007 saltu
3399 3955 3594 4026 BcWalt
3612 3973 3773 4026 prope

2199 4022 2500 4088 Nemetum,
2533 4034 2759 4087 corpore
2794 4022 2845 4072 in
2883 4020 3045 4074 frusta
3097 4027 3442 4077 comminuto.
3478 4020 3634 4080 lstbic
3661 4020 3770 4082 duo

2196 4091 2481 4145 luminaria
2527 4091 2782 4144 divinitus
2815 4091 3117 4157 emicuisse,
3165 4105 3218 4146 et
3257 4095 3463 4148 mulieri
3493 4111 3648 4151 caeca
3683 4099 3769 4152 lu-

2201 4177 2323 4215 tnen
2356 4162 2520 4216 fuisse
2556 4161 2858 4214 restituunn
2894 4161 3106 4227 legitur.
3141 4163 3267 4218 Haec
3298 4166 3410 4218 sola
3437 4177 3616 4220 notattt
3649 4180 3776 4224 sunt

2194 4230 2351 4300 digna
2378 4233 2427 4284 in
2469 4230 2586 4300 ejus
2604 4231 2762 4302 Actis
2789 4233 2925 4299 apud
2954 4233 3179 4302 Snrinni
3195 4234 3260 4287 ad
3290 4251 3318 4287 x
3352 4235 3647 4302 Septemb.,
3682 4239 3772 4292 ubi

2193 4304 2406 4354 additur
2455 4300 2694 4355 membra
2743 4303 2857 4369 ejus
2912 4316 3006 4369 per
3051 4303 3112 4358 S.
3156 4300 3504 4358 Lanibertntn
3547 4309 3596 4359 in
3626 4308 3773 4363 Tun-

2192 4385 2419 4496 grorggin5
2457 4371 2729 4426 civitatem
2780 4372 2946 4426 relata
3009 4373 3194 4428 luisse.
3244 4375 3440 4432 Passus
3492 4385 3576 4433 est
3627 4393 3768 4435 circa

2192 4456 2278 4494 an.
2425 4481 2439 4495 .

2192 4456 2278 4494 an.
2315 4443 2439 4495 655.

2269 4521 2292 4549 ο
2326 4511 2624 4583 Dagoberti.
2664 4511 2761 4567 Hic
2801 4511 2902 4567 luit
2930 4511 3065 4567 [ilius
3086 4513 3338 4582 Sigiberti
3373 4516 3654 4571 Austrasia:
3684 4533 3772 4574 re-

2193 4581 2275 4649 gis
2295 4599 2308 4648 ;
2330 4581 2450 4655 quo
2480 4582 2763 4655 defuncto,
2793 4585 3068 4655 relegatus
3095 4581 3179 4638 est
3210 4586 3538 4655 Dagobertus
3577 4592 3626 4642 in
3674 4592 3773 4642 Ili-

2193 4654 2429 4707 herniam
2470 4667 2612 4707 anno
2637 4652 2852 4707 circiter
2893 4654 3019 4708 660.
3045 4654 3200 4709 Anno
3225 4652 3398 4710 autem
3427 4657 3638 4712 circiter
3660 4662 3767 4714 6N

2193 4724 2244 4776 in
2301 4725 2504 4792 paterni
2554 4723 2704 4792 regni
2752 4733 2955 4790 partem
3000 4735 3244 4792 receptus
3285 4737 3385 4793 est,
3414 4742 3474 4782 ac
3497 4737 3605 4782 tum
3636 4727 3765 4784 Wil-

2194 4795 2359 4848 lridus
2391 4794 2743 4867 Eboracensis
2768 4795 3223 4867 archiepiscopus
3258 4798 3305 4850 ei
3333 4799 3582 4856 auxilium
3606 4816 3771 4867 equo-

510 4858 712 4921 Canisii
747 4863 1154 4933 Martyrologiis,
1186 4867 1452 4933 variisque
1481 4858 1839 4932 Kalendariis,
1865 4878 1918 4922 et
1939 4858 2083 4922 Gre;
2115 4858 2163 4918 D
2193 4880 2306 4918 rum
2338 4871 2393 4918 et
2415 4865 2646 4918 virorum
2679 4863 2847 4919 dedit.
2878 4858 3035 4918 Anno
3075 4858 3252 4920 autem
3279 4867 3382 4924 679
3413 4870 3493 4921 vel
3522 4871 3624 4925 ιιδο
3654 4858 3768 4924 liet-

513 4935 633 4990 veni
678 4935 745 4989 ad
800 4933 1097 5005 Ilsuardum
1154 4936 1430 4991 Auctario.
1479 4936 1594 4990 Non
1643 4935 1821 5005 itaque
1853 4937 2082 4993 Hilarius

511 5006 612 5060 hoc
669 5006 756 5060 die
783 5003 1054 5072 depositus
1085 5014 1186 5070 est,
1214 5005 1307 5061 sed
1334 5007 1508 5073 potius
1537 5003 1747 5074 corpus
1769 5005 1885 5075 ejus
1911 5020 2084 5063 trans-

509 5075 672 5148 latum
729 5087 844 5138 eSt;
879 5089 997 5148 cum
1022 5075 1149 5148 anni
1181 5075 1238 5141 6,
1267 5090 1480 5148 menses
1525 5075 1576 5141 5,
1608 5085 1664 5129 et
1685 5076 1800 5130 dies
1843 5079 2082 5148 10.8!“-

510 5146 608 5200 hus
631 5144 887 5200 immane:
916 5145 1164 5200 Ecclesia:
1193 5146 1424 5213 praefuit,
1455 5147 1542 5201 die
1565 5163 1651 5199 xxt
1687 5150 1886 5202 mensis
1915 5144 2075 5204 Febr.

508 5217 634 5270 anni
661 5216 766 5271 468
802 5215 1171 5270 absolvantur.
1202 5218 1326 5271 PAGI
1358 5216 1409 5271 itt
1452 5231 1545 5271 sua
1579 5217 1772 5270 Critica
1802 5218 2082 5275 historico-

507 5285 882 5356 chronologica
919 5287 970 5340 in
999 5286 1212 5342 Baronii
1243 5287 1476 5341 Annales
1508 5302 1647 5340 anno
1679 5285 1806 5341 467.
2044 5307 2109 5346 αδ..

581 5357 605 5394 δ
647 5355 956 5410 Victorinus.
1008 5357 1101 5410 Vel
1137 5357 1420 5413 Victorius.
1448 5359 1602 5410 Baeda
1655 5359 1707 5411 in
1747 5359 1948 5412 Chron.
1981 5361 2081 5415 sub

507 5426 1058 5498 Leoneﬂimperatore
1102 5431 1180 5484 sic
1227 5428 1410 5482 scribit
1442 5444 1455 5481 :
1487 5445 1504 5479 ς
1540 5425 1804 5483 Victorius
1852 5428 2080 5498 jubente

511 5511 644 5565 papa
704 5497 905 5552 llilario
951 5499 1164 5566 scripsit
1212 5499 1514 5566 paschalem
1545 5500 1802 5554 circulum
1853 5497 1958 5554 352
1983 5516 2081 5554 an-

508 5583 719 5621 norum.
765 5567 869 5622 Sed
925 5570 1104 5623 verius
1144 5571 1247 5626 dici
1293 5579 1486 5641 potest,
1520 5567 1809 5624 Victoriam
1858 5571 2079 5641 (lycium

507 5653 659 5709 suum
693 5641 1071 5709 composuisse
1125 5655 1266 5695 anno
1325 5639 1596 5709 457,quo
1649 5641 1857 5695 lIiIarus
1903 5639 2078 5696 adhuc

507 5708 658 5780 urbis
689 5707 871 5780 Romae
897 5709 1303 5780 archidiaconus
1342 5723 1476 5776 erat,
1510 5707 1568 5765 ut
1597 5712 1762 5780 liquet
1791 5729 1855 5765 ex
1893 5711 2082 5780 praefa-

508 5779 674 5840 tione,
718 5778 770 5830 in
796 5793 895 5842 qua
933 5779 1194 5834 Victorius
1222 5782 1350 5835 dicit
1379 5781 1627 5836 consules
1655 5778 1783 5836 tunc
1813 5778 2082 5838 exstitisse

506 5848 913 5904 Constantinum
956 5860 1010 5905 et
1042 5851 1258 5917 ltufutn,
1288 5852 1376 5919 qui
1408 5866 1547 5906 anno
1570 5849 1672 5904 457
1707 5854 1859 5908 lactis
1883 5868 2076 5909 nomen

2189 4937 2298 4988 tum
2356 4936 2548 4988 accidit
2603 4937 2654 4988 in
2711 4935 3034 5004 Lingonibus
3082 4937 3220 4990 inter
3269 4937 3655 4992 Theodoricum
3710 4952 3772 4996 et

2191 5004 2548 5075 Dagobertum
2595 5020 2777 5074 reges;
2820 5007 2907 5059 tibi
2961 5007 3288 5076 Dagobertus
3336 5023 3455 5063 cum
3493 5009 3769 5065 Vullnalslo

2189 5077 2478 5144 subregulo
2536 5077 2844 5144 prolligatus
2884 5085 2986 5130 est.
3020 5077 3092 5130 De
3115 5076 3228 5144 ejus
3275 5079 3323 5130 in
3367 5080 3562 5133 Gallias
3593 5085 3766 5134 reditu

2189 5146 2306 5200 fuse
2359 5147 2580 5201 disserit
2635 5147 2972 5201 Mabillonius
3027 5147 3078 5200 in
3138 5147 3450 5217 praefatione
3487 5154 3665 5203 saaculi
3717 5165 3770 5202 Iv

2189 5218 2310 5290 Act.
2352 5217 2505 5284 Ben,
2557 5229 2703 5286 parte
2745 5231 2785 5280 ι,
2835 5218 2945 5289 ςυ,
2992 5217 3292 5290 ιιιιιιιη198
3323 5230 3374 5273 et
3402 5234 3550 5290 seqq.
3595 5221 3642 5274 Is
3685 5232 3771 5275 est

2191 5287 2330 5356 izletn
2365 5303 2455 5341 rex
2503 5297 2558 5342 et
2581 5302 2781 5356 martyr
2806 5287 2895 5355 qni
2925 5289 3115 5343 colitur
3144 5288 3413 5344 Satanaci.
3447 5287 3769 5346 Meinoratur

2191 5357 2241 5410 iit
2273 5355 2593 5412 Kalendario
2627 5355 2827 5412 Ειιιιιιςε
2855 5360 3072 5426 reginae,
3103 5359 3244 5428 quod
3281 5361 3460 5415 Itemis
3495 5367 3543 5416 in
3569 5364 3761 5417 biblio-

2191 5429 2343 5482 theca
2395 5429 2702 5499 lientigiana
2731 5439 2998 5503 servatur,
3029 5430 3118 5503 die
3145 5446 3176 5483 ι
3215 5429 3332 5484 Kal.
3374 5432 3628 5498 Januarii,
3661 5449 3770 5503 quo

2188 5514 2308 5571 eum
2351 5509 2663 5571 martyrium
2705 5501 2892 5554 tulisse
2930 5501 3064 5571 Adicit
3089 5509 3253 5571 vetus
3291 5513 3492 5564 auctor,
3522 5501 3766 5571 idqne‘ut

2189 5568 2530 5642 Mabillonius
2574 5573 2786 5642 probat,
2819 5586 2885 5622 an
2917 5569 3041 5624 679.
3073 5570 3127 5625 Si
3160 5583 3286 5642 vero
3320 5568 3642 5642 Dagobertus
3677 5591 3768 5626 oc-

2189 5639 2334 5712 cisus
2379 5651 2460 5694 est
2510 5657 2541 5694 x
2573 5640 2692 5697 lial.
2721 5639 2982 5710 Januarii,
3015 5641 3293 5696 translatio
3340 5639 3582 5712 quaedam
3612 5645 3768 5700 hodie

2190 5711 2508 5764 celebratur.

2268 5779 2286 5818 ί
2343 5779 2630 5835 Benedicti.
2689 5783 2745 5838 lit
2794 5782 3066 5838 territorio
3096 5782 3439 5852 Bergontensi
3488 5785 3680 5839 colitur
3709 5785 3767 5839 Β.

2198 5852 2514 5907 Benedictus
2539 5855 2756 5910 eremita
2783 5856 2995 5924 quidam
3028 5855 3144 5912 ord.
3186 5855 3344 5912 Vallis
3379 5855 3655 5912 UIDDI'USLL‘
3685 5858 3776 5912 die
