4110 6492
346 342 473 398 1041

1453 342 1643 398 SECT.
1688 340 1755 397 ll.
1792 363 1863 379 -
1904 340 2465 397 MAR'I'YROLOGIA.

3475 338 3611 391 1042

1565 452 1789 506 EDI'I'IO
1828 451 2294 508 GOLONIENSIS.

411 545 471 599 Β.
497 544 559 599 lll
585 543 700 598 Inus
729 541 996 598 Serrana.
1034 572 1104 583 --
1141 541 1325 597 Romae
1374 543 1548 596 natale
1592 554 1923 608 sanctorum,
1955 548 2004 604 Α
2034 541 2239 604 Iventii.
2271 543 2358 612 qui
2386 558 2415 597 a
2447 543 2602 598 beato
2631 543 2953 614 lIermagore
2975 543 3302 613 Aquileiensi
3335 544 3608 611 episcopo,

340 634 521 688 Prathi
543 644 595 688 et
623 631 866 696 Jacincti,
899 631 986 701 qui
1016 642 1168 686 erant
1207 631 1435 686 eunuchi
1466 630 1639 685 beatae
1675 630 1922 699 Eugeniae

339 725 583 793 virginis.
610 723 847 791 Cumque
867 724 932 775 ab
958 723 1158 776 lleleno
1178 722 1428 790 episcopo
1452 722 1700 789 baptizati
1726 732 1926 789 essent,

342 818 611 886 aliquanto
642 826 878 884 tempore
902 816 1091 870 divinis
1120 816 1292 869 solum
1315 814 1706 870 eruditimzibus
1732 829 1927 868 vacan-

344 919 441 969 tes.
478 909 527 962 in
555 923 831 964 servorqu
860 907 950 962 Dei
980 907 1304 963 monasterio
1332 908 1462 961 mira
1484 906 1783 961 humilitate
1805 922 1929 962 ver-

344 1004 442 1057 sati
475 1014 618 1069 sunt,
648 1003 831 1057 ethoc
876 1002 1011 1071 apud
1068 1001 1378 1072 ngyptum,
1435 1000 1556 1054 inde
1604 1015 1723 1053 cum
1776 998 1928 1053 beata

348 1097 551 1165 virgine
603 1098 823 1151 Romam
875 1097 1098 1163 reversi,
1150 1096 1247 1149 sub
1295 1094 1538 1149 Gallieno
1587 1093 1930 1159 imperatore,

347 1186 487 1254 quod
519 1197 698 1241 essent
729 1186 1012 1241 Christiani
1045 1184 1385 1253 deprehensi,
1418 1193 1679 1251 coguntur
1726 1181 1934 1236 sacriﬁ-

349 1294 493 1345 care,
523 1280 616 1333 sed
670 1294 773 1333 non
804 1279 1219 1343 consentientes,
1250 1276 1535 1331 duriSsime
1577 1275 1928 1331 verberaban-

351 1380 452 1425 tur.
481 1368 714 1440 Cumque
746 1372 852 1424 Deo
883 1368 1037 1424 ﬁdem
1070 1378 1347 1425 servantes
1377 1368 1705 1438 gauderent,
1739 1366 1936 1434 pariter

351 1462 707 1516 decollantur.
734 1463 799 1517 Et
821 1473 1125 1517 sanctorum
1154 1460 1344 1515 Felicis
1366 1470 1421 1513 et
1447 1458 1683 1527 Regulae.

421 1551 483 1605 C.
516 1549 664 1607 Pam.
698 1553 814 1607 Inus
841 1554 1108 1608 Sarrana.
1135 1581 1205 1597 -η-
1238 1549 1388 1620 Apud
1435 1550 1623 1604 urbem
1671 1548 1932 1615 Ticinum,

353 1656 471 1709 qua:
493 1652 546 1697 et
574 1643 732 1712 Papia
771 1643 982 1711 dicitur,
1009 1650 1312 1698 sanctorum
1353 1638 1717 1696 confessorum
1749 1641 1850 1694 Siri
1882 1649 1937 1694 et

2036 633 2299 701 discipulo
2328 634 2497 688 sancti
2538 634 2695 688 Marci
2731 634 3092 703 evattgelistze,
3125 635 3187 688 ad
3216 634 3489 703 prmlatatn
3524 651 3611 686 nr-

2036 724 2155 779 bem
2183 724 2392 789 directi,
2418 724 2586 792 primo
2613 725 2717 779 illic
2743 724 2938 779 Christi
2966 726 3305 794 Evangelium
3332 724 3621 791 praedican-

2036 824 2136 880 tes,
2165 824 2221 870 et
2248 816 2451 883 magnis
2500 814 2782 869 virtutibus
2825 831 2889 871 ac
2936 817 3203 871 miraculis
3246 826 3614 882 coruscantes,

2036 908 2196 962 etiam
2220 908 2418 963 vicinas
2444 908 2602 962 urbes
2626 907 2983 964 Veronensem
3013 909 3214 965 scilicet
3234 920 3286 963 et
3313 909 3612 972 Brixenam,

2036 1009 2091 1057 et
2123 1002 2479 1069 Laudensem,
2509 1001 2703 1056 divinis
2731 1001 2978 1070 operibus
3028 1001 3389 1066 illustrarunt;
3436 1000 3619 1069 sicque

2035 1093 2089 1147 in
2123 1093 2411 1162 pontiﬁcali
2443 1093 2663 1159 honore,
2698 1092 2913 1147 fundata
2941 1103 2995 1147 et
3028 1093 3338 1147 c0nﬁrmata
3374 1092 3475 1145 tide
3503 1106 3622 1145 cre-

2037 1186 2273 1239 dentium
2303 1186 2614 1254 populorutn
2654 1185 2887 1253 glorioso
2915 1184 3018 1237 ﬁne
3039 1184 3351 1253 quieverunt
3380 1184 3431 1237 in
3467 1198 3612 1252 pace.

2039 1276 2094 1330 In
2119 1276 2399 1331 Antiochia
2429 1277 2600 1332 natale
2630 1277 2916 1332 Timothei.
2964 1278 3190 1333 Catones
3231 1278 3399 1332 sancti
3444 1279 3619 1347 Eupli.

2040 1368 2295 1438 Lugduno
2320 1369 2581 1437 depositio
2607 1369 2912 1424 Sacerdotis
2941 1370 3194 1440 episcopi.
3236 1371 3621 1442 Augustoduno

2041 1459 2181 1514 beati
2211 1461 2414 1513 Eventii
2443 1461 2695 1529 episcopi.

2113 1550 2174 1605 D.
2210 1551 2326 1603 locs
2355 1550 2623 1604 Sarrana.
2650 1580 2720 1590 —
2747 1549 2802 1604 In
2845 1550 3165 1605 Alexandria
3212 1550 3351 1605 beati
3398 1548 3624 1618 Philippi

2040 1640 2274 1706 episcopi
2318 1648 2373 1694 et
2418 1640 2691 1710 martyris,
2731 1640 2821 1709 qui
2872 1639 3154 1709 prtefectus
3209 1643 3436 1709 primum
3490 1642 3623 1703 fuit,

1566 1733 1794 1787 EDITIO
1837 1732 2337 1786 BOLLANDIANA.

426 1823 510 1878 11.
534 1854 584 1864 -
605 1824 669 1879 111
692 1825 831 1881 Inus.
866 1827 1048 1881 Romae
1074 1826 1170 1882 SS.
1200 1834 1224 1861 ³
1256 1825 1399 1881 Proti
1429 1834 1482 1881 et
1508 1824 1814 1895 Hyacinthi,
1840 1824 1933 1893 qui
1973 1829 2011 1886 Β
2040 1824 2211 1897 scopi.
2238 1824 2493 1897 Lugdune
2530 1824 2719 1897 Gallia:
2748 1824 3011 1897 depositio
3037 1825 3094 1879 8.
3126 1823 3144 1863 τ
3178 1825 3482 1881 Sacerdotis
3510 1828 3625 1897 epi—

353 1927 507 1971 erant
530 1918 760 1972 eunuchi
790 1918 851 1974 S.
875 1918 1150 1989 Eugeniae.

425 2028 590 2082 Addit
619 2029 807 2084 Florus
841 2031 892 2084 itt
925 2030 992 2085 A.
1018 2030 1081 2085 T.
1116 2030 1179 2086 L.
1207 2048 1220 2084 :
1254 2031 1361 2087 Sed
1403 2032 1615 2087 fervore
1661 2031 1780 2086 ﬁdei
1813 2029 1935 2083 facti

355 2127 480 2172 sunt
520 2118 771 2175 doctores
814 2119 1132 2176 Christiana:
1180 2122 1308 2192 legis
1359 2124 1501 2177 unde
1547 2133 1602 2177 et
1654 2122 1933 2191 capitalem

354 2219 707 2278 susceperunt
742 2212 1086 2267 sententiam.

424 2303 488 2356 A.
541 2302 605 2356 Τ.
655 2301 717 2356 L.
766 2303 860 2373 78.,
917 2304 1170 2373 Lugduno
1200 2305 1465 2371 depositio
1507 2305 1563 2359 S.
1597 2303 1625 2343 ιι
1674 2301 1934 2373 Patientis

355 2374 612 2441 episcopi.
651 2374 733 2436 Β..
764 2372 817 2425 In
852 2371 1175 2429 Alexandria
1203 2376 1377 2429 natale
1401 2376 1498 2430 SS.
1536 2376 1655 2443 Syri
1686 2385 1740 2428 et
1767 2371 1929 2443 Sergi—

356 2440 554 2509 pionis.
606 2444 660 2496 ln
695 2443 889 2510 Apuria
924 2445 1099 2499 natale
1138 2445 1235 2499 SS.
1286 2446 1476 2501 Felicis
1523 2440 1589 2500 et'
1606 2445 1815 2499 Donati.
1844 2440 1933 2509 C.,

356 2511 423 2566 Et
454 2514 504 2566 in
534 2522 688 2582 portu
721 2514 863 2567 urbis
892 2514 1075 2568 Romae
1110 2523 1131 2551 ο
1169 2515 1409 2585 Ingenui.

429 2606 516 2659 12.
549 2635 618 2646 -
651 2605 692 2660 II
725 2606 796 2659 In.
829 2607 989 2661 Vacat
1021 2608 1197 2663 Bmtla.

428 2697 487 2750 G.
518 2696 603 2768 γ..
639 2697 691 2750 ltt
727 2698 1015 2765 Pamphilio
1048 2698 1105 2753 S.
1138 2699 1281 2768 Syri,
1310 2699 1433 2753 alibi
1466 2699 1523 2752 8.
1554 2696 1727 2763 Eupli.
1759 2695 1845 2768 γη
1871 2695 1936 2748 Et

357 2766 687 2834 Serapionis.
724 2768 809 2831 D.,
842 2770 992 2836 Apud
1020 2766 1207 2823 urbem
1241 2771 1503 2833 Ticinum,
1548 2784 1665 2834 qua:
1695 2776 1746 2818 et
1774 2767 1931 2831 Papia

358 2838 572 2910 dicitur,
589 2848 907 2910 sanctorum
941 2841 1301 2893 confessorum
1344 2840 1462 2910 Syri
1497 2849 1550 2892 et
1581 2838 1608 2873 ά
1662 2836 1931 2910 Hyventii.

361 2908 446 2973 Β..
471 2909 527 2971 In
555 2908 768 2964 civitate
789 2910 1015 2965 Calenas
1040 2911 1137 2965 SS.
1172 2918 1195 2946 ο
1228 2906 1460 2979 Εριιιϊθι
1487 2908 1795 2977 Serapionis
1823 2906 1935 2972 cpi-

2041 1896 2209 1964 scopi.
2278 1895 2328 1946 In
2382 1896 2676 1961 Pamphilia
2732 1898 2908 1950 natale
2964 1896 3021 1950 8.
3074 1897 3249 1962 Cyrici
3305 1895 3624 1964 episcopi‘et

2040 1963 2382 2035 eottl‘essoris.
2410 1968 2472 2019 A.
2493 1966 2582 2033 T.,
2604 1965 2982 2021 Roma-natale
3000 1966 3056 2019 8.
3079 1966 3336 2035 IIypoIiti.
3360 1969 3424 2021 A.
3450 1963 3511 2020 'I‘.
3534 1969 3623 2033 L.,

2044 2034 2423 2097 Augustoduno
2445 2036 2706 2102 depositio
2735 2036 2794 2089 Β.
2828 2045 2853 2082 8
2899 2036 3105 2088 Evantii
3130 2034 3135 2035 ⁷
3157 2038 3415 2103 episcopi.
3438 2038 3503 2092 T.
3534 2041 3619 2103 L.,

2041 2103 2096 2229 {in
2130 2105 2311 2186 Sicilia
2343 2106 2520 2175 passio
2553 2106 2865 2176 Serapionis
2900 2106 3135 2174 episcOpi
3167 2115 3221 2162 et
3247 2107 3478 2162 aliorum
3515 2119 3623 2163 tre-

2078 2190 2234 2229 eetm.

2078 2190 2234 2231 (’Clm.

2111 2284 2199 2341 15.
2231 2314 2302 2326 -
2332 2284 2523 2341 IDlBUS.
2558 2286 2716 2341 Vacat
2750 2286 2925 2341 Baeda.

2113 2393 2198 2460 D.,
2223 2396 2373 2462 Apud
2398 2396 2684 2466 :‘Egyptum
2708 2398 2922 2451 civitate
2954 2399 3296 2454 Alexandria.
3333 2401 3415 2463 Β..
3446 2402 3472 2438 ιι
3501 2400 3627 2457 Phi-

2041 2463 2168 2539 lippi
2198 2468 2431 2539 episcOpi
2473 2463 2526 2520 et
2567 2470 2838 2539 martyris.
2868 2469 2930 2522 Ο.
2965 2468 3028 2523 ν.
3061 2469 3118 2523 L.
3153 2474 3217 2524 A.
3246 2471 3337 2537 T.,
3371 2475 3627 2539 Augusti-

2041 2536 2185 2588 duno
2212 2538 2480 2603 depositio
2514 2539 2572 2591 Β.
2612 2537 2627 2574 ί
2663 2536 2890 2593 Nectarii
2938 2540 3195 2606 episcopi.
3239 2541 3324 2605 L.,
3360 2542 3428 2595 Et
3455 2536 3629 2597 Turo-

2045 2606 2125 2675 nis
2157 2609 2170 2655 l
2213 2606 2436 2660 Lictoris
2486 2608 2740 2675 episcopi.
2792 2609 2852 2661 Β.
2891 2613 2951 2663 A.
2984 2611 3071 2674 Τ..
3116 2610 3170 2664 1η
3204 2610 3389 2664 Galliis
3415 2615 3629 2668 civitate

2045 2674 2275 2753 Turonis
2304 2674 2919 2753 depositio_S.iLic_toris
2947 2678 3068 2753 [B.,A
3097 2680 3335 2753 Lidonis]
3366 2683 3627 2749 episcopi.

2042 2745 2231 2817 Romae
2266 2750 2439 2817 natale
2478 2747 2535 2801 8.
2571 2747 2806 2817 Dionysii
2838 2745 3091 2817 episcopi,
3146 2745 3344 2804 Eodem
3376 2745 3462 2806 die
3494 2745 3627 2817 apud

2046 2816 2277 2893 Duacum
2306 2816 2454 2893 μέλῃ
2586 2834 2687 2893 om.
2711 2816 2855 2893 apud
2892 2816 3149 2893 Quacum]
3175 2822 3435 2885 depositio
3458 2816 3627 2893 (Alias

2042 2886 2319 2957 transitus)
2343 2889 2401 2941 8.
2438 2890 2462 2927 k
2494 2889 2666 2941 Amati
2695 2890 2950 2957 episcopi.
3004 2890 3090 2955 B.,
3133 2886 3191 2945 In
3237 2893 3425 2961 Apulia
3458 2886 3633 2946 natale

1757 2995 1964 3049 SMI'I‘H
2006 2995 2236 3052 NOTAE.

361 3098 430 3138 xx
461 3082 721 3150 Januarii,
775 3083 862 3150 qtti
910 3083 1044 3138 obiit
1068 3100 1154 3137 an.
1200 3084 1361 3138 1107.
1402 3084 1549 3137 Alius
1574 3084 1734 3137 etiam
1769 3085 1935 3138 Bene-

2044 3086 2284 3139 Coinlius
2344 3086 2643 3153 consignat.
2717 3084 2944 3141 GlllNlUS
3000 3088 3124 3142 SEN.
3195 3089 3364 3145 Cum.
3418 3091 3624 3148 TlItON.

361 3153 536 3206 dictus
591 3144 809 3207 eretnila
852 3157 1045 3208 colitur
1094 3154 1276 3207 Nitriae
1326 3156 1378 3207 in
1426 3154 1693 3223 Hungaria
1724 3156 1811 3209 die
1854 3144 2017 3223 xvt‘C
2052 3156 2166 3208 llist
2244 3170 2313 3220 tv,
2370 3153 2460 3218 56,
2497 3144 2575 3207 vet
2620 3156 2865 3223 ejusdem
2913 3159 3148 3213 auctoris
3204 3144 3336 3213 Viue
3393 3144 3628 3218 Patro—nt.

363 3223 507 3281 Julii.
542 3224 847 3278 Fsanantus
879 3224 929 3278 in
960 3223 1128 3277 Calal.
1162 3223 1296 3277 Gen.

437 3292 657 3346 ‘Proti.
704 3295 886 3348 Iiomre
915 3295 998 3347 via
1030 3295 1231 3348 Salaria
1276 3294 1326 3346 in
1372 3294 1686 3348 cmmeterio
1735 3293 1948 3347 Basillae

366 3364 421 3418 hi
474 3365 663 3429 sepulti
712 3374 855 3429 sunt,
916 3365 1006 3430 qtti
1056 3364 1155 3418 sub
1208 3364 1448 3418 Gallieno
1498 3366 1819 3430 imperatore
1851 3364 1949 3417 de-

367 3435 616 3505 prehensi
647 3446 767 3488 sunt
798 3438 935 3504 quod
961 3443 1141 3505 essent
1168 3431 1477 3505 Christiani.
1505 3434 1727 3487 Exstant
1759 3450 1943 3505 eorum

372 3503 459 3556 res
491 3513 655 3570 gesta:
685 3506 734 3558 itt
769 3503 918 3559 Actis
961 3504 1019 3559 8.
1056 3506 1327 3573 Eugenim,
1354 3503 1420 3557 de
1462 3519 1563 3570 qua
1590 3505 1764 3573 agitur
1809 3504 1949 3573 apud

374 3574 588 3629 Surium
623 3585 751 3630 tum.
786 3575 870 3636 VI,
903 3574 987 3629 die
1017 3590 1104 3628 vm
1137 3575 1247 3628 Kal.
1278 3572 1495 3627 Januar.

449 3643 476 3683 ι)
512 3643 783 3699 Patientis.
817 3645 1187 3713 Lugdunensis
1218 3645 1449 3711 episcopi
1480 3642 1716 3697 vicesimi
1745 3644 1952 3709 quarti;

380 3714 469 3778 qui
511 3713 608 3769 fuit
649 3726 832 3770 contra
878 3716 1187 3783 Pelagianos
1230 3723 1589 3783 prOpugnator
1617 3715 1951 3768 acerrimus:

378 3785 773 3839 Gallicanorum
804 3786 1176 3854 episc0porttm
1220 3784 1457 3838 interfuit
1485 3785 1733 3854 concilio,
1771 3785 1820 3836 in
1850 3799 1955 3850 quo

379 3856 590 3923 cognita
618 3866 669 3910 et
698 3853 987 3922 approbata
1032 3866 1115 3910 est
1165 3855 1296 3909 lides
1336 3853 1597 3908 catholica
1646 3853 1825 3907 Fausti
1858 3855 1957 3908 Le-

383 3923 652 3990 rinensis,
721 3926 1023 3980 damnantis
1094 3926 1336 3994 dogmata
1409 3924 1628 3992 Pelagii.
1691 3924 1958 3991 Tempore

386 3996 891 4066 niaximzeegestatis
915 4007 969 4049 et
997 3996 1149 4051 lamis
1166 3998 1310 4064 larga
1335 4010 1492 4048 manu
1507 4009 1609 4066 non
1625 3996 1734 4049 suis
1753 4005 1956 4048 tantum

384 4065 478 4118 sed
503 4065 898 4120 Arelatensibus
921 4107 934 4128 ,
953 4066 1394 4129 Arvernensihus,
1419 4065 1605 4119 etaliis
1635 4066 1954 4119 frumentum

389 4136 605 4190 mittens
632 4136 901 4193 subvenit.
939 4135 1243 4190 Obiitcirca
1272 4152 1361 4189 an.
1398 4135 1523 4189 480.
1572 4135 1696 4203 Ejus
1721 4136 1959 4189 meminit

388 4207 674 4273 Gregorius
715 4207 917 4261 Turon.
968 4206 1105 4261 Ilist.
1155 4221 1213 4269 tt,
1243 4207 1345 4267 24.
1378 4218 1429 4261 et
1467 4205 1715 4260 Sidonius
1758 4206 1962 4271 Apolli-

392 4292 533 4328 Itul'ls
563 4292 683 4330 eum
722 4279 901 4330 laudat
925 4277 994 4331 ob
1017 4277 1298 4331 ecclesiam
1332 4276 1575 4345 Lugduni
1602 4285 1959 4330 constructam

391 4346 480 4398 Itlt.
517 4362 573 4411 Il,
598 4349 753 4413 epist.
793 4348 877 4400 10.

466 4417 760 4532 amamur“.
804 4418 1019 4473 lIieron.
1052 4416 1324 4487 Martyrol.
1369 4416 1444 4470 illi
1483 4416 1576 4470 dat
1605 4416 1807 4470 socium
1835 4414 1961 4484 Ilip-

431 4498 649 4540 ()IVlItllI.

467 4501 476 4532 ι
560 4510 570 4535 t
636 4526 649 4540 .

394 4501 797 4628 pﬁdwillyventii.
851 4557 981 4614 Sive
1034 4557 1277 4620 Iuvenlii,
1334 4556 1415 4611 vel
1468 4555 1703 4628 Evetttii,
1755 4556 1832 4611 vel
1871 4555 1965 4610 Ju-

399 4627 599 4690 ventii,
621 4630 688 4683 de
715 4646 818 4697 quo
846 4631 1092 4698 superius
1112 4629 1201 4683 iter
1220 4644 1304 4681 um
1335 4636 1488 4698 sexto
1522 4627 1640 4679 ldus
1668 4627 1960 4681 Februarii.

398 4696 776 4771 DeHIvaentio
820 4709 874 4755 et
916 4696 1066 4771 Syro
1110 4700 1375 4771 episcogis
1403 4696 1695 4771 ‘Usuarilus
1752 4698 1967 4771 etiAdo

399 4766 758 4837 hodie'agunt.
794 4772 845 4824 In
879 4766 1069 4824 tabulis
1090 4766 1265 4824 autem
1295 4768 1547 4822 Ecclesiae.
1570 4766 1868 4820 Ticineusis
1900 4769 1968 4821 de

402 4852 625 4907 utroque
662 4843 887 4895 seorsitn
941 4843 1113 4909 agitur
1144 4857 1155 4891 ε
1205 4842 1450 4892 ttittnrum
1483 4840 1550 4892 de
1584 4839 1842 4908 lvaentio
1865 4851 1968 4909 roc-

401 4920 520 4962 tavo
550 4911 626 4965 Id.
659 4911 818 4965 Febr.
854 4921 905 4965 et
926 4913 993 4965 de
1018 4911 1154 4979 Syro
1182 4910 1367 4981 qttinto
1400 4910 1520 4963 Idus
1551 4909 1800 4963 Decetnb.
1824 4908 1969 4975 ejus-

400 4995 504 5048 que
535 4983 936 5036 translationem
981 4997 1068 5035 XVI
1103 4981 1217 5036 Kal.
1248 4981 1387 5035 Junii
1417 4982 1711 5034 celebrant.

480 5060 502 5087 ο
550 5050 726 5121 Epult'.
762 5054 865 5106 Seu
900 5053 1074 5121 Eupli,
1120 5052 1335 5106 Calatia:
1365 5052 1414 5103 in
1457 5050 1632 5104 Sicilia
1664 5064 1783 5121 cum
1814 5046 1972 5121 Sera-

403 5121 562 5190 pione
586 5119 745 5190 passi.
775 5119 1051 5177 Ferrarius
1080 5122 1131 5177 in
1164 5124 1407 5190 catalogo
1435 5121 1669 5187 generali
1700 5119 1972 5173 existimat

401 5208 495 5244 eos
547 5195 646 5247 sub
672 5194 1019 5249 Constantino
1069 5205 1123 5247 et
1161 5194 1311 5247 lrene
1341 5192 1559 5257 vixisse,
1604 5201 1658 5246 et
1686 5206 1780 5245 eos
1807 5190 1975 5260 pridie

400 5274 679 5318 memorat.

480 5332 499 5370 ι
533 5333 847 5389 Sacerdotis.
898 5332 1268 5404 Lugdunensis
1300 5332 1535 5402 episc0pi
1565 5331 1841 5386 tricesimi.
1876 5330 1973 5385 llic

405 5404 680 5458 :edilicwit
713 5418 766 5460 et
791 5406 999 5461 dolavit
1028 5406 1311 5460 ecclesiam
1343 5404 1404 5460 8.
1440 5405 1583 5457 l’auli
1615 5414 1666 5457 et
1689 5404 1973 5458 ecclesiam

406 5476 466 5529 8.
512 5474 731 5530 Eulalia:
761 5491 880 5545 qua:
933 5491 1073 5530 nunc
1101 5478 1158 5530 8.
1211 5475 1426 5545 Georgii
1475 5475 1699 5545 dicitur;
1742 5474 1979 5526 interluit

407 5542 791 5601 Anrelianeusi
812 5562 841 5599 v
869 5547 1098 5601 concilio
1127 5542 1400 5600 celebrato
1421 5560 1562 5599 anno
1584 5542 1710 5598 549.
1744 5545 1980 5598 Decessit

408 5616 546 5682 apud
581 5618 810 5673 I’arisios
860 5631 974 5685 post
1004 5618 1265 5687 synodum
1299 5616 1465 5680 illam,
1504 5632 1620 5681 quas
1650 5616 1974 5669 Saﬂ'aracum

406 5690 631 5753 θιιιυιιι,
658 5704 779 5743 cunt
822 5689 880 5743 8.
909 5688 1144 5742 Nicetius
1192 5689 1258 5740 ab
1287 5687 1402 5753 ipso
1451 5701 1730 5740 successor
1756 5687 1872 5754 ejus
1900 5694 1981 5739 est

408 5758 633 5812 electus.
661 5759 959 5814 Saliaracus
986 5772 1163 5812 autem
1196 5767 1569 5812 exauctoratus
1590 5766 1672 5810 est
1699 5758 1750 5810 in
1774 5756 1980 5825 synodo

415 5827 695 5887 I‘arisicnsi
750 5845 810 5900 tt,
855 5846 1013 5901 quam
1065 5844 1204 5884 anno
1234 5828 1337 5883 555
1385 5826 1723 5889 Sirmondus,
1762 5843 1845 5881 an.
1876 5826 1972 5882 ὺῦι

2050 3241 2163 3290 vm,
2198 3227 2249 3279 5.

2122 3304 2146 3341 8
2180 3294 2405 3347 Eranlii.
2467 3293 2513 3347 Is
2545 3295 2597 3348 in
2631 3294 2821 3348 tabulis
2870 3295 3243 3364 episcoporum
3276 3298 3627 3355 [Eduensium

2052 3366 2191 3437 apud
2245 3366 2624 3437 Democharent
2674 3380 2778 3418 non
2826 3366 3112 3437 reperitur,
3155 3369 3257 3423 nisi
3290 3370 3355 3423 sit
3403 3373 3490 3437 qtti
3523 3373 3630 3425 Eu-

2055 3435 2272 3488 nuthius
2323 3436 2647 3493 nominatur.
2690 3448 2717 3485 χ
2761 3435 3044 3503 episCOpus
3105 3435 3629 3505 Augustodunensis,

2053 3507 2136 3559 cui
2170 3515 2344 3556 tamen
2384 3505 2683 3557 sanctitatis
2710 3514 2830 3557 nota
2869 3508 3109 3574 apposita
3138 3523 3243 3560 non
3272 3518 3375 3562 est.

2125 3574 2150 3612 ιι
2199 3574 2447 3641 Philippi.
2492 3575 2563 3627 De
2593 3575 2692 3628 hoc
2723 3575 2978 3631 Baronius
3010 3579 3059 3629 in
3092 3577 3242 3631 Notis
3286 3579 3363 3632 sic
3404 3582 3590 3634 scribit
3620 3601 3633 3635 :

2062 3663 2078 3696 t
2117 3645 2231 3699 Ado
2258 3657 2311 3699 et
2337 3646 2423 3697 alii
2453 3645 2780 3698 recentiores
2799 3647 3099 3714 corrigendi
3128 3660 3273 3710 sunt,
3296 3648 3421 3703 dum
3444 3668 3509 3703 ex
3538 3655 3637 3705 Ac-

2058 3717 2123 3769 tis
2147 3717 2201 3771 S.
2231 3715 2482 3785 Eugenio:
2504 3716 2687 3769 dicunt
2715 3717 2859 3769 illum
2889 3714 3052 3772 fuisse
3076 3717 3385 3787 episcopum
3410 3721 3637 3775 Alexan-

2056 3788 2268 3840 drinum
2304 3804 2319 3841 ;
2355 3802 2471 3838 nam
2504 3787 2620 3853 ejus
2652 3788 2959 3853 prmlectura
2990 3788 3295 3855 szecularis,
3326 3806 3431 3844 non
3461 3806 3637 3845 sacer—

2057 3856 2252 3910 dotalis
2292 3856 2389 3910 {uit
2428 3873 2439 3907 :
2484 3855 2746 3910 Eusebius
2788 3859 2985 3911 etenim
3026 3872 3145 3912 cum
3190 3870 3297 3912 tam
3344 3860 3395 3914 in
3436 3861 3639 3915 Chron.

2058 3942 2217 3995 quam
2249 3926 2301 3980 in
2337 3926 2471 3979 "Ial.
2507 3927 2636 3981 texit
2675 3929 2868 3981 seriem
2913 3929 3282 3996 episcOporom
3327 3930 3640 3987 Alexandri-

2059 4013 2271 4061 norum,
2314 4007 2375 4068 et,
2400 3996 2616 4062 Niceph.
2649 3998 2854 4051 Callist.
2882 4009 2936 4052 et
2973 3998 3059 4052 alii
3092 3999 3180 4065 qui
3212 4000 3261 4053 id
3304 4000 3475 4068 ipsum
3510 4017 3645 4068 pra:-

2059 4072 2333 4130 stiternnt,
2365 4067 2503 4120 inter
2533 4068 2920 4123 Alexandrinos
2948 4070 3227 4138 episcopos
3254 4067 3357 4124 non
3386 4067 3644 4126 attumne-

2062 4149 2178 4190 rant
2222 4138 2543 4204 Philippum.
2594 4139 2796 4191 Rursus
2837 4148 3013 4192 autem
3061 4139 3113 4193 itt
3158 4140 3348 4194 eodem
3401 4140 3646 4208 Philippo

2060 4210 2121 4262 8.
2156 4208 2404 4279 Eugeniae
2436 4218 2582 4274 patre
2612 4219 2925 4263 erraverunt
2956 4209 3051 4279 alii
3083 4212 3169 4277 qui
3215 4221 3465 4279 putarunt
3492 4228 3643 4265 eunt-

2063 4279 2183 4331 dem
2214 4293 2334 4331 esse
2362 4278 2662 4345 Philippum
2691 4281 2818 4341 imp.
2852 4288 2907 4332 ut
2937 4278 3294 4334 Cedrenusin
3327 4281 3643 4345 Maximino;

2062 4364 2196 4415 quos
2255 4348 2659 4419 Zonaras-jure
2713 4350 2981 4415 redarguit
3034 4352 3085 4403 itt
3146 4351 3388 4419 Philippo
3439 4354 3567 4415 Imp.
3625 4373 3644 4404 ι

2064 4418 2252 4491 Gladio
2296 4429 2471 4471 autem
2506 4418 2774 4487 jugulatus
2799 4429 2880 4473 est
2922 4420 3072 4487 jussu
3113 4418 3345 4475 Terentii
3394 4424 3647 4491 praefecti,

2070 4490 2183 4563 ejus
2220 4494 2566 4552 ευθυυεεοτὲε,
2594 4493 2792 4563 Severo
2831 4500 2884 4543 et
2923 4491 3193 4545 Antonino
3235 4492 3343 4545 lilio
3386 4490 3644 4563 regnanti-

2070 4559 2191 4625 bus,
2225 4571 2279 4612 ut
2311 4563 2437 4613 Aeta
2470 4562 2716 4619 Eugeniae
2747 4571 3021 4614 testantur.

2150 4629 2165 4667 ί
2218 4631 2464 4684 Nectarii.
2522 4630 2643 4701 Fuit
2690 4631 2776 4684 hic
2809 4633 3058 4701 rdﬂt'IlllllS
3105 4642 3322 4686 octavus
3368 4635 3651 4701 episcopus

2072 4700 2589 4771 Augustodnttensis,
2607 4712 2777 4771 prout
2806 4700 2855 4751 in
2882 4702 3099 4756 Tabulis
3124 4703 3377 4754 Detnoclt.
3404 4700 3648 4771 apparet.

2073 4766 2251 4840 Deveo
2274 4768 2330 4840 in
2360 4766 2472 4820 Vita
2504 4770 2559 4824 8.
2596 4769 2841 4822 Germani
2872 4774 3109 4840 episcOpi
3144 4766 3650 4840 Autissiodurensis,

2070 4839 2219 4905 Cujus
2249 4837 2347 4891 l'nit
2369 4848 2869 4906 contemporaneus.

2148 4910 2160 4959 Ξ
2210 4908 2333 4981 ιξρι.
2355 4910 2443 4960 ris.
2503 4910 2595 4981 γει
2627 4909 2834 4972 Litorii,
2864 4910 3085 4964 secundi
3115 4912 3348 4981 episcopi
3375 4913 3639 4967 Turonen-

2077 4978 2173 5033 sis.
2205 4978 2305 5043 Qni
2333 4994 2471 5031 anno
2501 4979 2707 5046 imperii
2737 4983 3040 5035 Constantis
3080 4978 3268 5048 primo,
3302 4978 3496 5037 Christi
3525 4983 3653 5049 537,

2075 5050 2351 5103 ordinatus
2390 5061 2472 5102 cst
2505 5067 2519 5102 z
2555 5050 2653 5103 fuit
2690 5052 2756 5103 de
2787 5052 2989 5105 civibus
3016 5053 3295 5107 Turonicis
3328 5073 3340 5108 :
3374 5056 3654 5110 aediﬁcavit

2076 5120 2367 5194 ecclesiam»
2388 5120 2522 5173 infra
2550 5122 2734 5194 urbem
2761 5122 3076 5177 Turonicam
3106 5126 3353 5191 primam,
3383 5124 3655 5194 primaque

2077 5191 2145 5243 ab
2165 5206 2229 5242 eo
2251 5205 2314 5244 ex
2340 5192 2499 5260 domo
2525 5192 2799 5260 cujusdam
2830 5197 3091 5247 senatoris
3124 5194 3335 5249 basilica
3366 5198 3499 5249 facta
3523 5191 3601 5249 est
3632 5216 3645 5249 :

2077 5262 2217 5335 sedit
2246 5276 2425 5335 annos
2457 5259 2548 5326 33,
2577 5259 2649 5335 Aet
2694 5264 2824 5316 obiit
2872 5268 3212 5332 sepultusque
3252 5278 3332 5320 est
3374 5268 3425 5320 in
3468 5281 3649 5335 supra.

2076 5333 2269 5403 scripta
2302 5333 2533 5386 basilica.
2564 5332 2731 5389 Gnrc.
2761 5335 2987 5398 Totum,
3021 5335 3152 5388 Hist.
3188 5354 3239 5403 x,
3272 5340 3362 5392 51.

2154 5406 2177 5441 κ
2222 5400 2409 5456 Amoti.
2442 5404 2575 5468 Qui,
2608 5405 2832 5459 Senecio
2863 5400 3247 5459 Senonensium
3279 5409 3532 5475 episcopo
3558 5408 3651 5461 de-

2080 5472 2279 5537 functo,
2304 5476 2572 5528 communi
2602 5476 2839 5528 omnium
2867 5492 3128 5530 consensu
3157 5472 3359 5532 eiectus
3386 5472 3474 5531 est
3497 5494 3509 5530 :
3543 5493 3653 5531 ma-

2082 5544 2251 5616 lorum
2286 5543 2477 5596 invidia
2506 5557 2811 5609 accusatus,
2847 5561 2876 5599 a
2908 5547 3241 5601 Theoderico
3274 5564 3397 5616 rege
3431 5551 3481 5601 in
3508 5549 3652 5603 exsi-

2083 5614 2208 5667 lium
2236 5616 2415 5681 pulsus
2436 5624 2537 5682 est,
2565 5625 2618 5669 et
2649 5618 2908 5684 Pcronam
2941 5632 3127 5685 pagum
3168 5614 3651 5672 Verottianduorutn

2082 5686 2366 5753 perductus
2405 5686 2504 5738 sub
2532 5686 2769 5739 custodia
2804 5686 2900 5741 SS.
2934 5690 3180 5742 abbatum
3226 5689 3397 5744 Ultani
3431 5698 3486 5743 et
3526 5688 3646 5743 Fur-

2084 5758 2175 5809 saei
2204 5753 2301 5829 fuit
2320 5771 2339 5829 ;7
2366 5770 2428 5808 ac
2447 5756 2643 5829 deinde
2661 5757 2762 5811 sub
2783 5757 2841 5812 8.
2867 5757 3162 5826 Mauronto,
3186 5776 3340 5829 quem
3376 5762 3434 5817 S.
3460 5766 3657 5813 Aman—

2087 5829 2183 5881 dus
2219 5826 2532 5882 clericorum
2562 5828 2830 5893 abbatem,
2864 5829 2912 5883 itt
2946 5831 3060 5885 loco
3088 5832 3175 5901 qui
3206 5826 3413 5886 Broiltts
3438 5831 3649 5889 dicitur.
