4110 6456
514 320 649 376 {M3

1264 324 1462 380 ΒΙΞΙΜΞ
1506 325 1947 382 VENERABILIS
1985 326 2133 382 OI'P.
2179 325 2354 384 PARS
2392 328 2476 382 IV.
2509 358 2580 371 -—
2618 330 2989 386 IIISTORICA.

3618 328 3759 381 I0”

1724 438 1951 494 EDITIO
1986 438 2408 495 COLOIENSIS.

513 527 707 582 deinde
735 526 979 597 baptismi
1008 528 1169 596 gratia
1222 528 1604 596 sanetiflcatus,
1636 530 1971 599 episcopatus
1999 531 2077 585 di-
2105 535 2149 592 Α
2184 532 2433 586 neliusab
2451 532 2752 589 infirmitate
2768 533 3202 589 sanavitoraudo.
3223 534 3601 602 Beatusitaque
3623 535 3755 589 Cor-

512 620 790 687 guitatem,
830 617 1128 685 suffragium
1180 618 1467 674 ferentibus
1514 621 1717 689 populis
1768 620 2078 676 Christianis

510 710 825 777 assequitur,
856 718 909 761 et
934 709 1031 761 sub
1074 707 1358 763 Volusiano
1382 718 1435 764 et
1461 708 1700 763 Gallieno
1747 709 2077 779 imperatori-

510 798 627 864 bus,
666 797 1042 859 Perhemtnius,
1098 796 1377 867 praefectus
1427 800 1780 865 Alexandriar,
1832 801 2080 869 cogitavit

508 903 629 941 cum
679 888 941 947 occidere.
991 886 1093 941 Sed
1143 902 1262 941 cum
1312 888 1410 941 hoc
1462 888 1679 956 implere
1726 904 1828 940 non
1880 898 2075 957 posset,

513 989 724 1047 propter
754 980 1003 1049 populum
1031 979 1385 1034 Christianum
1411 1020 1426 1045 ,
1458 980 1674 1034 immisit
1700 981 1952 1047 quosdam
1990 981 2078 1049 qui

510 1088 569 1127 se
609 1072 866 1142 Ilngerent
910 1073 1257 1127 Christianos.
1304 1073 1510 1140 Quique
1553 1073 1903 1140 ingredientes
1961 1086 2079 1140 per-

508 1173 787 1218 cusserunt.
816 1178 934 1217 eum
967 1162 1020 1216 iu
1051 1163 1287 1217 oratione
1328 1163 1687 1217 constitutum.
1721 1162 1873 1217 Sedit
1902 1170 2077 1216 autem

510 1252 560 1304 in
592 1254 895 1321 episcopatu
935 1268 1125 1306 annum
1156 1268 1336 1317 unum,
1388 1266 1597 1307 menses
1634 1261 1761 1306 tres.
1810 1252 1873 1305 Et
1910 1252 2077 1306 sancti

508 1342 683 1397 Amati
754 1342 1076 1412 presbyteri,
1136 1350 1190 1396 et
1258 1342 1464 1397 abbatis
1533 1344 1836 1397 monasterii
1912 1345 2078 1397 sancti

515 1432 796 1487 llomarici.
854 1433 1083 1486 Turonis
1132 1431 1390 1501 depositio
1456 1431 1594 1486 beati
1668 1431 1901 1486 Licronis
1969 1432 2080 1501 epi-

512 1519 677 1587 δουρὶ

586 1611 645 1663 lt}.
679 1610 837 1665 XVIII
864 1611 1099 1666 Κλιεθίο.
1131 1613 1264 1667 Ocr.
1290 1642 1360 1653 --
1390 1613 1571 1667 liomze
1596 1615 1677 1667 via
1718 1615 1879 1682 Appia
1913 1616 2084 1671 natale

512 1700 683 1753 sancti
715 1698 944 1753 Cornelii
987 1701 1236 1769 episcopi,
1270 1701 1367 1754 sub
1397 1702 1759 1768 persecutione
1799 1704 1969 1769 Decii;
1998 1706 2081 1758 cui

516 1790 685 1857 primo
709 1804 771 1843 os
799 1804 918 1844 cum
954 1790 1234 1857 plumbatis
1256 1804 1337 1846 est
1360 1806 1580 1859 cmsum,
1610 1802 1665 1846 et
1693 1793 1983 1849 decollatus
2004 1804 2086 1850 est

2180 622 2351 676 nelius
2391 635 2599 692 rogatus
2626 642 2653 679 a
2689 626 2837 679 beata
2880 625 3093 691 Lucina,
3132 641 3352 694 corpora
3395 626 3755 694 apostolorum

2181 710 2317 763 beati
2342 711 2480 766 Petri
2506 721 2560 766 et
2590 713 2733 767 Pauli
2763 714 2827 769 de
2855 715 3172 769 catacumbis
3199 716 3395 770 levavit
3422 727 3576 770 noctu
3605 732 3619 771 :
3647 718 3756 785 pri-

2179 816 2320 854 mum
2349 803 2558 872 quidem
2586 819 2775 871 corpus
2801 807 2934 859 beati
2967 806 3107 861 Pauli
3134 808 3280 861 beata
3302 807 3497 861 Lucina
3526 811 3749 876 accepit,

2178 900 2231 945 et
2258 894 2432 961 posuit
2457 895 2507 948 in
2539 897 2734 963 prmdio
2760 912 2856 951 suo
2887 898 2967 951 via
2993 899 3241 962 Ostiensi,
3270 899 3332 952 ad
3364 900 3495 952 latus
3523 900 3609 952 uhi
3657 901 3751 953 de’

2179 982 2402 1036 collatus
2424 982 2536 1037 fuit.
2553 985 2689 1039 beati
2714 985 2851 1040 Petri
2875 1002 2997 1041 vero
3018 1002 3211 1057 corpus
3229 998 3443 1042 sanctus
3470 988 3752 1042 Cornelius

2179 1079 2379 1145 accepit
2409 1080 2706 1149 episcopus,
2733 1089 2785 1134 ct
2815 1074 3331 1149 posuitjuxtalocum
3355 1082 3443 1136 ubi
3471 1082 3752 1135 crucifixus

2180 1178 2280 1234 est,
2314 1169 2449 1223 inter
2478 1185 2696 1237 corpora
2729 1181 3058 1237 sanctorum,
3114 1172 3164 1225 in
3215 1171 3408 1237 templo
3462 1171 3747 1237 Apollinis,

2182 1260 2233 1313 in
2264 1270 2443 1315 monte
2490 1262 2704 1316 Aurelio
2744 1262 2980 1316 Vaticani
3030 1263 3203 1331 palatii
3252 1262 3561 1325 Neroniani,
3594 1264 3755 1317 tertio

2182 1350 2403 1405 Kalend.
2427 1351 2569 1406 Julii.
2605 1353 2734 1406 Item
2763 1354 2928 1407 sancti
2961 1353 3209 1423 Cypriani
3239 1354 3487 1422 episcopi,
3529 1355 3614 1422 qui
3655 1355 3756 1407 sub

2185 1441 2462 1496 Valeriano
2495 1444 2725 1512 principe
2774 1453 2891 1514 po~t
2926 1444 3135 1511 longum
3183 1445 3421 1499 exsilium
3472 1443 3751 1497 detrunca-

2187 1540 2271 1586 tus
2295 1534 2469 1601 capite
2512 1535 2819 1604 martyrium
2864 1537 3266 1601 eonsummavit,
3315 1543 3463 1589 sexto
3504 1534 3754 1587 milliaria

2184 1636 2213 1672 a
2243 1620 2560 1690 Carthagine
2599 1622 2745 1692 juxta
2791 1638 2956 1677 mare.
2989 1623 3184 1677 Eodem
3215 1623 3302 1677 die
3344 1624 3587 1677 esaltatio
3616 1637 3757 1675 san-

2185 1722 2287 1765 cta:
2332 1714 2525 1766 crucis.
2576 1713 2819 1767 Treveris
2871 1714 3135 1783 depositio
3179 1715 3344 1769 sancti
3391 1713 3607 1769 Materni
3645 1714 3760 1783 epi-

2186 1800 2330 1868 scopi
2358 1811 2408 1855 ct
2441 1799 2783 1855 confessoris.

513 1891 632 1930 cum
669 1878 785 1931 aliis
832 1880 1010 1946 viginti
1055 1895 1160 1933 uno
1188 1880 1473 1948 promiscui
1519 1895 1702 1946 sexus,
1740 1898 1858 1935 cum
1890 1884 2077 1951 quibus
2110 1885 2155 1943 Β
2258 1888 2317 1941 F.
2353 1888 2490 1943 XVII
2521 1889 2762 1943 Kassno.
2790 1888 2923 1945 Oc'r.
2950 1889 3222 1943 —Natale
3250 1889 3413 1943 sancti
3459 1888 3753 1943 Nicomedis

515 1980 565 2021 et
595 1967 826 2024 Cerealis
852 1971 1001 2023 miles
1028 1985 1146 2024 cum
1179 1970 1403 2047 Salustia
1429 1985 1598 2027 uxore
1627 1986 1741 2037 sua,
1771 1989 1924 2042 quam
1953 1972 2084 2029 Cor-

2191 1982 2458 2050 martyris,
2485 1996 2640 2050 quem
2674 1982 2893 2037 Flaccus
2920 1996 3117 2048 comes,
3151 1995 3216 2036 eo
3242 1996 3309 2048 qu
3330 1980 3378 2035 td
3406 1995 3593 2051 corpus
3622 1996 3752 2035 san-

1759 2082 1986 2137 EDITIO
2027 2084 2527 2148 BOLLANDIANA.

526 2172 625 2228 SS.
662 2173 973 2227 Felicissimi
1016 2185 1069 2228 et
1112 2175 1419 2229 Secundini.
1466 2174 1522 2229 In
1565 2176 1879 2231 Alexandria
1922 2180 2094 2233 natale

524 2246 584 2317 ξ.
617 2243 1217 2317 'l'lteophilicpiscopi,
1243 2246 1541 2315 Andegavis
1579 2247 1794 2301 civitate
1833 2248 2094 2317 depositio

523 2314 581 2369 S.
614 2320 638 2348 ⁸
669 2315 955 2368 Aurilionis
985 2315 1243 2384 episcopi.

2191 2195 2471 2240 sanaverat
2526 2188 2662 2255 passi
2714 2186 2814 2241 sub
2868 2187 3045 2241 Decio.
3105 2197 3125 2224 ε
3186 2186 3382 2240 Eodem
3434 2184 3519 2239 die
3570 2186 3746 2240 natale

2190 2274 2250 2331 S.
2281 2274 2306 2313 ί¹
2336 2275 2582 2345 Cypriani
2630 2276 2738 2351 [C.,
2766 2276 2993 2349 Cyriaci]
3034 2276 3300 2345 episcopi,
3338 2276 3425 2345 qui
3462 2274 3558 2329 sub
3588 2274 3749 2329 Vale-

2190 2370 2339 2425 riano
2370 2370 2607 2441 principe
2652 2381 2769 2440 post
2800 2371 3013 2439 longum
3043 2370 3321 2433 exsilium,
3353 2368 3752 2424 detruncatione

592 2443 676 2499 Η.
698 2473 768 2486 -
794 2444 952 2499 XVlll
986 2444 1117 2499 Κλι..
1147 2445 1281 2500 Ocr.
1319 2445 1500 2500 Roma:
1530 2445 1703 2501 natale
1727 2446 1785 2501 S.
1808 2443 1835 2483 ι’
1857 2444 2086 2503 Cornelii

2189 2462 2378 2531 capitis
2427 2464 2735 2533 martyrium
2785 2462 3173 2518 consummavit
3223 2471 3375 2515 sexto
3424 2460 3664 2513 milliario
3717 2474 3748 2513 a

518 2535 752 2606 episcopi
782 2554 795 2589 :
828 2536 911 2591 cui
940 2537 1109 2604 primo
1136 2550 1196 2589 os
1221 2552 1338 2589 eum
1368 2536 1649 2603 plumbatis
1678 2551 1895 2603 caesum,
1928 2546 1982 2593 et
2012 2538 2091 2593 sic

514 2626 805 2695 decollatus
846 2636 928 2681 est
965 2642 1084 2682 cum
1131 2626 1247 2680 aliis
1289 2626 1472 2695 viginti
1516 2638 1570 2681 et
1617 2642 1721 2680 uno
1759 2626 1873 2697 [R.,
1904 2626 2088 2696 viginti

515 2715 742 2787 duobus]
790 2716 1069 2785 promiscui
1122 2729 1279 2768 sexus
1325 2732 1339 2767 :
1389 2726 1443 2769 et
1490 2716 1724 2771 Cerealis
1772 2716 1923 2771 miles
1969 2731 2089 2771 cum

517 2819 683 2859 uxore
726 2819 818 2858 sua
866 2804 1093 2860 Salustia
1148 2819 1305 2873 quam
1344 2804 1622 2858 Cornelius
1671 2805 1738 2858 ah
1783 2806 2088 2861 infirmitate

2193 2550 2529 2617 Carthagine.
2564 2553 2758 2607 Eodem
2791 2552 2877 2607 die
2903 2551 3154 2606 exaltatio
3184 2559 3380 2605 sanctae
3412 2558 3434 2587 ⁸
3464 2550 3654 2605 crucis.

2268 2643 2349 2707 8.,
2381 2640 2445 2696 Et
2469 2643 2733 2710 depositio
2763 2642 2952 2697 Eharci
2982 2641 3235 2711 episcopi.

2272 2734 2355 2787 I3.
2386 2763 2457 2774 —
2484 2732 2621 2788 XVII
2652 2734 2786 2789 ΚΑΙ..
2818 2733 3001 2787 Natale
3028 2732 3087 2787 S.
3118 2730 3136 2769 ί
3166 2728 3460 2785 Nicomedis
3510 2727 3751 2797 martyris

2197 2825 2311 2893 (0.,
2337 2822 2616 2896 episcopi).
2668 2826 2726 2880 L.
2780 2824 2921 2878 addit
2970 2833 3014 2878 et
3058 2832 3082 2871 Β
3116 2821 3393 2876 Valeriani.
3435 2819 3625 2875 Eodem
3668 2818 3756 2875 die

1898 2936 2105 2992 SMITll
2146 2934 2374 2991 NOTAE.

520 3024 841 3078 instituerat.
888 3022 1045 3077 Droili
1084 3030 1257 3075 autem
1299 3021 1428 3077 obiit
1467 3037 1608 3077 anno
1635 3021 1773 3089 690;
1817 3024 2089 3082 Broilense

2196 3039 2325 3079 vero
2368 3024 2635 3079 humiliter
2673 3024 2958 3091 renitente,
3005 3021 3068 3076 ad
3113 3020 3465 3093 episcopalem
3506 3020 3748 3093 thronum

520 3094 895 3163 monasterium
936 3091 1261 3146 destructum
1303 3102 1383 3163 est
1429 3108 1568 3163 anno
1600 3093 1723 3157 8'70,
1767 3110 1872 3155 quo
1913 3097 2089 3151 immi-
2117 3102 2162 3163 η
2196 3105 2315 3162 post
2363 3104 2585 3148 mortem
2633 3094 2822 3148 Donati
2867 3091 3292 3163 promotus—est;
3339 3107 3491 3160 quem
3534 3092 3615 3143 vix
3660 3105 3753 3157 per

514 3172 681 3217 tuente

519 3238 710 3285 Antam
749 3235 1044 3286 servientes
1072 3245 1265 3298 corpus
1312 3232 1467 3299 hujus
1509 3234 1675 3286 sancti
1722 3236 1952 3289 lluacum
1995 3238 2088 3291 de.

518 3310 963 3373 portaveruut,‘et
992 3301 1152 3373 in‘sui
1181 3301 1316 3367 juris
1347 3302 1572 3373 ecclesia
1606 3304 1663 3356 Β.
1689 3304 1866 3357 Maria:
1894 3321 2091 3373 posue-

520 3370 855 3443 tunt._Nunc
895 3370 993 3443 ista
1044 3370 1279 3437 Deiparte
1320 3372 1546 3425 ecclesia
1590 3380 1671 3426 est
1711 3370 1985 3443 collegiata
2029 3376 2085 3432 8.

517 3441 688 3495 Atnati
716 3442 874 3493 dicta.
907 3441 1226 3504 Βιλιιιιιοκη
1256 3454 1377 3493 saec.
1414 3456 1448 3494 ll
1479 3443 1596 3496 Act.
1634 3443 1785 3508 Ben.,
1820 3441 1873 3509 p.
1906 3445 2031 3499 9η.

589 3515 614 3543 ⁸
656 3510 957 3564 Δια-ἱιὲοηὶε.
1017 3509 1194 3563 Potius
1248 3509 1491 3564 Maurilii.
1543 3511 1637 3564 llic
1684 3512 2089 3569 Mediolanensis

519 3578 648 3651 civis
691 3580 947 3651 illuftris,
978 3589 1032 3633 et
1070 3580 1128 3651 S.
1162 3580 1367 3651 Martini
1397 3580 1683 3646 discipulus
1716 3582 1846 3647 fuit,
1879 3595 1933 3637 et
1974 3584 2089 3651 ejus

520 3648 960 3723 hortatu__elec_tus
991 3659 1067 3701 est
1099 3648 1496 3723 Andegavensis
1528 3652 1827 3722 episc0pus.
1872 3652 1944 3705 De
1971 3648 2088 3723 ejus

521 3718 807 3780 miraculis,
837 3717 903 3790 de
926 3732 1083 3790 causa
1109 3716 1178 3790 ob
1202 3733 1358 3790 quam
1387 3716 1748 3790 episcopatum
1781 3716 2087 3790 relinquens

520 3802 666 3839 mare
702 3787 947 3849 transiit,
986 3786 1052 3839 de
1087 3787 1201 3853 ejus
1236 3788 1402 3840 reditu
1438 3788 1501 3839 ad
1541 3786 1693 3852 suos,
1740 3800 1788 3841 et
1823 3786 2089 3857 quomodo

521 3870 737 3918 puerum
770 3871 862 3923 per
889 3864 1011 3909 octo
1038 3870 1203 3908 annos
1233 3860 1550 3910 exstinctum
1583 3858 1647 3911 ad
1679 3860 1836 3914 vitam
1870 3876 2089 3917 revoca-

520 3926 622 3994 vit,
656 3926 774 3977 vide
804 3928 929 3979 Acta
958 3927 1073 3986 eius
1098 3926 1233 3994 apud
1266 3927 1477 3981 Surium
1510 3937 1637 3981 tom.
1673 3927 1736 3981 V.

588 3993 617 4034 δ
657 3994 899 4050 Cornelii.
960 3994 1074 4065 Euit
1129 3996 1213 4049 hic
1270 3997 1551 4065 episcopus
1605 3998 1871 4053 llomanus
1924 4015 1953 4053 a
2003 4002 2088 4057 die

517 4076 702 4133 quarto
745 4065 943 4119 mensis
973 4062 1113 4119 Junii
1155 4068 1276 4119 anui
1308 4066 1435 4131 251,
1458 4062 1587 4120 cum
1617 4068 1723 4121 duo
1755 4070 1892 4123 Decii
1937 4081 2089 4125 erant

516 4137 795 4204 consules,
830 4135 896 4188 ad
939 4136 1331 4204 stvSeptemh.
1370 4137 1492 4189 anni
1532 4141 1825 4204 sequentis,
1856 4138 2004 4193 Gallo
2035 4150 2088 4195 et

524 4201 802 4258 Volusiano
848 4201 1172 4257 consulibus.
1226 4205 1377 4259 Baeda
1429 4206 1529 4259 hoc
1569 4201 1687 4259 loco
1727 4201 1983 4265 ex’Actis
2026 4211 2081 4266 S.

800 3162 1065 3215 Danorum
1114 3162 1481 3229 persecutione
1532 3162 1727 3217 fratres
1774 3164 1883 3220 Deo
1932 3177 1985 3221 et
2028 3168 2085 3222 S.

519 4273 746 4327 Cornelii
797 4273 955 4325 tradit
996 4275 1065 4345 S._
1101 4274 1401 4345 Cornelium
1429 4277 1550 4345 sub
1596 4276 1755 4330 Decio
1804 4280 2086 4345 plumbatis

518 4358 713 4395 cassum
744 4352 797 4395 et
826 4352 1008 4413 postea
1037 4342 1352 4413 decollatum
1383 4361 1394 4395 :
1427 4344 1540 4398 haec
1567 4354 1713 4399 certe
1742 4342 1925 4413 aperte
1958 4350 2082 4402 lalsa

517 4419 663 4473 soul,
705 4420 757 4463 et
802 4425 829 4462 a
874 4410 1100 4464 Baronio
1150 4413 1341 4465 frustra
1389 4421 1606 4479 tentata,
1646 4415 1734 4480 qui
1779 4410 1835 4469 iu
1886 4426 2083 4471 textum

524 4463 662 4550 Decii
696 4495 886 4534 nomen
927 4463 1614 4550 irrepsisseﬁvultaet'ejus
1653 4463 2085 4541 foenusub'stit—tt'ii
2116 4463 2166 4522 D

522 4548 884 4621 Volusianum.
930 4548 1057 4621 Nam
1098 4566 1283 4621 omnes
1321 4552 1409 4604 alii
1455 4548 1596 4606 Decii
1640 4566 1828 4606 nomen
1875 4570 2088 4621 semper

522 4619 839 4685 praeferunt,
871 4620 1009 4688 quod
1040 4620 1197 4673 etiam
1228 4622 1277 4673 itt
1308 4621 1561 4675 Breviarii
1593 4622 1817 4676 Romani
1847 4619 2085 4679 lectioni-

521 4691 617 4759 lius
659 4692 927 4759 recitatur.
972 4692 1101 4745 Acta
1141 4691 1299 4759 igitur
1341 4692 1576 4759 martyrii
1618 4695 1912 4747 adulterina
1942 4705 2084 4749 sunt.

519 4756 703 4833 Callus
726 4758 937 4833 quidem
965 4756 1267 4833 Cornelium
1298 4762 1362 4814 ad
1396 4756 1779 4833 Centumcellas
1808 4764 2085 4833 relegavit,

521 4828 693 4881 locum
720 4827 1126 4898 perjucundum,
1146 4841 1202 4884 ut
1229 4840 1451 4884 testatur
1474 4831 1701 4896 Plinius;
1722 4840 1775 4887 et
1794 4827 2085 4889 assentien;

515 4900 640 4970 dum
665 4907 750 4952 est
769 4901 971 4970 auctori
1000 4901 1341 4970 vetustissimi
1367 4900 1621 4969 Catalogi,
1643 4905 1730 4970 qui
1764 4916 1934 4956 narrat
1967 4921 2085 4959 eum

515 4968 894 5021 Centumcellis
944 4968 1315 5038 dormitionetn
1374 4968 1673 5038 accepisse.
1728 4973 1803 5025 De
1860 4974 2088 5029 nefando

514 5038 803 5091 schismate
831 5038 985 5106 cujus
1011 5037 1333 5092 Novatianus
1364 5037 1610 5107 princeps
1638 5049 1773 5103 erat,
1812 5042 1991 5096 Roma:
2020 5044 2085 5098 il-

516 5108 748 5176 legitime
788 5107 1063 5160 ordtnatus
1103 5109 1406 5176 episeopus.
1450 5124 1571 5163 cum
1613 5110 1892 5164 Cornelius
1931 5125 2085 5168 antea

515 5175 633 5243 jure
656 5177 819 5249 pleno
849 5178 1050 5249 electus
1078 5189 1251 5241 esset,
1284 5175 1402 5232 vide
1441 5180 1499 5233 S.
1528 5178 1781 5249 Cypriani
1814 5182 2083 5249 epistolas.

587 5250 611 5280 °
656 5246 823 5299 Verba
858 5246 1049 5299 Eodem
1079 5250 1178 5312 die,
1213 5259 1338 5311 etc.,
1372 5263 1481 5300 om.
1509 5246 1653 5301 T.’et
1685 5248 1742 5301 Β.

584 5312 915 5387 “Cypriani.
956 5317 1435 5384 Carthaginiensis,
1497 5318 1626 5370 artis
1671 5318 1916 5373 oratoria:
1960 5338 2085 5387 pro-

516 5382 747 5456 fessione
772 5387 922 5440 clari.
962 5388 1054 5439 llic
1093 5382 1244 5456 longe
1274 5388 1530 5453 majorem
1561 5388 1681 5439 vita:
1718 5398 1917 5455 partem
1952 5382 2089 5445 inter

515 5455 734 5525 gentiles
756 5456 1065 5510 idololatrta:
1082 5455 1316 5511 assertor
1344 5457 1615 5525 transegit,
1635 5457 1802 5509 dunec
1825 5462 2088 5515 mediante

514 5521 728 5595 CtBeiliu
758 5527 1066 5591 presbytero
1091 5521 1680 5595 Cartltaginiensi'anno
1704 5526 1807 5582 246
1834 5530 1897 5581 ad
1930 5530 2085 5584 fidem

516 5592 708 5666 Christi
731 5596 965 5666 transiit.
997 5595 1235 5652 Exeunte
1263 5592 1401 5650 anno
1424 5595 1529 5649 247
1564 5598 1836 5666 presbyter
1861 5599 2086 5653 Cartha-

518 5660 771 5737 giniensis
819 5664 987 5737 faetus
1035 5675 1148 5731 est,
1201 5682 1443 5732 annoque
1493 5660 1833 5734 insequente,
1883 5680 1935 5721 et
1977 5671 2085 5737 jam

522 5730 736 5799 adulto,
780 5734 1098 5801 efﬂagitante
1133 5730 1283 5803 plebe
1312 5730 1369 5788 et
1397 5750 1531 5803 pcue
1563 5730 1829 5805 rapiente,
1865 5730 2087 5807 ipsoiuet

2192 3167 2315 3218 anni
2340 3174 2391 3218 et
2420 3165 2555 3231 quod
2586 3164 2817 3217 excurrit
2846 3162 3070 3230 spatium
3094 3172 3536 3231 orn:tverat._cutn
3564 3171 3751 3231 exorta

2190 3236 2289 3288 sub
2329 3228 2484 3288 Decio
2518 3228 2917 3301 persecutioae',
2956 3234 3019 3285 ad
3052 3233 3258 3285 leonem
3291 3233 3340 3284 in
3380 3228 3530 3301 Circo
3560 3230 3748 3297 srpius

2192 3305 2408 3369 petitus,
2432 3299 2699 3358 secessum
2727 3302 2996 3372 qttarsivit.
3024 3302 3395 3353 I‘ersecutione
3422 3299 3585 3372 sopita
3610 3315 3750 3353 anno

2190 3373 2312 3440 231,
2349 3374 2560 3427 litebris
2590 3369 2832 3440 egressus
2852 3384 2901 3425 et
2934 3372 3181 3426 Ecclesiae
3207 3386 3317 3423 sua)
3344 3369 3740 3440 realditus,syn-

2189 3437 2348 3496 utlurn
2379 3437 2695 3511 Carthagine
2747 3442 2799 3495 in
2846 3456 3002 3495 causa
3047 3442 3311 3504 lapsontm
3342 3438 3539 3492 hattuit.
3569 3437 3747 3511 Ortam

2190 3528 2326 3564 anno
2355 3512 2460 3565 “235
2505 3508 2878 3575 de'haptismo
2928 3511 3291 3563 harreticorum
3340 3508 3746 3562 controversiam

2188 3582 2486 3651 Cyprianus
2530 3581 2735 3635 concilii
2792 3579 3505 3651 Carthaginiensisdecreto
3552 3577 3741 3651 sedare

2189 3648 2409 3705 conatus
2437 3660 2518 3705 est
2539 3692 2554 3715 ,
2586 3661 2820 3704 statuens
2853 3651 3215 3703 luereticorum
3261 3648 3517 3714 baptisma
3551 3648 3736 3700 invali-

2188 3722 2313 3775 dum
2345 3737 2406 3774 ac
2449 3722 2599 3787 plane
2632 3722 2830 3772 nullum
2860 3734 3001 3773 esse.
3044 3718 3199 3771 Istam
3230 3718 3541 3771 sententiam
3580 3732 3739 3782 syno-

2188 3792 2286 3844 dus
2316 3792 2375 3844 7t
2408 3792 2771 3857 episcoporum
2812 3805 2951 3842 anno
2980 3787 3217 3856 sequenti
3252 3787 3425 3857 habita
3466 3788 3741 3857 confirma-

2187 3864 2280 3913 vit.
2314 3856 2451 3913 Cutn
2478 3856 2600 3913 vero
2630 3875 2731 3912 non
2765 3858 2935 3925 pauci,
2968 3872 3030 3911 ac
3060 3859 3110 3909 in
3143 3858 3206 3909 iis
3238 3856 3495 3922 praecipue
3521 3856 3739 3921 Stepha-

2188 3946 2288 3983 nus
2327 3932 2607 3997 episcomts
2639 3929 2940 3991 Romanus,
2975 3926 3552 3997 streuue_resttteriut,_
3575 3925 3741 3997 majus

2186 4011 2241 4055 et
2269 3994 2593 4067 frequentius
2631 3998 2910 4051 concilium
2942 3996 3161 4050 Kalend.
3194 3995 3461 4067 Septemb.
3486 3994 3737 4067 ejusdem

2187 4071 2310 4122 anni
2341 4063 2648 4122 convocavit
2677 4069 3005 4138 Cyprianus,
3051 4068 3102 4119 itt
3133 4079 3239 4138 quo
3266 4066 3495 4138 episcopi
3534 4063 3597 4115 87
3626 4063 3738 4138 suf:

2188 4140 2369 4206 I'ragiis
2418 4140 2529 4190 suis
2575 4134 2737 4204 prius
2760 4138 3030 4191 decretum
3073 4137 3405 4206 roborat-unt.
3451 4135 3602 4206 Auno
3640 4134 3741 4187 9.57

2189 4202 2609 4273 persecutionem
2638 4208 2687 4258 itt
2709 4206 3040 4259 Christianos
3064 4214 3237 4258 movet
3262 4202 3567 4257 Valerianus
3591 4203 3737 4269 imp.,

2185 4279 2397 4345 quando
2425 4276 2721 4345 Cyprianus
2760 4275 3096 4345 confessione
3136 4288 3313 4345 coram
3356 4275 3744 4345 Αεριιεὶίιᾲιιω-

2188 4342 2408 4401 consule
2438 4342 2567 4401 facta
2593 4349 2642 4398 in
2670 4345 2913 4399 exsilium
2938 4344 3182 4408 mittitur,
3208 4342 3445 4395 Cusubas
3468 4343 3747 4410 provincia:

2192 4417 2490 4483 Lengitanaa
2536 4418 2798 4483 relegatus
2825 4455 2841 4481 ,
2884 4424 2939 4468 et
2994 4428 3133 4466 anno
3173 4425 3424 4479 sequente
3464 4414 3527 4483 ab
3566 4412 3752 4483 exsilio

2191 4481 2449 4539 retractus
2502 4481 2691 4553 capitis
2744 4486 3055 4548 damnatur,
3113 4483 3193 4535 vir
3244 4481 3749 4553 plane_ntirabilis,

2190 4556 2499 4609 Christiana:
2529 4551 2736 4621 pietatis
2765 4553 2937 4607 cultor
2966 4567 3220 4614 summus,
3254 4551 3541 4617 disciplina:
3570 4552 3744 4605 eccle-

2190 4628 2421 4679 siastica:
2452 4636 2505 4677 et
2534 4624 2849 4691 episcopalis
2884 4622 3155 4688 potestatis
3184 4622 3371 4674 vindex
3403 4621 3709 4691 acerrimus.

2262 4704 2286 4732 ο
2322 4693 2519 4749 Crucis.
2566 4690 2788 4759 Quando
2836 4692 3105 4745 IIeraclius
3152 4692 3463 4757 imperator,
3512 4690 3749 4743 Clmsme

2190 4780 2312 4831 rege
2352 4764 2579 4827 devicto,
2610 4778 2725 4816 eam
2757 4761 2825 4815 de
2867 4761 3081 4816 Perside
3112 4761 3526 4829 Hierosolymam
3567 4775 3748 4827 repor-

2190 4837 2337 4887 tavit.

2265 4903 2284 4942 ΐ
2328 4902 2644 4957 Nicomedis.
2678 4901 2863 4955 Romae
2897 4904 2978 4952 via
3011 4899 3335 4953 Nomentana
3368 4898 3424 4952 Β.
3452 4897 3748 4952 Nicomedis

2191 4974 2517 5044 presbyteri;
2551 4974 2637 5038 qui
2668 4987 2786 5024 cum
2819 4970 3017 5044 diceret
3047 4969 3480 5044 cotnpellentibus
3504 4981 3559 5020 se
3589 4969 3747 5044 sacri-

2192 5038 2394 5098 liCare':
2433 5061 2451 5094 ι
2491 5044 2597 5107 Ego
2628 5057 2730 5095 non
2764 5042 3005 5093 sacrifico
3053 5040 3151 5091 nisi
3188 5039 3291 5092 [leo
3320 5038 3687 5103 omnipotenti,
3723 5054 3743 5088 ι

2190 5113 2474 5182 plumbatis
2504 5113 2800 5164 diutissime
2838 5125 3008 5163 caesus
3028 5149 3043 5171 ,
3063 5109 3317 5182 prnigravit
3340 5107 3746 5182 aduliominum.

2191 5178 2317 5237 Acta
2347 5183 2447 5238 SS.
2481 5182 2530 5234 itt
2560 5182 2689 5235 actis
2722 5181 2870 5233 Nerei
2902 5191 2955 5231 et
2983 5180 3203 5231 Achillei
3236 5193 3305 5229 xu
3338 5178 3474 5231 Maii.

2260 5262 2285 5299 8
2334 5252 2617 5305 Valeriani.
2669 5252 2724 5305 ιιι
2769 5249 3032 5303 territorio
3074 5248 3529 5308 Cabilonensium,
3574 5256 3747 5299 castro

2189 5322 2494 5377 Trenortio.
2527 5322 2621 5373 llic
2651 5335 2784 5373 unus
2812 5318 2907 5371 fuit
2926 5334 2989 5371 ex
3022 5332 3240 5370 numero
3269 5327 3567 5369 sanctorum
3596 5315 3745 5381 quin.

2190 5392 2434 5461 quaginta
2477 5392 2564 5459 qui
2610 5389 2934 5461 temporibus
2973 5384 3381 5461 AntottiniﬂVeri
3427 5386 3660 5461 Lugduni
3695 5386 3743 5437 in

2191 5454 2458 5515 carcerem
2492 5454 2620 5512 ttusi
2650 5454 2807 5521 sunt,
2842 5459 3032 5525 quique
3063 5471 3179 5509 cum
3218 5456 3277 5509 Β.
3310 5454 3570 5515 Marcello,
3607 5465 3746 5515 pate-

2193 5532 2344 5586 factis
2377 5530 2633 5584 custodiae
2658 5530 2908 5581 divinitus
2948 5528 3211 5585 claustris,
3252 5527 3468 5589 aufugit.
3514 5525 3748 5593 Cumque

2189 5602 2254 5654 ad
2302 5600 2575 5667 prazfatum
2623 5609 2853 5651 castrum
2902 5599 3250 5667 pervenisset,
3298 5605 3351 5667 et
3392 5595 3590 5667 Domini
3622 5594 3745 5644 Jesu

2191 5664 2385 5724 Christi
2420 5684 2609 5721 nomen
2654 5667 2969 5733 praedicans,
3003 5664 3253 5735 plurimos
3298 5665 3409 5735 ipso
3440 5664 3743 5735 inspirante,

2194 5744 2255 5795 ad
2288 5740 2402 5807 ejus
2435 5738 2590 5793 fidem
2618 5733 3308 5797 convertisset,‘tcvet-tenti
3341 5736 3406 5787 ab
3438 5743 3565 5787 urbe
3596 5734 3720 5785 Cain
