4110 6462
364 317 504 373 10ιῦ

1498 321 1691 378 SECT.
1732 321 1797 377 ll.
1840 351 1910 364 -—
1948 322 2510 381 MAR'I'YROLOGIA.

3482 320 3637 374 Ηὶιῦκ

1613 430 1838 487 Εῡιῑιο
1885 432 2346 489 COLONIENSIS.
2412 481 2415 484 ι

346 529 445 575 cla:
470 521 685 591 virginis
726 520 992 586 Feliculaa,
1020 534 1175 589 quam
1201 519 1315 590 ipse
1358 534 1454 589 pro
1482 520 1694 578 Christo
1744 522 1931 591 punic-
1963 527 2005 581 Α
2037 534 2211 578 menta
2249 533 2506 589 rotarum,
2540 523 2689 595 ignes
2733 531 2789 578 et
2833 522 3064 591 pondera
3114 522 3357 592 lapidum
3393 524 3610 592 angula-

347 622 449 676 rat,
477 612 770 681 sepelisset,
800 612 957 681 jussit
983 611 1101 664 duci
1128 610 1192 664 ad
1228 611 1653 667 sacrificandum.
1686 613 1802 681 Quo
1836 628 1923 667 re-

347 713 562 769 nuente,
604 703 883 770 plumbatis
914 702 1207 757 diutissime
1234 716 1404 758 cassus
1448 703 1693 773 migravit
1720 704 1784 757 ad
1817 704 1921 758 Do-

348 793 571 849 minum.
624 792 787 863 Cujus
828 808 1019 861 corpus
1065 794 1118 848 in
1158 793 1392 849 Tiberim
1431 795 1670 862 jactavit,
1712 796 1850 865 quod
1897 810 1925 849 a

345 886 543 941 clerico
572 886 755 954 ipsius,
785 888 998 940 nomine
1025 885 1199 951 Justo,
1227 896 1308 941 est
1336 888 1635 951 collectum,
1667 897 1721 942 et
1748 887 1927 957 sepul-

349 986 455 1029 tum
482 975 631 1044 juxta
663 992 841 1032 muros
873 979 956 1030 via
986 976 1335 1033 Numentana.
1370 976 1706 1033 Cabilonensi
1751 989 1929 1030 castro

344 1066 633 1121 Trenorcio
679 1070 847 1123 sancti
890 1067 1148 1123 Valeriani
1214 1070 1495 1139 martyris,
1545 1069 1644 1125 sub
1704 1068 1928 1138 praeside

347 1158 546 1225 Prisco,
570 1176 727 1229 quem
751 1162 913 1231 jussit
933 1161 1206 1231 suspendi,
1231 1177 1294 1216 ac
1320 1162 1466 1233 gravi
1497 1162 1811 1231 ungularum
1845 1160 1924 1214 la-

344 1251 612 1306 ceratione
634 1252 883 1315 cruciari.
934 1268 999 1307 ac
1035 1252 1228 1308 deinde
1276 1252 1449 1322 gladio
1479 1252 1703 1319 percuti.
1735 1253 1801 1304 Et
1829 1265 1927 1304 na-

346 1342 452 1394 tale
478 1341 648 1396 sancti
678 1342 804 1410 Apri
844 1342 1099 1411 episcOpi,
1132 1351 1186 1398 et
1214 1342 1381 1396 sancti
1414 1341 1629 1395 Leobini
1658 1340 1928 1394 confesso-

345 1434 437 1486 ris.
468 1431 523 1485 lit
563 1431 880 1487 Alexandria
910 1442 1216 1488 sanctorum
1248 1433 1576 1502 Serapionis,
1609 1430 1835 1487 Leontii.
1870 1431 1925 1487 in

342 1524 475 1595 Cyra
508 1523 725 1581 Galatia:
751 1526 918 1581 sancti
949 1527 1148 1590 Eleuci,
1178 1525 1371 1580 Valerii
1400 1536 1451 1580 et
1478 1524 1745 1595 Cyrionis,
1778 1524 1930 1581 Stra-

344 1617 503 1681 tonis,
528 1618 774 1672 Alacrobii
803 1630 855 1673 et
879 1618 1198 1673 Constantii.
1226 1618 1280 1672 In
1312 1618 1519 1688 Ancyra
1563 1617 1730 1671 sancti
1779 1616 1925 1670 Pauli

341 1709 594 1778 episcopi.
640 1709 894 1779 Lugduno
931 1710 1194 1779 depositio
1245 1709 1421 1764 Albini
1468 1710 1728 1778 episcopi,
1758 1717 1814 1764 et
1838 1722 1927 1764 oc-

346 1810 458 1855 tava
484 1800 676 1855 natalis
703 1812 901 1855 sancta:
930 1800 1105 1855 Maria:
1136 1800 1377 1868 virginis.

2033 617 2189 681 rittm,
2229 615 2423 670 bestias
2463 625 2517 668 et
2565 616 2742 682 plagas
2771 616 3059 684 virgarum,
3115 628 3293 668 serras
3342 623 3523 666 acutas
3564 624 3616 666 et

2031 707 2324 775 sartagines
2353 706 2540 774 ignitas
2569 705 2712 759 vicit.
2748 705 2800 758 ιιι
2830 706 3013 759 ultimo
3042 712 3225 758 sancta
3258 705 3407 773 virgo
3450 706 3616 770 preci-

2032 796 2130 851 bus
2162 798 2408 861 obtinuit,
2442 807 2493 849 ttt
2522 812 2622 850 una
2652 811 2715 850 ex
2746 797 2931 850 bestiis
2962 810 3199 849 morsum
3222 796 3321 849 sibi
3350 795 3615 863 infigeret,

2030 887 2183 940 et-ita
2213 885 2607 940 immaculatum
2635 885 2878 954 spiritum
2913 885 3143 941 Domino
3170 884 3420 940 reddidit.
3451 884 3617 955 Cujus

2032 994 2223 1047 corpus
2248 980 2636 1050 Pliilopltronns
2678 991 2826 1049 pater
2853 980 2992 1047 ejus,
3035 989 3088 1035 et
3114 979 3395 1034 Theodora
3449 990 3617 1032 mater

2030 1070 2146 1140 ejus
2172 1083 2413 1126 curatum
2435 1072 2778 1141 sepelierunt,
2803 1073 2951 1140 quasi
2974 1071 3117 1124 mille
3141 1084 3326 1138 passus
3346 1085 3375 1122 a
3403 1068 3616 1124 civitate

2031 1161 2386 1216 Chalcedona.
2432 1161 2614 1216 Romze
2646 1170 2950 1215 sanctorum
2980 1160 3153 1214 Lucite
3194 1170 3241 1213 et
3290 1159 3613 1224 Geminiani,

2030 1251 2354 1321 imperatore
2385 1252 2731 1316 Diocletiano,
2755 1250 3022 1321 judicibus
3048 1249 3333 1320 Apofrasio
3360 1260 3413 1303 et
3441 1250 3614 1319 Mega-

2030 1342 2129 1396 sio.
2164 1342 2619 1397 Manseratantetn
2656 1344 2806 1398 beata
2836 1340 2997 1395 Lucia
3047 1343 3099 1395 in
3148 1340 3405 1396 viduitate
3445 1354 3614 1394 annos

2032 1431 2241 1500 triginta
2272 1446 2366 1486 sex
2391 1448 2406 1497 ;
2438 1434 2598 1486 tutius
2628 1432 2769 1485 enim
2794 1432 2914 1485 vitae
2939 1445 3051 1485 sua:
3074 1432 3197 1486 anni
3226 1431 3375 1485 fuere
3400 1440 3611 1499 septua-

2029 1520 2169 1589 ginta
2200 1522 2453 1590 quinque.
2498 1522 2629 1589 Quae
2659 1530 2907 1575 accusata
2948 1536 2975 1573 a
3029 1521 3138 1575 lilio
3166 1535 3264 1575 suo
3295 1520 3433 1590 quod
3464 1519 3613 1575 chri-

2028 1612 2198 1667 etiana
2223 1612 2447 1675 viveret,
2480 1613 2651 1679 primo
2680 1612 2732 1665 in
2755 1625 3020 1665 carcerem
3047 1611 3202 1664 missa
3232 1618 3337 1673 est,
3365 1609 3453 1664 ubi
3480 1623 3610 1664 con-

2028 1704 2338 1758 solationem
2395 1703 2630 1757 divinam
2682 1702 3005 1771 promeruit;
3053 1701 3175 1755 dein
3219 1700 3446 1755 fustibus
3491 1701 3609 1754 ditt-

2031 1795 2232 1848 tissime
2261 1808 2418 1859 caesa,
2451 1804 2505 1848 et
2525 1794 2702 1848 subito
2741 1804 2898 1848 terra:
2938 1803 3110 1847 motus
3154 1792 3322 1847 factus
3367 1802 3451 1846 est
3495 1807 3611 1845 ma-

417 1888 481 1943 G.
507 1889 622 1945 XVI
649 1890 888 1945 KALEND.
934 1891 1067 1946 Ocr.
1096 1920 1167 1931 —
1201 1890 1383 1944 Natale
1425 1900 1620 1941 sanctte
1674 1888 1921 1942 Eufetnia'
1958 1876 2002 1934 Β
2029 1900 2189 1955 gnus,
2223 1893 2277 1939 et
2306 1884 2557 1953 templum
2584 1883 2730 1937 Jovis
2779 1882 2848 1936 ita
2887 1883 3187 1948 subrutum,
3240 1892 3294 1935 ιιι
3342 1897 3439 1937 nec
3483 1883 3616 1949 lapis

342 1980 580 2048 virginis,
604 1996 718 2049 quat
748 1981 1086 2050 martyrizata
1134 1989 1216 2033 est
1256 1979 1356 2031 sub
1384 1977 1711 2031 Diocletiano
1752 1979 1921 2045 impe-

342 2080 536 2134 ratore,
566 2071 886 2139 proconsule
915 2079 1091 2124 autem
1125 2069 1327 2133 Prisco,
1360 2071 1411 2122 in
1442 2070 1656 2122 civitate
1696 2067 1919 2122 Chalce-

341 2162 500 2216 dona.
540 2162 669 2228 Qua:
711 2170 970 2215 tormenta
1014 2168 1068 2215 ct
1107 2173 1371 2226 carceres,
1404 2158 1627 2213 verbera
1668 2166 1723 2212 et
1768 2172 1922 2226 argu-

2029 1990 2188 2044 super
2240 1976 2465 2044 lapidem
2514 1984 2832 2031 remaneret.
2888 1975 3037 2030 Tunc
3096 1975 3145 2029 itt
3199 1975 3357 2028 ollam
3417 1990 3613 2029 aeream

2032 2067 2189 2120 missa
2231 2076 2334 2130 est,
2379 2068 2495 2136 pice
2521 2077 2573 2121 et
2613 2066 2830 2135 plumbo
2875 2065 3192 2133 ferventem,
3223 2066 3307 2119 tibi
3352 2065 3523 2119 triduo
3555 2066 3615 2119 il-

2030 2159 2155 2213 laesa
2202 2158 2512 2227 permansit.
2545 2157 2733 2214 POStea
2774 2158 2992 2228 plumbo
3034 2165 3087 2210 et
3114 2156 3254 2212 ferro
3281 2166 3518 2219 onerata,
3555 2166 3609 2210 ct

1580 2270 1811 2325 EDITIO
1853 2268 2358 2325 BOLLANDIANA.

339 2365 400 2419 8.
437 2371 462 2398 ⁸
493 2363 620 2433 Apri
653 2362 884 2432 episcopi
921 2381 932 2415 :
967 2363 1031 2415 A.
1061 2371 1115 2416 et
1143 2361 1207 2415 Τ.
1241 2361 1594 2428 praemittunt,
1624 2359 1677 2413 ltt
1705 2361 1919 2415 civitate

337 2457 512 2512 Tullo.
563 2457 621 2511 Β.
674 2471 800 2511 vero
846 2473 860 2509 :
912 2455 967 2509 Ιιι
1019 2454 1287 2510 territorio
1334 2455 1688 2509 Cavillunensi
1737 2464 1913 2508 castro

335 2548 673 2603 'l‘rinorchio.
722 2547 784 2601 Et
816 2546 843 2583 ι’
876 2547 1096 2602 Leobini
1140 2546 1484 2601 confessoris.
1536 2546 1735 2601 Desunt
1779 2547 1920 2613 Aper

334 2652 390 2697 et
421 2642 682 2696 Leobinus
711 2640 764 2694 in
794 2639 855 2694 L.

408 2730 472 2783 A.
502 2729 592 2790 'l‘.,
637 2729 895 2796 Belvagns
940 2729 1216 2783 translatio
1246 2726 1486 2794 corporis
1525 2726 1582 2780 8.
1617 2730 1639 2756 ’⁷
1671 2726 1912 2781 aniani.

340 2800 541 2854 Eodem
589 2799 675 2853 die
700 2799 959 2863 depositio
996 2799 1053 2854 S.
1088 2800 1111 2835 α
1149 2799 1352 2852 Aicadri
1386 2799 1590 2850 abbatis
1612 2840 1625 2861 ,
1655 2798 1743 2860 qui
1776 2805 1825 2848 et
1863 2797 1913 2848 in

340 2870 398 2923 L.
432 2868 713 2922 invenitur.
745 2867 831 2933 B.,
864 2870 915 2920 ln
948 2869 1264 2923 Alexandria
1294 2867 1467 2921 natale
1497 2866 1652 2920 trium
1683 2866 1907 2921 fratrum

338 2939 538 3011 (iyrini,
573 2939 773 2993 Leontii
804 2949 857 2992 et
885 2939 1213 3007 Serapionis.

407 3028 491 3082 te.
516 3058 589 3069 -
621 3026 738 3083 xw
776 3028 910 3083 Κιιι..
952 3002 1140 3084 Natale
1177 3029 1233 3082 s.
1269 3037 1293 3065 υ
1328 3002 1633 3097 Euphemia:
1674 3027 1913 3096 virginis,

333 3136 451 3191 quae
492 3122 850 3191 martyrizavit
893 3120 993 3173 sub
1033 3120 1363 3173 Diocletiano
1403 3120 1746 3188 imperatore,
1793 3134 1912 3187 pro.

333 3210 555 3265 consule
593 3220 769 3264 autem
814 3207 1016 3273 Prisco,
1062 3210 1112 3263 in
1154 3208 1368 3263 civitate
1406 3208 1723 3263 Calcedonia
1756 3225 1767 3259 :
1799 3222 1915 3276 quae

2032 2369 2291 2413 tormenta
2336 2370 2389 2414 et
2428 2375 2694 2424 carceres,
2738 2361 2956 2415 verbera
3003 2370 3058 2416 et
3103 2369 3410 2430 argumenta
3459 2372 3606 2415 rota-

2029 2465 2146 2503 rum
2166 2489 2181 2514 ,
2211 2450 2360 2518 ignes
2390 2460 2442 2505 et
2468 2453 2699 2520 pondera
2743 2452 2975 2519 lapidum
3007 2453 3334 2520 angularinm
3358 2492 3373 2516 ,
3407 2450 3605 2505 bestias

2027 2546 2083 2593 et
2106 2540 2282 2593 clavas
2315 2540 2609 2610 virgarum,
2639 2555 2816 2595 scrras
2845 2550 3027 2596 acutas
3056 2549 3109 2595 et
3137 2540 3433 2610 sartagines
3463 2540 3602 2609 igni-

2030 2642 2130 2697 tas,
2164 2648 2375 2686 rursum
2401 2649 2633 2687 morsum
2666 2635 2845 2688 bestiae
2877 2648 2970 2703 pro
2995 2634 3206 2689 Christo
3231 2633 3521 2702 superat-it.
3552 2644 3608 2689 et

2027 2726 2093 2779 ad
2141 2726 2285 2782 mille
2330 2741 2516 2795 passus
2561 2727 2793 2781 civitatis
2837 2726 3152 2782 Calcedonis
3198 2729 3404 2795 sepulta
3449 2738 3531 2782 est
3574 2744 3604 2781 a

2022 2826 2169 2885 patre
2199 2833 2297 2871 suo
2328 2818 2749 2888 Philosophrone
2780 2820 2896 2891 [B.,
2925 2817 3305 2891 Philcrpltrone]
3331 2830 3603 2874 senatore.

2020 2908 2139 2978 Ipso
2168 2909 2254 2963 die
2282 2912 2471 2964 natalis
2501 2919 2804 2966 sanctorum
2838 2909 2853 2949 ί
2886 2910 3059 2967 Lucis:
3084 2910 3201 2983 [D.,
3234 2910 3402 2981 Luci]
3425 2925 3472 2966 et
3499 2911 3605 2965 Ge-

2020 3017 2260 3055 lﬂlﬂlalll.

2091 3114 2154 3167 C.
2187 3115 2241 3167 Β.
2275 3113 2365 3175 γ..
2406 3114 2467 3166 Et
2507 3116 2630 3168 alibi
2669 3116 2725 3168 S.
2756 3125 2779 3161 ε
2818 3114 3205 3169 Εηιοιθιιιίιιιικ
3236 3117 3315 3169 vel
3350 3115 3605 3168 Emcreu-

2024 3184 2182 3237 tiattis
2214 3185 2293 3238 vel
2324 3185 2772 3238 Ettierentianitis.

1719 3331 1927 3386 SMITII
1969 3330 2200 3387 NOTAE.

337 3431 670 3500 lonensium,
694 3430 783 3484 ubi
815 3429 1025 3484 Priscus
1056 3430 1115 3485 Β.
1146 3429 1446 3500 Marcellum
1479 3438 1766 3500 martyrem
1810 3446 1902 3484 ne-
2086 3439 2107 3467 ο
2151 3431 2387 3485 Luciani.
2422 3430 2586 3500 llujns
2614 3430 2728 3485 dies
2756 3429 2949 3484 natalis
2988 3444 3148 3499 supra
3177 3430 3479 3486 celebratur
3509 3434 3599 3488 die

334 3512 546 3555 caverat
576 3497 670 3567 pro
696 3500 892 3554 Christi
925 3501 1169 3563 nomine,
1222 3498 1431 3565 praesidi
1478 3497 1660 3553 Prisco
1689 3499 1901 3554 delatus
2011 3516 2177 3557 xxvnt
2209 3502 2469 3556 Januarii.

335 3581 437 3627 est.
467 3571 635 3636 Quem
681 3570 768 3625 ille
801 3570 1023 3637 primum
1072 3570 1227 3623 minis
1270 3570 1511 3637 frangere
1540 3580 1762 3622 conatus
1791 3581 1898 3633 est,
2078 3573 2105 3609 ά
2146 3572 2370 3626 Aicadri.
2412 3570 2509 3625 llic
2553 3570 2685 3625 obiit
2737 3584 2879 3624 anno
2927 3586 3049 3625 atrae
3099 3571 3414 3626 Christianae
3461 3573 3589 3628 687.

334 3641 528 3693 deinde
556 3655 871 3708 suspensum
913 3650 961 3692 et
1004 3641 1318 3708 ungularum
1354 3638 1671 3693 laceratione
1698 3642 1904 3695 crucia-
2008 3642 2135 3696 Nam
2164 3643 2222 3697 S.
2250 3642 2506 3696 Aicadrus
2537 3640 2768 3694 triennio
2799 3652 3070 3708 superstes
3098 3642 3193 3694 fuit
3219 3642 3275 3695 Β.
3303 3641 3577 3707 Filiberto,

338 3723 448 3763 tum
479 3707 691 3780 tandem
719 3709 891 3778 gladio
920 3707 1263 3780 animadverti
1298 3707 1441 3780 fecit.
1474 3712 1607 3780 Aoo.
1694 3778 1719 3780 ᾼ
1762 3778 1771 3780 _
2006 3724 2062 3765 ut
2093 3722 2236 3779 patet
2262 3728 2323 3765 ex
2358 3711 2507 3765 initio
2535 3712 2703 3765 ultimi
2736 3713 2925 3778 capitis
2955 3711 3084 3765 Vita:
3115 3711 3172 3767 S.
3212 3711 3419 3766 Aicadri
3444 3715 3582 3780 apud

406 3790 432 3815 ι
473 3780 617 3848 Apri.
662 3779 880 3832 Ponitur
926 3778 1010 3832 hic
1052 3779 1317 3849 septimus
1350 3779 1542 3849 ordine
1584 3778 1634 3849 in
1680 3778 1901 3834 Tabulis
2006 3778 2289 3836 Mabillonii
2331 3798 2456 3836 sarc.
2499 3798 2535 3836 tt
2567 3784 2683 3835 Act.
2714 3782 2868 3845 Ben.,
2911 3796 3068 3849 quem
3099 3798 3237 3835 anno
3264 3782 3369 3836 634
3400 3778 3576 3837 deces-

332 3851 702 3916 θρίεευιιοτιιηι
736 3849 1092 3920 Tttllcnsium,
1124 3865 1255 3917 quas
1291 3848 1574 3916 descripsit
1607 3848 1900 3920 Democlia-
2002 3853 2139 3907 sisse
2177 3861 2381 3907 certum
2423 3861 2522 3906 est.
2572 3852 2703 3905 Cum
2745 3866 2870 3920 ergo
2911 3852 3167 3904 Aicadi-us
3206 3852 3393 3906 vixerit
3432 3853 3589 3906 annis

336 3936 441 3972 res.
478 3920 571 3973 Hic
607 3934 669 3973 ex
701 3917 967 3971 causidico
997 3920 1316 3980 monachus,
1348 3928 1399 3971 et
1430 3934 1491 3971 ex
1525 3918 1786 3971 monacho
1816 3930 1899 3972 e-t
2003 3924 2169 3975 tribus
2214 3930 2267 3975 ct
2315 3922 2609 3985 SCXuginla,
2662 3917 2828 3974 natus
2867 3937 3008 3974 anno
3048 3922 3151 3975 624
3180 3922 3441 3978 dicendus
3481 3931 3583 3976 est.

335 3990 501 4042 factus
530 3990 829 4057 episcopus.
858 3987 930 4041 De
951 4003 1054 4056 quo
1084 3988 1335 4042 Paulinus
1360 3988 1589 4042 Nolanus
1619 3988 1777 4057 epist.
1806 3990 1895 4054 50,
2008 3993 2209 4046 Deinde
2255 3992 2551 4045 duodenos
2596 3991 2820 4045 secessit
2864 3992 2915 4043 in
2964 3994 3339 4045 monasterium
3389 3992 3583 4045 Ansio.

332 4058 420 4129 Si,
452 4059 540 4129 52,
570 4056 622 4112 in
652 4059 785 4111 Bibl.
818 4056 1051 4129 Patrum.
1364 4127 1372 4129 ᾗ
1560 4128 1566 4129 γ
1657 4056 1667 4057 7
1732 4070 1750 4129 ζ

2028 4078 2172 4118 tense
2202 4077 2341 4115 anno
2384 4060 2509 4127 636,
2555 4071 2739 4129 postea
2782 4060 3092 4114 tricenar'us
3134 4060 3371 4114 condidit
3408 4064 3580 4115 eccle-

403 4127 429 4166 ιι
469 4127 697 4183 Leobini.
746 4128 977 4180 Primum
1010 4128 1060 4180 in
1090 4127 1413 4182 monasterio
1454 4126 1754 4182 Miciacensi
1786 4143 1898 4182 mo-
2007 4134 2138 4183 siam
2170 4126 2605 4197 Quinciacensein
2635 4145 2775 4183 anno
2800 4132 2927 4185 uss.
2977 4130 3071 4185 Ubi
3120 4142 3398 4197 postquam
3434 4133 3588 4184 annis

333 4197 533 4251 nacltus
562 4200 712 4269 vixit.
754 4197 905 4263 Quod
949 4206 1068 4269 post
1096 4198 1763 4269 octoannosdrelinqu‘ens
1796 4197 1899 4252 Ga-
2006 4202 2212 4269 aliquot
2243 4201 2481 4269 praefuit,
2522 4215 2550 4253 a
2600 4201 2657 4253 Β.
2696 4199 2947 4253 Filiberto
2974 4201 3111 4253 circa
3140 4217 3335 4253 annum
3366 4201 3471 4254 670
3499 4201 3585 4255 di-

332 4272 599 4321 valensem
630 4267 811 4320 urbem
857 4267 1105 4334 expetiit,
1154 4268 1243 4321 ubi
1273 4269 1339 4320 ab
1386 4266 1583 4338 ijlilario
1625 4267 1741 4336 ejus
1782 4270 1897 4337 epi-
2008 4266 2187 4325 rectus
2216 4266 2376 4325 estin
2408 4270 2789 4324 monasterium
2820 4271 3209 4334 Cemeticense,
3243 4272 3383 4337 quod
3417 4287 3585 4338 usque

329 4354 492 4404 scopo
516 4337 915 4391 sacerdmaliter
944 4347 1222 4404 susceptus
1251 4346 1366 4401 est;
1402 4336 1522 4389 inde
1555 4336 1896 4392 recctlensad
2006 4342 2070 4393 ad
2107 4341 2307 4394 obitum
2348 4356 2501 4394 suum
2545 4341 2702 4394 rexit.
2737 4341 2794 4395 S.
2825 4341 3036 4394 Aicadri
3081 4355 3272 4398 currus
3320 4355 3423 4395 una
3463 4336 3588 4396 cum

330 4408 389 4460 li.
422 4407 713 4479 Lupumise
738 4407 979 4479 contulit.
1006 4415 1206 4479 etcum
1237 4421 1302 4459 eo
1333 4422 1425 4472 per
1453 4408 1714 4479 integrum
1742 4410 1896 4475 quin-
1931 4455 1977 4479 η
2009 4413 2065 4464 Β.
2105 4411 2339 4478 llugonis
2371 4411 2814 4478 Ruthomagensis
2844 4410 3081 4479 reliquiis
3120 4410 3189 4465 ob
3230 4411 3584 4464 Nortmanno—

322 4455 612 4550 «ptenn_irum
636 4478 686 4550 in
706 4476 896 4550 eodem
918 4476 1163 4550 cmnobio
1184 4455 1540 4550 commoratus
1563 4455 1665 4550 Est.
1692 4455 1895 4531 lnierea
1925 4455 1979 4515 D
2004 4455 2117 4534 rum
2152 4455 2513 4535 iuti’festationes
2544 4455 2857 4534 trariislavtum'
2873 4455 2975 4536 est.
2991 4455 3267 4534 a-d'vil-l'am
3299 4455 3582 4550 llasprum,

328 4545 846 4619 danranci‘bella
872 4556 1054 4619 contra
1088 4546 1487 4619 Durgundioaes
1513 4546 1899 4619 concitant,et
2004 4553 2174 4619 inquit
2229 4551 2534 4605 Daldericus
2583 4550 2638 4605 in
2691 4550 2894 4605 Chron.
2952 4550 3230 4604 Catncrac.
3288 4560 3342 4605 et
3394 4545 3581 4608 Atreb.

324 4615 442 4684 ejus
471 4617 701 4670 ρωποι)ίί
735 4615 978 4670 monachi
1025 4614 1273 4687 fugiunt,
1297 4617 1411 4687 ipse
1439 4630 1558 4687 cum
1592 4631 1695 4687 uno
1736 4616 1899 4671 fratre
2001 4614 2093 4675 lib.
2129 4637 2186 4681 tt,
2216 4637 2333 4687 cap.
2365 4621 2457 4676 ‘29.

322 4700 452 4740 sene
478 4687 631 4760 solus
653 4688 868 4760 relictus
893 4696 995 4753 est,
1018 4697 1076 4760 et
1105 4701 1134 4739 a
1168 4686 1430 4760 barbaris,
1462 4686 1580 4760 quia
1615 4686 1783 4739 noluit
1812 4701 1897 4739 res
2076 4700 2099 4726 ο
2142 4686 2460 4760 Euphemiw.
2510 4689 2636 4760 Ejus
2665 4690 2794 4744 Acta
2843 4704 2911 4745 ex
2953 4690 3175 4746 vetustis
3224 4693 3584 4747 monumentis

325 4756 633 4810 monasterii
668 4758 925 4822 pandere,
960 4756 1154 4809 misere
1179 4754 1463 4808 cruciatus.
1498 4754 1589 4807 liis
1619 4770 1745 4808 vero
1773 4771 1897 4820 sup-
1999 4760 2185 4817 Surius
2217 4754 2384 4814 edidit
2415 4754 2646 4813 tom."V.

323 4825 496 4891 pliciis
521 4839 741 4896 ereptus
760 4842 881 4880 cum
916 4825 1169 4878 Eufronio
1198 4836 1250 4878 et
1277 4825 1494 4878 RnSIico
1520 4825 1577 4878 Β.
1603 4825 1814 4878 Avitum
1843 4825 1895 4880 in
2077 4828 2095 4867 ί
2137 4830 2328 4882 Luciw.
2355 4829 2483 4896 Quae
2510 4843 2629 4882 cum
2654 4829 2722 4885 56
2745 4828 2896 4884 annis
2922 4828 2971 4883 in
3004 4827 3253 4883 laudabili
3280 4829 3584 4893 virginitate

324 4897 511 4968 Pertici
552 4894 838 4968 solitudine
867 4902 1282 4968 commorantem
1326 4896 1489 4968 adiit,
1539 4896 1636 4968 gni
1670 4908 1763 4949 eos
1803 4910 1896 4968 su-
2000 4898 2110 4954 Deo
2150 4894 2400 4964 serviret,
2445 4908 2691 4953 accusata
2723 4908 2803 4953 est
2848 4914 2874 4950 a
2910 4900 3016 4953 tilio
3054 4912 3153 4953 suo
3200 4900 3482 4968 Enprepio,
3525 4911 3581 4954 et

317 4967 524 5036 scepit,
560 4966 958 5032 Leohlnlllntllle
988 4964 1187 5018 cellarii
1236 4965 1469 5033 pra-fecit
1496 4964 1696 5036 officio.
1746 4970 1787 5018 A
1835 4966 1894 5020 S.
1999 4980 2180 5022 coacta
2233 4980 2287 5021 ut
2339 4969 2493 5024 idolis
2540 4984 2687 5023 sacra
2733 4970 2951 5033 faceret,
3003 4964 3323 5036 imperatore
3370 4970 3578 5023 Diocle-

2000 5041 2163 5103 tiano,
2202 5039 2469 5107 judicibus
2501 5039 2778 5108 Apofrasio
2818 5049 2871 5095 et
2915 5040 3165 5108 Megasiu.
3207 5039 3356 5105 Quod
3398 5039 3579 5093 facere

1998 5121 2375 5173 Contemnens,
2430 5121 2548 5176 post
2595 5125 2865 5164 carcerem
2912 5119 2969 5164 ct
3013 5111 3305 5164 saevissima
3354 5112 3577 5164 verbera

1999 5180 2157 5232 missa
2190 5190 2272 5234 est
2302 5181 2351 5231 in
2384 5179 2542 5233 ollam
2574 5183 2687 5246 pice
2714 5190 2769 5235 ct
2792 5180 3008 5247 plumbo
3037 5179 3351 5247 ferventem,
3378 5181 3443 5232 de
3469 5194 3571 5246 qua

1997 5248 2162 5301 itlmsa
2190 5250 2488 5319 egrediens,
2510 5260 2726 5304 onerata
2760 5250 2902 5305 ferro
2923 5260 2976 5302 et
3007 5251 3229 5317 plutnlto
3254 5266 3345 5314 per
3372 5252 3571 5318 plateas

1999 5319 2224 5373 trahitur
2256 5320 2506 5385 civitatis,
2540 5330 2593 5374 et
2634 5336 2755 5373 cum
2795 5320 3169 5390 pertransisset
3211 5320 3424 5373 domum
3469 5321 3574 5374 (ic-

1998 5390 2250 5455 miniani,
2284 5390 2422 5443 idem
2456 5392 2533 5443 vir
2559 5393 2765 5446 cmlesti
2812 5390 3066 5444 miraculo
3108 5393 3407 5455 instinctus,
3454 5406 3573 5458 per~

1995 5469 2138 5512 venit
2168 5460 2231 5513 ad
2261 5460 2433 5513 locum
2465 5462 2548 5513 ubi
2577 5470 2758 5515 sancta
2789 5461 2876 5513 Dei
2914 5460 3274 5527 torquebatur,
3302 5471 3354 5513 et
3386 5473 3571 5526 petens

1997 5530 2314 5597 baptismum
2345 5544 2463 5583 cum
2510 5532 2593 5583 illa
2629 5531 2825 5595 pariter
2854 5530 3025 5599 gladio
3058 5530 3235 5583 Ruina:
3277 5532 3568 5585 trucidatus

1995 5611 2094 5653 est.
2128 5604 2257 5660 Aoo,
2295 5601 2549 5661 ιτευΑιιυη
2583 5600 2844 5661 Nurum”
2881 5601 3093 5665 SI‘BIUS,
3127 5611 3255 5654 tottt.
3288 5599 3349 5655 V.

2067 5678 2092 5716 ι
2136 5668 2524 5722 Emereiuianm.
2571 5670 2622 5723 ln
2656 5672 2736 5721 via
2768 5671 3092 5724 Nomentana
3123 5671 3185 5724 ad
3215 5672 3342 5725 Cat).
3379 5671 3439 5725 in
3461 5685 3563 5725 coe-

1996 5742 2218 5795 mctcrio
2249 5740 2481 5795 Marthae.
2518 5740 2739 5796 limans.
2777 5741 3046 5811 Mattyrol.

324 5034 569 5089 Etherio
597 5036 850 5101 episcopo
892 5046 1071 5103 postea
1112 5043 1392 5100 provectus
1432 5034 1607 5087 estad
1645 5035 1894 5088 diacona-

321 5116 452 5167 tum,
483 5105 677 5159 deinde
711 5106 955 5159 fratribus
984 5103 1311 5172 Brajacensis
1343 5104 1649 5158 monasterii
1681 5118 1895 5172 praepo-

317 5176 477 5228 situs.
531 5177 690 5229 Beato
738 5187 913 5228 autem
966 5174 1207 5228 {Etherio
1256 5175 1569 5228 Carnuteusi
1624 5177 1893 5239 delum-to,

322 5245 587 5299 Leobinus
630 5245 704 5297 illi
750 5250 951 5299 electus
993 5254 1074 5298 est
1122 5245 1171 5296 in
1218 5258 1615 5309 successorem;
1663 5244 1896 5311 denique

322 5324 444 5381 post
474 5314 612 5369 facta
656 5316 909 5368 miracula
955 5330 1057 5367 non
1102 5329 1262 5381 pauca
1294 5316 1424 5367 obiit
1455 5324 1505 5366 et
1545 5313 1782 5379 sepultus
1813 5325 1895 5367 est

320 5384 374 5437 in
415 5385 624 5438 basilica
657 5384 715 5440 S.
758 5384 986 5438 Martini.
1022 5384 1150 5437 Vide
1178 5385 1294 5450 ejus
1328 5384 1498 5437 Vitam
1529 5386 1725 5436 editam
1755 5383 1892 5447 apttd

322 5452 463 5507 Phil.
497 5456 706 5508 Labbmi
742 5464 869 5507 toni.
903 5456 943 5507 ll
975 5454 1105 5507 Bibl.
1139 5454 1293 5517 Nov.,
1327 5471 1379 5521 ι).
1411 5455 1533 5507 582.
1564 5452 1891 5506 Childelierti

316 5522 643 5577 FranCnrntn
658 5526 793 5585 regis
809 5525 1130 5592 temporibus
1144 5525 1591 5591 claruit,obiitque
1611 5538 1749 5576 anno
1768 5522 1890 5575 5'57.

322 5593 590 5648 Prioratus
620 5594 681 5646 de
711 5594 763 5647 lu
805 5594 979 5662 Veyre,
1013 5607 1066 5647 et
1095 5597 1315 5647 ecclesia
1350 5595 1670 5662 parocttialis
1700 5593 1766 5646 de
1794 5593 1894 5646 Po-

315 5662 455 5786 jiliin‘y
486 5665 536 5717 in
566 5665 784 5786 dlige‘cesi
827 5664 1141 5720 l’ictaviensi
1185 5680 1307 5719 eum
1352 5675 1629 5733 patronum
1673 5663 1889 5719 habent.

380 5750 405 5786 lt
436 5773 469 5786 ..
508 5749 557 5786 [ἱ.
658 5742 669 5783 (
697 5775 709 5786 .

380 5737 469 5800 itl.,
508 5749 557 5803 ρ.
588 5737 709 5789 750.
