4110 6510
547 304 684 364 1917

1330 305 1531 361 ΒΕΒᾸΕ
1575 304 2023 363 VENERABILIS
2069 307 2220 364 OPP.
2263 310 2440 366 PARS
2482 311 2568 366 IV.
2615 343 2683 353 —
2725 313 3108 374 IIISTURICA.

3687 329 3823 385 1068

1825 419 2050 474 EDITIO
2086 420 2555 479 COLONIENSIS.

538 525 633 582 per
665 510 864 579 plateas
912 508 1137 563 civitatis
1183 507 1362 576 ducta,
1409 507 1623 577 quidam
1663 509 1744 560 vir
1774 506 2123 563 Gemiuianus
2154 514 2200 571 Α
2230 510 2456 565 cletiano
2480 513 2531 567 iu
2556 512 2810 569 Chalcide
2840 515 3060 572 Graecia:
3090 523 3346 592 martyrio
3376 536 3666 582 coronatus
3714 544 3812 585 est.

539 604 669 657 vidit
698 604 800 658 sibi
830 612 1008 672 p.:tere
1032 601 1253 666 ctelum,
1281 612 1334 655 et
1362 602 1539 655 statim
1568 601 1863 655 associatus
1892 610 1973 656 est
1995 616 2122 654 san-

537 705 637 749 cite
667 693 840 749 Luciu:
866 694 916 747 in
947 708 1180 759 carcere,
1211 700 1267 747 et
1294 693 1387 759 ibi,
1413 700 1663 746 monente
1682 693 1892 760 angelo,
1919 706 1949 744 a
1972 706 2123 760 prcs-

536 789 741 857 bytero,
791 787 1006 840 nomine
1045 786 1354 853 Prothasio,
1399 785 1695 853 baptizatus
1749 783 1947 838 Deinde
1994 799 2120 839 san-

533 889 613 933 cta
644 878 807 933 Lucia
845 893 965 931 cum
1012 876 1328 932 Geminiano
1380 876 1662 945 Amegasio
1708 876 1975 930 consulari
2032 891 2118 929 ar-

531 970 677 1035 ctati,
725 967 1014 1023 novissime
1061 967 1238 1037 gladio
1282 967 1637 1022 animadversi
1685 976 1829 1023 sunt.
1878 969 2113 1033 Quorum

526 1075 749 1128 corpora
796 1060 973 1126 rapuit
1020 1060 1266 1129 quaedam
1321 1059 1509 1114 mulier
1536 1059 1849 1125 christiana,
1901 1060 2115 1113 nomine

527 1153 775 1218 Maxima,
804 1162 855 1208 et
880 1161 937 1207 ut
963 1152 1161 1218 decuit,
1186 1153 1451 1222 sepelivit.

591 1244 655 1300 Α.
686 1242 782 1298 XV
812 1243 1051 1299 Κλιιζκι.
1083 1242 1215 1299 Ocr.
1256 1275 1329 1287 —
1362 1244 1662 1313 Tungrensi
1711 1244 1927 1300 dioecesi
1975 1244 2112 1300 Leo-

519 1336 609 1389 dio
638 1336 761 1391 villa
814 1336 1018 1406 publica
1071 1336 1243 1391 natale
1288 1338 1457 1392 sancti
1512 1338 1778 1393 Lamberti
1832 1340 2105 1407 episcripi;

518 1428 605 1496 qui
648 1427 771 1481 dum
800 1429 999 1498 regiam
1033 1430 1249 1483 domum
1279 1433 1395 1486 zelo
1427 1433 1705 1502 religionis
1753 1432 2103 1500 increpasset,

518 1535 636 1572 cum
668 1519 884 1575 rediens
915 1521 1145 1576 orationi
1176 1523 1527 1588 incumberet,
1567 1524 1633 1578 ab
1660 1525 2005 1593 iniquissimis
2031 1526 2107 1579 vi-

516 1611 589 1664 ris
618 1612 685 1665 de
734 1612 930 1680 palatio
976 1611 1122 1681 regio
1172 1613 1351 1667 missis
1393 1630 1458 1668 ex
1493 1617 1782 1684 improviso
1821 1616 2105 1671 conclusus

522 1703 659 1756 intra
696 1703 914 1758 domum
968 1705 1209 1760 ecclesia:
1260 1705 1539 1761 occiditur.
1588 1708 1753 1776 Cujus
1800 1710 2101 1777 sepulcrum

523 1793 864 1849 creberrimis
916 1796 1186 1850 miraculis
1235 1798 1551 1855 illustratur.
1600 1800 1653 1854 In
1704 1800 1971 1855 Britannia
2003 1802 2103 1855 So-

2229 601 2454 659 Vienna:
2505 606 2670 659 sancti
2706 606 2963 672 Ferreoli,
2997 612 3082 676 qui
3118 618 3503 679 persecutionis
3553 628 3807 689 tempore,

2226 706 2346 745 cum
2377 702 2520 747 esset
2558 694 2844 750 tribunitia:
2874 700 3175 766 potestatis,
3217 701 3371 769 jussu
3419 708 3665 775 praesidis
3697 720 3809 765 ten-

2229 790 2310 836 tus
2340 782 2509 851 primo
2540 784 2907 840 crudelissime
2933 798 3015 841 est
3054 806 3246 855 caesus,
3270 793 3463 850 deinde
3481 800 3642 866 gravi
3672 811 3812 858 cate-

2224 890 2409 929 narum
2454 886 2681 931 onustus
2731 878 2997 948 pondere,
3051 880 3102 933 in
3161 885 3488 941 teterrimum
3540 902 3808 949 carcerem

2224 975 2402 1022 trusus
2432 980 2547 1033 eSt;
2580 969 2721 1023 unde
2748 969 2953 1025 solutus
2996 970 3086 1025 Dei
3133 983 3283 1041 nutu,
3329 987 3509 1044 postea
3554 981 3619 1033 ab
3668 981 3805 1037 inse—

2219 1059 2502 1128 quentibus
2530 1070 2737 1128 captus,
2770 1064 3009 1133 martyrii
3044 1065 3270 1133 palmam
3302 1069 3491 1137 capitis
3516 1070 3799 1129 obtrunca-

2219 1150 2366 1206 tione
2391 1155 2663 1221 percepit;
2694 1154 2846 1224 cujus
2871 1171 3064 1225 corpus
3091 1173 3211 1212 cum
3244 1161 3415 1229 capite
3446 1164 3583 1217 beati
3607 1165 3800 1222 Juliant

2216 1243 2281 1297 ad
2312 1245 2496 1298 urbem
2527 1244 2904 1300 Viennensium
2951 1247 3197 1311 relatum,
3228 1256 3281 1302 ct
3310 1252 3570 1321 condigno
3601 1255 3801 1312 honore

2214 1335 2484 1389 conditum
2543 1347 2644 1390 est.
2696 1337 2983 1392 Mediolani
3031 1339 3296 1407 depositio
3346 1342 3483 1397 beati
3535 1344 3799 1417 Eustorgii

2213 1424 2470 1493 episcopi,
2502 1434 2556 1481 et
2583 1427 2783 1496 Satyri,
2816 1427 3158 1499 Theophimi,
3192 1431 3419 1486 Jociani.

2282 1514 2343 1569 C.
2373 1516 2489 1571 XIII
2516 1516 2755 1572 KALEND.
2781 1518 2917 1574 Ocr.
2949 1549 3017 1561 ——
3049 1520 3102 1574 In
3130 1522 3345 1591 Neapoli
3372 1523 3672 1594 Campania:
3704 1544 3796 1582 na-

2213 1609 2315 1663 tale
2343 1619 2651 1664 sanctorum
2690 1610 2946 1677 Januarii,
2982 1613 3372 1671 Beneventamc
3422 1618 3647 1673 civitatis
3673 1621 3792 1688 epi-

2206 1700 2375 1769 scopi,
2408 1716 2531 1756 cum
2560 1702 2717 1756 Sosio
2748 1703 2971 1758 diacono
3007 1704 3287 1761 Mesenata:
3316 1708 3561 1778 civitatis,
3596 1722 3648 1765 et
3676 1714 3787 1766 dia-

2206 1805 2341 1845 cono
2381 1806 2477 1845 suo
2521 1791 2698 1865 Festo,
2745 1802 2797 1847 et
2844 1796 3044 1850 lectore
3073 1812 3172 1851 suo
3216 1798 3508 1865 Desiderio,
3552 1803 3639 1869 qui
3674 1817 3791 1868 post

512 1886 672 1938 cratis
722 1885 1001 1955 Stephani.
1056 1887 1368 1941 Noviodqu
1418 1890 1586 1944 sancti
1647 1890 1933 1955 Valeriani,
1986 1892 2096 1945 Ma-
2130 1868 2176 1927 B
2208 1882 2413 1936 Vincula
2441 1891 2496 1937 el
2532 1897 2778 1939 carceres
2819 1885 2991 1954 capite
3019 1896 3146 1941 Sunt
3185 1888 3308 1941 (επεί
3356 1888 3408 1942 in
3451 1868 3657 1944 civitate
3687 1889 3792 1944 Pu-

508 1977 639 2030 criui
688 1987 741 2031 et
791 1977 1061 2031 Gordiani.
1115 1978 1298 2033 Rome
1348 1979 1484 2033 beati
1530 1979 1721 2034 Justini
1770 1980 2094 2052 presbyteri,

508 2082 664 2136 quem
706 2068 891 2123 beatus
934 2069 1127 2135 Sixtus,
1156 2070 1442 2125 ordinavit.
1492 2071 1587 2125 llic
1634 2072 1821 2127 beatos
1859 2073 2097 2127 Lauren-

508 2160 663 2226 tium,
695 2160 1066 2231 Hippolytum,
1095 2172 1148 2217 et
1177 2162 1551 2229 Concordiam,
1600 2165 1879 2230 Irenaeum,
1912 2165 2096 2220 Abun-

507 2252 678 2321 dium,
707 2264 760 2309 et
782 2255 1033 2324 Cyrillam
1065 2256 1222 2308 ﬁliam
1269 2256 1412 2310 Decii
1451 2256 1677 2311 Caesaris
1709 2267 1991 2328 martyres,
2043 2266 2099 2313 et

504 2344 638 2398 alios
668 2344 929 2413 plurimos
958 2346 1244 2415 sepulturis
1275 2347 1534 2401 condidit.
1576 2348 1706 2402 ltern
1757 2349 1940 2404 Romae
1969 2365 2092 2404 san-

503 2444 708 2489 ctorum
738 2447 1029 2505 martyrum
1053 2438 1284 2492 Narcissi
1314 2448 1370 2494 et
1397 2439 1815 2493 Crescentionis.

574 2526 632 2579 Β.
666 2526 784 2581 XIV
818 2527 1056 2585 lineae.
1109 2527 1244 2584 Ocr.
1272 2558 1342 2570 —
1370 2529 1553 2584 Natale
1600 2531 1771 2586 sancti
1811 2531 2086 2597 Methodii,

499 2618 751 2688 Olympii,
784 2618 947 2683 Lucii,
979 2629 1032 2673 et
1059 2632 1239 2689 p08lea
1285 2621 1411 2690 Tyri
1438 2606 1691 2691 episcopi,
1720 2623 1811 2692 qui
1836 2623 1938 2677 sub
1970 2624 2090 2677 Dio-

2210 1976 2443 2041 teolana,
2469 1975 2568 2029 sub
2591 1976 2915 2031 Diocletiano
2939 1977 3196 2047 principe,
3220 1979 3464 2045 etjudice
3483 1980 3787 2036 Dracontio.

2207 2064 2306 2131 Qui
2335 2080 2454 2118 cum
2480 2064 2802 2119 ducerentur
2827 2065 2891 2119 ad
2922 2077 3169 2132 mortem,
3198 2068 3445 2123 viderunt
3470 2072 3605 2125 inter
3634 2073 3788 2136 alim,

2208 2156 2489 2210 Proculum
2549 2156 2849 2210 I'uteolana:
2917 2158 3144 2213 civitatis
3192 2159 3507 2225 diaconum,
3574 2172 3627 2217 et
3681 2163 3791 2217 duo

2206 2247 2336 2301 Iaici-
2378 2246 2644 2316 Eutyches
2697 2255 2751 2301 et
2797 2246 3074 2316 Acliatius,
3124 2251 3579 2320 interrogaverunt
3622 2270 3789 2320 quare

2202 2339 2331 2409 justi
2358 2338 2671 2408 jubereutur
2702 2338 2893 2393 occidi.
2922 2340 3065 2407 Quos
3093 2341 3253 2410 judex
3284 2354 3341 2397 ut
3369 2344 3498 2399 vidit
3525 2344 3786 2400 Christia-

2200 2445 2316 2499 nos,
2340 2431 2501 2500 jussit
2526 2430 2775 2484 decollari
2804 2446 2923 2485 cum
2949 2433 3074 2485 illis.
3106 2433 3195 2487 Sic
3223 2449 3408 2489 omnes
3446 2447 3645 2504 septem
3688 2453 3785 2506 pa—

2198 2523 2326 2578 riter
2355 2530 2479 2575 sunt
2508 2521 2780 2588 decollati,
2803 2532 2855 2577 et
2882 2526 3116 2578 tulerunt
3148 2536 3305 2581 nocte
3341 2541 3522 2582 eorum
3551 2544 3777 2592 corpora

2199 2613 2379 2684 populi
2422 2612 2867 2668 Cbrisdanorum.
2892 2614 3219 2684 Neapolitani
3248 2618 3549 2673 Ianuarium
3579 2634 3777 2689 posue-

1785 2735 2015 2789 EDITIO
2058 2731 2559 2789 BOLLANDIANA.

566 2824 653 2877 17.
680 2852 751 2863 -
780 2821 873 2876 XV
934 2823 1068 2877 ΚΑι..
1100 2822 1299 2878 Natalis
1328 2824 1383 2880 8.
1416 2832 1441 2861 α
1476 2825 1741 2880 Lamberti
1782 2824 1871 2897 [Β.
1901 2826 1961 2881 C.
1993 2826 2080 2891 13.,

496 2913 841 2984 Landclierti]
882 2915 1116 2984 episcopi
1147 2924 1203 2969 et
1247 2917 1519 2985 martyris.
1565 2917 1619 2971 In
1660 2916 1946 2971 Britanniis
1987 2920 2085 2971 So-

491 3005 653 3058 cratis
682 3014 737 3059 et
766 3004 1038 3073 Stephani.

566 3117 758 3171 Florus
782 3117 833 3170 in
860 3118 923 3170 A.
947 3116 1014 3170 Τ.
1039 3115 1101 3171 L.
1131 3116 1401 3186 praemittit
1430 3118 1542 3171 bazc
1568 3136 1579 3171 :
1608 3117 1661 3171 In
1685 3116 1856 3173 Gallia
1885 3115 1936 3169 in
1960 3115 2082 3171 villa
2114 3146 2156 3207 ο

488 3223 608 3277 qua:
635 3208 830 3262 dicitur
852 3207 1161 3278 Leudegus;
1191 3218 1246 3263 et
1273 3209 1546 3279 subjungit
1574 3210 1639 3263 de
1657 3210 1713 3265 S.
1748 3210 2032 3263 Lamberto
2067 3228 2077 3259 ε

490 3300 590 3367 Qui
618 3299 877 3356 sectando
898 3299 1160 3370 justitiam
1192 3300 1416 3371 adeptus
1445 3311 1529 3356 est
1559 3300 1798 3372 martyrii
1830 3301 2077 3370 palmam.

555 3415 619 3466 A.
644 3413 734 3476 'I‘..
760 3413 815 3467 In
847 3413 1143 3468 Mediolano
1170 3414 1436 3483 depositio
1463 3414 1518 3469 S.
1547 3413 1574 3452 ι’
1601 3412 1888 3482 EuStorgii.
1912 3413 1997 3475 Β..
2026 3414 2079 3467 In

488 3484 728 3538 Eviduno
758 3487 933 3538 natale
964 3484 1067 3541 SS.
1101 3485 1399 3549 Valeriani,
1436 3484 1651 3539 Macrini
1697 3494 1752 3539 et
1799 3484 2075 3539 Gurdiani.

490 3554 576 3619 L.,
607 3553 729 3623 Ipso
758 3555 848 3610 die
874 3554 1112 3610 Elevatio
1139 3554 1199 3611 S.
1231 3559 1252 3586 °
1284 3555 1559 3626 Hyltrudis
1588 3554 1836 3624 Virginis.

554 3695 643 3751 18.
684 3724 751 3735 -
791 3693 910 3749 XIV
953 3694 1088 3748 KAL.
1134 3694 1298 3749 Vacat
1325 3694 1503 3748 Bieda.

555 3796 749 3850 Florus
778 3796 829 3850 in
863 3795 927 3849 Α.
961 3794 1024 3848 Τ.
1056 3795 1116 3849 L.
1159 3813 1170 3847 :
1204 3794 1259 3848 In
1294 3796 1565 3851 territorio
1605 3795 1908 3865 Lingonica:
1937 3793 2079 3847 civi-

482 3886 626 3951 tatis,
680 3886 1007 3941 monasterio
1053 3886 1325 3957 Segestro,
1381 3887 1647 3957 depositio
1695 3887 1753 3944 S.
1799 3885 1824 3924 ἀ
1864 3884 2078 3955 Sigonis

482 3979 779 4050 presbyteri
807 3986 861 4034 et
901 3976 1247 4033 confessoris.
1283 3978 1349 4033 Et
1391 3979 1569 4050 passio
1600 3987 1905 4034 sanctorum
1939 3976 2075 4030 Feli-

2193 2826 2272 2878 cis
2300 2832 2353 2876 ct
2384 2831 2407 2858 ο
2442 2820 2762 2887 Constantii,
2793 2820 2880 2880 qui
2910 2822 3052 2891 passi
3082 2832 3205 2877 sunt
3240 2825 3336 2878 sub
3372 2823 3577 2881 Nerone
3608 2829 3779 2896 impe-

2193 2926 2389 2970 ratore.

2266 3008 2324 3060 Β.
2354 3006 2414 3059 C.
2451 3006 2533 3069 V.,
2570 3006 2622 3060 In
2653 3006 2969 3061 AleXundria
3020 3007 3079 3061 S.
3126 3008 3422 3069 Trophimi.
3454 3012 3505 3064 In
3536 3010 3777 3067 Nicome-

2195 3075 2616 3150 tliasanctormn
2647 3078 2867 3150 Oceani,
2906 3078 3072 3150 _Sixti,
3120 3078 3177 3133 C.
3213 3075 3299 3143 νη
3331 3082 3569 3136 Metletei.
3602 3083 3683 3150 8.,
3719 3084 3774 3138 In

2192 3146 2486 3201 Mediolano
2516 3147 2778 3215 depositio
2807 3149 2861 3202 8.
2900 3146 2919 3185 ί
2957 3150 3219 3218 Eustorgii
3246 3153 3500 3220 episcopi.

2256 3238 2344 3294 l9.
2385 3269 2455 3279 —
2496 3238 2606 3293 Xlll
2666 3239 2799 3295 ΚΑι..
2863 3240 2917 3295 1η
2968 3240 3187 3312 Neapoli
3236 3242 3536 3312 Campania:
3596 3244 3776 3299 natale

2181 3341 2486 3387 sanctorum
2540 3334 2564 3372 ε
2611 3331 2890 3399 Januarii,
2948 3334 3337 3390 Beneventanze
3384 3336 3610 3391 civitatis
3660 3337 3773 3407 epi-

2182 3424 2365 3494 scopi;
2414 3438 2534 3479 cum
2580 3424 2734 3479 Sosio
2784 3425 3009 3480 diacono
3062 3426 3345 3482 Mesenatae
3398 3428 3661 3494 civitatis,
3713 3440 3772 3485 et

2181 3512 2407 3567 diacono
2451 3529 2548 3567 suo
2590 3513 2770 3579 Festo,
2818 3527 2872 3569 et
2924 3516 3121 3571 lectore
3164 3533 3261 3571 suo
3315 3518 3628 3573 Desiderio:
3673 3524 3763 3589 qui

2185 3615 2305 3671 post
2332 3605 2541 3657 vincula
2569 3613 2623 3659 et
2650 3620 2891 3660 carceres
2923 3608 3096 3677 capite
3137 3618 3260 3662 sunt
3304 3610 3427 3663 cmsi
3471 3610 3519 3662 in
3548 3610 3764 3667 civitate

2186 3692 2499 3758 Puteolana,
2528 3696 2628 3751 sub
2658 3695 2988 3753 Diocletiano
3020 3700 3279 3769 principe,
3306 3698 3485 3769 judice
3524 3698 3761 3756 Dracon-

2185 3787 2279 3844 tio.
2312 3786 2413 3852 Qui
2457 3802 2579 3841 cum
2608 3788 2933 3843 ducerentur
2955 3790 3022 3844 ad
3051 3801 3301 3855 mortem,
3334 3792 3577 3846 viderunt
3626 3792 3765 3846 inter

2184 3879 2320 3935 alios
2373 3878 2653 3935 Proculum
2704 3879 3011 3936 Puteolanas
3063 3883 3291 3937 civitatis
3338 3883 3657 3949 diaconum,
3708 3894 3765 3938 et

2185 3973 2321 4028 duos
2370 3972 2534 4028 laicos
2583 3971 2859 4041 Eutychen
2902 3985 2957 4031 et
3005 3975 3279 4041 Acutium;
3321 3984 3373 4031 et
3410 3976 3768 4047 interrogave~

1879 4068 2087 4123 SMITH
2126 4064 2360 4122 ΝΟΤᾸΞ.

553 4170 577 4197 ιι
618 4159 893 4230 ιαηιὺενιί.
928 4158 1023 4213 llic
1061 4157 1417 4213 'l‘beodoardo
1461 4159 1718 4212 successit
1760 4159 1810 4211 in
1854 4160 2066 4230 episco-

483 4241 661 4299 patum
691 4229 1108 4299 Trajectensem,
1137 4229 1436 4283 Childerico
1466 4242 1591 4295 rege
1623 4229 1901 4299 probante.
1934 4231 2066 4284 Cum

483 4296 659 4355 autem
702 4296 843 4352 anno
886 4297 989 4351 675
1037 4299 1348 4353 interfectus
1388 4308 1533 4353 esset
1575 4314 1665 4353 rex
1714 4296 2067 4362 Cliildericus,

484 4370 793 4425 Stabulaum
827 4369 1093 4438 relegatus
1132 4377 1214 4421 est
1260 4370 1594 4430 Lambertus,
1629 4379 1683 4421 et
1723 4370 1935 4436 quidam
1978 4387 2069 4423 nn-

481 4444 625 4493 mine
646 4439 1016 4493 Faramundus
1041 4440 1091 4492 in
1118 4438 1429 4492 cathedram
1458 4439 1600 4491 illius
1622 4440 1941 4492 constitutus
1964 4450 2066 4495 est.

2178 4166 2353 4211 motus
2390 4164 2554 4218 esset,
2590 4154 2714 4208 adiit
2762 4154 2820 4209 S.
2867 4155 3125 4211 Joannem
3169 4156 3414 4209 abbatem
3462 4156 3756 4211 Reomaen-

2176 4240 2312 4290 sem,
2347 4234 2402 4278 ut
2433 4224 2498 4277 ab
2528 4240 2593 4278 eo
2622 4226 2785 4278 vitam
2816 4228 3162 4280 monasticam
3192 4227 3437 4279 disceret.
3470 4226 3757 4295 Disciplina

2176 4311 2307 4351 vero
2339 4296 2628 4350 monastica
2662 4295 2931 4349 institutus
2960 4297 3146 4350 silvam
3179 4297 3625 4350 abstrusissimam
3657 4313 3755 4364 pe-

2180 4367 2294 4431 tiit;
2326 4376 2381 4419 et
2410 4366 2789 4420 monasterium
2822 4366 3079 4432 condidit,
3108 4382 3211 4431 quo
3241 4367 3480 4436 sepultus
3507 4377 3607 4421 est.
3634 4370 3755 4433 Quo

2179 4452 2319 4490 anno
2345 4436 2403 4494 S.
2437 4436 2561 4505 Sigo
2589 4438 2975 4502 velSequanus
3003 4438 3054 4491 in
3083 4438 3277 4492 caelum
3325 4438 3629 4505 migraverit
3673 4440 3755 4491 in-

479 4484 625 4564 lyrith
646 4484 853 4577 septem
886 4484 1015 4563 vero
1055 4484 1226 4561 annos
1250 4484 1530 4576 depositus
1560 4517 1642 4562 est
1678 4484 2066 4576 Faraiiitinihis,
2103 4484 2149 4542 υ
2176 4484 2524 4562 (ορνιιιιιίθςιῗ
2545 4490 2731 4561 Adhuc
2754 4484 2964 4577 juvenis
2988 4484 3209 4562 Joannis
3230 4484 3436 4562 abbatis
3458 4506 3757 4562 Reomaen-

476 4593 529 4633 et
562 4581 877 4634 Lambertus
902 4578 1014 4633 sedi
1043 4594 1154 4632 sua:
1184 4580 1460 4634 restitutus
1486 4590 1586 4633 est.
1621 4579 1859 4633 Introivit
1889 4592 2063 4636 autem

474 4651 764 4718 aliquando
794 4651 847 4704 in
870 4648 1248 4715 Toxandriam,
1274 4659 1329 4704 et
1355 4650 1509 4702 istum
1546 4651 1793 4717 papulnrn
1817 4651 1883 4703 ad
1908 4651 2064 4704 ﬁdem

476 4723 716 4775 adduxit.
746 4720 827 4775 0b
855 4735 1039 4776 necem
1064 4720 1295 4789 denique
1316 4721 1666 4790 quorumdam
1693 4721 1777 4789 qui
1814 4722 2064 4775 Ecclesia:

478 4794 612 4847 bona
645 4790 999 4860 diripiebant,
1034 4791 1347 4846 Lambertus
1379 4792 1557 4845 Leodii
1599 4804 1992 4857 commoratus,
2034 4808 2063 4845 a

479 4865 693 4915 llodone
719 4876 838 4915 cum
870 4870 1197 4915 armatorum
1231 4878 1386 4915 manu
1422 4863 1656 4916 irruente
1683 4878 1823 4915 anno
1845 4862 1948 4915 708
1976 4879 2063 4917 uc-

474 4934 667 4987 ciditur
695 4947 815 4985 cum
858 4932 1007 4997 suis;
1053 4947 1249 5000 corpus
1279 4944 1453 4985 autem
1486 4933 1599 5000 ejus
1630 4932 1935 5001 'I‘rajectum
1968 4935 2061 4987 de-

477 5008 661 5057 latum.
722 5002 795 5055 De
824 5017 981 5056 causa
1013 5002 1129 5071 ejus
1161 5004 1345 5057 mortis
1375 5014 1427 5057 et
1478 5018 1619 5056 anno
1654 5005 1890 5072 martyrii
1943 5004 2062 5060 vide

478 5075 749 5128 Mabillon.
783 5088 797 5125 I
833 5083 966 5139 part.
1001 5089 1124 5128 saec.
1162 5088 1239 5135 Ill,
1274 5080 1388 5127 Act.
1422 5073 1575 5135 Ben.,
1612 5088 1664 5139 p.
1692 5072 1759 5124 76
1792 5086 1837 5125 et
1872 5088 1987 5142 seq.

545 5144 571 5182 ι)
617 5144 896 5212 Euslorgii.
928 5144 1002 5197 De
1026 5144 1127 5199 hoc
1151 5144 1272 5197 vide
1298 5144 1436 5198 diem
1465 5153 1795 5211 sequentem.

545 5223 567 5250 ε
610 5214 910 5285 Hyltrudis.
953 5215 1122 5279 Quam
1163 5216 1425 5283 sepultam
1459 5214 1510 5266 in
1544 5215 1765 5285 ecclesia
1806 5214 1864 5267 S.
1897 5214 2057 5267 Lam-

473 5284 643 5351 bcrti,
670 5283 836 5355 quam
872 5296 1119 5351 parentes
1157 5295 1531 5340 cxmruxcraut
1574 5283 1788 5355 Iactiis,
1830 5286 2060 5339 elevavit

473 5354 708 5410 Eluinus
742 5354 1024 5422 episcopus
1074 5354 1498 5412 Cameracensis.
1553 5354 1681 5424 Ejus
1737 5355 1925 5409 natalis
1974 5364 2057 5411 est

469 5440 609 5480 xxvii
639 5425 796 5495 hujus
827 5427 1046 5481 mensis.

538 5496 566 5534 ά
594 5494 821 5567 Sigonis.
861 5498 933 5552 De
963 5497 1064 5552 hoc
1104 5498 1239 5563 Ado,
1273 5494 1534 5552 Notkcrus
1562 5506 1617 5551 et
1643 5496 1731 5550 alii
1775 5505 1939 5565 agunt
1968 5496 2053 5552 die

466 5568 730 5637 sequenti.
768 5567 865 5621 llic
899 5584 1020 5622 cum
1052 5584 1183 5637 puer
1225 5579 1386 5627 esset.
1424 5569 1783 5622 nescientibus
1810 5568 2053 5635 parenti-

471 5635 567 5691 bus
594 5645 649 5691 et
684 5638 882 5703 invitis,
910 5635 1133 5694 secessit
1182 5640 1231 5693 in
1282 5639 1654 5702 solitudinem;
1692 5637 1905 5707 juvenis
1934 5648 2053 5691 ton-

473 5723 649 5761 suram
691 5708 757 5780 ab
802 5710 1053 5762 Eustadio
1090 5712 1399 5780 presbytero
1440 5710 1645 5772 accepit
1679 5726 1692 5760 :
1721 5724 1840 5763 cum
1871 5719 2047 5764 autem

474 5781 642 5846 primo
685 5778 750 5833 ad
779 5780 1139 5847 diaconatum,
1172 5778 1292 5836 dein
1338 5781 1402 5836 ad
1451 5782 1872 5852 ptesbytet‘almu
1928 5796 2047 5849 pro—

2174 4579 2249 4631 sis
2279 4578 2572 4647 disciplina:
2601 4593 2659 4632 se
2689 4576 2923 4642 tradidit,
2971 4589 3024 4632 et
3076 4579 3261 4644 plenus
3298 4579 3503 4631 dierum
3553 4579 3756 4646 quievit

2173 4649 2224 4701 in
2257 4664 2405 4718 pace.
2456 4648 2592 4701 Cum
2622 4664 2748 4717 ergo
2778 4648 2832 4702 S.
2864 4648 3098 4703 Joannes
3142 4664 3336 4702 annum
3384 4647 3487 4702 540
3538 4651 3750 4717 paulum

2169 4720 2499 4783 excesserit,
2544 4720 2848 4787 Sequanum
2900 4719 2966 4772 ω
3025 4721 3166 4775 circa
3220 4718 3374 4772 annis
3428 4718 3751 4787 superfuisse

2166 4790 2502 4913 gopjipjmus.
2533 4788 2665 4843 Vide
2700 4788 2873 4843 Vitam
2910 4790 3027 4860 ejus
3073 4792 3211 4858 apud
3256 4788 3543 4855 Mabillon.,
3576 4804 3699 4844 saec.
3733 4806 3751 4844 ι

2219 4879 2242 4907 ι·
2272 4899 2285 4912 .
2362 4876 2447 4913 en.

2219 4870 2285 4912 t'l.
2320 4870 2447 4914 lien.

2239 4932 2603 5054 ‘dComlantii.
2654 4930 2730 4985 Dc
2777 4930 2858 4985 his
2896 4931 3013 4987 vide
3045 4930 3263 4985 inferius
3296 4945 3365 4983 xx
3408 4930 3563 5001 hujus
3592 4945 3749 4987 meit-

2301 5018 2367 5054 ie.

2164 5003 2239 5056 sis
2262 5002 2367 5056 die.

2243 5070 2261 5108 τ
2296 5073 2579 5144 Eustorgii.
2609 5073 2774 5141 Hujus
2803 5073 3045 5127 meminit
3070 5073 3125 5127 S.
3161 5072 3409 5126 Ambros.
3442 5073 3493 5125 in
3526 5072 3739 5127 Auxen-

2165 5143 2295 5195 tium
2341 5145 2407 5196 de
2452 5143 2734 5199 traditione
2777 5145 3029 5207 basilica),
3082 5144 3164 5196 his
3194 5144 3413 5196 verbis:
3451 5162 3467 5193 ‹
3509 5144 3658 5197 Absit
3688 5152 3751 5197 ut

2164 5214 2365 5284 tradam
2412 5214 2773 5268 Increditatem
2822 5214 3079 5284 Dionysii,
3110 5214 3196 5280 qui
3251 5214 3300 5265 in
3350 5214 3537 5267 exsilio
3582 5229 3743 5268 causa

2163 5283 2282 5337 Iidei
2327 5285 2607 5339 defunctus
2638 5297 2755 5349 est;
2807 5283 3169 5338 haereditate":
3221 5284 3485 5352 Eustorgii
3527 5284 3739 5338 caules-

2160 5354 2296 5407 suris
2328 5365 2429 5409 etc.
2473 5374 2490 5407 ›
2530 5355 2695 5423 llujus
2727 5371 2811 5409 res
2835 5366 3011 5425 gestas
3048 5369 3110 5408 ex
3146 5353 3331 5422 priscis
3378 5356 3738 5408 monumentis

2160 5424 2326 5477 edidit
2370 5426 2641 5481 Munibrit.
2692 5424 2888 5479 tman
2944 5424 3047 5479 Vit.
3098 5438 3269 5476 sam-1.
3317 5425 3412 5478 Hic
3456 5426 3629 5478 dictus
3659 5436 3741 5479 est

2161 5494 2360 5561 primus
2403 5507 2646 5565 respectu
2674 5497 2901 5565 junioris
2932 5494 3220 5565 Eustorgii,
3257 5496 3343 5561 qui
3375 5496 3565 5548 claruit
3596 5506 3731 5548 tem-

2160 5567 2375 5629 poribus
2403 5566 2717 5621 Theudorici
2750 5568 2889 5634 regis
2923 5568 3101 5631 Italiae,
3135 5570 3200 5617 de
3228 5580 3331 5634 quo
3379 5565 3429 5619 in
3475 5567 3733 5636 Martyro—

2158 5636 2308 5704 Iogiis
2339 5639 2511 5704 agitur
2537 5638 2624 5691 die
2654 5654 2701 5691 v1
2730 5638 2891 5691 Junii.

2229 5715 2253 5753 Β
2282 5705 2539 5761 Januarii.
2580 5709 2637 5761 lli
2673 5709 2810 5775 passi
2841 5716 2963 5762 sunt
2996 5707 3138 5760 iuxta
3174 5706 3379 5761 Barcnii
3413 5717 3566 5763 notas
3592 5720 3733 5762 coss.

2156 5776 2464 5835 Constantio
2498 5796 2522 5834 v
2555 5791 2605 5835 et
2636 5780 2973 5847 Maximiano,
3014 5779 3064 5831 id
3096 5787 3195 5845 est,
3229 5792 3367 5833 anno
3398 5778 3519 5833 305.
