4110 6462
321 275 456 335 1049

1515 277 1710 332 SECT.
1754 276 1816 331 ΙΙ.
1861 276 2422 335 MAR'I'YROLOGIA.

3453 287 3584 342 1050

1553 455 1562 465 _
1600 392 1833 448 Em'rto
1873 390 2339 448 COLONIENSIS.

320 495 443 540 runt
467 495 615 556 juxta
645 486 909 541 civitatem
953 486 1006 540 in
1046 484 1282 552 basilica,
1331 484 1628 541 Mesenates
1686 485 1893 541 Sosium
1928 491 1972 546 Α
2000 493 2166 551 ctum,
2217 486 2305 556 qui
2349 500 2471 541 eum
2521 500 2832 556 suspensum
2885 487 3093 545 fortiter
3142 496 3435 559 torqueret.
3484 492 3583 559 QUI

320 592 473 644 atque
504 578 555 631 in
601 578 838 646 basilica,
873 576 1141 632 Puteolani
1202 578 1484 632 Proculum
1533 577 1804 647 Eutychen
1848 586 1901 629 et

318 670 619 737 Achatium,
647 672 798 739 juxta
832 670 1100 725 basilicam
1144 670 1310 726 sancti
1358 670 1637 739 Stephani.
1687 668 1898 724 Festum

319 772 372 819 et
402 761 721 817 desiderium
774 762 1131 816 Beneventani
1171 762 1458 832 collegere.
1508 762 1563 836 In
1618 760 1896 814 Palaestina

320 865 622 909 sanctorum
656 853 796 908 Pelei
841 863 895 910 et
938 853 1041 908 Nili
1080 854 1473 922 episcoporum,
1519 852 1606 921 qui
1650 865 1901 920 persecu-

322 948 467 1003 tione
518 946 826 1001 Diocletiani
887 961 1006 1002 cum
1048 946 1289 1015 plurimis
1342 946 1552 1001 clericis
1604 944 1723 1015 igne
1776 958 1901 997 con-

320 1036 515 1105 sumpti
545 1048 666 1092 sunt
697 1052 792 1105 pro
830 1035 1064 1092 Christo.
1097 1036 1247 1105 Apud
1279 1036 1557 1092 Nuceriam
1598 1044 1900 1090 sanctorum

323 1129 515 1183 Felicis
553 1138 605 1183 et
652 1129 999 1195 Constantius,
1053 1128 1142 1197 qui
1189 1128 1287 1182 sub
1338 1128 1547 1182 Nerone
1578 1127 1715 1195 passi
1755 1131 1898 1179 sunt.

319 1218 585 1288 Lingonas
636 1218 816 1288 Sigoni
858 1218 1173 1287 presbyteri,
1217 1228 1270 1273 et
1301 1218 1553 1273 Florentii
1593 1217 1827 1287 episcopi
1852 1225 1904 1271 et

322 1313 600 1383 martyris,
631 1320 683 1366 et
714 1312 890 1366 natale
918 1312 1086 1365 sancti
1126 1310 1421 1365 Eustachii.

393 1404 455 1458 D.
486 1401 577 1458 Χ11
626 1402 865 1457 ΚΑιεΝι).
891 1403 1024 1459 Ocr.
1053 1432 1119 1443 -—
1160 1402 1214 1456 In
1254 1402 1449 1473 Cyzico
1478 1401 1653 1456 natale
1694 1400 1899 1454 Faustae

318 1495 555 1565 virginis,
579 1504 633 1550 et
656 1494 872 1564 Ejulasii
895 1495 993 1549 sub
1024 1494 1337 1548 Mtxiiniano
1366 1493 1707 1561 imperatore,
1734 1506 1891 1557 quam

322 1585 460 1640 idem
500 1585 782 1654 Ejulasius,
814 1600 933 1639 cum
961 1594 1102 1639 esset
1148 1583 1346 1653 primus
1376 1582 1576 1652 palatii,
1617 1582 1775 1651 jussit
1802 1581 1900 1634 de-

318 1677 536 1743 calvari,
582 1686 637 1732 et
689 1676 803 1731 radi
851 1678 915 1730 ad
956 1676 1361 1745 turpitudinem,
1394 1675 1517 1729 dein
1564 1673 1812 1741 suspendi
1844 1686 1905 1725 ac

320 1768 581 1837 torqueri.
631 1767 747 1834 Quo
778 1779 1017 1834 tempore
1044 1767 1344 1822 coruscatio
1389 1766 1455 1820 de
1510 1766 1661 1820 caelis
1714 1765 1906 1818 multos

2002 580 2159 635 etiam
2185 579 2357 649 jussit
2379 577 2624 634 Faustam
2654 579 2874 644 undam,
2898 587 2952 634 et
2990 581 3106 635 sine
3143 581 3367 636 maforte
3394 582 3581 649 flagel~

2005 670 2184 735 latam,
2213 671 2783 738 incarceratam,capnt
2810 671 3084 738 terebrari,
3111 686 3172 726 ac
3196 673 3381 726 oculos
3411 672 3578 742 inﬁgi,

2002 764 2084 817 cui
2116 762 2447 829 postmodum
2492 776 2593 814 non
2637 761 2806 815 solum
2853 770 3013 829 caput
3054 770 3108 814 et
3159 761 3342 827 facies,
3389 762 3481 815 sed
3532 772 3586 815 et

2007 865 2188 925 pectus
2211 864 2266 910 et
2292 865 2456 909 totum
2507 868 2700 921 corpus
2727 868 2893 921 usque
2921 854 2984 907 ad
3019 854 3173 908 tibias
3202 855 3364 907 clavis
3388 853 3585 921 imple-

2006 958 2114 1002 tum
2138 956 2239 1002 est.
2272 946 2397 1000 Post
2426 946 2538 1000 haec
2566 948 2886 1011 sartaginem
2930 943 3089 1013 jussit
3134 946 3307 1013 igniri,
3336 945 3426 998 sed
3473 944 3587 997 haec

2006 1040 2267 1108 psallente
2292 1038 2379 1092 illa
2412 1038 2672 1106 refriguit.
2708 1036 2833 1090 Haac
2864 1036 3217 1091 interveniens
3244 1052 3341 1089 vox
3365 1036 3430 1089 de
3451 1037 3589 1089 cmlo

2007 1130 2220 1185 vocavit
2248 1145 2361 1193 eos,
2394 1138 2448 1184 et
2484 1131 2562 1184 sic
2592 1129 2913 1183 tradiderunt
2948 1127 3213 1196 spiritum.
3257 1128 3383 1181 Erat
3412 1138 3587 1180 autem

2006 1222 2199 1277 Fausta
2242 1236 2503 1275 annorum
2554 1219 2830 1284 tredecim,
2878 1228 2929 1274 et
2984 1219 3242 1289 Ejulasins
3295 1223 3583 1289 octoginta.

2006 1313 2071 1368 Et
2102 1312 2271 1379 vigilia
2309 1311 2475 1364 sancti
2517 1308 2746 1363 Mattbaei
2779 1309 3029 1377 apostoli.

2081 1406 2138 1459 E.
2166 1403 2235 1459 XI
2264 1404 2500 1458 Kaumn.
2525 1402 2655 1457 Ocr.
2687 1430 2757 1443 —
2794 1402 2979 1457 Natale
3005 1402 3171 1456 sancti
3204 1402 3433 1456 Mattinei
3462 1418 3591 1471 apo-

2006 1496 2128 1551 stoli
2155 1508 2208 1551 et
2238 1496 2603 1564 evangelistae,
2645 1494 2733 1560 qui
2766 1495 2967 1562 primus
3014 1496 3065 1547 in
3113 1494 3293 1549 Judtea
3349 1495 3589 1565 Evange-

2006 1588 2135 1643 lium
2166 1586 2363 1640 Christi
2399 1587 2620 1639 llebrzeo
2647 1600 2894 1640 sermone
2936 1589 3273 1655 conscripsit.
3313 1587 3439 1641 Post
3469 1604 3594 1640 vero

2008 1677 2146 1746 apud
2174 1676 2496 1744 [Ethiopiam
2532 1676 2861 1744 prtudicavit,
2890 1685 2944 1730 et
2969 1676 3160 1729 multos
3181 1676 3247 1730 ad
3276 1675 3429 1729 ﬁdem
3459 1690 3593 1729 con-

2011 1767 2169 1822 vertit
2193 1784 2205 1819 :
2249 1766 2550 1833 missusque
2578 1775 2659 1819 est
2692 1764 2981 1832 spiculator
3002 1763 3069 1816 ab
3094 1764 3304 1817 llirtaco
3331 1778 3474 1832 rege,
3504 1764 3595 1831 qui

323 1862 687 1915 ministrorum
740 1861 1017 1930 percussit.
1064 1860 1264 1915 Deinde
1290 1858 1449 1926 jussit
1478 1858 1680 1912 loculos
1708 1855 1789 1909 alii
1814 1854 1904 1919 rri,
1942 1844 1982 1901 Β
2011 1871 2132 1911 eum
2176 1854 2349 1924 gladio
2390 1854 2609 1908 feriebat
2637 1853 2874 1908 efﬁciens
2906 1861 3192 1922 martyrem
3222 1854 3420 1907 Christi
3450 1870 3464 1905 :
3496 1867 3596 1906 cu-

318 1959 375 2006 et
403 1967 517 2006 eam
550 1953 837 2007 immissam
867 1966 929 2006 ac
958 1951 1137 2020 ﬁxam,
1169 1950 1316 2019 quasi
1348 1950 1545 2019 lignum
1586 1947 1755 2002 secari
1788 1961 1902 2000 tne-

319 2047 460 2102 diam
489 2067 501 2102 :
528 2049 619 2103 sed
650 2065 754 2103 non
779 2064 893 2104 eam
918 2048 1198 2103 carnifices
1230 2047 1385 2101 ferris
1416 2046 1613 2100 ltedere
1641 2045 1901 2097 valebant.

321 2138 464 2195 Inter
492 2155 611 2209 qure
643 2150 862 2209 stupens
914 2139 1177 2211 Ejulasius
1217 2137 1430 2193 Christo
1458 2136 1679 2193 credere
1718 2134 1899 2199 Cthil.

323 2230 389 2284 Et
438 2231 539 2287 hoc
579 2232 670 2287 ubi
703 2233 1006 2302 imperatori
1060 2231 1356 2286 nuntiatum
1393 2237 1497 2296 est,
1541 2226 1685 2282 misit
1711 2224 1903 2295 praefe-

2008 1951 2093 2016 jus
2123 1946 2468 2014 Evangelium
2500 1944 2638 2014 Stylo
2670 1944 2948 2011 scriptum,
3000 1944 3221 1997 Hebraeo
3271 1943 3386 2011 ipso
3438 1956 3594 1996 reve-

2014 2039 2178 2102 lante,
2223 2048 2461 2105 tempore
2504 2035 2837 2102 imperatoris
2868 2033 3142 2102 cujusdam
3184 2033 3453 2087 inventum
3491 2041 3592 2087 est.

2083 2128 2145 2183 F.
2180 2128 2223 2182 X
2253 2127 2490 2182 Kacexn.
2521 2129 2654 2181 Ocr.
2684 2156 2754 2167 —-
2800 2125 2855 2179 In
2887 2126 3054 2181 Callia
3096 2128 3308 2180 civitate
3355 2125 3595 2186 Ceduno,

2015 2219 2134 2274 loco
2183 2222 2427 2290 Agauno,
2471 2219 2648 2273 natale
2676 2230 2981 2273 sanetorum
3012 2226 3302 2285 martyrum
3345 2215 3599 2270 Theben-

1568 2337 1795 2393 EDITIO
1836 2329 2346 2389 BOLLANDIANA.

317 2467 447 2510 runt
491 2469 656 2523 quare
698 2454 825 2522 jttsti
871 2454 1184 2522 juberentur
1226 2451 1391 2507 occidi
1423 2466 1438 2507 :
1469 2465 1599 2520 quos
1642 2449 1801 2518 judex
1850 2455 1907 2501 ut

318 2545 453 2599 vidit
482 2545 812 2599 Christianos
840 2543 998 2615 jussit
1028 2542 1283 2598 decollari
1319 2557 1438 2597 cum
1482 2542 1605 2595 illis.
1660 2540 1747 2594 Sic
1794 2553 1907 2592 om-

321 2650 418 2690 nes
441 2648 647 2704 septem
681 2635 878 2704 pariter
904 2646 1029 2690 sunt
1052 2635 1318 2690 decollati.
1353 2633 1419 2688 Et
1466 2633 1700 2687 tulerunt
1750 2641 1906 2684 noctu

318 2741 543 2796 corpora
576 2727 897 2792 Christiani;
926 2734 982 2780 et
1011 2726 1345 2795 Neapolitani
1376 2725 1682 2779 Januarium
1718 2736 1910 2791 posue—

319 2829 447 2875 runt
485 2819 635 2888 juxta
681 2819 946 2874 civitatem
1000 2818 1053 2872 in
1103 2818 1338 2881 basilica,
1373 2816 1667 2869 Mesenates
1696 2814 1905 2867 Sosium

317 2926 473 2981 aeque
511 2912 565 2965 in
610 2911 846 2977 basilica,
879 2910 1159 2964 Puteolani
1190 2907 1474 2962 Proculum
1509 2915 1562 2960 et
1596 2908 1906 2974 Entycetum

317 3011 375 3057 et
400 3002 646 3056 Acutiam
676 3001 730 3056 in
761 3001 971 3055 basilica
1000 3000 1059 3055 S.
1090 2999 1373 3069 Stephani,
1406 2998 1622 3054 Festum
1664 3006 1719 3052 et
1760 2996 1910 3071 Desi:

317 3093 526 3148 derium
561 3093 919 3148 Beneventani
950 3092 1302 3159 collegerunt.

392 3183 490 3237 Ms.
523 3180 784 3236 Lartiense
811 3195 977 3247 usque
1006 3181 1069 3233 ad
1106 3177 1370 3231 Desiderio
1394 3172 1643 3229 convenit
1672 3190 1686 3226 :
1711 3172 1907 3226 deinde

321 3254 549 3307 aliorum
583 3252 740 3305 trium
772 3250 1042 3319 subjungit
1074 3251 1309 3319 nomina.

396 3322 456 3376 V.
493 3324 551 3375 Β.
587 3321 671 3384 D.,
710 3323 771 3374 Et
817 3311 996 3373 natale
1030 3319 1086 3374 S.
1130 3319 1155 3347 ⁸
1197 3314 1493 3371 Eustochii.
1531 3314 1595 3368 γ.
1644 3312 1730 3384 C.,
1764 3311 1903 3384 Alibi

317 3394 583 3457 depositio
612 3382 671 3445 S.
704 3390 730 3429 δ
772 3390 1011 3444 Mariani.
1050 3390 1133 3446 Β..
1163 3386 1409 3443 Treveris
1447 3386 1663 3440 civitate
1700 3382 1907 3452 deposi-

318 3466 397 3518 tio
427 3464 486 3517 S.
517 3462 707 3515 Miletis
736 3462 993 3529 episcopi.
1737 3489 1748 3496 -

389 3553 482 3607 20.
521 3580 591 3592 —
630 3551 721 3607 XII
763 3551 896 3606 ΚΑΙ..
962 3551 1016 3603 1η
1081 3549 1275 3620 Cyzico
1345 3547 1528 3602 natale
1598 3553 1905 3598 sanctorum

321 3649 345 3676 ε
380 3645 586 3698 Fausta:
628 3642 846 3713 virginis
874 3652 927 3697 et
957 3640 1167 3694 Evilasii
1198 3640 1298 3695 sub
1328 3638 1654 3692 Maximiano
1678 3637 1907 3702 impera-

321 3747 437 3791 tore
471 3755 483 3789 :
517 3751 673 3806 quam
731 3735 870 3790 idem
922 3734 1201 3797 Evilasius,
1249 3745 1370 3785 cum
1402 3736 1545 3783 esset
1573 3728 1772 3797 primus
1818 3739 1905 3790 pa-

321 3828 458 3892 latii,
490 3826 648 3896 jussit
675 3826 943 3881 decalvari
970 3836 1023 3880 et
1054 3824 1164 3878 radi
1194 3823 1257 3877 ad
1286 3820 1689 3890 turpitudinem,
1715 3815 1909 3871 deinde

318 3921 575 3990 suspendi
621 3935 685 3975 ac
736 3920 1016 3990 torqueri:
1051 3933 1157 3985 quo
1204 3927 1444 3985 tempore
1490 3912 1786 3970 coruscatio
1841 3912 1911 3966 de

318 4012 472 4069 caelis
524 4010 661 4066 facta
709 4012 905 4067 multos
949 4012 1316 4065 ministrorum
1372 4006 1657 4078 percussit.
1710 4003 1912 4059 Deinde

315 4104 473 4175 jussit
526 4105 730 4159 loculos
782 4103 961 4157 atferri
1011 4112 1067 4157 et
1114 4116 1229 4155 eam
1281 4099 1574 4154 immissam
1622 4111 1686 4150 ac
1728 4096 1910 4159 ﬁxam,

319 4196 469 4264 quasi
524 4193 724 4262 lignum
774 4194 943 4248 secari
993 4192 1220 4247 mediam
1267 4207 1282 4244 :
1333 4189 1427 4245 sed
1476 4202 1591 4243 eam
1631 4184 1910 4241 carniﬁces

321 4288 486 4341 seri-is
519 4286 714 4340 Iredere
744 4300 848 4340 non
878 4285 1142 4340 valebant.
1176 4284 1305 4350 Quae
1336 4282 1475 4336 inter
1516 4286 1736 4348 stupens
1790 4276 1910 4330 Evi-

322 4377 485 4433 lasius
512 4378 725 4433 Christo
752 4376 972 4431 credere
1016 4376 1211 4447 cmpit;
1244 4383 1296 4428 et
1338 4372 1440 4427 hoc
1469 4370 1556 4425 ubi
1603 4365 1907 4438 imperatori

326 4469 629 4524 nuntiatum
657 4477 759 4535 est,
802 4469 944 4523 misit
974 4470 1285 4539 praefectum
1317 4465 1403 4533 qui
1436 4477 1555 4517 eum
1587 4474 1904 4530 suspensum

2012 2442 2225 2499 fortiter
2255 2450 2546 2508 torqueret.
2579 2440 2677 2507 Qui
2722 2441 2881 2495 etiam
2923 2441 3078 2510 jussit
3109 2441 3357 2494 Faustam
3399 2439 3594 2493 nudam

2010 2546 2063 2592 et
2108 2538 2224 2590 sine
2272 2546 2509 2589 mavorte
2555 2535 2643 2605 [Α.
2671 2533 2735 2587 Β.
2768 2534 2855 2603 γ.,
2889 2531 3135 2604 maforte]
3181 2533 3333 2587 educi
3375 2533 3441 2587 de
3478 2547 3597 2585 car-

2010 2644 2153 2693 cere,
2183 2637 2238 2683 et
2261 2627 2308 2682 ei
2330 2636 2489 2694 caput
2511 2627 2766 2681 terebrari
2796 2640 2859 2680 ac
2886 2625 3051 2680 clavis
3078 2624 3288 2691 conﬁgi.
3321 2622 3414 2677 Cui
3443 2631 3592 2690 post-

2014 2721 2226 2775 modum
2274 2733 2376 2771 non
2426 2717 2596 2771 solum
2635 2728 2812 2785 caput,
2865 2725 2919 2770 et
2966 2714 3150 2779 facies,
3198 2715 3291 2769 sed
3329 2723 3380 2768 et
3412 2722 3598 2782 pectus

2013 2820 2069 2865 et
2102 2818 2266 2864 totum
2298 2822 2491 2876 corpus
2522 2822 2688 2873 usque
2718 2806 2781 2859 ad
2816 2806 2972 2860 tibias
2998 2806 3162 2859 clavis
3189 2805 3461 2873 impletum
3492 2812 3594 2857 est.

2015 2902 2141 2957 Post
2175 2902 2289 2956 haec
2319 2901 2640 2971 sartaginem
2668 2898 2829 2968 jussit
2854 2899 3003 2967 igniri
3037 2914 3051 2953 :
3082 2898 3174 2953 sed
3205 2896 3317 2949 haec
3342 2898 3428 2950 illa
3462 2897 3600 2963 psal-

2013 2994 2155 3048 lente
2188 2992 2448 3061 refriguit.
2486 2991 2612 3045 Hmc
2641 2992 2779 3045 inter
2806 2992 3026 3044 veniens
3054 3004 3153 3042 vox
3177 2987 3243 3042 de
3270 2987 3409 3042 caelo
3437 3002 3598 3040 voca-

2013 3086 2090 3139 vit
2114 3099 2206 3138 eos
2238 3096 2290 3137 et
2319 3085 2396 3137 sic
2431 3082 2767 3136 tradiderunt
2792 3082 3060 3148 spiritum.
3096 3080 3218 3132 Erat
3255 3088 3428 3130 autem
3457 3076 3596 3129 Faue

2014 3182 2096 3229 sta
2127 3187 2388 3224 annorum
2424 3171 2679 3225 tredecim
2710 3167 2827 3242 [D.,
2858 3184 2966 3234 xvi,
2998 3168 3086 3233 8.,
3123 3164 3217 3239 xu]
3262 3176 3314 3221 et
3344 3166 3602 3221 Etilasius

1934 3272 1979 3334 ο
2011 3263 2279 3331 octoginta
2310 3260 2403 3333 [ν.
2437 3259 2520 3323 C.,
2557 3257 2702 3329 Lxx].

2086 3355 2146 3410 C.
2180 3355 2243 3409 B.
2278 3354 2341 3406 V.
2375 3354 2436 3406 D.
2468 3352 2531 3405 Τ.
2566 3354 2654 3415 A.,
2691 3350 2874 3419 Vigilia
2913 3348 2970 3404 S.
3002 3346 3231 3401 Matthmi
3276 3343 3505 3419 apostoli
3546 3354 3599 3399 et

2013 3425 2375 3493 evangelista.
2423 3424 2506 3487 B.,
2557 3423 2612 3475 In
2661 3415 2878 3474 Nuceria
2917 3422 3092 3493 natale
3138 3419 3235 3472 SS.
3268 3415 3295 3493 (ξ
3333 3417 3522 3493 Felicis
3544 3428 3598 3469 et

2015 3487 2306 3549 Consiantii
2341 3512 2352 3547 :
2382 3495 2472 3559 qui
2532 3493 2671 3561 passi
2720 3500 2845 3545 sunt
2889 3490 2988 3544 sub
3029 3488 3242 3543 Nerone
3281 3487 3599 3556 impiissimo

2015 3565 2359 3634 imperatore.

2085 3679 2177 3733 21.
2236 3708 2295 3717 -
2339 3676 2408 3732 Χι
2458 3676 2593 3731 ΚΑι..
2643 3673 2845 3729 Natalis
2885 3672 2945 3729 S.
2979 3681 3004 3711 ο
3032 3670 3265 3726 Matthtei
3292 3668 3516 3737 apostoli
3546 3676 3600 3721 et

2012 3771 2372 3839 evangelista.

2086 3861 2273 3915 Florus
2304 3858 2565 3929 prteponit
2596 3857 2646 3912 in
2687 3856 2752 3911 A.
2780 3855 2843 3910 Τ.
2879 3855 2939 3909 L.
2973 3871 2987 3907 :
3016 3853 3072 3907 In
3102 3851 3353 3913 Persida;
3385 3858 3440 3903 et
3468 3848 3596 3902 snh-

2007 3951 2185 4023 jungit
2212 3971 2225 4005 :
2252 3953 2351 4018 Qui
2383 3966 2544 4005 orans
2573 3968 2603 4004 a
2634 3961 2783 4017 tergo
2826 3948 3001 4018 gladio
3044 3945 3351 4014 percutitur.
3400 3942 3466 3996 Et
3504 3956 3595 3997 oc-

2012 4043 2215 4100 cubuit.
2246 4043 2332 4109 B.,
2355 4043 2456 4108 Qui
2494 4056 2679 4111 passus
2710 4050 2791 4095 est
2821 4040 2874 4093 in
2902 4039 3114 4093 civitate
3143 4036 3379 4090 Tharim.

2087 4131 2149 4184 V.
2182 4132 2265 4195 C.,
2301 4130 2434 4185 Alibi
2463 4130 2521 4184 S.
2560 4127 2579 4167 ί
2614 4127 2877 4182 Vincentii
2906 4123 3171 4195 martyris.
3202 4123 3294 4182 Α..
3330 4122 3395 4195 Et
3423 4120 3597 4195 passio

2014 4202 2070 4258 S.
2105 4189 2390 4283 Alexandri
2406 4201 2670 4281 episcopi.
2700 4199 2784 4258 Β..
2812 4198 2865 4251 lu
2897 4189 3191 4251 Mediolano
3221 4194 3394 4246 natale
3422 4194 3478 4246 S.
3508 4189 3595 4243 Vi-

2014 4284 2177 4327 ctoris
2205 4283 2468 4340 martyris.

2083 4364 2174 4420 22.
2204 4392 2276 4405 --
2301 4362 2347 4417 Χ
2374 4361 2510 4416 ΚΑι..
2533 4359 2847 4415 Sanctorum
2880 4368 3191 4426 martyrum,
3212 4363 3236 4401 ts
3259 4352 3596 4406 Tltebeorum

2016 4454 2271 4521 Mauricii,
2318 4452 2560 4521 Candidi,
2594 4451 2839 4522 Exuperii
2870 4446 3167 4521 (fluensque
3198 4446 3312 4510 ιω,
3343 4444 3599 4512 Victorii“,

1721 4574 1928 4630 SMlTll
1969 4568 2200 4627 ΝΟΤᾸΞ.

396 4694 419 4721 ³
457 4682 740 4738 Eustachii.
765 4682 944 4748 Quinti
969 4676 1300 4748 Turonensis
1323 4668 1776 4748 episcopinﬂuoc
1829 4667 1903 4748 fe-
1936 4671 1986 4731 ι)
2012 4667 2117 4748 pite
2178 4660 2328 4748 ctesi-
2351 4655 2661 4748 martyrium
2715 4652 3246 4705 consummaverunt.
3296 4640 3465 4694 Pera.
3524 4653 3595 4695 ne

325 4767 447 4809 runt
488 4738 809 4809 instituisse~
828 4751 1085 4806 ecclesias
1133 4763 1227 4814 per
1256 4738 1421 4810 vicos,
1463 4739 1654 4816 Brixis,
1704 4738 1904 4816 lciotlo-

324 4841 484 4889 rum,
536 4827 772 4885 buccas,
827 4822 1006 4875 Dolus.
1058 4810 1585 4889 (Eiliﬁcavinetianl
1624 4810 1904 4889 ecclesiam

326 4878 671 4950 infra'muros
697 4878 949 4956 civitatis,
985 4894 1035 4944 in
1066 4904 1165 4958 qua
1213 4884 1465 4958 reliquias
1514 4880 1625 4958 ξε..
1659 4878 1901 4958 Cervasii

323 4976 380 5019 et
415 4965 637 5019 Protasii
668 4950 1097 5030 condidit,'qu:e'
1131 4959 1187 5013 S.
1239 4950 1459 5030 Martini)
1503 4952 1570 5003 de
1609 4950 1754 5004 Italia
1784 4955 1908 5030 sunt

325 5015 809 5089 delatzeilinite—riuit
837 5015 1012 5087 autem
1047 5030 1274 5103 concilio
1297 5025 1590 5103 _Andc.gav_.
1623 5034 1747 5074 ann.
1780 5015 1904 5103 @254,

324 5116 381 5160 et
409 5106 762 5173 scripsitcum
794 5103 971 5157 Leone
1014 5109 1071 5156 et
1111 5097 1347 5173 Victurio
1394 5092 1670 5173 epistolam
1717 5095 1903 5173 contra

326 5161 548 5230 clericos
573 5176 662 5245 qui
701 5174 765 5228 ad
798 5173 1075 5245 tribunalia
1110 5166 1389 5245 scecnlatja
1413 5161 1773 5245 recurrebant.
1803 5161 1897 5245 Se:

328 5247 405 5300 dit
434 5232 609 5301 auteu't
639 5259 809 5298 annos
842 5244 904 5297 Π
932 5252 986 5296 et
1015 5242 1269 5295 successit
1308 5232 1903 5308 BriccioLsepultusque

325 5328 410 5372 est
456 5320 504 5370 in
538 5300 772 5370 basilica
823 5329 978 5381 quam
1031 5312 1264 5365 Briccius
1311 5321 1470 5376 super
1515 5302 1574 5358 S.
1625 5300 1901 5354 Martinum

327 5389 541 5443 struxit.
568 5388 735 5443 Gneo.
765 5387 968 5440 Tenos.
999 5400 1054 5444 κ,
1086 5384 1175 5436 51.
1369 5447 1379 5454 _
1559 5442 1572 5454 .

398 5460 424 5494 ι’
458 5458 702 5511 Mariani.
734 5455 810 5510 De
835 5457 933 5508 hoe
963 5455 1082 5507 vide
1106 5465 1264 5521 supra
1295 5465 1324 5521 ξ
1354 5447 1597 5521 Αυευδίίε
1680 5520 1683 5521 ν

403 5533 424 5561 ε
459 5507 701 5581 Fit—traice.
736 5507 925 5582 bimi
953 5525 1003 5577 in
1056 5507 1352 5588 Menologio
1391 5507 1693 5588 edscitltmt
1734 5507 1903 5588 pridie

326 5578 782 5654 Nonasvianuarii.
810 5578 1099 5663 Descripsit
1124 5578 1309 5645 eorum
1334 5592 1464 5643 Acta
1488 5587 1676 5639 Surius
1699 5589 1831 5634 tum.
1856 5578 1895 5642 1,

330 5672 415 5724 die
446 5685 494 5720 vi
528 5670 818 5723 Februarii.
1338 5728 1349 5731 Α
1394 5728 1404 5731 _
1648 5725 1659 5731 _
1716 5720 1749 5731 ,,

402 5721 424 5779 δ
452 5721 667 5794 Felicis.
701 5738 800 5805 Qui
829 5735 970 5806 apud
998 5733 1275 5789 Nuceriam
1305 5728 1573 5787 civitatem
1613 5721 1788 5796 gladio
1813 5734 1902 5775 ca-

2015 4724 2220 4789 ΝΑτΑι..
2258 4742 2371 4790 vttt,
2405 4724 2494 4778 86.
2561 4790 2595 4793 _
2775 4790 2803 4793 Α
3186 4784 3198 4793 _
3223 4782 3234 4793 ,
3263 4767 3281 4793 ._
3356 4780 3368 4791 ,

2088 4779 2395 4853 indicandi.
2433 4794 2529 4848 Hic
2559 4790 2961 4856 Evangeliorum
2991 4799 3139 4837 suam
3159 4780 3460 4856 _his_tori_am
3492 4779 3596 4833 lle-

2019 4850 2198 4928 braice
2240 4850 2476 4934 Scripsit,
2522 4872 2600 4934 ιηΔ
2622 4850 2781 4934 patet
2815 4852 2877 4934 ea
2910 4855 3124 4934 Eusebii
3159 4851 3301 4906 Eccl.
3337 4850 3469 4903 Hist.
3514 4863 3590 4911 tu.

2010 4926 2101 4996 ᾗ.
2151 4942 2280 4994 Eum
2316 4926 2491 4990 autem
2541 4931 2604 4983 ad
2626 4926 2962 4994 ’jEthiopiam
2996 4926 3216 4999 missum
3245 4936 3375 4999 esse.
3406 4930 3598 4999 auctor

2012 4989 2101 5068 ἓὲί
2122 4989 2370 5065 Socrates
2398 4989 2448 5058 in
2481 5002 2614 5057 Hist.
2648 5017 2686 5062 ι,
2720 4989 2961 5063 1950.13:
2984 4995 3049 5047 de
3079 4995 3193 5059 ipso
3220 4990 3405 5068 scribit
3433 4989 3589 5068 utcf.

2014 5060 2221 5152 pit'orus
2254 5060 2310 5141 tt,
2361 5074 2452 5139 41,
2495 5060 3466 5152 _ut“commengtia.prtetermjttimus.
3517 5060 3591 5112 De

2011 5134 2127 5223 an};
2154 5134 2401 5223 passione
2425 5134 2545 5223 ita}:
2564 5142 2719 5223 _Pelr.
2746 5139 2813 5220 (1⁸3
2839 5136 3013 5223 [Ἰδξίξιξ
3030 5149 3159 5223 _v'"’
3184 5134 3274 5223 ἐρ’

2089 5198 2125 5260 ἵ
2151 5198 2422 5275 ῡίῆξέηιὲἰ.
2476 5213 2712 5267 Molanus
2757 5209 2809 5262 itt
2859 5203 3249 5261 Adtlitatnentis
3295 5200 3359 5253 ad
3396 5198 3589 5275 Usgar—

2010 5266 2584 5346 dnm't'ransl'ationem
2635 5281 2791 5347 hujus
2844 5276 3011 5331 sancti
3061 5275 3216 5327 hodie
3245 5280 3413 5347 notat.
3462 5266 3591 5347 Ejus

2009 5340 2149 5419 Erit}.
2191 5340 2382 5413 natalis
2412 5363 2495 5409 est
2526 5354 2641 5407 dies
2670 5340 2757 5405 xiv
2800 5348 2943 5419 Julii,
2978 5360 3131 5419 quem
3180 5342 3423 5419 superius
3470 5340 3590 5419 vide

2010 5408 2586 5486 uiia-ctiiRiIabiilonii
2616 5438 2743 5477 saw.
2773 5434 2811 5473 tt
2841 5408 2958 5473 Act.
2995 5408 3149 5481 Bern,
3184 5414 3268 5465 ubi
3317 5410 3433 5479 ejus
3474 5408 3591 5461 \‘ita

2010 5502 2350 5557 describitur.

2082 5548 2472 5625 E“Tini-corno:.
2505 5563 2580 5616 De
2611 5561 2693 5613 his
2718 5559 2837 5614 vide
2874 5559 3043 5612 Vitam
3072 5553 3139 5607 ab
3162 5548 3594 5625 Eucherioulmg-

2012 5622 2238 5697 dimensi
2268 5638 2517 5707 episcopo
2546 5634 2802 5707 scriptam
2828 5640 2935 5707 et_a
2965 5627 3120 5707 surio
3144 5630 3271 5705 tom.
3370 5622 3591 5707 editum.

2013 5692 2237 5771 Frustra
2260 5692 2422 5774 aiunt
2451 5692 2921 5769 antimonarchici,
2950 5697 3038 5768 qui
3065 5695 3269 5765 insigne
3312 5695 3412 5747 hoc
3444 5692 3593 5745 Chri-
