4110 6464
597 292 731 351 1051

1380 286 1581 343 ΒΕθίΕ
1623 284 2074 342 VENERABILIS
2114 286 2263 343 OPP.
2304 282 2481 339 PARS
2521 282 2607 337 IV.
2642 311 2711 323 ——
2742 281 3116 338 lIlSTURlCA.

3747 285 3883 343 1051

1887 400 2116 456 EDITIO
2153 399 2617 458 CULONIENSlS.

596 517 738 567 rum,
770 497 1027 565 Mauricii,
1057 495 1299 560 Candidi,
1343 495 1610 560 Exuperii,
1641 493 1897 560 Victoris,
1923 493 2177 549 Innocen-
2212 503 2249 555 Α
2283 494 2471 561 capitis
2497 492 2903 547 decollationem
2953 495 3212 565 suscepit,
3262 506 3505 564 tempore
3563 497 3873 555 Diocletiani

599 594 682 656 tii,
719 592 900 645 Vitalis
927 605 1047 644 cum
1078 589 1237 644 sociis
1265 587 1399 654 suis,
1433 600 1626 654 nempe
1655 601 1745 639 sex
1782 586 2034 651 millibus,
2065 599 2157 636 sex

596 686 789 751 contis,
830 696 882 737 et
925 681 1194 751 sexaginta
1226 694 1343 745 sex,
1376 679 1463 747 qui
1513 679 1614 731 sub
1654 677 1973 731 Maximiano
2020 676 2183 745 passi,

601 792 696 845 pro
724 774 938 829 Christo
963 772 1347 842 gloriosissime
1388 768 1629 824 coronati
1661 777 1801 821 sunt.
1834 767 2016 821 Victor
2057 781 2184 819 vero

600 875 820 935 martyr,
852 879 949 917 nec
998 861 1220 931 legionis
1250 860 1489 930 ejusdem
1548 859 1666 922 fuit,
1695 873 1865 927 neque
1895 857 2068 922 miles,
2092 857 2183 912 sed

597 956 832 1009 emerita:
854 954 965 1024 jam
995 954 1200 1007 militia:
1229 962 1533 1005 veteranus.
1582 949 1679 1003 Hic
1722 963 1843 1002 cum
1881 949 1981 1002 iter
2023 963 2185 1018 agens

599 1047 868 1099 incidis~et
897 1046 948 1098 iti
981 1045 1094 1107 IIUS,
1127 1043 1214 1113 qui
1248 1043 1442 1110 passim
1472 1040 1820 1108 epulabantur
1851 1041 1954 1093 laeti
1986 1052 2186 1108 marty-

598 1154 713 1192 rum
745 1138 945 1206 spuliis,
971 1146 1130 1206 atque
1156 1136 1221 1189 ab
1249 1135 1329 1190 liis
1361 1134 1424 1188 ad
1456 1135 1883 1188 convesccndum
1914 1134 2180 1202 invitatus,

598 1234 857 1303 prolatam
889 1233 955 1288 ab
984 1232 1375 1287 exsultantibus
1423 1247 1517 1303 per
1563 1232 1803 1285 ordinem
1836 1243 2050 1283 causam
2095 1242 2187 1281 co-

595 1331 885 1399 gnovissct,
919 1329 1213 1383 detestatus
1255 1328 1511 1381 convivas
1542 1325 1854 1393 refugiebat.
1905 1323 2006 1393 Qui
2062 1337 2182 1376 mox

595 1421 663 1474 ab
693 1420 769 1474 cis
790 1428 976 1487 captus
1004 1431 1060 1474 et
1085 1419 1353 1488 iugulatus
1383 1415 1483 1479 est,
1516 1431 1578 1470 ac
1605 1416 1813 1470 cmteris
1862 1413 2186 1484 martyribus

600 1510 802 1563 honore
823 1508 1139 1577 conjunctus
1167 1517 1269 1563 est.
1304 1510 1374 1562 At
1397 1521 1523 1560 vero
1546 1505 1970 1560 beatissimorum
1995 1513 2188 1573 marty-

598 1613 715 1652 rum
760 1613 985 1666 corpora
1042 1608 1163 1666 post
1206 1596 1400 1650 multos
1449 1595 1711 1664 passionis
1760 1607 1951 1657 annos,
2003 1602 2187 1646 sancto

596 1687 877 1742 Theodoro
900 1688 1152 1755 episcopo
1177 1684 1501 1747 revelantur,
1555 1693 1611 1738 et
1653 1684 1705 1737 in
1753 1682 1954 1738 honore
2000 1698 2183 1737 eorum

599 1774 818 1829 basilica
847 1776 1070 1829 honeste
1100 1775 1458 1844 componitur.
1489 1772 1642 1843 Apud
1674 1772 2017 1836 ltatisponam
2046 1773 2184 1826 beati

2289 584 2647 651 imperatoris.
2675 584 2721 635 ls
2757 597 2878 639 cum
2903 586 3128 653 quodam
3168 596 3404 655 tempore
3428 589 3773 658 Evangelium
3802 593 3875 647 le-

2288 684 2435 745 geret
2463 674 2514 728 in
2554 674 2777 729 ecclesia
2818 675 3102 732 Mesenata
3151 679 3402 746 civitatis,
3452 692 3718 748 prasente
3756 684 3873 751 epi-

2288 780 2453 833 scopo
2480 765 2731 820 Januario
2757 767 3085 836 (frequenter
3117 769 3259 825 enim
3287 786 3407 825 eum
3459 787 3556 840 pro
3593 774 3873 829 sanctitate

2288 867 2344 910 et
2383 857 2657 923 prudentia
2700 859 2817 927 ejus
2846 861 3060 915 visitare
3102 866 3471 932 consueverat)
3524 866 3656 919 vidit
3696 868 3871 923 subito

2290 947 2435 1002 idem
2466 949 2744 1017 episcopus
2774 950 2842 1004 de
2869 951 3041 1020 capite
3077 950 3194 1021 ejus
3244 952 3509 1009 ﬂammam
3561 971 3865 1026 exsurgere,

2287 1053 2444 1107 quam
2476 1053 2633 1094 nemo
2676 1040 2813 1094 alius
2845 1040 2997 1106 vidit,
3026 1052 3080 1097 et
3110 1045 3481 1112 pronunciavit
3510 1062 3633 1100 eum
3673 1060 3869 1121 marty-

2289 1149 2399 1186 rem
2429 1132 2693 1199 l'uturum;
2721 1145 2775 1189 et
2802 1151 2905 1189 non
2935 1146 3056 1204 post
3082 1139 3276 1193 mullos
3298 1139 3411 1194 dies
3440 1138 3577 1196 idem
3615 1143 3869 1200 diaconus

2289 1233 2486 1290 tentus,
2514 1234 2567 1279 et
2606 1227 2657 1279 in
2689 1243 2962 1283 carcerem
2994 1230 3185 1284 missus
3214 1242 3313 1287 est.
3360 1234 3435 1287 Ad
3468 1250 3620 1304 quem
3649 1237 3870 1292 visitan-

2290 1314 2413 1367 dum
2448 1330 2566 1369 cuin
2600 1316 2832 1372 venisset
2859 1319 3139 1388 episcopus
3187 1337 3306 1377 cum
3356 1323 3573 1379 diacono
3623 1326 3783 1381 Festo
3820 1340 3871 1384 et

2288 1405 2487 1461 lectore
2515 1420 2612 1461 suo
2658 1407 2950 1476 Desiderio,
2997 1420 3051 1465 et
3090 1410 3203 1481 ipse
3231 1428 3349 1467 cum
3376 1416 3453 1469 eis
3490 1415 3645 1470 simul
3694 1427 3872 1473 tentus

2288 1508 2391 1560 est,
2440 1514 2501 1553 ac
2550 1500 2749 1568 pariter
2787 1515 2975 1555 omnes
3016 1518 3134 1557 cum
3166 1505 3283 1557 aliis
3315 1507 3479 1560 tribus
3524 1508 3686 1562 occisi
3725 1519 3869 1563 sunt.

2292 1589 2489 1643 Eodem
2520 1590 2607 1646 die
2638 1593 2810 1646 natale
2849 1603 3048 1647 sancta:
3077 1594 3249 1649 Tecla:
3294 1595 3531 1668 virginis,
3561 1598 3625 1653 de
3655 1600 3871 1656 civitate

2248 1672 2253 1678 ’
2290 1681 2487 1746 Iconio,
2507 1697 2625 1749 qua:
2645 1699 2672 1736 a
2698 1683 2851 1738 beato
2876 1684 3040 1739 Paulo
3065 1687 3303 1756 apostolo
3330 1688 3578 1743 instructa
3603 1702 3719 1756 est;
3745 1708 3867 1762 qua:

2288 1774 2387 1827 sub
2414 1774 2622 1829 Nerone
2654 1776 2975 1844 imperatore
3016 1793 3110 1845 pro
3139 1779 3333 1834 Christi
3379 1782 3589 1836 nomine
3636 1783 3741 1852 igni
3791 1793 3874 1839 est

601 1865 923 1920 Emmerami
949 1865 1179 1934 episcopi
1206 1874 1261 1920 et
1290 1862 1554 1935 martyris,
1588 1864 1670 1917 cui
1701 1863 2033 1933 singulariter
2059 1878 2177 1918 om-
2217 1875 2257 1932 Β
2289 1865 2610 1931 tradita,sed
2639 1882 2744 1920 non
2766 1882 2980 1934 exusta;
3007 1880 3184 1938 postea
3216 1870 3398 1926 beseis
3426 1883 3582 1942 atque
3603 1877 3871 1943 serpenti-

598 1961 683 2015 nia
714 1960 949 2015 membra
976 1961 1210 2015 abscissa
1237 1968 1381 2015 sunt.

664 2052 731 2109 G.
765 2052 831 2106 ΙΧ
861 2051 1102 2107 ΚΑΙᾸὶΝῐ).
1134 2051 1264 2106 Ocr.
1297 2081 1365 2091 —
1396 2050 1578 2104 Natale
1607 2049 1770 2103 sancti
1802 2049 1939 2103 Socii
1975 2049 2180 2103 diaconi

595 2141 876 2198 Mesenata:
904 2144 1137 2197 civitatis
1169 2144 1219 2195 in
1246 2142 1565 2209 Campania;
1592 2142 1679 2210 qui
1710 2157 1831 2195 cum
1856 2152 1995 2195 esset
2018 2157 2187 2194 anuo-

595 2247 712 2289 rum
754 2249 861 2289 xxx
906 2250 1026 2289 cum
1060 2234 1213 2288 beato
1244 2233 1495 2288 Januario
1530 2233 1910 2287 Beneventano
1940 2234 2193 2303 episcopo

2292 1956 2389 2010 bus
2410 1956 2679 2026 deputata.
2710 1960 2802 2013 sed
2833 1975 2862 2013 a
2894 1960 3039 2015 nullo
3061 1976 3246 2017 eorum
3273 1972 3357 2017 est
3400 1964 3553 2031 laesa;
3588 1969 3654 2020 ad
3695 1979 3874 2022 extre-

2294 2062 2438 2101 mum
2469 2062 2596 2102 vero
2626 2052 2677 2101 in
2708 2049 2949 2105 Seleucia
2974 2064 3092 2105 cum
3121 2052 3312 2121 duplici
3335 2067 3526 2109 corona
3556 2056 3875 2125 virginitatis

2291 2148 2344 2193 et
2376 2141 2613 2211 martyrii
2641 2157 2737 2212 per
2764 2158 3009 2197 somnum
3040 2145 3182 2213 pacis
3209 2146 3450 2214 migravit
3475 2148 3537 2201 ad
3566 2148 3873 2219 Dominum,

2292 2234 2539 2290 Secunda
2568 2238 2864 2308 assumptio
2890 2248 3088 2294 sancte
3114 2239 3291 2296 Maria:
3328 2240 3561 2312 virginis.

1886 2322 2115 2378 ElilTIO
2160 2324 2658 2381 BOLLANDIANA.

595 2418 755 2474 Addit
780 2418 871 2484 IL,
894 2416 1025 2473 Cum
1056 2417 1173 2470 aliis
1217 2416 1278 2470 Vl
1330 2430 1414 2469 Cta
1443 2414 1745 2482 octuaginta
1788 2415 2021 2482 quinque
2052 2430 2192 2469 mar-

599 2507 824 2577 tyribus.

665 2601 795 2664 Qua:
841 2615 869 2651 a
915 2598 1072 2652 Floro
1112 2598 1162 2651 in
1208 2601 1274 2655 A.
1319 2598 1384 2652 Τ.
1436 2596 1497 2651 L.
1543 2598 1621 2650 sic
1651 2596 2024 2665 explicantur:
2058 2597 2189 2651 Cum

592 2692 752 2746 sociis
781 2705 1004 2761 quorum
1035 2692 1271 2744 omnium
1318 2700 1571 2743 numerus
1618 2703 1710 2743 sex
1743 2688 1907 2741 millia
1950 2688 2189 2742 sexcenti

592 2783 864 2853 sexaginta
913 2799 1005 2837 sex
1049 2782 1211 2837 inisse
1254 2781 1451 2836 dicitur
1491 2780 1579 2849 qui
1614 2796 1708 2847 pro
1738 2777 1933 2833 Christi
1968 2781 2185 2835 nomine

595 2890 784 2931 omnes
831 2876 1027 2943 pariter
1064 2874 1215 2943 jussu
1250 2871 1550 2926 Maximiani
1582 2871 1808 2925 Ca'saris
1854 2872 2030 2940 gladio
2060 2880 2186 2926 sunt

600 2968 863 3022 interfecti
916 2984 929 3019 :
979 2974 1033 3019 et
1082 2964 1421 3034 praemittitur
1472 2982 1484 3017 :
1535 2963 1686 3033 Apud
1739 2966 2016 3033 Agaunum
2062 2979 2179 3033 pas-

594 3058 697 3119 sio.
723 3065 829 3113 etc.

670 3147 730 3203 V.
765 3156 881 3215 post
916 3145 1159 3205 Victoris,
1187 3144 1363 3215 addit:
1386 3142 1695 3210 Innocentii,
1723 3142 1909 3197 Vitalis
1938 3159 2059 3215 cum
2090 3161 2179 3198 so-

2298 2419 2674 2491 vium,_statim
2703 2420 3043 2487 profanorum
3069 2422 3216 2475 turba
3243 2423 3492 2487 vallatur;
3525 2442 3665 2491 quae,
3696 2438 3872 2485 utrum

2299 2486 2822 2564 Chrisuiannsesset,
2858 2494 3179 2564 respondere
3226 2486 3667 2564 minacitcrjubet
3698 2515 3713 2550 :
3744 2516 3868 2555 mox

2296 2557 2571 2633 confessus
2601 2559 2871 2633 Christum
2895 2557 3215 2633 ju’octuscst
3245 2557 3581 2633 martyribus.

2373 2626 2461 2699 Y.,_
2493 2628 2673 2681 Roma:
2721 2630 2777 2683 8.
2816 2629 2995 2699 Dignte
3024 2642 3078 2685 et
3108 2632 3325 2686 Meritm.
3361 2626 3441 2699 3.,
3477 2636 3656 2690 Romae
3696 2642 3876 2694 natale

2296 2695 2354 2751 8.
2388 2698 2414 2725 ⁸
2446 2697 2554 2752 Bab
2575 2700 2659 2752 lla:
2684 2708 2737 2753 et
2759 2700 2815 2754 S.
2846 2695 3086 2769 b'Dignte
3111 2714 3164 2756 et
3190 2703 3407 2759 Melitae.

2365 2786 2455 2843 23.
2490 2817 2560 2828 —
2601 2789 2668 2844 IX
2711 2790 2843 2846 ΚΑι..
2876 2791 3061 2847 Natale
3090 2793 3148 2849 S.
3182 2795 3321 2850 Sosii
3350 2795 3554 2851 diaconi
3585 2799 3873 2856 Mesenata:

2289 2878 2518 2934 civitatis
2556 2880 2609 2934 in
2649 2882 2934 2950 Campania
2970 2901 2983 2936 :
3013 2885 3125 2951 qui,
3156 2900 3278 2940 cum
3307 2897 3450 2943 esset
3477 2902 3737 2943 annorum
3770 2896 3871 2945 tri-

2288 2970 2454 3040 ginta,
2504 2973 2815 3042 martyrium
2853 2990 2972 3029 cum
3022 2974 3080 3029 Β.
3128 2974 3383 3032 Januario
3426 2978 3710 3034 Beneventi
3748 2983 3870 3050 epi-

2289 3076 2455 3132 sc0po
2482 3063 2670 3133 capitis
2698 3064 3055 3121 decollatione
3095 3070 3330 3137 suscepit
3376 3079 3612 3137 tempore
3651 3070 3868 3126 Diocle-

2289 3152 2414 3206 tiani
2469 3153 2824 3221 imperatoris.
2876 3157 3180 3229 (Iliacusque
3231 3160 3317 3230 L.)
3368 3162 3416 3216 ls
3461 3177 3577 3215 cum
3627 3172 3866 3231 tempore

594 3217 1097 3318 Ensﬁsnenptemhlfx,
1126 3214 1261 3318 Ἔχει.
1314 3217 1653 3268 Innocentius
1699 3224 1752 3270 et
1796 3214 1975 3268 \ttalts
2022 3226 2177 3268 etiam
2210 3234 2255 3295 ρ
2286 3241 2515 3309 quodam
2568 3243 2911 3315 Evangeﬁum
2962 3249 3160 3318 legeret
3210 3250 3261 3305 in
3309 3253 3528 3306 ecclesia
3582 3253 3866 3310 “(388mm

595 3289 935 3342 nominantur
964 3287 1012 3337 io
1045 3291 1107 3340 A.
1136 3296 1190 3339 et
1215 3288 1273 3339 (Σ.

670 3359 727 3411 Β.
762 3356 984 3425 plenius,
1019 3357 1096 3408 sic
1129 3364 1184 3408 ut
1211 3368 1488 3423 propterea
1520 3358 1660 3412 credi
1696 3364 1872 3423 posset
1904 3356 2005 3408 hoc
2035 3356 2174 3409 Mar-

595 3429 910 3499 tyiolugium
953 3428 1017 3479 ad
1056 3440 1203 3478 usum
1246 3428 1577 3495 Agaunettsis
1607 3425 1937 3499 monaSIerii,
1970 3438 2057 3499 aut
2099 3428 2177 3480 al-

594 3497 758 3568 terius
803 3498 1049 3568 eaunlem
1099 3502 1327 3568 tenentis
1372 3500 1605 3568 regulam
1657 3497 1914 3568 scriptum
1966 3498 2172 3568 fuisse:

595 3567 649 3620 lu
701 3568 867 3621 Gallia
915 3566 1184 3629 Sedunis,
1232 3565 1456 3622 civitate
1494 3567 1725 3621 Senocto
1774 3565 2173 3627 Dorovallense,

594 3639 711 3691 loco
741 3640 983 3705 Agauno,
1021 3636 1194 3699 passio
1224 3647 1529 3691 sanctorum
1571 3637 1907 3690 Ttiebeorum
1976 3646 2177 3704 marty-

592 3723 706 3760 rum
740 3705 997 3769 Mauricii,
1035 3705 1307 3772 Exuperii,
1336 3708 1578 3773 Candidi,
1605 3706 1918 3769 Innocentii,
1946 3705 2176 3760 Victoris

589 3789 647 3830 ct
686 3777 869 3829 Vitalis
912 3791 1033 3828 cum
1079 3776 1239 3828 sociis
1282 3794 1467 3830 eorum
1509 3792 1600 3830 sex
1634 3776 1868 3829 millibus
1910 3781 2176 3829 sexcentis

591 3848 861 3911 sexaginta
912 3860 1039 3911 sex,
1094 3846 1192 3899 sub
1241 3846 1567 3901 Diocletiano
1611 3857 1666 3901 et
1715 3846 2053 3899 Maximiano.
2111 3847 2172 3900 lli

592 3916 814 3969 accincti
847 3924 1105 3969 venerunt
1136 3916 1186 3969 in
1219 3918 1473 3972 auxilium
1518 3917 1893 3979 Maximiliano,
1929 3932 2049 3967 cum
2082 3917 2176 3970 de-

590 3990 883 4040 stinaretur
914 3987 963 4039 in
996 3988 1421 4054 persecutionem
1464 3987 1911 4041 Christianorum.
1950 3988 2009 4037 lCt
2051 4001 2171 4040 eum

590 4073 693 4109 non
724 4058 892 4111 solum
935 4057 1089 4110 idolis
1136 4058 1461 4123 sacriﬁcare,
1501 4058 1594 4111 sed
1635 4060 1792 4110 etiam
1846 4055 2174 4112 Christianos

590 4129 835 4195 persequi
869 4138 1197 4190 recusarent,
1228 4131 1466 4182 secundo
1490 4137 1542 4181 et
1567 4128 1725 4181 tertio
1749 4128 1993 4180 decimati
2026 4139 2171 4181 Sunt.

589 4196 694 4251 Sed
723 4200 993 4251 contentio
1025 4200 1161 4250 inter
1190 4212 1284 4251 eos
1313 4201 1503 4262 oritur,
1533 4213 1635 4267 qua
1666 4198 1879 4251 obvium
1927 4212 1985 4249 se
2029 4197 2173 4265 quis-

586 4281 694 4334 que
720 4268 983 4333 praebens,
1016 4277 1161 4334 optat
1186 4283 1305 4321 esse
1334 4270 1593 4322 decimus.
1630 4268 1705 4320 Ad
1740 4269 1983 4319 ultimum
2017 4276 2173 4322 tertio

588 4351 745 4390 causa
773 4335 1012 4401 justitize,
1054 4339 1149 4390 sed
1180 4339 1435 4405 depositis
1481 4338 1665 4401 armis,
1700 4338 1938 4390 cervices
1985 4352 2169 4405 persc-

588 4404 863 4473 cutoribus
896 4406 1213 4471 praebentes,
1246 4404 1326 4460 vel
1356 4409 1607 4460 intccmm
1640 4422 1833 4473 corpus
1864 4407 2170 4470 oll‘ecntes,

587 4472 758 4543 ipsum
800 4479 974 4527 solum
1009 4475 1407 4529 reminiscentes
1435 4478 1697 4541 conliteri,
1731 4472 1817 4544 qui
1847 4479 1909 4527 ad
1941 4476 2171 4529 occisio-

586 4559 709 4597 nem
754 4547 941 4599 ductus
990 4556 1074 4599 est
1116 4557 1362 4614 tanquam
1404 4561 1571 4613 agnus
1612 4556 1665 4599 et
1706 4563 1807 4597 non
1855 4546 2057 4612 aperuit
2108 4563 2167 4601 os

2282 3333 2534 3398 civitatis,
2582 3348 2846 3404 praesente
2884 3341 3133 3409 episc0po
3176 3353 3198 3380 ε
3243 3341 3514 3409 Januario,
3562 3346 3864 3415 frequenter

2281 3426 2425 3478 enim
2452 3440 2575 3480 eum
2609 3443 2706 3497 pro
2749 3432 3032 3487 sanctitate
3078 3443 3130 3487 et
3176 3434 3449 3500 prudentia
3497 3436 3610 3503 ejus
3647 3436 3864 3492 visitare

2280 3528 2656 3583 consueverat,
2690 3520 2823 3575 vidit
2867 3523 3043 3577 subito
3094 3526 3231 3579 idem
3272 3527 3552 3595 episcopus
3580 3527 3647 3582 de
3689 3531 3863 3599 capite

2280 3607 2396 3675 ejus
2426 3608 2695 3665 ﬂammam
2726 3627 3036 3683 exsurgere,
3066 3630 3222 3683 quam
3269 3633 3423 3671 nemo
3449 3618 3580 3672 alius
3612 3619 3772 3682 vidit;
3802 3630 3859 3675 et

2284 3700 2665 3766 praenuntiavit
2714 3716 2836 3756 eum
2886 3714 3174 3776 martyrem
3220 3706 3474 3763 futurum.
3509 3708 3574 3763 Et
3603 3720 3720 3778 post
3750 3726 3857 3766 non

2280 3790 2474 3845 multos
2520 3791 2637 3847 dies
2691 3792 2831 3848 idem
2879 3795 3133 3851 diaconus
3187 3808 3362 3853 tentus
3407 3810 3459 3854 et
3497 3802 3547 3854 in
3584 3815 3854 3856 carcerem

2279 3880 2471 3936 missus
2500 3892 2602 3937 est.
2639 3883 2718 3938 Ad
2765 3900 2921 3954 quem
2951 3887 3271 3942 visitandnm
3302 3904 3422 3943 cum
3470 3891 3699 3945 venisset
3739 3894 3856 3958 epi-

2278 3988 2472 4043 scopus
2499 3989 2624 4029 cum
2654 3976 2878 4033 diacono
2906 3994 3005 4033 suo
3034 3979 3192 4034 Festo
3220 3990 3271 4035 et
3294 3982 3490 4036 lectore
3517 3996 3614 4036 suo
3644 3982 3857 4037 Deside-

2278 4065 2379 4131 rio,
2408 4077 2461 4121 et
2494 4068 2605 4135 ipse
2645 4084 2764 4123 cum
2800 4084 2866 4125 eo
2912 4073 3070 4126 simul
3105 4084 3300 4138 tentus,
3331 4088 3393 4127 ac
3422 4076 3615 4142 pariter
3644 4089 3853 4142 omnes,

2276 4172 2397 4209 cum
2435 4157 2557 4211 aliis
2602 4160 2792 4223 tribus,
2844 4162 3006 4216 occisi
3052 4174 3195 4217 sunt.
3238 4163 3437 4217 Eodem
3468 4164 3555 4218 die
3595 4166 3770 4219 natale
3790 4163 3853 4220 S.

2278 4245 2494 4301 Thecla:
2530 4247 2748 4317 virginis
2776 4252 2827 4303 in
2857 4252 3075 4306 Oriente
3104 4252 3155 4306 in
3189 4252 3364 4307 lcooio
3391 4254 3601 4308 civitate
3632 4272 3646 4307 :
3676 4270 3798 4323 qua
3820 4271 3851 4309 a

2276 4336 2442 4391 Paulo
2467 4340 2711 4407 apostolo
2740 4342 2996 4395 inStructa
3027 4344 3078 4397 in
3104 4344 3442 4400 confessione
3464 4344 3679 4409 Chrisni,
3707 4347 3854 4415 ignes

2276 4442 2341 4482 ac
2392 4428 2591 4484 bestias
2630 4431 2831 4487 devicit
2859 4449 2875 4486 :
2922 4444 2974 4488 et
3005 4444 3122 4502 post
3150 4436 3314 4489 multa
3348 4436 3635 4491 certamina
3660 4439 3725 4490 ad
3754 4439 3854 4493 do-

2275 4521 2475 4577 ctrinas
2524 4524 2836 4591 multorum,
2884 4527 3104 4582 veniens
3154 4526 3449 4585 Seleuciam
3500 4529 3763 4599 requievit
3802 4533 3850 4585 iu

585 4630 771 4680 suum;
820 4616 918 4683 ipsi
963 4631 1173 4685 quoque
1218 4603 1466 4684 tanquatﬁ
1495 4632 1619 4686 grex
1652 4617 1867 4670 domini.
1890 4603 1948 4669 iis
1981 4617 2165 4671 laniari
2200 4603 2249 4662 υ
2274 4626 2425 4681 pace.

583 4700 646 4740 se
700 4690 1077 4754 permiserunt,
1127 4696 1179 4741 et
1229 4696 1478 4755 tanquam
1532 4688 1599 4741 ab
1650 4687 1973 4741 irruentibus
2029 4687 2168 4753 lupis

585 4756 737 4819 passi
770 4766 914 4826 sunt.
970 4756 1147 4809 Victor
1198 4767 1371 4810 autem
1420 4772 1605 4822 senex,
1657 4762 1743 4826 qui
1796 4773 1894 4810 nec
1944 4759 2167 4825 legionis

582 4826 729 4879 illius
770 4825 888 4890 fuit,
927 4826 1174 4895 fatigatus
1206 4828 1255 4880 in
1288 4829 1475 4881 itinere
1521 4830 1583 4879 ad
1616 4825 2036 4883 cantaminatntu
2064 4844 2160 4881 (uno

580 4897 735 4950 ilibus
761 4900 932 4969 locum
964 4898 1153 4950 doetus
1181 4908 1281 4959 est,
1316 4908 1368 4952 et
1394 4899 1519 4951 dum
1549 4901 1611 4950 ad
1643 4900 1826 4965 epulas
1857 4914 1953 4969 pro
1994 4900 2166 4951 artatis

579 4968 926 5019 veneratione
981 4980 1286 5035 rogaretur,
1344 4976 1398 5021 et
1452 4984 1666 5021 causam
1729 4968 2163 5033 interempturmn

578 5052 862 5106 Corporum
908 5039 1264 5106 cognovisset,
1298 5039 1587 5093 detestatus
1618 5042 1869 5092 convivas
1897 5048 1947 5092 et
1979 5040 2165 5092 convi-

2341 4701 2536 4758 Florus
2580 4705 2632 4760 in
2673 4706 2739 4761 A.
2772 4708 2836 4762 Τ.
2869 4707 2932 4763 L.
2971 4728 2983 4762 :
3018 4709 3216 4766 Eodem
3254 4712 3341 4767 die
3370 4711 3552 4767 Romse
3582 4710 3641 4768 8.
3674 4711 3701 4749 α
3730 4710 3848 4767 Lini

2272 4812 2421 4867 papae
2458 4808 2511 4852 et
2556 4801 2809 4871 martyris
2840 4820 2852 4854 :
2883 4803 2973 4872 qui
3019 4804 3286 4858 secundus
3328 4816 3444 4873 post
3480 4803 3692 4858 Petrum
3735 4804 3851 4857 Ro-

2274 4902 2483 4941 manam
2519 4889 2811 4945 Ecclesiam
2844 4908 3038 4948 novem
3068 4895 3223 4951 annis
3247 4909 3456 4965 regens,
3487 4904 3725 4965 tempore
3751 4896 3849 4950 Ne-

2270 4977 2415 5032 ronis
2442 4982 2697 5052 martyrio
2728 4992 3017 5040 coronatus
3044 4994 3147 5042 est.

3353 5071 3377 5111 >

1981 5129 2186 5184 Silll'l‘ll
2228 5128 2457 5186 ΝΟΤιΕ.

574 5218 869 5273 Stianorum
903 5219 1168 5286 patientia:
1198 5218 1297 5273 sub
1346 5218 1673 5287 principibus
1727 5222 1966 5289 tyrannis
2015 5224 2160 5275 testi-

576 5292 809 5343 monium
842 5292 1019 5370 licium
1066 5291 1373 5370 nullumque
1402 5288 1629 5358 probare
1662 5288 1774 5343 toto
1816 5290 1981 5345 Marte
2006 5306 2156 5346 sum-

575 5374 766 5429 muque
797 5363 973 5413 stnuio
999 5363 1307 5414 moliuntur.

575 5496 619 5502 __
644 5438 672 5467 ⁸
701 5429 936 5484 Babillw.
990 5429 1190 5484 Forsan
1234 5429 1463 5483 Basillze.
1492 5430 1623 5502 Quae.
1650 5428 1797 5498 juxta
1848 5430 2154 5502 Hieronymi

574 5496 843 5570 Martyrol.
897 5502 1101 5569 sepulta
1148 5511 1231 5556 est
1279 5502 1462 5555 ltomze
1494 5503 1576 5555 via
1606 5496 1829 5566 salaria,
1863 5503 1915 5555 in
1958 5496 2155 5558 cmine-

572 5573 706 5621 terio
726 5570 987 5638 ejusdem.

642 5638 669 5675 δ
700 5640 904 5711 Dignos.
933 5642 1105 5695 Passa:
1133 5650 1257 5696 sunt
1292 5641 1375 5696 hac
1406 5642 1457 5697 in
1488 5643 1858 5711 persecutione
1886 5642 2149 5698 Valeriani

574 5704 700 5780 imp.
732 5704 832 5765 sub
860 5710 991 5766 Gaio
1015 5711 1217 5783 judice,
1244 5704 1575 5784 sepulta'que
1605 5725 1729 5769 sunt
1758 5715 1809 5769 in
1839 5718 2148 5771 ccerneterio

2264 5221 2629 5277 Commodius:
2651 5221 2735 5275 via
2758 5221 2988 5277 Ostiensi
3013 5220 3079 5277 ad
3105 5220 3164 5278 S.
3192 5220 3420 5277 Felicem
3444 5228 3500 5276 et
3521 5219 3841 5277 Adauctum.

2265 5292 2529 5347 BARONIUS
2558 5292 2609 5346 in
2642 5293 2809 5345 Notis.

2336 5367 2357 5393 ο
2388 5362 2665 5417 Januario.
2698 5360 2863 5430 llojus
2897 5362 3088 5417 natalis
3133 5361 3434 5418 celebratur
3477 5376 3634 5429 supra
3680 5378 3711 5415 x
3755 5362 3840 5417 die

2262 5430 2420 5499 hujus
2464 5435 2695 5499 mensis,
2742 5434 2828 5487 ubi
2868 5433 2927 5489 8.
2973 5436 3158 5489 Sosius
3182 5449 3303 5487 cum
3328 5447 3394 5486 eo
3433 5432 3591 5486 simul
3634 5447 3836 5487 mento.

2259 5514 2534 5627 “Tridui.
2582 5573 2641 5629 S.
2693 5574 2853 5628 Linus
2886 5589 3016 5641 papa
3060 5590 3163 5627 non
3195 5589 3333 5626 anno
3361 5573 3451 5635 80,
3483 5582 3539 5626 ut
3583 5573 3834 5627 Baronins

2255 5645 2602 5708 existimavit,
2628 5647 2719 5697 Sed
2747 5662 2887 5697 attito
2913 5644 2977 5697 U7
3004 5646 3068 5697 ad
3096 5647 3365 5699 C(Bleslcul
3392 5645 3609 5711 patriam
3642 5650 3831 5711 migra-

2258 5718 2348 5785 vit,
2383 5726 2439 5770 ut
2486 5715 2651 5786 liquet
2698 5731 2762 5772 cx
2800 5715 3065 5772 Chronico
3099 5716 3327 5781 Damasi,
3374 5720 3423 5767 in
3454 5730 3557 5782 quo
3595 5714 3825 5770 dicitur:
