4110 6504
309 316 447 373 1033

1420 309 1610 362 8Είὶτ.
1654 308 1805 361 ll.—-
1845 306 2402 361 MARTYROLOCIA.

3397 311 3531 365 illi“

1537 418 1760 473 EDITIO
1796 417 2262 475 COLONIENSIS.

375 521 438 575 A.
474 518 581 573 VIII
610 518 847 573 Romae.
877 516 1010 571 Ocr.
1032 542 1102 555 -—
1130 509 1414 575 Conceptio
1442 510 1607 563 sancti
1647 508 1709 562 Jo
1728 508 1863 559 mni<
1895 517 1938 565 A
1968 509 2018 561 in
2046 520 2371 576 ep'scupatu,
2395 511 2633 578 migravit
2664 513 2727 565 ad
2754 512 3046 566 Dominum.
3077 513 3255 565 Roma:
3284 513 3533 568 Priscillae

304 608 571 674 Baptistae.
605 608 986 675 Angustudnnn
1027 606 1197 658 natale
1239 600 1496 657 Audochii
1548 597 1857 668 presbyteri,

302 700 459 772 'l'yrsi
487 700 715 761 diaconi,
746 706 800 751 et
824 697 1034 759 Felicis,
1064 696 1149 761 qui
1180 713 1208 750 a
1236 704 1418 748 sancto
1442 695 1732 762 Polyearpo
1753 691 1863 756 epi-

299 808 462 863 ICOpO
489 794 556 846 ab
582 794 783 847 oriente
818 792 1003 845 directi
1053 790 1118 843 ad
1164 789 1453 843 docendam
1493 785 1735 848 Galliam,
1765 785 1864 838 sub

302 883 587 939 Aureliano
615 881 855 950 principe
899 888 1022 934 sunt
1073 879 1448 946 gloriosissime
1492 876 1749 929 coronati.
1776 874 1864 929 Si-

299 975 512 1043 quidem
544 973 762 1042 ﬂagellis
791 970 935 1033 caesi,
965 970 1016 1023 in
1043 968 1225 1022 ultimo
1256 977 1358 1022 tota
1385 966 1471 1020 die
1501 964 1722 1019 inversis
1753 978 1865 1016 ma-

300 1068 456 1121 nibus
478 1064 739 1134 suspensi,
772 1062 825 1115 in
879 1063 1050 1129 ignem
1103 1058 1269 1121 missi,
1300 1056 1392 1111 sed
1433 1071 1535 1108 non
1581 1052 1864 1115 combusti,

301 1155 507 1209 tandem
540 1152 779 1207 vectibus
807 1151 940 1205 colla
969 1149 1243 1207 feriuntur,
1270 1157 1426 1213 atque
1454 1144 1521 1197 ita
1552 1144 1861 1212 martyrium

297 1261 450 1299 suum
495 1243 908 1311 compleverunt.
957 1239 1152 1294 Eodem
1196 1237 1281 1291 die
1327 1235 1585 1305 depositio
1613 1233 1865 1287 solemnis

294 1335 549 1404 episcopi.
583 1334 676 1387 llic
701 1348 815 1385 cum
843 1331 1065 1400 quadam
1095 1331 1179 1384 die
1208 1329 1420 1381 obvium
1449 1326 1666 1379 haberet
1696 1324 1864 1378 homi-

294 1441 417 1481 nem
446 1442 472 1477 a
502 1425 774 1478 nativitate
818 1438 1015 1477 emcum
1045 1430 1099 1477 et
1127 1421 1365 1482 surdum,
1410 1434 1527 1472 eum
1559 1418 1866 1486 complexus

292 1515 453 1577 collo,
492 1513 756 1566 oculatus
797 1521 898 1575 est,
935 1519 988 1564 et
1026 1509 1202 1563 statim
1256 1523 1441 1560 sanum
1491 1507 1736 1561 reddidit.
1772 1506 1865 1560 llic

293 1602 453 1655 etiam
526 1600 926 1654 Carnotensium
970 1599 1247 1664 episcopus
1313 1596 1636 1649 Ludovicum
1687 1609 1863 1664 regem

291 1707 415 1748 eum
462 1694 708 1749 trecentis
736 1693 1068 1763 septuaginta
1119 1689 1381 1742 nobilibus
1425 1702 1577 1741 sacro
1611 1686 1755 1740 l'onte
1783 1704 1864 1739 re-

291 1787 563 1857 generavit
589 1805 601 1840 :
632 1787 812 1855 sicque
840 1784 931 1838 Dei
952 1792 1167 1837 sanctus
1195 1789 1304 1835 tres
1324 1779 1654 1850 olympiades
1675 1794 1865 1847 gerens

1966 609 2019 651 ct
2060 598 2251 653 Liberii
2281 602 2510 668 episcopi
2540 613 2592 655 et
2620 603 2958 660 confessoris.
2989 608 3238 659 Arvernis
3277 607 3536 675 depositio

1970 687 2164 742 Rustici
2197 689 2429 756 episcopi
2459 700 2513 743 et
2541 692 2706 745 sancti
2735 692 2948 761 Ruperti
2977 694 3317 749 confessoris.

2040 781 2099 835 Β.
2135 782 2217 835 VII
2247 782 2485 837 KALEND.
2516 784 2648 838 Om.
2680 812 2751 825 —
2777 786 2957 840 Natale
2987 787 3121 841 beati
3150 787 3420 854 Cleophm,
3446 788 3533 854 qui

1970 884 2104 924 unus
2134 870 2230 923 fuit
2259 871 2326 925 de
2357 873 2687 940 septuaginta
2735 874 3007 941 discipulis
3034 877 3226 928 Christi
3247 918 3262 939 ,
3291 877 3374 930 cui
3418 884 3535 942 post

1968 962 2409 1016 resurrectionem
2465 962 2735 1028 Dominus,
2770 967 2912 1018 eunti
2963 981 3082 1019 cum
3132 967 3235 1019 alio
3271 969 3534 1020 condisci—

1968 1053 2092 1119 pulo
2138 1054 2189 1106 in
2238 1053 2512 1108 castellum
2566 1054 2840 1119 Emmaus,
2886 1056 3024 1124 quod
3078 1058 3342 1125 Nicopolis
3396 1073 3537 1111 nunc

1967 1144 2178 1207 dicitur,
2210 1145 2472 1212 apparuit.
2511 1145 2677 1211 Quem
2712 1147 2923 1200 tradunt
2956 1148 3005 1200 in
3035 1147 3218 1202 eadem
3263 1148 3426 1210 urbe,
3481 1149 3532 1200 in

1966 1235 2260 1304 eademque
2301 1236 2483 1297 dumo.
2531 1238 2583 1291 in
2634 1254 2734 1307 qua
2782 1254 3017 1292 mensam
3064 1240 3210 1308 quasi
3258 1241 3535 1307 peregrino

1974 1322 2192 1377 Domino
2244 1340 2553 1393 paraverat.
2603 1343 2697 1395 pro
2735 1329 3067 1383 confessione
3111 1330 3251 1384 illius
3278 1344 3432 1396 quem
3466 1329 3534 1381 ibi

1969 1416 2082 1483 ipse
2108 1426 2446 1483 cognoverat.
2480 1435 2508 1471 a
2552 1418 2748 1473 Judacis
2786 1424 3038 1485 occisum,
3069 1429 3121 1474 et
3162 1417 3389 1487 gloriosa
3422 1434 3537 1470 mc-

1967 1509 2131 1561 moria
2159 1509 2318 1561 etiam
2343 1510 2627 1575 sepultum.
2650 1508 2901 1577 Lugdune
2930 1512 3095 1563 sancti
3122 1511 3247 1577 Lupi
3274 1509 3532 1574 episcopi,

1969 1613 2034 1652 ex
2063 1599 2417 1659 anachoretis,
2451 1608 2503 1651 et
2530 1600 2701 1654 natale
2731 1602 2894 1651 sancti
2936 1599 3149 1652 Firmini
3182 1599 3443 1666 ma'tyris.
3480 1598 3532 1651 In

1968 1689 2087 1741 Asia
2121 1689 2479 1750 Bardomiani.
2526 1690 2746 1755 Eucarpi
2791 1701 2839 1743 et
2872 1691 3091 1743 aliorum
3131 1690 3310 1758 viginti
3342 1705 3459 1742 sex.

2037 1778 2095 1833 C.
2142 1780 2201 1833 Vl
2266 1781 2501 1836 KALEND.
2544 1782 2675 1836 Ocr.
2717 1811 2787 1822 —
2824 1781 3005 1836 Natale
3050 1792 3348 1835 sanctorum
3397 1794 3538 1833 mar-

1532 1890 1760 1946 EDITIO
1802 1892 2307 1948 ROLLANDIANA.

365 2003 431 2060 V.
459 2002 544 2071 C.,
574 2002 755 2057 Roma:
779 2000 1038 2070 depositio
1062 1999 1119 2055 8.
1145 2008 1166 2033 ⁸
1198 1999 1392 2054 Liberii
1425 2001 1685 2069 episcopi.

363 2113 544 2170 24.——
563 2114 668 2167 Vlll
700 2114 831 2167 ΚΑι..
859 2112 1145 2180 Conceptio
1170 2112 1225 2167 S.
1250 2111 1468 2166 Joannis
1498 2113 1769 2180 Baptism.
1800 2115 1864 2169 Et

290 2207 348 2263 in
403 2205 785 2275 Angustoduuo
861 2203 1032 2257 natale
1083 2202 1139 2257 S.
1197 2203 1459 2256 Andochii
1525 2205 1860 2275 presbyteri,

292 2296 482 2368 Thyrsi
523 2296 763 2360 diaconi,
813 2303 867 2348 et
908 2292 1095 2347 Felicis
1127 2310 1140 2346 :
1170 2294 1256 2363 qui
1299 2309 1327 2345 a
1366 2296 1421 2348 8.
1466 2294 1759 2364 Polycarpo
1797 2295 1865 2349 ab

290 2390 506 2444 Oriente
534 2388 717 2442 directi
750 2386 813 2439 ad
843 2386 1141 2441 docendum
1173 2385 1397 2439 Galliam
1442 2386 1539 2438 sub
1578 2386 1864 2439 Aureliano

291 2482 532 2552 principe
566 2491 690 2535 sunt
733 2479 1117 2548 gloriosissime
1147 2479 1407 2532 coronati.
1451 2478 1721 2546 Siquidem
1761 2478 1860 2532 ﬂa-

291 2571 449 2641 gellis
482 2569 628 2637 επεὶ,
657 2571 707 2623 in
738 2569 923 2624 ultimo
953 2576 1064 2623 tota
1106 2569 1191 2623 die
1230 2568 1455 2623 inversis
1484 2568 1724 2622 manibus
1745 2583 1863 2621 sus-

292 2660 465 2732 pensi,
497 2662 549 2715 in
581 2662 754 2730 ignem
784 2661 955 2727 missi,
1004 2660 1096 2713 sed
1145 2675 1248 2712 non
1295 2659 1594 2723 combusti;
1646 2656 1860 2711 tandem

290 2752 531 2806 vectibus
568 2751 702 2805 colla
751 2750 1031 2806 feriuntur.
1065 2749 1162 2804 Ubi
1195 2749 1222 2787 ιδ
1254 2748 1695 2816 Symphorianus,
1737 2757 1861 2801 tunc

289 2842 474 2910 viginti
504 2857 784 2906 annorum,
816 2840 904 2909 qui
935 2849 1117 2908 postea
1148 2852 1333 2909 passus
1354 2849 1454 2905 est,
1485 2851 1693 2905 semper
1721 2836 1856 2905 vigi-

290 2932 393 2986 lias
422 2939 478 2985 et
506 2930 777 2985 orationes
804 2930 1010 2999 agebat.

364 3042 424 3097 Β.
455 3042 516 3095 V.
546 3040 634 3106 C.,
665 3041 798 3095 Alibi
824 3040 1084 3107 depositio
1120 3050 1141 3078 ο
1176 3038 1373 3093 Rustici
1403 3036 1652 3106 episcopi.
1676 3035 1738 3089 'l‘.
1773 3035 1856 3107 L.,

291 3112 488 3166 Eodem
519 3114 605 3166 die
632 3112 886 3178 Lngduno
908 3112 1169 3176 depositio
1194 3112 1253 3164 S.
1281 3109 1307 3146 ἀ
1337 3109 1468 3178 Lupi
1493 3107 1745 3177 episcopi.
1771 3106 1859 3170 3.,

292 3185 355 3236 tit
384 3184 617 3236 reveisio
643 3193 838 3234 sanctae
870 3180 1063 3233 crucis.

355 3291 446 3347 25.
470 3322 543 3334 —
574 3292 658 3345 Vll
690 3290 823 3344 Kac.
857 3290 1018 3344 Vacat
1049 3288 1220 3344 ltzeda.

1894 2007 1935 2063 Β
2036 2003 2222 2057 Florus
2253 2006 2304 2058 in
2334 2005 2394 2058 A.
2426 2004 2486 2060 Τ.
2516 2006 2601 2071 L.,
2633 2005 2687 2060 In
2716 2009 2989 2064 Ambianis
3011 2010 3245 2073 civitate,
3269 2009 3531 2078 depositio

1971 2093 2028 2147 S.
2062 2102 2083 2129 ο
2119 2094 2333 2148 Firmini
2363 2093 2596 2165 episcopi
2627 2107 2680 2151 et
2707 2100 2951 2168 martyris
2981 2116 2995 2152 :
3024 2100 3110 2168 qui
3141 2107 3378 2168 tempore
3408 2100 3534 2153 Dio-

1971 2185 2179 2239 cletiani
2218 2197 2274 2240 et
2311 2187 2609 2242 Maximiani
2654 2192 3029 2257 imperatorum
3073 2194 3292 2260 patriam
3346 2208 3533 2260 paren-

1974 2285 2159 2344 tesque
2191 2278 2515 2348 relinquens,
2548 2279 2835 2334 Galliarum
2864 2281 3088 2334 conﬁnia
3111 2296 3408 2349 aggressus,
3437 2284 3534 2336 Ar.

1972 2376 2273 2435 vernorn‘m,
2305 2368 2784 2436 Andegavensium,
2810 2372 3201 2426 Relvacensium
3225 2384 3379 2440 atque
3403 2376 3530 2425 Am-

1971 2460 2300 2515 bianensium
2347 2464 2627 2531 populum,
2671 2464 3005 2516 multitudine
3060 2462 3448 2530 praedicationis
3477 2471 3531 2516 et

1967 2551 2235 2605 miraculis
2259 2552 2533 2619 effulgens,
2560 2554 2836 2608 convertit.
2864 2555 2960 2608 Ubi
2986 2564 3037 2607 et
3062 2570 3155 2621 pro
3176 2555 3385 2607 Christo
3410 2569 3529 2622 pas-

1964 2654 2054 2693 sus
2083 2653 2183 2708 e~t,
2217 2651 2270 2695 et
2300 2643 2516 2697 insidias
2544 2656 2941 2713 persecuturum
2977 2646 3227 2711 plurimas
3257 2643 3527 2699 sustinuit.

1966 2730 2097 2784 lliuc
2121 2748 2147 2784 a
2178 2733 2488 2787 Sebastiano
2514 2734 2762 2799 prail‘ecto
2783 2737 3220 2803 comprehensus,
3264 2744 3380 2802 post
3410 2736 3529 2788 vin-

1963 2819 2079 2871 cola
2117 2830 2169 2871 et
2199 2821 2313 2873 dira
2345 2822 2545 2887 ﬂagella
2587 2823 2839 2876 custodite
2885 2825 3129 2889 traditus,
3176 2825 3309 2878 clam
3356 2825 3527 2878 noctis

1959 2906 2169 2961 silentio
2198 2908 2247 2962 in
2272 2925 2486 2965 carcere
2509 2922 2590 2966 cst
2616 2913 2926 2969 decollattts.

2001 3083 2013 3095 ι
2036 3015 2536 3099 Βπνηϐπιιιιᾼςῖιι
2584 3032 2883 3099 sanctorth
2918 3022 3192 3099 (iliucarpi
3216 3032 3275 3099 et
3328 3024 3521 3099 [tagio-

1963 3090 2124 3159 niaui,
2160 3097 2206 3159 et
2236 3090 2323 3139 a'ii
2353 3090 2530 3159 viginti
2558 3106 2670 3143 sex.
2699 3094 2779 3152 Β..
2810 3094 2873 3146 F.t
2901 3094 3020 3145 alibi
3046 3090 3304 3159 depositio
3327 3095 3383 3147 8.
3412 3096 3525 3147 Fir-

1962 3154 2093 3240 mini
2119 3155 2370 3240 episcopi.
2396 3158 2580 3240 D.-l..,_
2595 3160 2775 3215 Natale
2796 3164 2857 3215 S.
2877 3154 3143 3240 tLIeuphte‘,
3168 3166 3249 3218 cui
3277 3165 3527 3218 Dominus

1960 3232 2010 3276 tu
2044 3232 2430 3279 resurrectione
2463 3232 2649 3281 tertius
2675 3232 2938 3296 apparuit.

2043 3312 2131 3366 26.
2162 3339 2233 3354 -
2265 3313 2326 3367 Vl
2365 3315 2498 3371 ΚΑι..
2548 3318 2861 3372 Sanctorum
2909 3330 3195 3390 martyrum
3226 3330 3249 3368 ις
3279 3322 3525 3390 Cypriani

1667 3397 1870 3454 SMlTll
1914 3400 2143 3457 NOTAE.

287 3508 310 3543 ι
346 3488 694 3560 Linnsdaunis
733 3485 1338 3560 dttodecim,_tiicnsilitis
1376 3495 1621 3560 quatuor,
1669 3490 1854 3560 diebus
1883 3494 1927 3555 C
1961 3494 2183 3547 violenta
2236 3492 2492 3547 adversus
2537 3489 2867 3546 Christianos
2919 3496 3212 3560 persecutio
3258 3506 3517 3549 commota

281 3563 487 3613 decem.
522 3558 636 3611 Fuit
668 3558 992 3625 temporibus
1017 3556 1235 3608 Neronis
1256 3596 1270 3619 ,
1300 3574 1327 3606 a
1358 3558 1632 3610 consulatu
1659 3559 1845 3614 Satur-

281 3631 394 3685 nini
426 3638 477 3681 et
510 3628 794 3693 Scipionis,
838 3641 1003 3693 usque
1042 3627 1293 3696 Capitone
1316 3637 1365 3678 et
1399 3626 1551 3691 Rufo,
1584 3646 1602 3678 ι
1636 3630 1721 3696 qui
1754 3647 1847 3683 an-

282 3714 355 3753 no
378 3699 445 3753 67
476 3698 643 3750 Fastis
674 3713 863 3750 nomen
894 3697 1121 3759 dedere;
1165 3695 1256 3748 sed
1311 3696 1585 3763 legendum
1620 3695 1844 3763 videtur,

278 3784 404 3825 cum
451 3766 670 3819 auctiori
719 3767 978 3819 Chronico
1024 3777 1257 3819 veterum
1306 3763 1613 3819 Pontificum
1643 3784 1657 3822 :
1688 3768 1847 3821 Linus

280 3840 435 3891 annis
468 3852 541 3888 ιιι.
572 3836 750 3904 Neque
775 3838 915 3889 enim
948 3836 1013 3886 ab
1039 3852 1177 3887 anno
1207 3835 1274 3888 56
1304 3836 1367 3885 ad
1401 3836 1467 3887 b7
1496 3839 1617 3889 anui
1648 3838 1847 3892 duode-

278 3912 384 3960 cim
411 3915 464 3959 et
486 3907 683 3975 aliquot
714 3920 923 3975 nienses
966 3904 1247 3975 tinxerunt.
1299 3904 1370 3956 lix
1412 3906 1599 3972 quibus
1631 3918 1849 3975 apparet

284 3976 475 4031 Linum
511 3974 645 4028 Petri
672 3975 831 4028 fuisse
854 3974 1126 4027 vicarium.
1154 3972 1207 4025 In
1237 3977 1454 4027 auctiori
1478 3972 1739 4029 Chronico
1764 3992 1849 4031 vc-

281 4057 451 4099 terutn
502 4044 806 4096 Pontilicnm
846 4044 1077 4098 dicitur:
1114 4061 1131 4093 ι
1165 4044 1413 4109 Sepultus
1442 4054 1522 4097 est
1546 4044 1694 4111 juxta
1726 4061 1844 4101 cor-

302 4130 384 4168 )us
417 4115 471 4166 Β.
510 4114 646 4166 I‘cti
676 4114 725 4166 in
762 4114 1011 4166 Vaticano
1043 4128 1091 4165 ιι
1129 4112 1240 4166 Kal.
1272 4113 1529 4170 Octobris.
1565 4131 1583 4165 ι
1621 4130 1722 4181 quo
1761 4115 1848 4170 die

302 4131 384 4168 )tlS
417 4131 471 4166 ιι.
511 4131 646 4166 ιὀιει
676 4131 725 4166 ιιι
767 4131 1011 4166 vaucano
1043 4131 1091 4165 xl
1130 4131 1240 4166 nat.
1272 4131 1529 4170 uetourts.
1565 4131 1583 4165 ι
1621 4131 1722 4181 quo
1761 4131 1844 4170 uie

281 4131 385 4238 imo
425 4186 538 4250 ipso
569 4183 941 4252 Martyrologio
981 4183 1192 4236 colitur.
1238 4182 1339 4235 Sed
1386 4198 1488 4234 non
1530 4184 1844 4238 existiman-

277 4257 405 4310 dum
460 4253 645 4306 Linum
675 4251 737 4303 eo
765 4254 851 4306 die
880 4251 942 4303 ad
974 4266 1193 4316 superos
1240 4251 1527 4315 transisse;
1576 4269 1695 4306 cmn
1732 4256 1846 4309 dies

279 4325 471 4391 quibus
512 4324 561 4376 in
602 4319 986 4391 Martyrologiis
1029 4331 1235 4374 veteres
1276 4323 1549 4391 pontitices
1581 4323 1842 4389 coluntur,

278 4388 329 4447 et
365 4393 414 4444 in
444 4392 663 4462 auctiori
694 4388 957 4444 Chronico
986 4391 1231 4462 dicuntur
1262 4388 1477 4462 sepulti,
1520 4392 1583 4443 ad
1613 4388 1844 4462 aliquam

276 4477 462 4518 eorum
497 4461 891 4514 translationem
923 4471 975 4511 ut
1000 4461 1284 4526 plurimum
1315 4460 1628 4525 pertineant.

354 4541 379 4568 ι
420 4531 621 4588 Liberii.
656 4532 804 4583 Hunc
831 4530 964 4583 inter
990 4540 1041 4580 et
1074 4527 1302 4581 Felicem
1332 4528 1603 4598 dissidiutn
1635 4529 1727 4583 fuit
1751 4546 1844 4598 pro

279 4601 425 4654 urbis
442 4602 623 4653 Roma:
636 4602 960 4668 episcOpatu.
981 4598 1307 4651 Marcellinus
1322 4609 1371 4650 et
1394 4596 1671 4651 Faustinus
1701 4596 1845 4666 pres-

280 4671 449 4740 hylrrl
483 4670 794 4723 Luciferiani
823 4708 837 4734 ,
884 4668 1093 4740 quitioc
1136 4678 1372 4733 tempore
1395 4668 1601 4740 visere,
1630 4670 1679 4740 in
1710 4684 1845 4734 pree-

281 4735 480 4793 l’atione
498 4741 677 4792 Libelli
699 4754 913 4806 preemn
938 4737 1001 4789 ad
1025 4739 1365 4804 imperatores
1395 4735 1835 4804 Valentinianum,

279 4811 639 4863 Theodosium
666 4816 725 4861 et
758 4810 1039 4861 Arcadium
1073 4808 1282 4858 tradunt
1308 4806 1570 4859 Liberium
1599 4808 1841 4861 humanis

281 4882 438 4932 rebus
465 4887 765 4945 exemptum
812 4878 896 4929 die
943 4876 1201 4944 sequenti,
1227 4875 1475 4928 Gratiano
1513 4884 1565 4927 et
1606 4877 1843 4943 Dagalai-

284 4960 388 5013 ιι·ιο
422 4962 585 5012 (2088..
634 4948 681 4999 id
724 4957 802 4999 cst
832 4960 969 4998 anno
1016 4947 1138 5000 566.
1173 4948 1426 5010 Quoniam
1472 4960 1593 4998 vero
1623 4956 1726 4997 tam
1758 4949 1842 5001 hic

280 5031 438 5084 quam
484 5018 533 5069 in
580 5016 698 5069 aliis
752 5015 1135 5085 Martyrologiis
1205 5028 1393 5067 nomen
1436 5015 1553 5079 ejus
1594 5016 1656 5066 ad
1705 5016 1841 5068 hunc

279 5086 423 5139 diem
452 5086 777 5149 inscribitur,
809 5100 872 5139 ea
892 5084 961 5139 ea
992 5087 1293 5138 diversitate
1325 5084 1659 5149 intelligimus
1686 5085 1842 5137 Libe-

280 5155 417 5208 rium
446 5156 533 5209 die
556 5171 681 5208 xxut
710 5156 978 5222 Septemb.
1004 5156 1355 5216 demortuum,
1384 5156 1733 5221 sequentique
1756 5170 1842 5206 se-

280 5226 507 5291 pultura:
538 5226 878 5289 mandatmu;
919 5226 1015 5277 nisi
1045 5225 1156 5277 dies
1189 5238 1311 5276 xxiv
1343 5224 1614 5289 Septemb.
1647 5224 1711 5276 ad
1744 5225 1841 5276 ali-

278 5309 436 5360 quam
467 5294 580 5361 ejus
610 5294 1007 5348 translationem
1049 5292 1354 5347 referendus
1395 5304 1495 5347 est.
1531 5294 1604 5347 De
1634 5294 1690 5348 8.
1733 5293 1835 5348 Fe-

279 5361 382 5417 lice
408 5365 527 5417 vide
558 5378 678 5417 xxtx
709 5364 851 5416 .lutii.

353 5434 379 5469 ιι
419 5433 849 5503 Symp/rariorum.
898 5433 1120 5487 Faustus
1151 5448 1266 5486 cum
1300 5431 1688 5503 Symphoriauo
1729 5431 1837 5485 [ilio

276 5515 378 5555 suo
418 5518 639 5569 corpora
665 5518 847 5555 euruut
876 5504 1220 5571 sepelierunt.
1248 5506 1350 5558 Sed
1382 5520 1484 5557 non
1530 5504 1629 5557 sub
1672 5508 1837 5555 Aure-

279 5572 443 5635 liano,
470 5575 555 5637 qui
582 5587 681 5625 ιιοιι
715 5586 834 5625 ante
859 5588 1051 5625 annutn
1079 5572 1202 5638 2'70,
1228 5575 1319 5625 sed
1354 5578 1524 5640 potius
1548 5574 1646 5626 sub
1672 5572 1837 5624 Auteo

279 5642 352 5694 lio
395 5643 648 5709 principe,
699 5646 783 5706 qui
829 5657 966 5693 anno
1007 5642 1107 5695 177
1147 5644 1371 5711 septima
1415 5644 1834 5711 Quiuquenttalia

276 5710 464 5782 eddit,
497 5712 619 5765 dum
658 5713 716 5767 l7
747 5712 948 5778 imperii
980 5726 1170 5765 anntun
1203 5710 1401 5780 ageret,
1448 5727 1552 5781 quo
1578 5710 1854 5781 tempore

1957 3573 2040 3636 est
2059 3564 2454 3636 :‘elAQNUIIlett
2472 3563 2762 3636 presbyteri
2792 3575 2841 3617 et
2863 3562 3069 3636 diaconi
3093 3582 3119 3614 ιι
3145 3566 3202 3620 S.
3234 3566 3522 3636 Polycarpo

1956 3634 2006 3686 in
2063 3634 2261 3704 Gallias
2313 3633 2516 3704 missi,‘
2545 3634 2837 3704 imperante
2881 3635 3163 3687 Aureliano
3209 3633 3514 3704 martyrium

1954 3706 2091 3769 passi
2119 3702 2221 3755 dici
2261 3702 2520 3767 possunt?
2555 3701 2974 3770 Symphorianus
3005 3716 3199 3768 autem,
3241 3718 3289 3759 ut
3322 3701 3385 3759 ex
3419 3707 3519 3761 hoc

1951 3771 2070 3825 loco
2096 3783 2327 3831 conStat.
2362 3772 2724 3837 Augustodnni
2758 3786 2941 3838 passus
2963 3783 3063 3826 est.

2024 3852 2046 3880 ο
2092 3842 2306 3895 Rustiri.
2332 3843 2479 3905 Apud
2504 3844 2792 3894 Arvernum
2823 3843 3131 3895 Venerando
3153 3843 3399 3907 episcopo
3421 3845 3518 3900 de-

1949 3922 2178 3975 mortuo,
2222 3910 2467 3964 Rusticus
2496 3912 2542 3964 ei
2572 3912 2860 3972 successit,
2905 3924 3316 3982 numeraturque
3354 3918 3517 3982 septi-

1952 3995 2069 4062 mus
2100 3983 2288 4060 ordine
2317 3982 2598 4060 episcopus
2627 3981 3011 4062 Arveruensis;
3031 3982 3173 4062 Vixit.
3195 3981 3519 4062 teiiipiirit_ii_ts

1953 4049 2166 4103 Honorii
2198 4050 2325 4114 imp.
2371 4057 2425 4100 et
2470 4049 2583 4115 ejus
2621 4064 2942 4103 successoris
2976 4049 3340 4105 Valentiniani.
3384 4054 3513 4107 Vide

1950 4118 2107 4185 Greg.
2142 4117 2342 4172 Turon.
2372 4117 2502 4171 llist.
2536 4134 2593 4177 ιι.
2626 4117 2710 4177 i5.
2749 4120 2831 4173 i6.

2020 4185 2045 4224 ἀ
2084 4187 2236 4253 Lupi.
2286 4187 2359 4241 De
2402 4188 2588 4240 eodem
2636 4188 2790 4241 Baeda
2847 4189 3008 4256 vulg..
3065 4189 3351 4254 Usuardus,
3400 4192 3515 4244 Ado

1949 4256 2142 4325 aliique
2171 4259 2490 4311 recentiores
2521 4259 2798 4322 postridie.
2829 4258 2957 4310 Cum
2984 4270 3158 4315 autem
3190 4276 3216 4311 a
3250 4271 3512 4314 tnartvro-

1950 4326 2083 4394 logis
2116 4327 2321 4379 dicatur
2348 4342 2408 4378 ex
2443 4328 2757 4380 anachoreta
2808 4326 2977 4380 factus
3012 4331 3315 4394 cpiscopus,
3365 4330 3509 4384 illum

1950 4409 2216 4468 putamus,
2245 4396 2330 4457 qui
2356 4396 2406 4447 in
2432 4396 2598 4447 insula
2624 4396 2802 4468 Lerini
2830 4413 2897 4464 po
2931 4408 2947 4450 t
2972 4397 3172 4468 Lupum
3196 4400 3511 4455 Treceusetu

1950 4466 2194 4519 exercuit
2221 4468 2378 4518 vitam
2411 4466 2778 4519 monasticam.

2023 4537 2046 4564 θ
2086 4533 2327 4587 Firmiui.
2388 4534 2506 4588 Fuit
2556 4537 2639 4588 hic
2698 4537 2895 4603 primus
2949 4538 3088 4592 sedis
3142 4538 3510 4593 Ambiauensis

1947 4604 2247 4673 episcOpus.
2284 4605 2439 4658 Errat
2467 4603 2653 4675 Petrus
2674 4605 2751 4675 de
2776 4606 2989 4675 Natal..
3012 4608 3102 4675 qui
3133 4610 3362 4674 appellat
3390 4625 3508 4662 emn

1949 4675 2353 4742 presbyterum,
2412 4688 2543 4736 vni,
2593 4673 2711 4727 119.
2767 4674 2875 4729 Sub
2934 4673 3234 4728 Rictiovaro
3291 4681 3512 4741 pra-side

1952 4742 2220 4796 Usuardns
2247 4753 2300 4795 et
2334 4742 2605 4804 Baronius,
2632 4751 2809 4794 noster
2840 4758 2962 4795 vero
2990 4759 3106 4798 eum
3137 4746 3292 4800 Petro
3312 4746 3378 4799 de
3404 4746 3447 4799 N
3465 4769 3509 4793 :-

1948 4813 2039 4863 tal.
2073 4813 2171 4862 sub
2201 4812 2513 4864 Sebastiano
2543 4826 2751 4877 possunt
2783 4812 2984 4864 scribit.

2022 4878 2061 4953 ς
2092 4880 2329 4953 [iacui-pi.
2358 4879 2416 4932 ili
2441 4883 2577 4948 passi
2603 4890 2867 4933 suntcum
2893 4883 3011 4936 aliis
3036 4883 3216 4953 viginti
3246 4899 3341 4938 sex
3372 4900 3510 4938 mar-

1944 4950 2167 5020 tyribus.
2200 4950 2394 5020 BARDN.

2016 5027 2039 5065 ε
2080 5018 2338 5089 Cypriani.
2376 5018 2435 5071 lli
2468 5030 2724 5089 martyres
2752 5021 2888 5089 passi
2918 5031 3038 5077 sunt
3069 5021 3387 5077 Nicomedire
3410 5026 3510 5078 sub

1945 5087 2242 5141 Euthnimio
2284 5088 2525 5154 praeside.
2571 5087 2705 5143 Male
2747 5087 3073 5160 confundunt
3105 5093 3242 5146 hunc
3281 5093 3505 5160 Cypria—

1942 5173 2065 5210 nmn
2095 5160 2475 5211 Antiochenam
2499 5173 2616 5210 cum
2640 5159 2901 5225 Cypriani»
2924 5161 3340 5222 Carthaginiensi
3365 5159 3499 5218 Aeta

1942 5226 2126 5281 horum
2166 5229 2640 5299 imartyruutﬂapud
2666 5228 2898 5299 iSurium
2943 5240 3070 5282 t'un.
3114 5229 3173 5291 V.
3208 5234 3292 5299 qui
3326 5242 3500 5288 tamen

1940 5312 2096 5369 quam
2130 5297 2366 5369 plurimis
2397 5298 2706 5351 diﬂ'crentiis
2734 5299 3125 5369 distinguuntur
3153 5297 3497 5361 abinvicmn.

1939 5366 2046 5419 Nec
2082 5366 2254 5418 minus
2297 5377 2477 5419 errant
2520 5369 2703 5421 eadem
2752 5371 2881 5423 Acta
2903 5366 2967 5423 ἐι
2998 5381 3186 5422 uoster
3218 5371 3368 5424 Βιιιιιιι
3405 5373 3503 5427 hoc

1942 5437 2056 5503 ipso
2092 5437 2233 5507 loco,
2270 5436 2407 5502 quod
2457 5438 2850 5507 hunchpassmn
2897 5439 3133 5491 scribunt
3178 5442 3502 5507 temporibus

1941 5505 2140 5557 Claudii
2188 5505 2541 5578 imperatoris.
2570 5505 2790 5578 “tioium
2837 5522 3056 5572 corpora
3108 5509 3230 5561 foris
3268 5505 3499 5578 objecta,

1941 5581 2093 5627 noctu
2123 5574 2332 5641 quidam
2362 5583 2532 5626 nautse
2559 5575 2838 5627 Christiani
2872 5589 3173 5641 rapuerunt,
3195 5588 3248 5631 et
3276 5574 3503 5637 Romani

1939 5644 2259 5705 detulerunt,
2301 5658 2417 5708 qua:
2447 5644 2773 5710 postmodum
2809 5647 2857 5696 in
2890 5646 3153 5699 basiiicam
3197 5648 3501 5703 Constanti-

1942 5716 2147 5766 nianam
2181 5714 2462 5775 translata,
2510 5728 2670 5781 prope
2702 5714 3063 5782 baptisterium
3107 5718 3314 5773 condita
3355 5731 3495 5775 sunt.
