4110 6444
602 261 744 318 1055

1381 262 1574 315 DEDAS
1616 261 2065 318 VENERARIIJS
2108 262 2254 317 OPP.
2298 260 2471 317 PARS
2514 264 2597 317 IV.
2642 291 2707 304 -—
2747 263 3130 323 lllSTORlCA.

3750 268 3873 323 1036

1880 372 2107 431 EDITIO
2143 374 2610 430 COLONIENSIS.

602 482 778 541 tyrum
808 470 1057 541 Cypriani
1086 471 1316 538 episcopi
1348 480 1395 523 et
1430 468 1651 524 Justlme
1682 466 1916 536 virginis.
1944 468 2179 535 Quorum
2212 472 2262 528 Α
2362 469 2423 521 1).
2470 468 2505 519 ν
2546 467 2787 521 Κιιιειιιι.
2828 465 2959 523 Ocr.
3000 498 3069 509 —
3107 470 3257 536 Apud
3298 468 3547 540 Egmam
3585 470 3875 537 civitatem,

599 562 810 619 Justina
840 563 939 617 sub
974 562 1303 617 Diocletiano
1335 562 1497 615 multa
1525 573 1739 629 prepter
1765 560 2034 612 Christum
2064 573 2184 626 per—

608 670 780 725 pessa,
815 655 985 721 ipsum
1018 668 1229 723 quoque
1272 654 1597 723 Cyprianum
1644 667 1763 706 cutn
1807 659 1953 705 esset
1980 664 2185 720 magus,

604 758 658 800 et
690 746 908 813 magicis
957 746 1164 800 artibus
1206 761 1324 799 eam
1366 745 1675 801 dementare
1720 754 2024 809 conaretur,
2056 758 2187 797 con-

609 838 766 888 vertit
790 836 854 888 ad
890 837 1181 890 Christum.
1220 838 1351 889 Cum
1388 851 1492 905 quo
1516 836 1624 904 jatn
1655 836 1906 903 episcopo
1945 846 1997 890 et
2029 834 2191 889 nobili

605 928 824 983 doctore
857 929 1016 995 facto,
1053 933 1392 998 martyrizata
1430 939 1511 984 e~t
1552 930 1649 982 sub
1688 929 1904 984 Claudio
1933 910 2188 996 principe,

606 1033 659 1076 et
694 1022 873 1090 judice
908 1024 1191 1087 Eutelmio,
1227 1032 1277 1074 et
1309 1037 1427 1075 cum
1458 1023 1537 1075 eis
1576 1020 1902 1087 Tlteognitus
1928 1020 2142 1089 quidam
2177 1036 2191 1071 :

606 1128 831 1182 quorum
865 1128 1092 1183 corpora
1121 1114 1399 1181 jacuerunt
1430 1113 1665 1181 projecta
1709 1114 1837 1165 foris
1879 1126 1970 1164 sex
2001 1112 2193 1165 diebus

609 1203 895 1271 insepulta.
952 1207 1175 1271 Quidam
1231 1219 1406 1259 auem
1465 1217 1640 1259 natiue
1691 1204 1979 1258 Chris=iatti
2038 1215 2194 1259 nocte

610 1304 901 1362 rapuerunt
946 1311 1030 1361 ea,
1079 1307 1131 1350 et
1172 1296 1580 1364 deportaverunt
1632 1296 1696 1349 ad
1728 1296 1912 1348 urbem
1947 1296 2191 1359 Romam,

610 1393 664 1439 et
701 1396 939 1440 matrona
988 1387 1305 1442 venerabils
1356 1387 1542 1440 Rufina
1583 1396 1891 1442 reverenter
1916 1386 2184 1452 excipiens

611 1475 695 1531 illa
721 1479 961 1545 sepelivit
987 1480 1038 1533 in
1072 1482 1270 1549 pra:dio
1300 1496 1417 1535 suo.

2293 562 2467 613 natale
2497 568 2805 613 sanctorum
2835 569 3126 629 martyrum
3153 561 3360 615 Cosme
3381 572 3437 616 et
3465 562 3729 627 Damiani,
3768 580 3877 632 per-

2293 651 2566 705 secutione
2608 650 2944 713 Diocletiani,
2992 652 3092 706 sub
3137 652 3368 723 praside
3417 651 3603 722 Lysia,
3647 656 3737 725 qui
3766 669 3878 723 post

2295 743 2460 797 multa
2494 752 2785 807 tormenta,
2816 742 3022 796 vincula
3064 752 3117 797 et
3162 758 3407 799 carceres
3440 746 3718 809 toleratos.
3761 760 3877 815 post

2297 848 2447 887 mare
2472 843 2526 887 et
2555 834 2724 903 ignes,
2756 848 2963 901 cruces,
2990 834 3336 902 lapidatioues
3357 849 3410 890 et
3438 838 3683 907 sagittas,
3706 840 3876 908 capite

2300 924 2604 991 plectuntur
2632 938 2751 977 cmn
2786 925 3055 989 Antbimo,
3090 924 3310 980 Leontio
3338 935 3394 981 et
3416 927 3706 997 Eupmpio.
3736 930 3874 997 Quo-

2299 1031 2416 1071 rum
2446 1031 2669 1084 corpora
2701 1017 2932 1085 religiosi
2962 1017 3062 1071 viri
3098 1018 3421 1087 sepelierunt
3461 1018 3515 1073 in
3562 1021 3685 1076 loco
3711 1037 3876 1077 vene-

2298 1110 2472 1174 rabili,
2506 1124 2612 1163 non
2656 1111 2812 1179 longe
2856 1127 2886 1164 a
2934 1111 3147 1165 civitate
3192 1111 3393 1181 Egma.
3436 1112 3672 1167 Duorum
3702 1122 3876 1167 autem

2298 1208 2517 1260 fratrum
2566 1206 2774 1261 Cosmaa
2825 1216 2881 1261 et
2924 1206 3160 1261 Damiani
3192 1210 3444 1262 memoria
3484 1210 3646 1263 etiam
3682 1209 3878 1277 templo

2299 1298 2557 1365 praeclaro
2587 1312 2772 1366 opere,
2804 1298 3007 1352 nomini
3056 1312 3242 1353 eorum
3281 1298 3540 1355 mdifieato
3570 1300 3880 1353 solemuiter

2298 1400 2487 1457 agitur.

2376 1482 2434 1532 E.
2480 1480 2538 1533 IV
2583 1481 2818 1536 KALEND.
2852 1482 2984 1537 Ocr.
3024 1512 3094 1522 —
3133 1482 3187 1537 In
3228 1482 3490 1552 Hispaniis
3525 1482 3773 1538 Corduba
3803 1484 3881 1537 ci-

1825 1594 2054 1648 EDITIO
2096 1590 2595 1647 BULIANDIANA.

613 1711 847 1779 episcopi
880 1717 931 1761 et
958 1707 1180 1761 Justinaa
1208 1726 1220 1762 :
1246 1722 1469 1777 quorum
1497 1707 1699 1763 Justina
1723 1709 1824 1762 sub
1866 1708 2195 1763 Diocletiano
2235 1707 2275 1765 Β
2305 1721 2603 1771 assumens,
2628 1724 2841 1762 omnem
2872 1708 3283 1765 ecclesiasticam
3312 1711 3644 1780 disciplinam
3668 1715 3870 1783 docuit,

618 1801 782 1855 multa
817 1810 1033 1868 propter
1063 1799 1335 1852 Christum
1370 1814 1641 1868 perpessa,
1668 1801 1838 1868 ipsqu
1872 1815 2079 1868 quoque
2101 1800 2197 1870 Cy-

619 1896 881 1963 prianum,
913 1910 1031 1947 cum
1060 1904 1200 1948 esset
1234 1909 1447 1963 magus,
1490 1905 1544 1949 et
1596 1896 1783 1963 magiis
1813 1897 1922 1947 suis
1950 1912 2065 1948 eam
2098 1896 2193 1949 de-

619 1997 859 2039 mentare
878 1996 1181 2053 conaretur,
1208 1989 1471 2039 convertit
1503 1987 1565 2039 ad
1591 1985 1858 2039 Christum
1887 2003 1898 2038 :
1925 2002 2043 2038 cttm
2067 2001 2196 2053 quo,

620 2088 801 2145 postea
828 2075 940 2145 jam
976 2078 1230 2144 episcopo
1265 2086 1319 2130 et
1348 2075 1510 2131 nobili
1543 2078 1760 2133 doctore
1807 2078 1964 2143 facto,
2000 2090 2199 2147 marty-

618 2170 801 2224 rizavit
836 2170 933 2221 sub
960 2167 1182 2222 Claudio
1214 2169 1469 2237 principe.

692 2280 752 2334 Β.
787 2280 849 2332 V.
882 2280 967 2343 C.,
994 2280 1175 2333 Roma:
1206 2280 1467 2347 depositio
1492 2280 1547 2334 S.
1584 2282 1608 2309 ⁸
1640 2278 1853 2334 Eusebii
1878 2279 2114 2346 episcopi
2149 2289 2202 2331 ct

617 2351 961 2433 Copfessoris.
1000 2351 1079 2413 Β..
1130 2352 1375 2407 Alvernis
1415 2352 1678 2416 depositio
1712 2352 1772 2405 S.
1806 2348 1832 2387 δ
1876 2349 2202 2420 Apollinaris

617 2436 877 2491 episcopi.

690 2536 781 2590 27.
812 2565 885 2576 —
917 2536 955 2589 V
984 2535 1115 2591 ΚΑΙ..
1145 2536 1329 2591 Natale
1354 2535 1449 2591 SS.
1486 2549 1506 2576 ο
1530 2534 1734 2589 Οοειιιω
1757 2544 1811 2590 et
1839 2534 2077 2588 Damiani
2107 2532 2207 2587 sub

625 2628 995 2695 persecutione
1019 2626 1346 2690 Diocletiani,
1376 2627 1604 2694 praeside
1635 2626 1749 2693 ejus
1782 2624 1961 2695 Lysia,
1997 2625 2046 2677 in
2078 2624 2206 2677 civi-

624 2727 731 2771 tate
760 2717 922 2786 Egea
950 2736 962 2770 :
996 2720 1082 2785 qui
1119 2728 1236 2785 post
1265 2718 1425 2770 utnlta
1456 2726 1743 2782 tormenta,
1772 2716 1980 2768 vincula
2006 2724 2062 2767 et
2090 2730 2208 2769 car-

623 2824 776 2862 ceres
819 2810 1091 2866 toleratos.
1117 2825 1263 2863 mare
1289 2820 1341 2863 et
1365 2812 1534 2879 ignes,
1560 2824 1791 2870 crucem,
1828 2807 2206 2873 lapidationem

622 2909 677 2952 et
705 2902 927 2969 sgittas
955 2900 1209 2954 divinitus
1238 2911 1536 2969 superatas,
1562 2901 1736 2967 capite
1761 2899 2079 2967 plectuntur.

697 3037 859 3117 Addit
888 3038 949 3093 L.
977 3054 992 3093 :
1023 3037 1151 3092 Cum
1181 3038 1433 3091 fratribus
1463 3036 1715 3102 Antinoo,
1747 3036 1973 3089 Leontio
2000 3043 2055 3088 et
2102 3033 2205 3088 Eu-

628 3124 831 3178 prepto.

702 3242 889 3297 Florus
915 3242 965 3295 in
1003 3244 1065 3295 Λ.
1095 3243 1157 3297 Τ.
1192 3242 1247 3296 L.
1276 3262 1290 3295 ε
1326 3243 1441 3311 Ipso
1472 3243 1558 3297 diu
1600 3243 1774 3298 natale
1803 3244 1859 3298 S.
1888 3242 1911 3280 ί¹
1942 3243 2207 3297 Timothei

624 3330 873 3400 discipuli
926 3333 1093 3398 Pauli,
1144 3350 1301 3402 quem
1358 3332 1497 3387 idem
1544 3335 1647 3388 Vas
1677 3336 1815 3389 elect
1838 3336 1953 3389 onis
1987 3350 2205 3402 puerum

2302 1808 2354 1850 et
2384 1814 2504 1850 cum
2540 1812 2724 1851 manus
2776 1798 3113 1867 impositione
3150 1803 3653 1857 accommodabilem
3689 1805 3872 1858 Eccle-

2300 1889 2393 1941 siis
2449 1889 2588 1941 fecit.
2649 1888 2743 1941 llic
2796 1889 3014 1956 pudicus
3063 1902 3117 1944 et
3163 1891 3312 1961 virgo
3351 1909 3684 1961 permanens,
3734 1896 3872 1962 apud

2305 1986 2572 2055 Ephesum
2605 1988 2656 2040 in
2687 1997 2866 2041 monte
2893 1988 2983 2055 qui
3014 1997 3228 2042 vocatur
3253 1987 3378 2041 Pion
3408 2004 3525 2042 cum
3556 2004 3752 2059 magno
3784 1990 3875 2042 ho-

2303 2093 2433 2131 nore
2459 2079 2698 2145 sepultus
2728 2078 2973 2147 quiescit.

2376 2191 2460 2253 L.,
2498 2192 2674 2263 Primo
2697 2192 2813 2244 loco
2845 2210 2855 2243 :
2886 2190 3068 2245 Natale
3090 2192 3146 2246 S.
3176 2200 3197 2226 ο
3224 2192 3491 2261 liyltrudis
3521 2192 3741 2263 virginis
3764 2208 3877 2261 qua:

2304 2276 2484 2314 amore,
2513 2261 2705 2314 Christi
2736 2278 2989 2329 sponsum
3022 2265 3071 2314 iu
3094 2265 3248 2316 terris
3279 2264 3363 2329 fug
3386 2278 3499 2327 ens,
3523 2265 3565 2315 ei
3590 2261 3750 2331 quem
3772 2266 3879 2315 ele-

2304 2343 2453 2399 gerat
2482 2334 2705 2386 viriliter
2732 2334 2971 2395 aillizrsit,
3015 2332 3312 2401 bonumque
3343 2334 3664 2401 propositum
3697 2334 3880 2386 lauda-

2309 2404 2396 2455 bili
2433 2404 2533 2455 fine
2562 2403 2839 2457 conclusit.
2890 2402 2949 2456 ν.
2979 2403 3065 2467 C.,
3107 2403 3171 2455 Et
3197 2406 3244 2455 iu
3274 2404 3479 2469 Epheso
3516 2403 3573 2457 S.
3616 2404 3881 2456 Timothei

2307 2474 2369 2523 ad
2420 2490 2574 2541 quem
2622 2473 2810 2525 Paulus
2853 2472 3123 2539 apostolus
3157 2474 3337 2540 scripit
3377 2475 3653 2539 Epistolas.
3694 2473 3780 2529 Β..
3829 2472 3885 2526 ln

2309 2543 2475 2595 Tarso
2504 2544 2699 2594 (ΣιΙίΓίεὲ
2724 2543 2899 2610 paSsiu
2924 2544 3023 2596 SS.
3056 2544 3269 2609 Taraci,
3305 2544 3458 2597 Probi
3491 2554 3544 2599 et
3576 2542 3882 2596 Andronici.

2379 2654 2469 2709 28.
2500 2683 2569 2694 -—
2592 2654 2653 2707 IV
2687 2654 2819 2709 KAL.
2854 2655 3014 2709 Vacat
3042 2655 3218 2711 Bzeda.

2384 2772 2467 2834 D.,
2519 2770 2784 2840 Hispaniis
2832 2770 3077 2825 Corduba
3110 2770 3207 2826 SS.
3246 2771 3263 2810 τ
3297 2771 3495 2836 Fausti,
3534 2773 3789 2833 Januarii,
3833 2782 3888 2825 et

2314 2841 2580 2894 Martialis.
2642 2841 2698 2893 ν.
2736 2842 2821 2903 C.,
2870 2841 2923 2893 Ιιι
2970 2840 3143 2894 Africa
3192 2842 3288 2897 SS.
3345 2844 3626 2907 Martialis,
3670 2854 3695 2891 8
3735 2844 3887 2896 Lauri

2313 2911 2419 2982 [C.,
2451 2911 2761 2982 Laurentii],
2798 2913 2976 2983 Romae
3006 2915 3062 2965 S.
3095 2913 3288 2967 Stactei
3330 2912 3444 2983 [V.,
3478 2914 3707 2983 Straeti].
3746 2915 3808 2966 Et
3835 2915 3887 2967 in

2314 2983 2635 3036 monasterio
2655 2982 3166 3036 DominiSalvatoris
3180 2982 3441 3038 dedicatio
3466 2982 3690 3037 basilicas
3707 2987 3764 3040 Β.
3789 2986 3884 3037 Pe-

2317 3054 2379 3105 tri
2410 3053 2654 3120 apostoli.
2686 3052 2750 3106 A.
2782 3054 2843 3106 Τ.
2881 3052 2965 3115 L.,
2991 3052 3043 3104 lu
3078 3056 3249 3107 Africa
3285 3056 3455 3108 natale
3482 3056 3577 3107 SS.
3615 3056 3883 3115 Martialis,

2236 3100 2283 3163 C
2320 3100 3259 3186 istaisti,"existimatamiii.
3285 3100 3889 3187 ’ἲῖὶῗὲᾶἆῶᾜίὲ

2318 3190 2347 3231 δ
2371 3193 2620 3260 Exuperii
2648 3194 2903 3261 episcopi.
2949 3196 3011 3246 A.
3043 3190 3129 3257 T.,
3164 3195 3218 3248 In
3247 3194 3410 3250 Gallia
3461 3197 3671 3249 civitate
3708 3194 3889 3249 Genua

2319 3264 2588 3329 depositio
2619 3264 2677 3317 8.
2706 3264 2903 3319 Salonii
2936 3264 3170 3331 episcopi
3211 3276 3263 3319 et
3300 3265 3634 3319 confessoris.
3667 3266 3756 3330 T.,
3790 3267 3891 3317 Eo-

2318 3336 2441 3388 dem
2463 3334 2549 3389 die
2562 3333 2745 3389 Romae
2776 3334 2951 3405 passio
2972 3333 3028 3387 8.
3053 3334 3269 3391 Stactei.
3301 3338 3664 3391 Autissiodoro
3686 3336 3894 3405 deposi-

2025 3444 2231 3499 SMITH
2276 3444 2503 3499 NOTAE.

701 3538 725 3565 ⁸
771 3537 994 3591 Eusebii.
1027 3537 1124 3590 llic
1155 3552 1295 3590 anno
1323 3534 1428 3589 510
1452 3546 1503 3589 et
1525 3536 1705 3589 Sedem
1737 3537 1854 3590 iniit
1881 3546 1934 3591 et
1956 3538 2018 3590 ad
2044 3538 2209 3591 Deum

630 3610 910 3679 migravit;
958 3611 1005 3659 iu
1055 3609 1323 3661 Chronico
1366 3607 1574 3679 Damasi
1631 3609 1855 3679 legitur:
1897 3626 1915 3656 ι
1954 3610 2211 3662 Eusebius

633 3677 843 3732 menses
869 3688 1117 3743 quatuor,
1150 3680 1262 3731 dies
1294 3677 1524 3730 sedecim
1558 3692 1585 3727 a
1618 3692 1703 3729 xw
1734 3677 1847 3730 Kal.
1894 3679 2078 3743 Maias,
2114 3695 2214 3732 us-

633 3766 733 3813 que
759 3749 808 3799 in
842 3747 983 3800 diem
1014 3764 1095 3801 xvi
1125 3748 1238 3799 Kal.
1266 3746 1539 3811 Septemb.
1578 3765 1595 3798 ι
1628 3747 1731 3801 Sed
1767 3750 1879 3799 hac
1914 3749 2066 3813 plane
2095 3764 2211 3801 eor-

634 3831 785 3885 rupla
817 3826 960 3881 sunt,
990 3828 1043 3869 ut
1072 3834 1134 3870 ex
1180 3818 1406 3885 ipsumet
1446 3817 1712 3869 Chronico
1746 3818 1954 3870 Damasi
2000 3820 2212 3884 quando

634 3888 864 3953 loquitur
907 3891 974 3941 de
1004 3888 1292 3941 Melelnade
1324 3888 1438 3952 ejus
1475 3902 1788 3941 suCCcssore
1818 3900 2018 3941 ccrtnm
2050 3898 2104 3942 et
2133 3890 2211 3943 in-

632 3960 928 4012 dubitatum
975 3960 1230 4011 redditur.
1280 3959 1335 4011 Si
1377 3958 1519 4011 enim
1566 3959 1608 4010 is
1653 3960 1739 4012 die
1773 3974 1808 4012 ιι
1848 3975 2045 4012 tnen5ts
2086 3960 2209 4013 Julii

634 4045 774 4081 anno
821 4028 927 4084 510
976 4042 1319 4084 consecratus
1373 4030 1529 4082 fuerit
1575 4039 1628 4083 et
1681 4045 1848 4098 usque
1892 4034 1957 4081 ad
2008 4031 2212 4083 initium

638 4102 759 4152 anni
790 4100 893 4152 5H
926 4101 1105 4152 sedem
1137 4101 1431 4153 Romanam
1477 4100 1727 4160 tenuerit,
1754 4100 2019 4166 quomodo
2053 4101 2218 4154 Euse-

637 4170 752 4222 bius
783 4171 1015 4223 ordinari
1048 4173 1219 4238 potuit
1248 4172 1331 4224 die
1380 4186 1507 4223 xvm
1566 4172 1764 4223 mensis
1796 4172 2011 4237 Aprilis,
2055 4185 2107 4225 et
2136 4187 2219 4225 sc-

638 4241 760 4292 dem
824 4238 1116 4293 Romanam
1168 4241 1541 4295 administrare
1594 4256 1762 4305 usque
1808 4242 1873 4293 ad
1924 4243 2064 4295 diem
2113 4258 2219 4294 xvnt

643 4310 839 4360 mensis
889 4314 1135 4373 Augusti.
1174 4325 1292 4363 cum
1333 4312 1531 4364 sederit
1576 4325 1788 4363 menses
1820 4311 1851 4361 τι
1893 4323 1941 4361 et
1984 4314 2098 4363 dies
2134 4313 2216 4375 l6,

638 4381 785 4444 juxta
817 4380 957 4432 idem
983 4380 1323 4433 Chronicnn?
1355 4380 1486 4433 Cum
1519 4384 1696 4447 itaque
1720 4381 1998 4433 Marcellus
2023 4382 2107 4434 die
2136 4397 2220 4434 xv:

644 4436 841 4500 iuensis
867 4448 1100 4501 Januarii
1132 4448 1253 4502 anni
1284 4451 1387 4503 510
1417 4466 1447 4503 e
1478 4436 1944 4517 vivis'excesserit,
1995 4468 2222 4518 sequen-
2255 4436 2300 4494 D

645 4530 788 4582 tique
808 4518 895 4572 die
921 4519 1160 4586 sepultus
1183 4519 1271 4582 sit,
1305 4531 1358 4573 et
1382 4523 1603 4574 cessarit
1636 4522 1969 4585 pontiﬁcatus
1992 4521 2105 4571 dies
2128 4522 2214 4585 ‘20,

644 4590 983 4643 mani‘estum
1031 4603 1107 4642 ρει
1156 4590 1437 4645 Eusebium
1481 4590 1569 4644 die
1616 4607 1647 4644 v
1696 4590 1895 4643 men~is
1945 4590 2221 4646 Februarii

642 4671 1009 4713 consecratum
1072 4662 1233 4714 fuisse
1286 4671 1339 4715 et
1402 4672 1627 4715 mortem
1690 4662 1807 4728 ejus
1862 4660 2113 4715 incidisse
2170 4664 2221 4717 in

646 4731 786 4783 diem
821 4746 908 4784 ut
937 4733 1133 4785 mensis
1161 4731 1331 4794 Junii,
1382 4746 1486 4786 non
1527 4747 1655 4785 vero
1703 4733 1756 4785 in
1803 4746 1886 4784 XVI
1938 4730 2054 4784 Kal.
2086 4734 2222 4801 Sep-

648 4803 837 4864 temb.,
872 4817 926 4854 ut
954 4803 1003 4855 iu
1030 4802 1283 4855 chronico
1309 4804 1516 4856 Damasi
1543 4804 1794 4856 habetur:
1818 4817 1987 4869 neque
2012 4805 2062 4857 in
2087 4804 2226 4859 hunc

645 4874 785 4944 diem
815 4889 918 4944 quo
949 4872 997 4924 in
1034 4874 1272 4944 plurimis
1297 4873 1682 4944 martyrologiis
1710 4876 1923 4927 colitur.

722 4941 745 4977 ι’
787 4943 1119 5011 Apollinaris.
1151 4943 1241 4995 llic
1266 4946 1315 4996 in
1339 4941 1469 4997 'l'ab.
1497 4941 1632 5009 apud
1663 4943 1918 4998 Democb.
1939 4945 2227 5013 vigesimus

650 5027 787 5066 unus
814 5017 1094 5081 episwpns
1124 5014 1473 5068 Arvernensis
1503 5015 1777 5068 seribitur.

726 5095 748 5121 ο
790 5083 1007 5137 (ἰοδιηω.
1040 5081 1301 5136 Feruntur
1319 5091 1446 5137 Acta
1471 5087 1701 5153 ipsormu
1733 5099 1759 5136 a
1792 5083 1970 5139 Niceta
2002 5086 2227 5154 quodam

651 5158 977 5223 conscripta,
1006 5170 1125 5222 qum
1174 5156 1293 5208 vide
1324 5154 1463 5210 Surii
1520 5166 1648 5207 tom.
1687 5156 1717 5202 V
1745 5172 1758 5217 ;
1792 5171 1910 5222 qua:
1938 5158 2151 5222 quidem
2186 5158 2227 5207 si

653 5227 773 5291 quis
797 5227 930 5279 tueri
955 5224 1084 5290 vult,
1109 5240 1325 5280 necesse
1348 5234 1430 5278 est
1450 5226 1678 5279 aflirmet
1706 5225 1823 5277 illos
1847 5226 2087 5279 diversus
2113 5240 2232 5280 esse

653 5297 721 5349 ab
751 5297 832 5350 his
859 5296 927 5350 de
958 5296 1148 5363 quibus
1181 5296 1263 5348 hic
1291 5297 1481 5361 agitur,
1514 5312 1634 5348 cmn
1661 5312 1721 5347 ex
1756 5296 1862 5349 illis
1887 5306 2091 5350 constet
2113 5312 2232 5350 eos-

657 5367 779 5420 dem
808 5370 1009 5436 absque
1033 5370 1288 5437 martyrio
1312 5368 1361 5418 in
1382 5382 1508 5435 pace
1529 5368 1813 5437 quievisse.
1834 5366 2034 5420 Rursus
2055 5377 2232 5420 autem

661 5438 764 5490 alia
792 5440 1053 5493 habentur
1076 5436 1262 5489 horum
1286 5438 1437 5499 Acta,
1463 5454 1521 5491 ac
1549 5438 1705 5489 triutu
1725 5436 1945 5489 fratrum
1975 5439 2231 5501 ipsorum,

658 5509 929 5572 Anthimi,
988 5509 1192 5563 Leontii
1258 5516 1313 5561 et
1364 5508 1647 5576 Enprepii;
1704 5523 1822 5574 qua:
1855 5523 1917 5561 ex
1947 5516 2073 5561 vett.
2106 5522 2234 5561 mss.

660 5578 797 5630 edita
829 5590 1042 5633 exstant
1065 5578 1202 5646 apud
1235 5578 1450 5633 Surium
1483 5590 1609 5632 tom.
1650 5577 1755 5644 \‘ll,
1784 5590 1829 5631 et
1857 5576 2099 5630 videntur
2120 5591 2239 5633 esse

659 5652 866 5704 ca-teris
915 5652 1175 5704 fideliora.
1226 5649 1303 5703 De
1360 5651 1441 5703 his
1490 5652 1542 5703 in
1594 5652 1797 5717 synodo
1842 5647 2077 5718 generali
2129 5646 2236 5712 Vll,

659 5726 765 5774 act.
799 5721 850 5775 1.
884 5722 1038 5778 Missa
1070 5720 1121 5773 in
1153 5732 1336 5775 eorum
1372 5723 1529 5775 natali
1576 5720 1797 5774 habetur
1843 5736 1893 5773 ιιι
1939 5730 2242 5773 sacramen-

2317 3539 2451 3611 tario
2473 3537 2823 3611 Gregoriano.
2844 3535 3106 3611 Vocantur
3138 3551 3165 3588 a
3191 3532 3389 3611 Gra‘cis
3416 3532 3729 3611 ’ᾼνάργυροῃ
3754 3539 3892 3607 quod

2319 3609 2637 3661 medicinam
2672 3609 2871 3670 absque
2903 3606 3050 3659 lucro
3079 3607 3383 3659 exercuisse
3412 3606 3679 3661 dicuntur.

2388 3679 2415 3714 ά
2461 3678 2729 3732 Timothei.
2767 3679 2841 3731 De
2881 3679 2981 3729 hoc
3029 3691 3188 3745 supra
3232 3677 3351 3730 vide
3394 3675 3629 3730 Januarii
3677 3692 3805 3731 xm
3843 3688 3897 3734 et

2318 3748 2438 3803 Maii
2472 3765 2543 3802 Ix.

2392 3829 2414 3855 ε
2456 3818 2738 3889 Ηυιινὶάέε.
2793 3818 2913 3871 llazc
2940 3817 3135 3889 genita
3159 3826 3239 3870 est
3267 3831 3329 3889 ex
3359 3814 3595 3889 Wilierto
3622 3818 3816 3871 comite
3841 3828 3894 3871 et

2318 3889 2433 3943 Ado
2463 3886 2652 3951 matre,
2682 3899 2735 3941 et
2767 3899 2998 3952 tempore
3034 3888 3197 3955 Pipini
3229 3888 3364 3955 regis
3394 3886 3582 3939 claruit
3616 3904 3773 3955 super
3800 3889 3897 3941 ιιυ-

2321 3964 2461 4013 vium
2499 3960 2745 4027 llelpram
2782 3960 2831 4011 in
2865 3961 2980 4012 loco
3002 3958 3091 4026 qui
3120 3959 3310 4010 dicitur
3340 3957 3522 4009 Lzrtia.
3561 3958 3688 4023 Qua:
3717 3973 3897 4011 amore

2321 4030 2518 4083 Christi
2555 4031 2824 4096 llugouem
2862 4031 3290 4097 Burgundionum
3326 4028 3611 4095 principem
3641 4044 3893 4095 spun~unt

2324 4103 2553 4167 fugiens,
2587 4118 2614 4152 a
2645 4100 2977 4153 'l‘hcndurieo
3007 4098 3376 4152 Cameracensi
3406 4098 3651 4163 epismpo
3682 4116 3895 4153 sacrum

2325 4174 2498 4223 velum
2528 4169 2752 4237 accepit.
2781 4170 2923 4222 Obiit
2966 4169 3106 4222 circa
3140 4185 3227 4221 an.
3262 4170 3382 4233 790,
3417 4180 3469 4221 ct
3505 4168 3705 4234 sepulta
3735 4178 3815 4223 est
3849 4172 3898 4222 in

2326 4241 2550 4294 ecclesia
2601 4242 2657 4293 S.
2712 4240 3000 4302 Lamberti,
3045 4254 3203 4305 quam
3254 4251 3494 4305 parentes
3528 4249 3898 4293 exstruxerant

2330 4312 2507 4364 Lmtiis
2537 4327 2551 4364 :
2584 4310 2801 4363 fratrem
2837 4312 3017 4363 halmit
3060 4312 3115 4361 li.
3167 4310 3490 4362 Gnntardnm
3542 4310 3767 4377 primmn
3807 4314 3901 4361 ab.

2332 4382 2505 4433 hatem
2537 4381 2875 4433 Lilfllelhem.
2921 4380 2993 4432 De
3026 4380 3319 4433 elevadone
3351 4379 3464 4444 eius
3492 4380 3751 4447 corporis,
3783 4396 3902 4448 quae

2330 4451 2464 4503 facta
2508 4461 2591 4504 est
2632 4452 2770 4503 circa
2820 4465 2909 4502 an.
2946 4448 3104 4511 1000,
3152 4451 3272 4503 vide
3312 4465 3466 4513 supra
3497 4450 3581 4502 die
3613 4465 3716 4502 χιιι
3746 4451 3903 4518 hujus

2330 4523 2553 4577 mensis.
2592 4521 2715 4575 \‘idu
2746 4520 2901 4587 hujus
2935 4521 3102 4575 Vitam
3136 4522 3273 4589 apud
3304 4520 3658 4574 Mabilluniutn
3691 4530 3830 4587 part.
3866 4536 3902 4573 ιι

2326 4608 2450 4645 sate.
2489 4607 2543 4645 ιιι
2576 4593 2692 4644 Act.
2728 4592 2853 4643 Ben.

2403 4659 2421 4698 ί
2461 4660 2664 4715 Fausti.
2698 4664 2796 4726 Qui
2830 4661 2997 4728 primo
3037 4661 3281 4728 etptuieis
3326 4660 3566 4725 cruciati,
3594 4660 3785 4714 deinde
3814 4676 3902 4713 ra-

2329 4732 2403 4785 sis
2432 4734 2751 4801 supereiliis,
2783 4731 3001 4783 auribus
3026 4734 3344 4799 naribusque
3377 4731 3630 4799 praecisis,
3656 4732 3904 4784 dentibus

2328 4806 2489 4856 etiam
2521 4802 2883 4870 superioiihus
2914 4804 3186 4865 excussis,
3220 4803 3517 4868 deturpati;
3567 4806 3628 4853 ad
3661 4804 3902 4855 ultimum

2330 4875 2466 4942 ignis
2499 4874 2744 4942 passione
2775 4873 3080 4941 martyrium
3110 4884 3563 4927 consumtnarunt.
3619 4872 3726 4925 llos
3776 4873 3905 4926 colit

2331 4945 2590 4997 Duronius
2618 4958 2711 4996 snt
2739 4944 3003 4997 Octobris.
3560 4986 3563 4989 .

2403 5024 2427 5060 ις
2469 5014 2645 5067 Lauri.
2679 5016 2801 5067 Sive
2832 5012 3122 5066 Laurentii.
3164 5012 3416 5068 Martialis
3436 5022 3486 5066 et
3511 5012 3775 5066 sociorum
3799 5026 3908 5066 me-

2334 5086 2485 5137 minit
2517 5084 2779 5137 Lueianus
2805 5087 2853 5134 in
2882 5085 3099 5151 epistula
3125 5102 3242 5152 qua:
3265 5092 3439 5138 esstat
3462 5084 3528 5136 21’.
3557 5083 3691 5136 inter
3712 5083 3772 5137 S.
3799 5082 3905 5153 Cy-

2337 5156 2501 5222 priani
2532 5156 2804 5217 epistolas.
2842 5155 2912 5206 De
2944 5156 3247 5219 Laurentio,
3296 5171 3390 5207 seu
3445 5154 3785 5218 Laurentino,
3816 5154 3905 5221 qui

2337 5227 2493 5278 iidem
2526 5227 2699 5277 forsan
2725 5232 2867 5283 sunt.
2900 5226 3012 5288 ipse
3036 5226 3330 5294 Cyprianus
3360 5226 3513 5290 epist.
3542 5223 3631 5277 50.

2408 5294 2433 5331 ιι
2477 5294 2745 5364 Ea'uperii.
2781 5296 2923 5347 iliea
2956 5296 3013 5349 S.
3050 5296 3373 5362 Hieronymo
3419 5296 3657 5348 laudatur
3702 5296 3750 5347 in
3797 5296 3906 5361 epi-

2337 5366 2471 5418 stola
2505 5365 2568 5419 ad
2606 5366 2877 5418 Rusticum
2910 5368 3259 5430 monachum,
3310 5375 3359 5419 et
3402 5368 3517 5418 alits
3548 5366 3600 5418 in
3632 5368 3781 5419 locis.
3817 5367 3907 5418 ΕΞ·

2338 5441 2457 5490 tlem
2507 5438 2717 5504 scripsit
2768 5435 3104 5488 Innocentius
3159 5437 3173 5489 l
3231 5452 3381 5503 papa.
3457 5436 3533 5489 Ad
3590 5435 3905 5503 Exuperinm

2340 5506 2622 5574 quemdam
2671 5507 2808 5559 inter
2847 5510 3019 5559 claros
3067 5518 3307 5560 oratores
3354 5506 3686 5570 proﬁtentem
3736 5515 3909 5558 eastat

2341 5575 2561 5631 Ausonii
2610 5576 2746 5627 Calli
2791 5577 3113 5645 epigramma
3146 5593 3157 5627 :
3194 5578 3451 5630 Duronius
3496 5577 3651 5645 igitur
3690 5578 3757 5629 ob
3791 5591 3907 5629 eam

2345 5646 2607 5701 rationem
2632 5649 2775 5700 illntn
2794 5648 3067 5701 existimat
3099 5647 3362 5700 rhetorem
3402 5648 3546 5715 prius
3568 5648 3727 5701 fuisse
3752 5661 3910 5714 quam

2346 5728 2483 5773 esset
2524 5718 2827 5788 episcopus,
2851 5718 2972 5773 licet
3001 5717 3216 5787 Joseph.
3261 5716 3495 5788 Scaliger
3525 5718 3678 5773 aliter
3697 5718 3908 5772 sentiat.
