4110 6446
686 278 822 336 1059

1476 285 1678 341 ΒΕΟᾸΞ
1721 284 2169 343 VENERABILIS
2207 287 2357 345 OPP.
2402 291 2576 348 PARS
2617 292 2705 348 IV.
2745 324 2815 336 —
2855 292 3234 354 HISTOBICA.

3850 308 3957 364 1060

1943 400 2168 455 EDITIO
2203 401 2665 463 COLONIENSIS.

682 490 1039 555 Tltelteorum,
1068 491 1156 559 qni
1183 492 1328 558 jussu
1360 492 1661 546 Maximiani
1692 494 1923 563 tyranni,
1948 492 2015 545 ab
2048 492 2263 547 llirtaco
2294 500 2338 556 Α
2368 507 2509 562 sunt,
2541 503 2634 554 sed
2666 504 2911 559 veniente
2938 521 3060 560 mox
3110 506 3284 576 pluvia
3335 507 3665 565 vehementi
3709 523 3951 568 exstincta

680 594 1027 647 exsecutore,
1083 584 1254 649 primo
1300 586 1447 639 duris
1492 588 1767 655 suppliciis
1815 586 2126 652 excruciati,
2168 588 2261 641 sed

679 673 880 725 caelesti
927 674 1124 726 lumine
1170 688 1331 741 super
1373 690 1465 729 eos
1510 688 1844 738 coruscante,
1878 678 2158 730 ruentibus
2208 676 2260 730 itt

679 772 872 814 terram
904 763 1161 817 ministris
1188 766 1357 834 erepti
1389 777 1532 821 sunt.
1570 768 1771 823 Deinde
1800 769 1851 822 itt
1894 769 2068 838 ignem
2113 767 2260 822 missi

2370 605 2518 660 pyra,
2550 594 2599 645 in
2651 594 2799 647 nullo
2848 596 3058 662 penitus
3106 609 3230 652 sunt
3277 600 3414 665 ltesi,
3448 602 3760 657 novissime
3801 606 3951 674 gladio

2365 685 2719 737 consummati
2746 693 2891 740 sunt.

1923 882 2150 935 EDITIO
2194 880 2680 937 BOLLANDIANA

674 971 775 1035 A.,
828 971 882 1024 In
925 972 1221 1027 Mediolano
1261 972 1534 1025 translatio
1579 971 1818 1039 corporis
1863 972 1918 1027 S.
1952 977 1977 1003 ⁸
2022 972 2247 1025 Victoris

675 1044 941 1111 martyris.
979 1044 1037 1095 Ι..
1067 1053 1121 1095 et
1148 1044 1237 1108 'l‘.,
1272 1042 1388 1109 Ipso
1425 1045 1511 1094 die
1556 1046 1728 1094 natale
1758 1053 2062 1096 sanctorum
2094 1040 2119 1078 δ
2156 1041 2249 1093 Vi-

673 1114 835 1165 ctoris
863 1123 916 1166 et
948 1112 1064 1167 Ursi
1094 1124 1405 1182 martyrum.
1428 1113 1512 1177 C.,
1539 1111 1719 1167 Romae
1746 1114 1923 1181 passio
1945 1114 2004 1167 S.
2034 1112 2250 1177 SOpbize

2347 974 2906 1052 citrntribus_ﬂliabtts
2934 976 3045 1052 suis
3085 976 3449 1052 PiASIis,_ElpiS
3470 1022 3487 1044 ,
3520 990 3581 1036 et
3619 984 3840 1052 Agapis.
3871 985 3940 1052 8.,

2355 1044 2422 1097 Et
2444 1043 2541 1099 SS.
2573 1046 2749 1109 Pistis,
2784 1046 2949 1115 Elpis,
2982 1048 3198 1116 Agapis,
3220 1051 3242 1078 θ
3274 1043 3515 1118 Sopbiat.

2069 1201 2276 1256 SMITII
2318 1198 2547 1256 NOTE.

745 1304 767 1327 ι·
815 1292 1048 1346 Victoris.
1082 1293 1260 1347 Victor
1290 1291 1506 1361 quidam
1552 1290 1832 1345 Mediolani
1863 1306 2022 1361 supra
2053 1294 2247 1347 colitur

672 1376 760 1416 VIII
794 1364 932 1416 Maii.

742 1432 769 1471 δ
812 1432 1043 1486 Victoris.
1080 1432 1138 1485 lli
1170 1432 1315 1485 fuere
1340 1433 1497 1486 etiam
1528 1447 1591 1485 ex
1615 1432 1843 1500 gloriosa
1878 1433 2083 1499 legione
2110 1431 2252 1485 Tlte-

671 1502 931 1568 bnrorum,
962 1505 1048 1571 qui
1096 1505 1265 1571 primo
1310 1503 1409 1555 sub
1450 1503 1771 1555 Maxuniano
1803 1504 1931 1567 itttp.
1966 1504 2099 1555 diris
2128 1517 2251 1567 snp-

671 1573 843 1639 pliciis
871 1575 1125 1637 cruciati,
1176 1574 1269 1626 sed
1319 1574 1525 1625 caelesti
1562 1588 1721 1639 super
1751 1588 1844 1625 eos
1871 1574 2067 1627 lumine
2095 1587 2254 1625 coru-

2359 1300 2562 1351 scante,
2596 1290 2873 1343 ruentibus
2902 1290 2953 1343 in
2985 1300 3176 1344 terram
3209 1293 3490 1358 ministris,
3517 1296 3739 1359 erepti;
3770 1298 3943 1351 deinde

2358 1361 2410 1413 in
2442 1363 2613 1427 ignem
2645 1361 2810 1421 missi,
2840 1362 2930 1413 sed
2964 1362 3014 1413 in
3046 1362 3191 1415 nullo
3223 1363 3433 1430 penitus
3475 1367 3625 1425 lazsi,
3659 1371 3946 1421 novissmie

2360 1432 2535 1498 gladio
2563 1431 2916 1483 consummati
2939 1443 3079 1484 sunt.
3114 1433 3233 1499 Agit
3263 1434 3331 1488 de
3359 1436 3421 1488 iis
3462 1436 3523 1489 S.
3568 1436 3882 1492 Eucherius
3901 1440 3944 1491 in

2360 1503 2505 1555 Actis
2534 1500 2633 1555 SS.
2668 1501 2891 1552 Matlrilii
2921 1513 2973 1555 et
2999 1502 3286 1555 sociorum.

2434 1574 2455 1600 θ
2492 1571 2717 1640 Saphiw.
2752 1570 2825 1624 De
2853 1570 2935 1623 bis
2960 1573 3115 1624 etiam
3150 1573 3268 1626 vide
3296 1574 3435 1628 diem
3465 1590 3481 1627 ι
3512 1574 3679 1630 Julii.

669 1720 3935 1756 —_———————————————-——————-—————————————-———___.

2009 1823 2601 1909 OCTOBER.

1920 1987 2151 2042 EDITIO
2189 1977 2666 2043 COLtiNIENSlS.

1287 2123 1627 2187 OCTOBER,

1007 2257 1173 2311 Habet
1204 2259 1310 2312 dies
1341 2274 1466 2324 xxx,
1496 2261 1673 2312 lauant
1704 2273 1887 2312 xxvm.

731 2370 796 2423 Δ.
838 2367 1077 2423 Κλιεκι).
1118 2368 1320 2423 Ocroa.
1362 2398 1431 2406 —
1473 2366 1625 2438 Apud
1676 2368 2099 2423 Autissiodorum
2159 2382 2252 2422 na-

662 2462 768 2515 tale
794 2460 962 2514 sancli
993 2459 1249 2514 Germani
1277 2459 1512 2527 episc0pi
1544 2468 1599 2513 et
1626 2459 1970 2524 confessoris,
1996 2458 2085 2529 qui
2115 2459 2243 2513 mul-

661 2553 728 2606 tis
760 2551 1041 2604 virtutibus
1072 2560 1125 2604 et
1153 2550 1417 2613 doctrina,
1448 2550 1882 2618 cootinentiaque
1930 2551 2111 2602 clarus
2153 2563 2247 2603 ex-

656 2642 809 2695 stitit.
865 2639 1085 2695 Rbemis
1140 2640 1360 2693 civitate
1406 2642 1575 2694 sancti
1628 2640 1853 2708 Remigii
1902 2641 2137 2708 episcopi
2192 2649 2248 2694 et

654 2731 1000 2796 cnnt‘essmis,
1027 2731 1119 2783 viri
1147 2731 1569 2799 praeclarissima:
1596 2730 1806 2784 virtutis
1834 2741 1888 2785 et
1915 2730 2240 2785 sanctitatis.

654 2821 752 2876 llic
782 2832 992 2890 gentem
1045 2821 1369 2875 Francorum
1420 2821 1681 2875 idolorum
1733 2823 1959 2875 culturis
2008 2822 2240 2875 deditam

652 2931 752 2968 con
765 2914 921 2967 Vertit
946 2914 1010 2967 ad
1043 2912 1335 2979 Christum,
1368 2928 1492 2981 rege
1521 2913 1759 2982 ipsorum
1788 2928 1944 2967 sacro
1971 2914 2115 2969 fonte
2144 2914 2241 2967 ba-

653 3007 916 3076 ptismatis
942 3015 997 3061 et
1033 3006 1381 3060 sacramentis
1414 3006 1535 3061 lidei
1567 3006 1711 3075 prius
1751 3006 1982 3074 initiato,
2028 3018 2241 3076 septua-

651 3099 795 3169 ginta
847 3106 902 3153 et
942 3111 1011 3153 eo
1046 3097 1275 3167 amplius
1317 3112 1490 3152 annos
1534 3098 1586 3152 in
1633 3098 1945 3167 episcopatu
1980 3098 2236 3166 explevit.

2278 2114 2325 2172 B
2360 2098 2455 2152 llic
2508 2106 2647 2151 inter
2695 2103 2886 2150 rmtera
2937 2092 3093 2159 facta,
3132 2098 3361 2164 puellam
3408 2116 3434 2154 a
3483 2112 3670 2160 morte
3718 2109 3941 2176 corporis

2352 2186 2651 2240 suscitavit.
2686 2184 2935 2239 Treveris
2967 2188 3138 2240 sancti
3164 2187 3349 2243 Nicetii
3378 2193 3625 2262 episcopi
3658 2206 3713 2249 et
3742 2199 3940 2251 confos-

2349 2279 2511 2341 sOris,
2535 2276 2623 2347 qui
2654 2276 2721 2331 de
2763 2285 2915 2330 utero
2948 2278 3133 2330 matris
3175 2290 3390 2333 sanctus
3420 2284 3533 2337 fuit.
3574 2285 3715 2340 Nam
3746 2289 3816 2342 ab
3841 2292 3938 2355 ipso

2349 2380 2501 2423 ortus
2554 2370 2635 2422 sui
2687 2378 2926 2437 tempore
2978 2370 3294 2426 mirabiliter
3346 2375 3580 2430 clericus
3638 2379 3936 2450 designatus

2347 2469 2451 2515 est.
2479 2457 2609 2512 Cum
2640 2470 2794 2529 partu
2827 2460 3002 2529 itaque
3034 2458 3220 2514 fuisset
3249 2462 3464 2528 eﬂusus,
3500 2475 3619 2522 toto
3659 2473 3854 2539 capite,
3887 2484 3935 2526 ut

2347 2564 2430 2607 est
2455 2554 2785 2607 consuetudo
2816 2554 3169 2619 nascentium,
3210 2571 3238 2608 a
3274 2559 3477 2626 capillis
3521 2561 3668 2614 nudo
3695 2578 3934 2633 egressus

2346 2653 2447 2707 est,
2477 2644 2526 2695 in
2551 2643 2776 2696 circuitu
2801 2643 3129 2697 modicorum
3155 2646 3343 2701 ordine
3364 2650 3593 2715 pilorum
3621 2667 3931 2722 apparente.

2345 2735 2573 2790 Adradis
2602 2734 2822 2789 civitate
2848 2734 2988 2789 beati
3023 2735 3232 2789 Vedasti
3277 2739 3510 2807 episcopi
3559 2751 3618 2797 et
3658 2746 3930 2801 confesso.

2346 2827 2442 2889 ris,
2473 2832 2526 2877 et
2551 2825 2780 2878 Babonis
2808 2826 3063 2894 episcopi.
3099 2826 3227 2881 item
3260 2830 3425 2882 sancti
3459 2829 3643 2887 Fronti
3670 2836 3928 2905 episcopi,

2342 2916 2497 2985 cujus
2547 2926 2694 2986 gesta
2751 2918 3022 2971 miraculis
3076 2919 3228 2985 plena
3281 2923 3582 2992 conscripta
3643 2928 3925 2985 habentur.

2341 3007 2562 3061 Tltomis
2609 3007 2822 3062 civitate
2866 3008 3041 3062 natale
3080 3018 3382 3064 sanctorum
3414 3011 3600 3082 Prisci,
3632 3015 3928 3075 Crescendi

2346 3108 2399 3153 et
2427 3098 2642 3166 Evagri.

1904 3193 2131 3247 EDI'I‘IO
2172 3192 2679 3248 BOLLANDIANA.

721 3286 773 3341 1.
802 3316 870 3327 —-
900 3285 1187 3342 KALENDIS.
1228 3284 1508 3342 Fesdvitas
1540 3286 1597 3344 S.
1628 3284 1656 3323 (³
1691 3286 1914 3358 Retttigii
1948 3288 2127 3344 Remis
2158 3288 2237 3343 ci-
2265 3288 2315 3351 C
2347 3286 2423 3341 las
2453 3285 2756 3354 imperavit.
2802 3285 2888 3353 Et,
2920 3301 3039 3342 cum
3068 3288 3195 3343 nihil
3237 3290 3423 3346 borum
3458 3293 3547 3349 Dei
3576 3296 3811 3355 famulos
3833 3312 3923 3358 aut

647 3379 830 3432 vitate.

718 3467 905 3521 Florus
935 3467 987 3521 in
1016 3470 1078 3522 A.
1110 3467 1175 3522 Τ.
1209 3468 1303 3522 L.:
1336 3468 1634 3538 Elissipona
1666 3470 1882 3526 civitate
1906 3471 2081 3538 passio
2111 3485 2233 3525 san-

641 3566 849 3613 ctorum
885 3556 1181 3624 Verissimi,
1236 3559 1469 3623 Maximi,
1520 3567 1572 3612 et
1618 3559 1770 3613 Julia:
1800 3561 1921 3633 [A.,
1953 3558 2228 3630 Julii]qui

645 3649 783 3718 passi
814 3657 940 3703 sunt
969 3650 1069 3702 sub
1122 3649 1345 3703 Datiano
1394 3649 1638 3718 praeside.
1690 3650 1925 3715 Quorum
1973 3651 2227 3707 Datianus

640 3735 976 3792 confessione
1019 3748 1326 3805 comperta,
1379 3740 1554 3806 parari
1594 3742 1937 3795 secretarium
1981 3741 2135 3810 jubet
2170 3755 2225 3798 et

642 3829 922 3881 intromitti
952 3828 1193 3893 lictores,
1227 3829 1439 3882 extendi
1484 3840 1766 3899 martyres,
1811 3831 2082 3887 admoveri
2110 3849 2228 3888 ver-

644 3919 793 3983 bera,
826 3920 1064 3989 colligari
1095 3922 1339 3990 ungulas,
1369 3922 1562 3991 exponi
1591 3923 1867 3992 aquuleos,
1899 3931 1954 3979 et
1986 3925 2227 3981 tendicu-

2342 3379 2531 3434 terruit
2558 3377 2875 3448 promissum
2914 3387 3005 3433 aut
3052 3387 3319 3449 superavit
3359 3387 3696 3458 appositum,
3747 3394 3923 3463 gladio

2340 3468 2554 3524 tandem
2581 3479 3039 3524 consummantur.

2410 3563 2473 3614 Α.
2525 3559 2614 3625 Τ.,
2665 3560 2787 3627 Ipso
2828 3560 2915 3614 die
2961 3561 3014 3614 in
3078 3577 3213 3629 pago
3256 3564 3580 3623 biedt-atense
3628 3574 3807 3628 natale
3855 3576 3913 3631 S.

2337 3629 2916 3710 {Piaﬂtott’isnrnartyris
2950 3632 3226 3710 A._T_._L_.,
3252 3635 3480 3710 Treviris
3515 3642 3727 3710 civitate
3754 3629 3920 3710 depo;

2329 3700 2452 3779 sitio
2561 3699 2578 3737 ί
2604 3699 3065 3779 Nicetiiepiscopi.
3085 3704 3243 3773 V.C.,
3261 3708 3630 3779 _Autissiodoro
3654 3699 3916 3779 deposino

2334 3771 2391 3844 ξ,
2424 3777 2448 3844 s
2480 3773 2730 3844 Germani
2779 3771 3012 3844 epist-Opi
3056 3782 3109 3825 et
3150 3771 3490 3831 confessoris.
3535 3780 3590 3832 Β.
3620 3822 3634 3844 ,
3680 3771 3748 3835 Εἰ
3788 3788 3916 3839 stibi

2336 3840 2575 3907 Vedasti,
2610 3840 2637 3877 ιι
2671 3841 2894 3894 Bavonis
2920 3852 2975 3896 et
3002 3844 3254 3897 Pietonis.
3283 3846 3334 3898 In
3364 3848 3574 3903 civitate
3606 3840 3789 3907 Tomis
3818 3872 3919 3908 na-

2337 3912 2443 3966 tale
2472 3912 2568 3967 SS.
2601 3910 2789 3979 Prisci,
2818 3912 3108 3981 Crescenti,
3143 3915 3348 3986 Evagri.
3386 3917 3451 3971 Et
3477 3917 3533 3971 S.
3568 3920 3777 3979 Melori.

2033 4016 2242 4073 SMl'l‘ll
2284 4019 2516 4076 NOT.E.

708 4098 735 4125 ⁸
766 4095 1003 4173 ηιιηζθὶἰ.
1058 4096 1130 4148 De
1159 4096 1259 4173 ltoc
1280 4097 1407 4173 vide
1433 4102 1677 4165 superius
1706 4116 1795 4156 xttt
1836 4100 2095 4170 Januarii,
2126 4111 2215 4173 qui

637 4179 721 4241 est
749 4168 861 4232 ejus
885 4166 1000 4241 dies
1031 4168 1242 4241 natalis.
1280 4168 1446 4223 llodie
1474 4180 1647 4224 autem
1681 4176 1959 4227 translatio
1982 4166 2098 4241 ejus
2130 4166 2218 4233 cc-

637 4239 893 4298 lebratur,
923 4239 991 4290 tlc
1021 4253 1121 4303 qua
1155 4237 1474 4292 llincmarus
1499 4245 1683 4296 scribit
1714 4250 1843 4296 toto.
1877 4245 1961 4300 IV.
1995 4237 2213 4315 Sumus,

638 4322 759 4358 nae.
793 4308 895 4358 300
921 4316 975 4358 et
1004 4321 1116 4358 seu.

747 4347 759 4360 .
793 4316 895 4358 ὖυυ
921 4316 975 4359 et
1004 4321 1116 4360 seu.

638 4322 759 4377 pag.
793 4322 895 4358 ouo
921 4322 975 4359 et.
1004 4322 1116 4370 seq.

710 4382 732 4412 υ
764 4374 1018 4427 Platonis.
1041 4375 1138 4441 Qui
1164 4373 1355 4430 dicitur
1384 4378 1668 4433 Beneventi
1698 4380 1891 4437 ﬁnibus
1920 4395 2098 4441 natus.
2127 4391 2218 4444 llic

634 4461 757 4525 cum
787 4446 1272 4525 beatis_Qttitttitto,
1307 4449 1490 4525 Lucio,
1543 4449 1798 4525 Lucinae,
1849 4455 2060 4525 Albino,
2094 4459 2215 4513 Cri-

633 4517 789 4580 Spillo
838 4525 893 4569 et
934 4515 1271 4583 Crispiniano
1315 4516 1431 4586 cjtts
1477 4519 1637 4572 sociis
1675 4524 1742 4573 ab
1772 4515 1902 4579 urbe
1948 4515 2115 4581 Roma
2166 4532 2215 4583 in

634 4588 860 4641 Galliam
900 4586 1291 4657 praedicationis
1337 4602 1498 4640 causa
1550 4593 1802 4657 perrexit.
1853 4593 1990 4650 Cum
2035 4608 2216 4654 autem

633 4658 858 4713 Tornaci
881 4655 1244 4733 plurimosad
1283 4659 1480 4733 Christi
1514 4655 1685 4733 tidem
1734 4667 2126 4733 convertisset,
2163 4671 2213 4725 in

634 4727 1013 4808 persecutione
1027 4727 1368 4808 Maximiani,
1395 4744 1423 4808 a
1456 4730 1714 4808 militibus
1745 4727 2211 4808 persequentibus,

630 4798 807 4867 gladio
836 4797 1122 4869 comitibus
1165 4802 1463 4866 trucidatis,
1516 4802 1627 4869 ipse
1665 4797 1904 4859 clavibus
1921 4797 2213 4866 confossus

628 4879 685 4924 et
732 4867 907 4935 capite
933 4878 1227 4939 ‘truncatus
1274 4867 1586 4939 martyrium
1640 4880 2033 4930 consummavit
2068 4884 2211 4934 circa

627 4956 717 4993 an,
745 4941 870 4992 aut).
919 4937 1083 5005 Cujus
1114 4954 1308 5007 corpus
1354 4937 1577 5008 quiescit
1624 4944 1823 4999 Siclinii
1856 4947 1909 4999 in
1941 4950 2211 5005 territorio

629 5010 962 5085 Melantesio,
993 5009 1079 5061 ubi
1111 5012 1166 5085 in
1197 5016 1453 5085 honorent
1506 5024 1775 5080 martyris,
1815 5025 1870 5069 et
1897 5018 2050 5085 primi
2082 5037 2212 5085 apo-

626 5082 749 5134 stoli
796 5079 1217 5154 Tornacensitun
1244 5079 1654 5154 canonicorunt
1682 5079 1962 5154 collegium
1997 5079 2209 5143 institu-

626 5162 737 5202 tum
764 5159 869 5203 est.
899 5149 1120 5203 GIIINIUS
1146 5149 1272 5204 Sen.
1307 5150 1496 5205 Petrus
1518 5153 1586 5207 tle
1626 5149 1894 5208 Natalibits
1935 5174 2055 5212 eum
2101 5178 2205 5215 non

628 5235 749 5273 Cum
781 5220 1187 5295 Quintittopsed
1214 5237 1345 5295 cum
1376 5223 1638 5295 Dionysio
1686 5230 1735 5278 ιιι
1784 5226 1981 5280 Gallias
2028 5230 2203 5295 profe-

624 5302 766 5344 cttttn
798 5290 957 5354 dicit;
989 5292 1082 5344 sed
1114 5291 1180 5345 de
1205 5293 1458 5355 Quintilio
1490 5290 1751 5349 testantur
1790 5298 1979 5351 tabula:
2016 5290 2205 5354 Eccle—

622 5364 717 5485 ῗέἔῗ
757 5361 1111 5441 Ῑυηιιίεειιδίε
1132 5401 1145 5426 ,
1192 5374 1246 5414 ιιι
1271 5363 1503 5417 declarat
1532 5365 1725 5420 Mulatt.
1757 5368 1808 5421 in
1842 5369 2076 5425 ludiculo
2103 5372 2199 5427 SS.

719 5448 806 5485 2H.

701 5433 806 5498 lgii.

696 5505 719 5579 ξ
751 5500 959 5555 Νἱσειὶἱ.
988 5500 1279 5579 liicadt‘uit
1309 5517 1459 5579 conc.
1484 5506 1709 5562 Arvern.
1744 5525 1783 5573 ι,
1813 5524 1901 5563 an.
1938 5511 2066 5578 535,
2095 5516 2200 5569 Au-

623 5570 813 5625 relian.
847 5586 905 5633 tt,
929 5588 1017 5625 an.
1050 5570 1173 5636 549,
1205 5585 1258 5626 et
1297 5578 1483 5629 eodem
1516 5593 1656 5631 anno
1696 5570 1920 5634 Arvern.
1955 5596 2013 5635 ιι.
2047 5570 2201 5637 Anno

624 5655 751 5694 vero
780 5638 905 5705 555,
936 5643 1191 5719 Parisztt.
1219 5643 1469 5719 Tulleuse
1516 5649 1633 5717 ejus
1679 5654 1965 5706 occasione
2001 5670 2197 5707 convn-

623 5722 799 5766 catum
828 5721 907 5765 est
938 5727 1026 5764 au.
1059 5712 1181 5777 550,
1210 5714 1292 5767 cui
1323 5712 1579 5774 interesse
1606 5723 1778 5777 renuit
1803 5723 2061 5794 Mapinius
2097 5725 2196 5779 lle-

2334 4129 2541 4167 tnorum
2574 4112 2819 4180 antistes,
2854 4114 2991 4184 quod
3039 4129 3104 4170 eo
3147 4113 3446 4172 inconsulto
3489 4132 3730 4178 coactum
3776 4127 3908 4183 luis-

2323 4193 2406 4265 set
2431 4195 2545 4265 ,_ut
2576 4202 2640 4238 ex
2671 4187 2785 4265 eius
2824 4186 3052 4265 epistola
3092 4188 3157 4239 ad
3207 4187 3377 4255 ipsum
3430 4189 3688 4248 Nicetium
3732 4209 3903 4265 patet.

2327 4253 2592 4328 Laudatur
2618 4272 2646 4307 a
2683 4255 2975 4328 Fortunato
3002 4255 3093 4309 lib.
3126 4253 3238 4321 tit,‘
3263 4273 3430 4313 carm.
3460 4266 3525 4326 9,
3568 4274 3622 4316 et
3672 4253 3793 4328 eius
3818 4286 3908 4322 ca-

2322 4325 2535 4397 stellum
2563 4340 2731 4397 supra
2751 4326 3025 4380 Mosellam
3053 4341 3221 4381 carm.
3264 4344 3378 4397 seq.
3410 4325 3655 4388 Carmine
3685 4325 3815 4391 vero
3838 4340 3896 4393 tt

2327 4394 2657 4473 illagnericus
2684 4396 2804 4473 ejus
2828 4411 3106 4473 successor
3151 4405 3208 4450 et
3250 4394 3538 4467 discipulus
3572 4407 3898 4473 appellatur.

2323 4466 2549 4531 Scripsit
2576 4464 2641 4518 ad
2672 4466 3033 4520 Justinianunt
3064 4467 3193 4535 imp.
3226 4478 3281 4521 ut
3323 4464 3443 4524 eum
3478 4474 3547 4526 ab
3580 4464 3777 4530 lfaéresi
3812 4496 3898 4534 re-

2324 4544 2558 4618 vocaret,
2601 4544 2655 4588 et
2683 4536 2747 4588 ad
2776 4537 3137 4618 Clothsindatn
3164 4537 3657 4618 ad_conversionem
3683 4544 3895 4618 Longo.

2320 4605 2607 4677 bardorum
2642 4607 3049 4677 procurandant.
3081 4608 3340 4663 Nicetium
3373 4614 3677 4677 episcnpum
3706 4605 3895 4672 auc't'u-

2320 4689 2431 4727 rem
2480 4675 2664 4744 hymni
2711 4674 2781 4729 Te
2825 4675 2989 4729 Deum
3020 4676 3291 4732 laudamus
3336 4674 3496 4736 fuisse
3537 4674 3599 4737 ex
3636 4700 3741 4739 ms.
3775 4692 3894 4745 cod.

2315 4748 2650 4811 scripserunt
2677 4748 2914 4799 nonnulli
2962 4748 3060 4801 viri
3107 4749 3336 4813 eruditi,
3380 4753 3472 4805 sed
3516 4756 3777 4811 incertum
3820 4765 3899 4814 eis

2315 4824 2432 4868 erat
2460 4814 2649 4885 Nicetii
2696 4814 3065 4883 Lugdunensis
3093 4860 3109 4885 ,
3152 4835 3217 4872 an
3249 4820 3574 4877 'l‘revirensis
3623 4828 3766 4882 fetus
3816 4846 3899 4884 es-

2313 4894 2414 4965 set.
2467 4884 2659 4937 Vrrnm
2704 4887 2808 4965 hIC.
2838 4888 3064 4965 ltytn‘nus
3097 4884 3329 4965 utroque
3376 4891 3576 4965 Niceno
3622 4899 3896 4965 antiquior

2313 4962 2420 5078 :st,
2453 4966 2532 5078 ιι¹ι¹
2551 4966 2675 5021 pote
2718 4957 2812 5025 qui
2851 4958 3093 5011 laudatur
3126 4961 3175 5013 in
3207 4957 3264 5015 S.
3296 4959 3355 5015 P.
3389 4962 3658 5019 Benedicti
3692 4957 3894 5039 Regula

2344 5040 2429 5078 an.
2548 5064 2562 5077 .

2311 5039 2429 5091 cap.
2476 5039 2497 5078 t
2514 5039 2562 5077 ι.

2382 5094 2407 5131 ἀ
2438 5093 2699 5177 Germani.
2746 5096 3153 5177 Quiﬁavennm
3186 5101 3316 5153 obiit
3360 5118 3491 5156 xui
3518 5103 3679 5169 Julii,
3729 5124 3889 5177 quem

2310 5164 2597 5240 die-invide
2626 5182 2813 5240 supra.
2837 5168 2931 5221 llic
2955 5181 3131 5222 autem
3160 5182 3243 5240 est
3264 5176 3546 5240 sepulturae
3575 5164 3689 5231 dies
3711 5195 3722 5229 :
3748 5164 3892 5234 tion-

2308 5237 2536 5307 stantius
2559 5238 2701 5290 enim
2727 5238 2910 5291 ultimo
2934 5241 3107 5307 capite
3136 5239 3266 5293 Vitae
3291 5237 3347 5297 S.
3380 5242 3625 5297 Germani
3656 5252 3733 5301 sic
3756 5255 3892 5304 scri-

2307 5305 2420 5385 bit:
2465 5323 2483 5355 ι
2538 5307 2702 5376 Cujus
2738 5305 3153 5389 sacratissimum
3206 5326 3398 5380 corpus
3446 5314 3739 5372 bonurilico
3792 5337 3887 5389 ag-

2306 5376 2470 5437 mine,
2498 5377 2871 5430 cnuntantibus
2899 5380 3147 5432 virtutum
3175 5376 3443 5448 operibus,
3474 5402 3620 5438 suam
3651 5376 3888 5445 delt-tuin

2305 5457 2385 5498 est
2416 5448 2599 5527 urbem
2627 5465 2659 5528 ε.
2694 5448 2870 5529 ibique
2900 5450 2999 5529 sub
3032 5450 3117 5527 die
3152 5450 3497 5529 Kalendarum
3522 5461 3843 5529 ttotobriunt
3865 5505 3881 5529 ,

2305 5532 2333 5567 a
2368 5520 2595 5596 propriis
2615 5518 2817 5596 civibus
2844 5520 3193 5574 celeberrimo
3224 5524 3368 5577 cultu
3401 5526 3664 5596 condigne
3693 5543 3777 5584 est
3802 5518 3889 5587 se;

2307 5589 2527 5654 pultura:
2562 5590 2833 5644 traditum.
2876 5608 2894 5641 ι

2378 5668 2403 5695 ι
2436 5657 2675 5711 Brittonis.
2725 5661 2817 5712 Cui
2869 5660 3137 5729 proprium
3169 5678 3359 5719 nomen
3404 5676 3517 5719 erat
3562 5668 3879 5726 Allowinus.

2308 5727 2514 5784 Patrem
2538 5728 2722 5785 habuit
2748 5727 3017 5793 Eilolt’um,
3042 5743 3262 5789 matrem
3284 5733 3651 5801 Adcltrudem,
3682 5742 3879 5796 ilasba-
