4110 6454
276 286 405 340 1061

1392 286 1590 345 SECT.
1634 288 1694 341 ll.
1739 315 1806 327 --
1849 286 2411 343 MAR'I‘YROLOGIA.

3386 291 3523 345 1062

1536 399 1765 453 EDITlO
1802 396 2289 455 CULONIENSIS.

339 488 400 543 3.
446 488 503 542 VI
542 488 673 543 Nos.
716 488 848 544 Oc'r.
890 519 956 529 —
992 491 1178 547 Natale
1206 493 1373 545 sancti
1411 492 1629 547 Eusebii
1674 511 1842 563 papae,
1878 506 1925 558 Α
1954 497 2197 560 migravit
2227 495 2290 546 :iil
2322 492 2605 546 Chrisuim.

265 580 354 647 qui
400 580 537 634 sedit
568 584 619 634 in
649 581 957 649 episcopatu
1004 596 1172 636 annos
1221 594 1448 651 septem,
1481 587 1717 655 sepultus
1761 598 1860 640 est.

265 674 347 724 viii
381 674 567 740 Appia,
598 673 648 726 in
678 673 987 727 cmineterio
1024 672 1227 729 Calisti.
1259 675 1373 730 Sub
1402 674 1559 744 hujus
1606 687 1844 743 tempore

266 764 484 816 inventa
514 772 595 816 est
623 779 748 816 crux
798 763 1007 817 Domini
1049 766 1215 818 nostri
1257 765 1383 819 Jesu
1414 766 1632 831 Christi,
1659 770 1839 837 quinta

266 854 445 909 Nonas
488 855 627 910 Maii.
675 854 770 909 Hic
813 856 1091 911 haereticos
1121 857 1319 911 invertit
1348 859 1398 911 in
1429 860 1581 924 urbe,
1614 876 1749 928 quos
1777 860 1843 915 ad

268 961 520 1001 manuum
578 947 969 1016 iinpositionein
1024 950 1406 1004 reconciliavit.
1460 951 1516 1005 In
1577 953 1849 1007 territorio

267 1040 629 1103 Atrebatonsi,
660 1039 782 1092 villa
814 1040 1078 1111 Syricinio
1112 1040 1287 1109 passio
1329 1043 1496 1097 sancti
1540 1043 1846 1115 Leodegarii

268 1130 765 1197 Augustuilunensis
790 1130 1045 1198 episc0pi,
1073 1147 1229 1198 quem
1261 1132 1419 1186 variis
1445 1132 1652 1202 injuriis
1681 1143 1734 1187 et
1760 1133 1847 1186 di-

268 1222 443 1273 versis
490 1220 765 1287 suppliciis
821 1236 919 1288 pro
968 1221 1192 1275 veritate
1236 1221 1493 1276 afﬂictum
1547 1222 1846 1276 llebroinus

270 1311 443 1379 major
473 1312 630 1378 regia:
658 1310 849 1364 domus
890 1311 1173 1365 interfecit.
1218 1312 1380 1381 Cujus
1428 1313 1846 1368 sacratissimum

265 1414 463 1470 corpus
512 1403 563 1454 in
612 1400 830 1455 dimcesi
879 1401 1214 1456 Pictavorum
1267 1403 1602 1467 translatum,
1648 1403 1699 1455 in
1738 1418 1850 1456 nio-

268 1495 502 1547 nasterio
534 1494 674 1548 beati
721 1496 967 1549 Maxentii
1001 1497 1290 1551 honorifice
1331 1508 1415 1552 est
1466 1503 1759 1552 humatum.
1796 1499 1849 1552 In

266 1585 579 1640 Nicomedia
633 1589 802 1641 sancti
854 1587 1143 1641 Eleutherii
1180 1590 1455 1657 martyris,
1496 1589 1595 1643 sub
1646 1590 1853 1644 Diocle‘

271 1677 436 1742 tiano,
468 1676 557 1744 qui
589 1692 684 1744 per
708 1678 848 1731 varia
875 1685 1260 1732 tormentorum
1290 1692 1486 1749 genera
1516 1680 1853 1734 examinatus

2020 586 2081 639 C.
2127 584 2165 639 V
2208 584 2340 638 Nos.
2381 582 2513 637 Ocr.
2554 612 2625 623 -—
2663 582 2845 637 Natale
2876 585 3042 639 sancti
3092 585 3324 657 Dionysii
3366 592 3536 644 Aren-

1954 678 2161 746 pagitm,
2212 677 2300 745 qui
2350 676 2419 729 ab
2462 676 2705 742 apostolo
2757 674 2920 729 Paulo
2971 677 3258 732 instructus
3308 681 3537 735 credidit

1951 770 2190 832 Christo,
2234 777 2287 822 et
2335 768 2535 834 primus
2577 766 2801 819 Athenis
2830 767 2894 820 ab
2922 768 3109 822 eodem
3146 770 3387 836 apostolo
3427 773 3535 841 epi-

1956 874 2153 929 scopus
2184 869 2268 913 est
2293 860 2586 921 ordinatus,
2619 866 2675 911 et
2710 858 2809 911 sub
2854 860 3084 912 Adriano
3130 859 3386 928 principe,
3418 873 3537 930 post

1953 952 2301 1005 clarissimam
2332 948 2727 1004 confessionem
2760 947 2900 1013 fidei,
2936 961 3049 1016 post
3083 951 3392 1019 gravissima
3418 963 3533 1007 tor-

1954 1050 2256 1097 mentorum
2284 1054 2478 1109 genera
2507 1037 2741 1108 gloiioso
2770 1042 3021 1109 martyrio
3044 1050 3349 1095 coionatur.
3380 1044 3532 1109 Apud

1952 1132 2199 1200 antiquos
2228 1130 2465 1186 Saxones
2490 1131 2667 1185 natale
2695 1139 3000 1184 sanctorum
3044 1130 3267 1186 duorum
3310 1133 3535 1189 Evaldo—

1953 1239 2068 1278 ruin
2099 1224 2553 1293 presbyterorum,
2579 1223 2667 1291 qui
2696 1238 2816 1276 cum
2852 1223 3008 1277 beato
3034 1223 3376 1280 Willibrordo
3413 1228 3531 1297 epi-

1950 1328 2117 1384 scopo
2162 1314 2436 1368 venientes
2477 1314 2529 1367 in
2571 1311 2933 1377 Germaniam,
2970 1314 3228 1369 transiere
3264 1315 3331 1369 ad
3368 1316 3537 1371 Saso-

1953 1418 2092 1468 nes,
2142 1413 2196 1456 et
2246 1418 2366 1457 cum
2416 1402 2708 1469 praedicare
2760 1403 2828 1457 ibi
2882 1402 3151 1458 Christum
3210 1407 3535 1475 cmpissent,

1954 1492 2329 1561 comprehensi
2377 1501 2498 1546 sunt
2542 1508 2571 1547 a
2624 1494 2842 1560 paganis
2888 1503 2943 1547 et
2984 1495 3161 1549 occisi.
3204 1495 3282 1550 Ad
3312 1512 3535 1566 quorum

1954 1600 2184 1651 corpora
2217 1596 2374 1639 tinctu
2404 1585 2570 1638 multa
2599 1584 2690 1638 diu
2718 1586 2803 1636 lux
2834 1600 3115 1654 apparens,
3136 1594 3192 1641 et
3218 1589 3303 1642 ubi
3334 1600 3544 1651 essent.

1956 1689 2010 1733 et
2037 1680 2188 1745 cujus
2219 1685 2403 1730 eSsent
2428 1677 2598 1731 meriti
2634 1678 2943 1731 declaravit.

1542 1767 1769 1825 EDITIU
1813 1767 2331 1825 BOLLANDIANA.

337 1856 390 1912 2.
416 1886 489 1900 -—-
519 1857 581 1913 Vl
606 1856 802 1911 NONAS.
840 1856 1002 1911 Vacat
1029 1856 1204 1912 Bteda.

342 1948 534 2003 Florus
561 1950 609 2002 iii
640 1954 705 2004 A.
733 1948 795 2001 Τ.
816 1948 976 2012 L.,ln
1006 1946 1170 2003 Gallia
1200 1950 1374 2015 passio
1402 1949 1460 2003 8.
1487 1949 1512 1977 ⁸
1541 1948 1849 2019 Leodegarii

264 2041 504 2110 episcopi
531 2052 583 2093 et
614 2041 888 2110 martyris,
913 2039 1000 2108 qui
1027 2040 1177 2109 jussu
1209 2040 1448 2106 Ebroini,
1472 2042 1562 2111 qui
1592 2052 1715 2096 ante
1738 2058 1853 2095 ino-

267 2132 494 2197 tiacbus,
529 2141 651 2186 tunc
683 2132 1075 2201 major-domus
1122 2134 1353 2198 exstitit,
1395 2135 1560 2188 oeulis
1590 2143 1645 2188 et
1674 2135 1846 2205 lingua

270 2227 532 2294 privatur,
563 2225 655 2279 seil
697 2224 834 2277 fame
881 2240 985 2279 non
1034 2225 1277 2279 tollitur:
1327 2234 1379 2279 et
1429 2236 1606 2294 postea
1658 2241 1846 2296 magna

266 2314 448 2384 inopia
480 2315 805 2384 trucidatus,
852 2314 1137 2371 noviSsime
1165 2330 1297 2371 ense
1322 2326 1573 2387 suscepto
1603 2317 1852 2388 plectitur

267 2408 471 2477 capite.

343 2518 779 2586 Supplementum
805 2517 957 2572 deest
984 2518 1035 2571 in
1066 2517 1151 2583 D.,
1184 2533 1341 2572 manu
1363 2528 1537 2573 autem
1568 2516 1849 2573 recentiori

271 2590 581 2656 inscriptum
612 2600 724 2642 est:
756 2588 941 2642 Natale
964 2588 1020 2643 S.
1053 2588 1363 2656 Leudegarii
1388 2590 1654 2657 martyris.
1688 2589 1747 2641 Β.
1782 2589 1844 2639 ν.

267 2658 359 2722 C.,
415 2658 467 2712 In
518 2658 794 2712 Antiochia
844 2658 1041 2723 Primi,
1096 2658 1328 2724 Quirilli,
1385 2668 1440 2711 et
1486 2658 1849 2722 Secundiani,

274 2728 532 2783 Romans.
554 2732 577 2765 δ
603 2728 815 2782 Eusebii
841 2727 1096 2795 episcopi.
1126 2730 1262 2782 Alibi
1288 2732 1309 2758 ο
1338 2727 1527 2783 Felicis
1547 2741 1595 2781 et
1612 2729 1777 2783 Casii.
1802 2729 1855 2782 lii

271 2813 410 2919 pag?
472 2799 766 2879 l’ic_tavensi
820 2798 1082 2868 depositio
1148 2798 1459 2869 Leodegarii
1511 2800 1746 2868 episcopi
1804 2808 1858 2853 et

271 2883 373 2922 con
403 2882 625 2922 essuris.

268 2883 625 2923 comessoris.

350 2938 438 3005 T.,
470 2938 654 2993 Romae
698 2938 782 2993 via
837 2938 1006 3009 Appia
1052 2937 1317 3008 depositio
1366 2938 1581 2994 Eusebii
1624 2938 1857 3008 episcopi

1883 1865 1928 1923 B
1955 1870 2009 1913 et
2034 1857 2179 1912 Beati
2206 1855 2464 1925 episcopi.
2496 1857 2581 1921 B.,
2612 1856 2667 1911 lii
2698 1856 2999 1911 Nicomedia
3031 1856 3089 1913 S.
3120 1863 3147 1903 ει
3174 1859 3483 1919 Eleuther“.

2028 1946 2081 2000 5.
2127 1975 2189 1985 -
2223 1944 2264 2000 V
2314 1945 2511 1999 Nonas.
2579 1946 2731 2012 Apud
2781 1946 3027 2015 antiquos
3070 1947 3311 2004 Saxones
3362 1953 3537 2008 natale

1958 2036 2183 2090 duorum
2221 2036 2243 2062 θ
2279 2033 2618 2087 Ewaldorum
2649 2034 3101 2104 presbyterorum,
3133 2038 3220 2107 qui
3251 2053 3373 2093 cum
3401 2038 3535 2095 Wil.

1960 2130 2193 2185 librordo
2231 2131 2485 2201 episcopo
2530 2132 2801 2187 venientes
2829 2131 2883 2185 in
2913 2132 3275 2199 Germaniam,
3307 2138 3534 2193 transie-

1956 2230 2081 2275 runt
2118 2222 2182 2273 ad
2231 2220 2509 2275 Saxones:
2560 2231 2614 2276 et
2660 2237 2780 2276 cum
2823 2223 2893 2277 ibi
2937 2224 3222 2291 praedicare
3265 2226 3532 2284 Christum

1956 2314 2265 2381 cmpissent,
2295 2312 2667 2382 comprehensi
2699 2322 2822 2365 sunt
2848 2327 2878 2367 a
2913 2318 3126 2382 paganis
3151 2326 3205 2370 et
3232 2315 3311 2371 sic
3340 2319 3532 2373 occisi:

1959 2404 2025 2457 ad
2056 2420 2283 2475 quorum
2312 2419 2537 2471 corpora
2576 2405 2739 2458 multa
2770 2405 2859 2458 diu
2892 2407 2977 2459 lux
3017 2422 3280 2475 apparens
3302 2450 3319 2476 ,
3364 2419 3419 2465 et
3447 2412 3533 2467 tibi

1961 2506 2141 2550 essent
2169 2507 2223 2549 et
2247 2494 2400 2564 cujus
2432 2504 2613 2550 essent
2644 2496 2841 2560 meriti,
2871 2496 3175 2551 declaravit.

2031 2583 2090 2654 Ο.
2116 2584 2201 2654 ν..
2252 2584 2304 2637 In
2345 2584 2517 2639 Africa
2546 2585 2794 2648 Victoris,
2830 2585 3046 2641 Urbani.
3101 2586 3161 2642 V.
3195 2588 3254 2643 C.
3288 2590 3369 2654 Β..
3393 2595 3531 2651 Alibi

1970 2653 2165 2727 [felicis
2187 2653 2293 2726 [C.,
2324 2654 2498 2727 Elicii]
2531 2667 2582 2727 et
2609 2654 2776 2727 casti.
2804 2657 2899 2727 _A.,
2936 2656 2990 2709 lii
3021 2657 3195 2712 Africa
3226 2663 3400 2717 natale
3431 2666 3529 2722 SS.

1972 2724 2203 2801 Xieturis
2231 2733 2286 2778 et
2310 2724 2497 2801 Castif
2522 2725 2921 2801 :l‘.,_lii_Africa
2952 2728 3127 2801 natale
3157 2729 3255 2784 SS.
3286 2732 3534 2801 Victoris,

1968 2794 2184 2867 Felicis,
2215 2806 2271 2849 et
2301 2796 2464 2849 Casti.
2520 2797 2585 2850 Et
2624 2795 2684 2851 S.
2714 2794 2732 2833 ί
2763 2796 2998 2866 Dieiiysii
3039 2798 3273 2867 episcopi
3305 2812 3358 2855 et
3387 2794 3534 2860 mar-3

1969 2864 2121 2942 tyris.
2156 2867 2220 2942 Et
2245 2867 2359 2942 haec
2383 2868 2662 2935 utrobique
2693 2864 3005 2942 prir_no_loco
3022 2864 3198 2942 quoad
3224 2864 3529 2942 Africanos;

1967 2935 2019 2988 in
2051 2938 2115 2989 A.
2146 2936 2210 2989 ad
2243 2935 2445 2990 calcem
2480 2946 2724 3005 ponitur:
2775 2935 2975 2992 Eodem
3004 2936 3093 2993 die
3116 2941 3295 3007 passio
3323 2945 3381 2999 S.
3410 2935 3533 3000 Dio;

1663 3032 1805 3085 SMI'I
1824 3028 1868 3083 Η
1911 3025 2136 3083 ΒΟΤᾹΕ.

268 3118 441 3174 niensi
468 3119 641 3174 editus
664 3115 874 3183 ducatu,
901 3119 1068 3191 uxori
1084 3118 1300 3191 junctus
1332 3119 1453 3173 filia:
1477 3119 1575 3173 viz.
1605 3120 1847 3177 Adilonis
1878 3126 1921 3185 C
1954 3122 2292 3191 squalorem,
2326 3125 2444 3185 post
2481 3115 2752 3191 oculorum
2792 3116 3143 3191 evolsionem.
3177 3131 3291 3186 post
3322 3125 3528 3191 planta.

266 3191 502 3254 comitis,
530 3191 598 3244 de
625 3204 724 3257 qua
756 3189 936 3257 genuit
977 3188 1356 3258 Agletrndem:
1400 3204 1567 3244 uxore
1597 3202 1800 3245 mortua
1828 3233 1841 3255 ,

268 3260 330 3315 S.
370 3260 609 3313 Amando
656 3258 906 3327 episcopo
946 3260 1233 3322 hortatore,
1286 3259 1560 3313 facultates
1605 3275 1729 3315 suas
1776 3265 1843 3315 ad

269 3332 388 3382 loca
434 3339 738 3383 sanctorum
789 3329 1074 3393 dietribuit,
1128 3337 1183 3381 et
1227 3331 1543 3396 pauperibus
1581 3332 1841 3400 erogavit,

266 3408 430 3467 atque
460 3401 511 3453 in
541 3399 788 3454 cteuobio
818 3400 1176 3463 Gandavensi,
1218 3401 1354 3465 quod
1383 3399 1757 3455 construxerat
1782 3402 1839 3456 8.

267 3470 564 3532 Amandus,
597 3478 865 3522 tonsuram
894 3470 1144 3535 suscepit,
1192 3477 1246 3521 et
1289 3468 1701 3539 illiusepiscopi
1731 3486 1845 3525 ma-

270 3539 426 3593 nibus
450 3540 727 3593 clericatus
755 3540 1011 3593 honorem
1049 3539 1271 3606 adeptus
1297 3546 1396 3593 est.
1428 3538 1472 3593 Α
1498 3538 1663 3594 beato
1682 3542 1843 3594 etiam

266 3611 518 3676 episcopo
549 3612 753 3663 licentia
787 3611 1087 3674 impetrata,
1135 3608 1453 3679 monasteria
1483 3614 1626 3663 varia
1667 3612 1845 3679 perlu-

268 3679 492 3742 stravit;
523 3680 712 3733 deinde
740 3680 1048 3732 Caiidavum
1090 3693 1337 3733 reversus
1364 3678 1416 3732 in
1447 3680 1636 3733 cellula
1666 3678 1726 3736 se
1756 3696 1840 3735 re-

264 3748 448 3812 clusit,
481 3749 655 3818 ibique
688 3749 814 3802 vixit
854 3764 1022 3819 usque
1065 3750 1130 3801 ad
1175 3751 1397 3814 obitum,
1442 3752 1529 3819 qui
1572 3765 1711 3805 anno
1739 3751 1843 3805 653

267 3819 557 3887 contigisse
588 3821 816 3873 videtur.
854 3818 1025 3873 Variae
1052 3820 1295 3887 leguntur
1321 3819 1380 3874 S.
1416 3818 1641 3874 Bavonis
1666 3830 1844 3876 trans-

271 3888 517 3943 lationes.
546 3889 599 3943 lii
622 3890 875 3944 chronico
903 3890 1208 3944 Bavoniano
1235 3890 1372 3956 apud
1401 3890 1696 3946 Sanderum
1726 3907 1845 3946 cor-

271 3974 371 4027 pus
401 3960 566 4031 ipsius
595 3974 624 4012 a
655 3960 713 4013 D.
749 3959 1181 4031 Eligiolevatnm
1225 3975 1257 4013 e
1301 3972 1437 4031 terra
1485 3961 1668 4015 fertur.
1718 3963 1844 4031 Ejus

269 4039 324 4082 ct
346 4029 571 4082 aliorum
611 4031 848 4098 reliquiae
874 4068 889 4091 ,
936 4030 1252 4083 Norinannis
1300 4029 1845 4097 irrumpentibust

272 4098 570 4169 Eyukerico
595 4100 783 4153 abbate
808 4099 951 4167 prius
976 4100 1041 4153 ad
1069 4100 1127 4154 8.
1157 4099 1442 4154 Audoinari
1470 4112 1722 4166 castrum,
1750 4104 1844 4157 de-

272 4171 393 4223 inde
415 4169 483 4223 ad
511 4170 694 4224 urbem
725 4169 1039 4223 Laudunum
1079 4172 1270 4225 delatae
1304 4170 1568 4224 dicuntur.
1608 4174 1679 4225 Ex
1714 4178 1844 4229 urbe

272 4240 528 4294 Lauduno
554 4254 648 4308 per
672 4253 883 4293 centum
917 4255 1080 4309 prope
1108 4254 1277 4294 annos
1303 4241 1399 4295 hac
1431 4242 1658 4311 illucque
1679 4258 1707 4294 a
1732 4260 1842 4297 nio-

269 4311 453 4363 nacbis
498 4313 810 4376 deportatis,
856 4311 1159 4378 aliquandiu
1209 4311 1393 4365 locatae
1440 4325 1746 4365 manserunt
1791 4318 1841 4367 in

266 4380 513 4435 coenobio
539 4381 605 4433 de
633 4379 857 4449 Nigella,
887 4381 1042 4448 vulgo
1084 4379 1250 4445 Nelle,
1285 4381 1467 4434 it.dem
1498 4383 1547 4434 in
1580 4382 1838 4451 Picarilia,

265 4466 373 4518 quo
393 4466 458 4503 ex
488 4451 604 4504 loco
633 4465 775 4503 anno
804 4450 907 4505 959
937 4451 1244 4505 Gaudavum
1276 4463 1501 4505 revectae
1529 4461 1671 4507 sunt.
1710 4450 1838 4510 Vide

267 4519 385 4590 ejus
414 4521 581 4573 Vitam
602 4520 739 4586 apud
766 4520 1059 4584 Mabillon.,
1090 4535 1214 4575 sieo.
1247 4536 1283 4574 ιι
1315 4523 1431 4575 Act.
1465 4522 1594 4575 Ben.

343 4597 366 4622 υ
398 4590 716 4660 Leodegari‘i.
743 4593 839 4657 Qui
861 4605 1021 4659 opera
1047 4591 1265 4645 Didonis
1285 4593 1518 4660 episcopi
1544 4592 1833 4647 Pictavien-

267 4662 344 4716 sis
372 4660 663 4731 litterarum
693 4672 747 4714 et
776 4663 1048 4731 utriusque
1091 4664 1225 4728 juris
1270 4662 1525 4716 doctrinis
1563 4665 1833 4729 eruditus,

268 4730 437 4785 sacris
466 4730 716 4793 initiatus,
739 4730 991 4785 Ecclesiis
1017 4745 1129 4786 sua:
1166 4732 1412 4787 ditecesis
1443 4734 1720 4800 praefectus
1738 4774 1753 4797 ,
1784 4746 1834 4788 et

266 4802 430 4873 abbas
457 4800 515 4856 S.
559 4801 805 4855 Maxentii
850 4803 1141 4873 destinatus
1164 4842 1197 4873 ,ί
1228 4804 1361 4857 adeo
1392 4814 1576 4857 sancte
1604 4818 1665 4856 ac
1697 4818 1834 4873 prae-

266 4872 410 4926 clare
429 4886 489 4925 se
508 4874 693 4939 gessit,
721 4881 777 4925 ut
805 4885 835 4924 a
858 4871 1131 4927 Chlotario
1163 4872 1486 4927 Francorum
1508 4889 1630 4940 rege
1655 4871 1835 4929 accer-

265 4942 420 5004 situs,
447 4955 495 4996 et
528 4943 580 4995 in
610 4947 803 5011 palatio
829 4944 1139 5008 honoratus,
1158 4943 1319 4997 etiam
1344 4944 1834 5011 Atigustoduncn-is

264 5012 489 5065 antistes
532 5020 772 5066 sacratus
812 5015 987 5067 fuerit.
1038 5014 1154 5080 Quo
1193 5028 1411 5067 munere
1447 5016 1603 5067 annis
1648 5015 1831 5068 dect-in

265 5094 482 5136 strenue
538 5082 745 5136 functus
794 5093 895 5137 est.
948 5083 1223 5139 Chlotario
1271 5084 1520 5138 defuncto
1570 5086 1834 5139 sullicitiir

264 5152 616 5218 Cliildericus,
646 5162 699 5206 et
721 5154 1072 5223 Leodegarius
1094 5155 1481 5222 major-domus
1505 5154 1828 5221 declaratur,

266 5225 483 5275 excluso
526 5238 555 5275 a
615 5238 777 5291 regno
825 5222 1158 5278 Tneodorico
1204 5224 1487 5278 Cbililerici
1537 5228 1738 5286 fratre,
1786 5238 1841 5280 et

268 5293 498 5346 ιεὼς-ωηο
544 5292 653 5361 jam
702 5297 800 5347 sub
842 5295 1113 5348 Chlutario
1158 5297 1582 5359 majore-domus
1629 5309 1842 5363 propter

266 5378 415 5415 suam
447 5364 777 5432 tyrannidem
811 5376 965 5419 tonso
988 5373 1046 5420 et
1073 5366 1281 5419 recluso
1312 5366 1362 5418 in
1393 5365 1626 5419 Liixovio
1649 5406 1664 5428 ,
1709 5369 1843 5421 Bur-

265 5435 475 5501 gundiie
508 5434 854 5488 monasterio.
902 5434 1005 5490 Sed
1054 5446 1264 5490 mortuo
1303 5450 1483 5504 pcatea
1514 5436 1839 5503 Childerico,

265 5504 627 5559 Theodericus
659 5521 877 5573 regnum
911 5504 1261 5571 recuperavit,
1304 5516 1358 5559 et
1391 5508 1652 5561 Ebroinus
1683 5508 1838 5561 aufu-

261 5589 434 5643 giens,
465 5586 652 5628 iterum
677 5575 1070 5641 major—domus
1098 5582 1263 5628 tactus
1290 5588 1397 5639 est;
1422 5579 1511 5645 qui
1531 5578 1844 5633 existimans

260 5661 323 5698 se
353 5650 629 5698 memorati
655 5647 913 5713 puntilicis
936 5645 1165 5699 factione
1183 5646 1430 5713 ejectum,
1458 5648 1843 5703 crudelissimis

260 5716 542 5773 tormentis
571 5732 689 5772 eum
717 5717 925 5772 atl‘ccit:
971 5725 1086 5784 post
1117 5722 1306 5771 lameui
1334 5734 1501 5784 enim,
1534 5731 1583 5774 et
1613 5725 1842 5777 eai'cciis

1954 3187 2069 3243 rum
2102 3190 2480 3249 concisioiiein,
2506 3187 2694 3253 linguae
2724 3196 2775 3240 et
2806 3187 3061 3240 laliiurum
3105 3187 3438 3255 incisionem,
3473 3197 3527 3250 in

1952 3259 2175 3313 Fiscano
2216 3256 2537 3310 monasterio
2578 3256 2724 3309 illum
2766 3256 3003 3309 reclusit.
3059 3256 3157 3312 Ubi
3205 3264 3303 3315 etsi
3349 3268 3525 3320 excisa

1947 3338 2093 3383 esset
2119 3329 2314 3395 lingua,
2346 3327 2545 3380 monita
2575 3334 2750 3379 tamen
2780 3326 2966 3378 salutis
2989 3341 3133 3381 recte
3161 3330 3381 3397 loquens
3409 3349 3529 3388 om.

1948 3401 2101 3452 nibns
2129 3398 2325 3451 dabat:
2358 3412 2520 3464 quare
2559 3399 2809 3449 contusus
2845 3397 3075 3450 crudelis
3105 3399 3390 3460 Ebroinus.
3432 3405 3531 3457 de-

1946 3469 2130 3542 collari
2156 3466 2468 3542 illum_fecit_
2489 3465 3009 3542 p_rope_Atrebatuiii.
3044 3469 3173 3542 Hinc
3201 3486 3396 3542 annum
3418 3490 3526 3542 quo

1948 3539 2006 3612 8.
2041 3538 2397 3612 Leodegarius
2421 3537 2551 3612 obiit
2586 3536 2842 3612 colligere
2882 3536 3039 3612 licet;
3075 3538 3339 3612 Ebroinus
3370 3536 3524 3612 regni

1948 3609 2262 3663 'l‘heodorici
2280 3622 2419 3661 anno
2436 3607 2490 3671 9,
2509 3609 2550 3660 si
2582 3605 2859 3674 Sigeberto
2887 3608 3172 3671 credimus,
3195 3610 3391 3666 Christi
3418 3605 3518 3669 681

1946 3689 2036 3733 aut
2066 3678 2379 3747 insequenti,
2419 3678 2709 3733 exstinctus
2746 3684 2849 3740 est,
2897 3686 2951 3730 et
2993 3678 3208 3744 quidem
3259 3692 3374 3743 post
3424 3693 3532 3739 tres

1948 3749 2059 3804 fere
2086 3764 2254 3803 annos
2280 3764 2436 3818 quam
2478 3747 2736 3823 martyrio
2773 3747 2995 3823 affectus
3043 3748 3242 3823 fuerat_
3265 3750 3533 3823 Leodega-

1948 3824 2079 3893 rius,
2113 3817 2495 3893 ut_coiistat_ex
2524 3817 2807 3893 Mabillonii
2836 3832 2965 3893 saec:
2992 3832 3026 3871 μ
3070 3820 3189 3874 Act.
3226 3821 3376 3887 Be.i.,
3407 3817 3523 3893 pag.

1947 3890 2083 3955 705,
2112 3890 2199 3959 qui
2234 3889 2453 3956 proinde
2482 3902 2621 3959 anno
2663 3886 2857 3941 Christi
2899 3886 3003 3959 678
3043 3901 3263 3945 necatus
3305 3886 3420 3958 est;
3456 3886 3529 3948 ii'ti

1944 3971 2107 4014 etiam
2134 3958 2358 4014 Carolus
2389 3960 2438 4013 le
2463 3958 2652 4011 Cointe
2678 3966 2881 4011 censet.
2914 3958 3079 4024 llujns
3106 3975 3299 4029 corpus
3332 3964 3383 4015 in
3408 3965 3527 4018 villa

1943 4030 2184 4084 Sarcinio
2215 4029 2440 4098 primum
2482 4029 2746 4093 sepultum
2774 4037 2876 4093 est,
2916 4028 3109 4082 deinde
3152 4028 3213 4083 in
3247 4030 3521 4089 ditecesim

1946 4098 2282 4154 Pictavorum
2318 4103 2625 4152 translatum
2658 4108 2709 4152 et
2747 4098 2797 4150 in
2830 4098 3153 4163 monasterio
3184 4101 3241 4154 Β.
3271 4102 3525 4159 Maxentii

1943 4181 2025 4224 est
2052 4171 2343 4222 humatum.
2382 4168 2511 4223 Vide
2542 4171 2688 4235 plura
2724 4169 2773 4220 in
2816 4167 3119 4221 Mabillonio
3149 4185 3307 4237 supra
3338 4175 3521 4231 citato.

2016 4238 2042 4278 δ
2078 4240 2300 4293 Eusebii.
2336 4239 2409 4292 De
2442 4241 2540 4292 huc
2569 4239 2689 4291 Vide
2717 4253 2869 4307 supra
2904 4254 3021 4291 xxvr
3054 4239 3355 4307 Septembr.

2017 4328 2039 4356 c
2078 4309 2267 4362 Felicis
2298 4322 2344 4362 et
2374 4308 2532 4363 Casii.
2566 4306 2631 4361 In
2668 4325 2798 4379 pago
2832 4306 3257 4364 Pictuvensi’oni.
3294 4311 3354 4366 V.
3387 4310 3450 4366 C.

2014 4387 2040 4427 d
2073 4380 2372 4433 Eleutlierii.
2414 4382 2511 4446 Qui
2544 4390 2597 4434 et
2626 4382 2712 4432 alii
2746 4380 3028 4443 innumeri,
3062 4396 3181 4435 cum
3213 4382 3524 4442 Diocletiani

1943 4454 2085 4520 regia
2113 4451 2356 4505 inCeudio
2385 4449 2781 4518 conﬂagrasset,
2815 4449 2948 4503 falso
2989 4450 3144 4519 hujus
3172 4452 3409 4507 iriininis
3436 4472 3527 4509 ac-

1869 4497 1917 4555 Ι)
1940 4497 2781 4589 agaifiianagearmatas:
2815 4497 3100 4575 acervaiu‘u
3150 4497 3321 4576 ηεὲἑεῖἰ
3348 4497 3520 4589 ’ὲῦιῖἷς

1937 4607 2163 4660 quorum
2194 4592 2278 4645 alii
2311 4592 2498 4661 gladiis
2523 4590 2996 4661 ubtruncabautnr,
3040 4592 3125 4643 alii
3159 4592 3363 4661 ignibus
3402 4610 3521 4649 crc-

1938 4666 2243 4717 mabantur:
2278 4660 2369 4716 sed
2420 4666 2605 4715 horum
2645 4662 2843 4728 primus
2876 4660 3231 4726 Eleuttieriiis,
3281 4665 3521 4717 iu.n"diu

1937 4736 2225 4799 cruciatus,
2271 4747 2363 4799 per
2400 4732 2604 4801 singula
2634 4742 2893 4802 tormenta
2929 4730 3148 4784 validior
3176 4734 3515 4802 redderetur,

1939 4805 2250 4871 martyrium
2284 4800 2514 4856 victoriie
2556 4816 2667 4854 sua:
2719 4800 2929 4867 ignibus
2974 4804 3276 4866 complevit.
3328 4804 3399 4856 De
3441 4800 3521 4858 his

1942 4873 2032 4938 qui
2078 4888 2139 4927 ea
2184 4874 2250 4926 de
2279 4886 2441 4941 causa
2485 4874 2699 4926 subiere
2747 4872 3058 4941 martyrium
3098 4873 3286 4926 scribLt
3325 4874 3521 4930 Euseb.

1943 4944 2080 4996 ilist.
2106 4945 2239 4997 eccl.
2273 4957 2384 5009 vni,
2414 4938 2469 4995 6.

1942 5011 2418 5138 "f'Ewaiitt’oriim.
2462 5012 2537 5067 De
2586 5010 2667 5065 his
2711 5010 2832 5066 vide
2871 5012 3115 5080 superius
3155 5012 3327 5068 Dtedae
3377 5013 3523 5071 Eccl.

1990 5097 2032 5137 is
2060 5120 2075 5136 .
2107 5099 2158 5138 v.
2263 5119 2278 5135 .

1990 5083 2075 5137 i5t.
2107 5099 2158 5143 v.
2194 5083 2278 5138 ιυ.

2018 5151 2034 5190 ί
2073 5153 2328 5223 Dionysii.
2365 5152 2542 5207 Patria
2570 5151 2936 5207 Atheniensis.
2965 5152 3064 5220 Qui
3096 5153 3394 5208 litterarum
3424 5156 3521 5207 hu-

1944 5226 2243 5278 manioruin
2276 5224 2464 5277 studiis
2490 5237 2550 5278 se
2589 5225 2734 5277 dedit
2768 5225 2992 5288 primum
3026 5223 3285 5287 Athenis,
3321 5226 3519 5279 deinde

1945 5294 2205 5361 lleliopoli
2238 5295 2290 5348 in
2320 5293 2586 5363 zEgypto;
2633 5296 2852 5349 domum
2886 5310 3133 5348 reversus
3176 5297 3226 5348 in
3269 5307 3518 5351 senatum

1946 5365 2208 5432 Areopagi
2240 5375 2523 5431 cooptatus
2551 5374 2665 5428 est,
2707 5366 2847 5419 unde
2874 5377 2927 5417 et
2956 5364 3288 5433 Areopagum
3322 5381 3519 5420 tinnit-tt

1948 5436 2124 5488 traxit.
2156 5435 2312 5488 Circa
2338 5450 2428 5488 an.
2450 5436 2578 5487 Chr.
2605 5436 2696 5499 5t),
2731 5434 2896 5488 Paulo
2921 5435 3144 5487 Athenis
3172 5436 3515 5502 praedicante,

1947 5506 2302 5560 Christianam
2356 5507 2514 5557 tidem
2566 5506 2841 5573 amplexus
2886 5516 2968 5557 est
3001 5522 3013 5557 :
3049 5504 3174 5573 quin
3205 5516 3256 5557 et
3287 5506 3517 5573 primunt

1948 5576 2356 5629 Atheniensium
2407 5574 2715 5642 episcopum
2763 5575 3108 5629 constitutum
3148 5575 3311 5630 fuisse
3355 5579 3519 5631 tradit

1950 5648 2234 5715 Dionysius
2262 5645 2654 5699 Corinthiorum
2684 5646 2926 5700 antistes.
2981 5645 3090 5698 Iino
3119 5647 3163 5700 si
3192 5646 3390 5712 Suidte,
3425 5649 3520 5700 Ni-

1948 5718 2205 5787 ceplioro,
2233 5716 2485 5786 Syuccllo
2514 5716 2738 5787 aliisque
2769 5716 2897 5772 tidcs
2926 5715 2994 5771 sit
3026 5716 3267 5773 habenda
3288 5761 3303 5789 ,
3348 5718 3513 5788 ipsius
