4110 6518
253 385 390 441 {9:65

1375 382 1569 440 SECT.
1613 382 1675 435 li.
1726 409 1789 418 —
1820 377 2373 433 MARTYllOLUGlA.

3383 377 3514 433 1066

1502 495 1726 550 EDITIO
1766 490 2236 550 COLONIENSIS.

246 594 510 646 animatus
537 574 637 646 est:
671 588 870 644 Eodem
902 587 991 643 die
1030 587 1169 643 beati
1213 586 1432 658 Sagaris
1478 588 1730 658 martyris
1777 595 1834 642 et
1870 594 1908 648 Α
1941 584 2249 638 Dominum.
2301 583 2428 637 item
2478 592 2780 638 sanctorum
2838 592 3126 654 martyrum
3181 583 3412 638 Marccii
3463 597 3518 640 et

247 683 483 751 episcopi
521 681 889 744 Laodicensis,
918 681 1006 748 qui
1037 695 1170 734 unus
1205 679 1302 732 fuit
1331 679 1399 732 de
1426 679 1661 748 antiquis
1693 677 1839 732 Pauli

248 776 472 845 apostoli
502 774 795 842 discipulis.
830 772 1103 841 Depositio
1137 771 1360 826 Romani
1406 771 1842 826 Autissioiloren-

245 869 318 920 sis
351 866 610 934 episcopi.
662 865 864 919 Eodem
897 864 982 920 die
1030 874 1216 920 octava
1245 865 1411 919 sancti
1440 864 1723 918 Michaelis
1750 879 1864 937 ar-_

247 956 509 1024 cbangeh.

318 1048 381 1102 Β.
424 1046 556 1099 Nox.
601 1044 738 1098 Ocr.
780 1075 848 1085 ——
885 1045 1068 1099 Roma:
1115 1045 1193 1098 via
1246 1046 1412 1114 Appia
1462 1044 1636 1100 natale
1667 1039 1838 1097 sancti

249 1140 410 1194 Marci
444 1137 681 1207 episcopi
713 1147 768 1193 et
796 1139 1141 1202 confesspris,
1165 1137 1250 1207 qui
1281 1138 1419 1191 sedit
1449 1136 1499 1190 in
1530 1137 1836 1203 episcopatu

250 1248 417 1286 annos
461 1231 618 1298 duos,
652 1247 868 1288 menses
907 1246 1120 1294 novem,
1165 1231 1281 1283 dies
1315 1229 1516 1298 viginti,
1550 1225 1634 1296 qui
1677 1229 1836 1280 etiam

251 1324 490 1390 sepultus
536 1335 619 1379 est
657 1324 708 1378 in
749 1324 1058 1378 coemeterio
1109 1321 1347 1374 Balbina:
1389 1320 1474 1373 via
1525 1317 1834 1372 Ardeatina.

253 1414 380 1466 item
428 1425 739 1468 sanctorum
778 1422 1070 1482 martyrum
1103 1411 1270 1480 Sergii
1311 1419 1367 1465 et
1405 1408 1588 1473 Baebi,
1619 1409 1707 1478 qui
1738 1407 1838 1461 sub

253 1504 566 1557 Maximiano
597 1519 691 1571 pro
721 1502 917 1558 Christi
951 1503 1164 1558 nomine
1194 1503 1335 1572 passi
1367 1509 1508 1555 sunt.
1542 1500 1672 1554 Nam
1707 1501 1837 1554 Ser-

251 1598 370 1664 gius
400 1596 738 1664 primicerius
772 1607 884 1648 erat
921 1595 1120 1649 schola:
1163 1594 1464 1663 gentilium,
1497 1597 1698 1646 amicus
1743 1594 1839 1644 im-

255 1688 536 1755 peratoris,
597 1688 784 1741 beatus
832 1701 960 1740 vero
1015 1686 1220 1739 Bachus
1270 1684 1669 1740 secuntlit'erius
1723 1691 1840 1736 erat

250 1781 491 1846 ejusdem
546 1781 766 1834 scholae.
818 1779 881 1832 iii
932 1794 1071 1832 enim
1119 1779 1186 1832 ab
1232 1777 1501 1832 Antiocho
1552 1777 1686 1829 duce
1745 1790 1838 1844 pro

250 1871 446 1923 Christi
499 1870 734 1933 nomine,
782 1871 934 1938 jussu
971 1869 1278 1923 Maximiani
1321 1869 1660 1935 imperatoris
1696 1867 1834 1935 passi

1944 676 2154 745 Apulei,
2186 677 2272 745 qui
2320 675 2536 744 quidem
2580 680 2748 744 primo
2790 677 3128 731 adhmscrunt
3157 677 3364 733 Simoni
3411 679 3527 733 Ma.

1941 781 2039 835 go;
2073 767 2166 821 seti
2202 767 2442 820 videntes
2489 766 2748 820 mirabilia
2796 781 2914 836 quae
2967 768 3222 823 Dominus
3256 771 3510 837 operaba-

1945 871 2027 916 tur
2060 878 2150 931 pi-r
2176 861 2477 930 apostolum
2529 876 2681 914 suum
2733 861 2981 928 Petrum,
3041 863 3227 917 relicto
3267 861 3520 928 Simone,

1943 954 2199 1008 doctrinae
2245 953 2551 1021 apostolica:
2591 966 2650 1008 se
2687 953 3034 1020 tradiderunt,
3065 964 3118 1007 ct
3162 962 3280 1020 post
3319 969 3520 1026 marty-

1946 1047 2078 1100 rium
2109 1047 2468 1114 apostolorum
2498 1045 2597 1100 sub
2635 1045 2920 1100 Aureliano
2963 1047 3233 1103 consulari
3283 1054 3522 1122 martyrii

1941 1150 2192 1189 coronam
2241 1137 2658 1205 compleverunt,
2703 1137 2892 1204 sepulti
2943 1153 3049 1191 non
3093 1138 3248 1208 longe
3287 1141 3352 1195 ab
3391 1145 3522 1200 urbe

1941 1229 2131 1282 Rozna.

2013 1320 2080 1373 A.
2124 1319 2234 1374 \‘lll
2274 1320 2389 1375 lous
2428 1321 2557 1374 Ccr.
2600 1349 2670 1359 —
2707 1320 2890 1374 Natale
2941 1321 3078 1375 beati
3110 1320 3397 1388 Simeonis,
3429 1324 3520 1393 qui

1944 1409 2222 1464 Dominum
2273 1419 2513 1465 nostrum
2561 1411 2741 1466 Jesum
2781 1412 3052 1466 Christum
3095 1417 3433 1482 prazsentavit
3461 1415 3515 1468 iit

1941 1501 2219 1569 templum.
2253 1500 2381 1555 item
2407 1501 2582 1557 natale
2609 1511 2806 1558 sanctae
2834 1502 3109 1572 lleparatac
3140 1506 3374 1574 virginis,
3405 1522 3527 1577 quas

1945 1606 2092 1658 passa
2117 1601 2200 1645 est
2226 1591 2276 1646 in
2299 1591 2542 1647 Caesarea
2570 1593 2698 1647 urbe
2724 1594 3038 1661 Palazstinte,
3068 1595 3167 1650 sub
3199 1597 3358 1652 Decio
3383 1611 3527 1667 prte-

1941 1682 2075 1735 side.
2103 1681 2228 1737 ilazc
2256 1698 2376 1737 cum
2400 1682 2561 1737 nollet
2585 1683 2740 1740 idolis
2765 1685 3087 1750 sacriﬁcare,
3121 1687 3348 1754 primum
3377 1689 3527 1742 adhi-

1943 1773 2047 1825 bita
2095 1783 2174 1826 est
2218 1772 2289 1826 illi
2341 1772 2441 1826 olla
2495 1774 2710 1842 plumbo
2759 1774 2996 1828 fervente
3043 1775 3287 1844 impleta,
3343 1785 3526 1847 postea

1941 1865 2192 1917 abscissce
2241 1874 2364 1916 sunt
2409 1863 2482 1918 illi
2531 1865 2798 1930 mamillae,
2851 1873 2906 1920 et
2949 1865 3223 1934 lampades
3277 1867 3528 1924 ardentes

252 1970 395 2024 sunt,
449 1961 518 2014 ita
571 1971 628 2014 ut
676 1961 883 2014 Bachus
932 1960 1056 2013 dum
1103 1969 1353 2013 extensus
1403 1961 1573 2013 crucis
1615 1958 1837 2027 flagellis
1872 1949 1913 2006 Β
1941 1951 2215 2019 adhibitae,
2262 1952 2455 2008 deinde
2500 1954 2552 2007 in
2590 1957 2854 2008 caminum
2894 1955 3030 2024 ignis
3072 1957 3231 2011 missa
3270 1967 3371 2013 est.
3399 1959 3527 2026 Qum

251 2050 570 2115 caederetur,
603 2049 872 2104 emitteret
926 2051 1203 2120 spiritum;
1263 2048 1481 2117 Sergius
1537 2063 1664 2102 vero
1725 2056 1840 2115 post

251 2141 419 2194 multa
451 2151 714 2194 tormenta
751 2141 929 2210 gladio
970 2156 1142 2196 czesus
1172 2149 1275 2207 est,
1303 2149 1358 2194 et
1384 2141 1459 2194 sic
1505 2139 1747 2208 migravit
1775 2140 1838 2193 ad

1947 2058 2066 2097 cum
2114 2043 2164 2097 in
2216 2045 2362 2099 nullo
2405 2044 2476 2098 ibi
2507 2044 2688 2101 fuisset
2719 2047 2863 2111 laesa,
2894 2047 3151 2103 deeoilata
3178 2058 3280 2117 est,
3310 2058 3364 2105 et
3401 2065 3528 2106 con-

1951 2134 2096 2188 tinuo
2121 2135 2187 2189 de
2217 2136 2356 2190 collo
2382 2136 2498 2206 ejus
2519 2136 2680 2192 exivit
2703 2137 2948 2192 columba
2976 2137 3116 2193 alba.
3143 2136 3307 2210 Cujus
3333 2154 3527 2210 corpus

1502 2250 1730 2304 EDl'l‘lO
1775 2249 2277 2308 BOLLANDIANA.

337 2365 399 2419 ν.
440 2363 526 2426 C.,
580 2364 764 2416 Romm
811 2363 1074 2428 depositio
1125 2362 1282 2417 Marci
1310 2362 1610 2431 “episcopi.
1673 2364 1736 2416 Et
1781 2363 1832 2417 in

256 2435 436 2490 Africa
465 2436 671 2502 llogati,
703 2435 997 2498 Saturnini,
1028 2434 1290 2498 Januarii,
1329 2433 1586 2497 Faustini,
1618 2445 1669 2486 et
1699 2435 1833 2486 Mar-

255 2508 408 2558 cialis
437 2504 566 2576 [ΑΛ.
605 2505 785 2576 Fausti
817 2513 871 2576 et
900 2502 1105 2576 Marci].
1164 2505 1247 2570 8.,
1282 2505 1479 2576 Eodem
1523 2506 1609 2558 die
1657 2506 1834 2576 passio

257 2579 360 2630 SS.
394 2573 593 2639 Fausti,
628 2575 861 2628 Januarii
905 2584 959 2628 et
997 2573 1280 2627 Mercialis.
1341 2576 1396 2626 Β.
1433 2573 1520 2638 0.,
1553 2578 1699 2640 Aptnl
1729 2574 1831 2626 Ca-

260 2661 415 2712 puam
445 2657 747 2698 sanctorum
773 2642 798 2679 ι)
824 2644 1077 2708 Marcelli,
1109 2645 1248 2698 Casti
1282 2643 1506 2705 Aﬂmilii,
1539 2645 1830 2700 Saturnini.

263 2719 329 2769 Et
360 2719 580 2769 observa
613 2714 946 2784 frequentius
986 2715 1268 2783 aliquoties
1308 2713 1602 2768 recurt'isw'e
1647 2724 1702 2768 ut
1742 2714 1832 2766 ubi

262 2787 570 2840 Vaticanum
593 2795 647 2838 et
686 2787 744 2840 S.
775 2785 981 2853 Cyriaci
1015 2784 1212 2837 habent
1241 2785 1486 2852 Africam,
1518 2785 1836 2839 Divionense

258 2858 396 2925 legat
425 2853 657 2921 Capuam
677 2894 694 2920 ,
743 2865 800 2910 ut
838 2857 1077 2909 fortassis
1117 2855 1310 2909 alicubi
1342 2854 1603 2924 Carthago
1635 2855 1834 2923 scripta

253 2926 440 2980 fuerit.

331 3025 394 3076 A.
424 3023 510 3088 T.,
544 3023 728 3078 Romae
757 3021 1020 3091 depositio
1052 3023 1113 3078 S.
1141 3022 1302 3078 Marci
1335 3021 1598 3089 episcopi.
1657 3022 1836 3090 Capua

251 3095 432 3149 natale
461 3104 761 3148 sanctorum
785 3094 923 3147 Casti
959 3105 1010 3147 et
1039 3093 1333 3147 Saturnini.
1365 3093 1426 3146 A.
1449 3093 1513 3146 Τ.
1542 3093 1623 3160 8.,
1653 3092 1810 3147 Aulis

250 3165 472 3218 siodoro
502 3164 766 3231 depositio
808 3165 864 3216 S.
898 3160 1123 3216 Romani
1152 3165 1409 3231 episcopi.
1455 3163 1508 3216 lu
1539 3162 1745 3231 Aginno
1776 3162 1836 3215 S.

251 3235 406 3290 Fidis
429 3235 698 3303 martyris.
725 3234 812 3297 T.,
838 3233 1226 3298 Sociorumque
1247 3233 1364 3300 ejus
1384 3233 1648 3303 Caprasii,
1673 3232 1835 3286 Primi

1945 2343 2380 2420 pnanalale‘SS.
2413 2344 2554 2401 Casti
2596 2353 2653 2400 et
2680 2346 2980 2402 Saturnini.
3029 2348 3095 2402 Et
3134 2348 3187 2403 in
3216 2349 3431 2420 Agenna
3462 2351 3523 2408 S.

1946 2414 2089 2467 Fitlis
2117 2414 2358 2482 virginis.

2015 2509 2066 2582 7.
2090 2537 2162 2582 -_—
2186 2507 2367 2582 Nonis.
2400 2506 2600 2562 Natalis
2627 2507 2684 2563 S.
2713 2517 2736 2545 ο
2759 2508 2919 2564 Marci
2952 2524 3121 2580 papae.
3155 2509 3275 2582 ipso
3303 2512 3391 2569 die
3420 2529 3520 2570 na-

1945 2577 2066 2631 talis
2094 2578 2151 2632 8.
2185 2578 2302 2632 Lini
2335 2593 2504 2647 papae.

2016 2672 2178 2726 Abest
2210 2681 2510 2738 postremus
2537 2685 2566 2724 a
2600 2685 2734 2728 mss.
2765 2672 2829 2726 A.
2855 2672 2919 2728 T.
2950 2672 3011 2727 L.

2019 2741 2078 2794 V.
2111 2743 2174 2818 C.
2206 2743 2308 2818 Β.)
2360 2740 2574 2818 Et___S_S.
2601 2741 2626 2818 ξι
2654 2742 2842 2818 Sergii
2863 2744 3189 2818 _ct__llacchi.
3247 2746 3301 2800 lu
3342 2747 3518 2818 Capua

1943 2811 2126 2878 Quarti
2155 2822 2208 2866 et
2250 2813 2560 2866 Marcellini.
2599 2811 2687 2880 L.,
2721 2811 2785 2867 Et
2811 2813 2908 2868 SS.
2940 2815 3177 2870 Marcelli
3205 2819 3228 2846 θ
3253 2827 3306 2872 et
3332 2811 3521 2889 Apulei

1945 2893 2718 3035 ll)at_{:xi“::‘iilonlm_.dep'l‘sitio
2744 2953 2818 3034 _S.
2849 2953 3006 3008 Marci
3054 2955 3398 3035 papte._ipso
3431 2958 3522 3035 die

1949 3023 2122 3077 natale
2150 3023 2248 3078 SS.
2281 3025 2451 3091 Sergii
2483 3035 2536 3078 et
2567 3023 2755 3079 Bacchi
2787 3037 3102 3095 martyrum.
3127 3023 3201 3080 Α.
3225 3023 3400 3093 ΤίΒ..
3430 3030 3522 3083 Bi-

1949 3095 2411 3169 turicas_civi_tate
2443 3095 2727 3169 depositio
2772 3095 2830 3148 S.
2861 3094 3185 3169 (Augustini
3239 3095 3352 3169 [B.,
3407 3100 3517 3153 Att-

1947 3162 2456 3234 gustalisjepiscopi
2502 3173 2556 3218 et
2595 3163 2942 3234 confessoris.
2994 3162 3068 3219 Ἀ.
3097 3167 3186 3231 Τ.,
3217 3162 3407 3224 eodem
3438 3173 3524 3226 d.e

1947 3235 2124 3296 natale
2151 3233 2252 3290 SS.
2283 3234 2512 3289 Marcelli
2543 3245 2596 3288 et
2627 3233 2838 3302 Apulei.

250 3316 310 3359 et
339 3302 611 3360 Feiiciani.
643 3305 729 3368 B.,
755 3303 936 3358 Romae
964 3304 1140 3358 natale
1166 3303 1223 3358 S.
1256 3303 1510 3357 Balbinaa.
1542 3302 1626 3369 L.,
1655 3303 1708 3356 In
1729 3303 1836 3356 Ca-
1865 3316 1913 3378 c
2013 3321 2068 3376 8_
2096 3351 2166 3362 __
2193 3321 2300 3377 vm
2332 3323 2471 3377 ιοοε,
2504 3321 2671 3376 vacat
2699 3322 2854 3376 “inda
2886 3331 2939 3377 ει
2967 3337 3122 3393 sum).
3152 3324 3268 3380 Diu.

1648 3415 1856 3472 SMlTiI
1894 3413 2127 3470 ΝΟΤᾸΕ.

330 3513 356 3542 ιι
390 3502 574 3556 Marci.
615 3504 684 3555 De
717 3503 816 3556 hoc
848 3503 966 3557 vide
997 3502 1138 3556 diem
1169 3511 1504 3572 sequentem.
1537 3503 1839 3561 Transiatio

249 3579 413 3645 qua-tl
428 3592 497 3645 lin
528 3575 642 3640 ejus
672 3575 838 3645 hodie
855 3573 1101 3640 contigit.

329 3649 358 3689 ιι
391 3642 638 3697 Marcelli.
691 3643 844 3709 Quod
892 3657 1068 3696 autent
1113 3643 1177 3696 ad
1207 3641 1423 3697 Castutn
1473 3653 1527 3698 et
1556 3644 1832 3701 [Emilium

249 3724 478 3781 spectat,
498 3730 614 3766 cum
638 3713 751 3767 haec
775 3716 991 3766 nomina
1017 3725 1303 3766 noscantur
1322 3729 1441 3767 esse
1462 3715 1833 3771 Africanorum

250 3796 829 3855 martyrumpquorum
862 3783 1054 3855 natalis
1084 3784 1197 3837 dies
1225 3784 1398 3852 agitttr
1431 3800 1545 3838 χχιι
1578 3787 1695 3838 Maii
1721 3827 1734 3849 ,
1781 3789 1834 3842 iu

250 3871 376 3911 eam
403 3853 558 3907 facile
589 3853 890 3908 inducimur
915 3854 1240 3922 opinionem,
1263 3864 1321 3906 ut
1341 3856 1706 3909 existimemus
1739 3858 1836 3911 bos

251 3940 378 3981 esse
409 3925 623 3978 eosdem
660 3940 780 3976 cum
811 3923 954 3988 illis;
1004 3925 1096 3978 sed
1126 3923 1322 3991 Capuae
1366 3925 1528 3978 etiam
1574 3926 1835 3983 celebrari

251 4010 443 4050 eorum
474 3994 1027 4064 celebritatem,qnod
1059 3992 1290 4047 Africani
1324 3996 1557 4061 episcopi
1593 4007 1836 4064 tempore

255 4065 640 4136 persecutionis
665 4063 962 4116 Vantlalicze
990 4079 1055 4118 ex
1081 4064 1256 4118 Africa
1287 4064 1444 4136 pulsi,
1476 4065 1541 4118 ad
1569 4064 1831 4134 Campana

257 4137 439 4189 littora
469 4135 820 4202 appellentes,
852 4149 982 4202 quas
1009 4150 1189 4188 secum
1222 4135 1528 4189 attulissent
1559 4137 1833 4205 reliquias,

257 4207 456 4272 ibidem
489 4205 861 4259 collocassent.
909 4205 1059 4268 Quod
1092 4205 1216 4258 item
1247 4208 1311 4258 ad
1341 4206 1649 4260 Marcellum
1686 4223 1830 4262 mar-

257 4287 432 4346 tyrem
458 4283 681 4343 spectat,
699 4275 937 4346 ejusdem
967 4274 1312 4346 nominis'fuit
1335 4284 1535 4346 martyr
1559 4278 1612 4331 in
1638 4279 1834 4342 Africa,

259 4344 333 4399 de
363 4360 466 4409 quo
497 4347 667 4414 agilur
695 4360 781 4397 nx
814 4344 972 4398 Febr.
1023 4345 1287 4399 Craterum
1329 4344 1567 4412 ejusdem
1609 4348 1838 4404 nominis

259 4416 536 4471 Saturnini
561 4415 707 4468 multi
735 4414 784 4468 in
809 4414 993 4469 eadem
1019 4417 1288 4480 provincia
1313 4418 1452 4480 passi
1479 4419 1836 4484 reperiuntur,

259 4496 324 4612 Et
372 4489 421 4567 in
467 4485 855 4558 Martyrologiis
899 4485 1051 4539 facile
1092 4495 1175 4540 est
1219 4487 1492 4555 colligere.
1545 4489 1748 4543 Bacon.
1785 4490 1836 4543 in

313 4568 433 4608 ons.

313 4568 433 4608 OllS.

343 4637 362 4663 ο
401 4626 585 4679 Marci.
637 4624 694 4678 in
727 4624 988 4679 Chronico
1030 4624 1241 4678 Damasi
1289 4625 1517 4692 legitur:
1553 4645 1570 4677 ι
1609 4627 1838 4695 Marcus,

263 4712 479 4750 menses
511 4708 653 4762 octo,
683 4696 798 4748 dies
827 4697 1031 4764 viginti.
1069 4695 1186 4748 Fuit
1216 4699 1548 4763 temporibus
1576 4698 1842 4751 Constan-

265 4771 386 4830 tini,
418 4765 708 4834 Nepotiane
738 4777 791 4819 et
817 4766 1066 4819 Facundo
1097 4770 1431 4830 consulibus,
1457 4783 1484 4819 a
1510 4769 1599 4822 die
1630 4784 1695 4821 xv
1721 4768 1840 4822 Kal.

264 4838 587 4892 Februarias
615 4877 629 4900 ,
683 4851 850 4902 usque
898 4835 952 4889 in
998 4835 1137 4889 diem
1188 4837 1454 4890 Nonarum
1487 4837 1797 4892 Uctobrium
1825 4881 1840 4904 ,

263 4909 575 4977 consulibus
604 4905 1002 4977 suprascriptis.
1038 4925 1054 4957 ι
1114 4907 1318 4962 Marcus
1352 4907 1540 4977 itaq'ie
1571 4907 1843 4963 ordinatus

263 4989 353 5033 est
380 4992 518 5031 anno
545 4974 649 5030 556
682 4977 908 5042 pontifex
941 4978 1234 5041 Romanus,
1269 4974 1520 5034 defuncto
1560 4979 1843 5042 Silvestro,

265 5050 356 5102 die
386 5049 591 5100 decima
621 5056 810 5098 octava
841 5046 1078 5100 Januarii
1103 5086 1118 5112 ,
1169 5047 1256 5101 die
1291 5048 1563 5103 Dominieo
1611 5058 1665 5102 et
1711 5049 1845 5102 festo

264 5119 522 5173 cathedra
551 5115 612 5172 S.
644 5117 784 5171 Petri
815 5117 993 5171 Romae
1026 5118 1294 5185 insignito.
1345 5119 1491 5172 Obiit
1521 5130 1700 5174 autem
1743 5119 1846 5175 hoc

264 5191 386 5256 ipso
411 5189 517 5253 die,
545 5201 648 5240 non
683 5187 929 5241 obstante
956 5189 1094 5257 quod
1121 5191 1386 5242 Auctioris
1413 5189 1667 5243 Cbronici
1700 5203 1845 5244 vete-

265 5275 386 5312 rum
421 5259 723 5326 pontificum
753 5267 958 5322 auctor,
994 5273 1058 5311 ex
1090 5273 1261 5327 eoque
1295 5262 1609 5313 Anastasius
1640 5271 1691 5313 et
1719 5260 1842 5323 alii,

266 5333 450 5382 dicant
476 5330 541 5382 de
567 5330 624 5383 S.
654 5328 853 5393 Marco,
878 5329 1015 5396 quod
1040 5347 1058 5380 ι
1085 5331 1322 5398 sepultus
1347 5342 1428 5383 est
1457 5331 1506 5383 in
1532 5334 1845 5386 cmmeterio

268 5400 506 5453 lialbina:
535 5399 620 5453 via
650 5399 936 5452 Ardeatina
977 5400 1144 5465 pridie
1174 5399 1349 5454 Nonas
1375 5402 1655 5465 Oetobris;
1690 5421 1707 5453 ι
1766 5403 1846 5454 iu-

268 5469 557 5540 telligendi
587 5469 729 5523 enim
761 5478 886 5522 sunt
912 5470 978 5523 de
1007 5470 1178 5537 aliqua
1211 5470 1328 5540 ejus
1359 5473 1730 5526 translatione.
1782 5473 1840 5528 S.

267 5541 476 5594 Marcus
498 5539 672 5595 adhuc
699 5541 977 5608 presbyter
1003 5539 1271 5593 Romanus
1297 5556 1437 5594 anno
1462 5542 1568 5597 515
1591 5558 1692 5596 una
1721 5558 1843 5596 cum

268 5611 503 5664 Miltiade
533 5625 664 5677 papa
695 5610 941 5664 interfuit
965 5610 1171 5680 synodo
1203 5611 1452 5666 llotitana:
1481 5615 1530 5666 in
1557 5627 1713 5668 causa
1743 5615 1846 5667 Do-

268 5682 590 5735 natistarum
624 5681 840 5737 habita.
873 5677 1064 5735 Eussn.
1097 5677 1239 5736 Eccl.
1277 5684 1409 5736 llist.
1441 5700 1494 5747 χ,
1523 5683 1576 5738 8.

342 5750 368 5785 ά
402 5750 599 5823 Sergii.
645 5751 743 5814 Qui
771 5751 844 5823 _iu
898 5751 1182 5823 provincia
1213 5767 1332 5820 quae
1372 5764 1704 5823 nuncupatur
1735 5755 1843 5808 Au-

266 5827 424 5894 gusta
473 5821 856 5890 Enpiiratesia,
911 5823 1008 5875 sub
1052 5822 1372 5878 Maximiano
1419 5821 1738 5894 imperatore
1789 5835 1842 5881 et

677 5914 943 5973 Parnoc.
982 5913 1202 5976 XCIV.

1948 3503 2210 3558 Antiocho
2243 3499 2471 3570 praeside
2503 3501 2642 3568 passi
2675 3510 2801 3555 sunt
2829 3516 2840 3552 :
2875 3516 3097 3569 quorum
3135 3502 3373 3559 Bacchus
3404 3514 3525 3562 tan-

1945 3577 2033 3628 diu
2069 3574 2249 3645 nervis
2279 3571 2460 3645 crudis
2488 3585 2660 3645 ctesus
2688 3583 2801 3645 est,
2844 3587 3121 3645 quousque
3154 3582 3267 3626 toto
3292 3589 3523 3645 corpore

1943 3644 2203 3698 discissus
2235 3642 2284 3694 in
2314 3641 2653 3696 confessione
2682 3642 2875 3695 Christi
2913 3644 3183 3696 eiiiitteret
3228 3641 3471 3712 spiritum
3505 3667 3518 3702 :

1940 3724 1996 3770 et
2033 3725 2211 3777 postea
2246 3712 2465 3784 Sergius
2495 3713 2717 3766 elavatis
2748 3714 3022 3784 cothurnis
3072 3714 3232 3777 pedes
3279 3715 3517 3784 indutus,

1941 3800 2060 3839 eum
2092 3787 2142 3837 in
2177 3785 2280 3854 title
2308 3782 2448 3854 fixus
2480 3791 2736 3854 maneret,
2767 3782 2888 3836 data
2918 3789 3204 3851 sententia,
3232 3785 3412 3854 jussus
3440 3782 3522 3843 est

1940 3853 2195 3928 decollari
2223 3853 2424 3928 :‘_enjus
2455 3853 2854 3928 nomineloclts
2880 3855 2970 3928 libi
3000 3853 3259 3928 quiescit,
3300 3856 3521 3928 Sergio-

1941 3927 2078 3992 polis
2109 3923 2410 3992 appellatus
2441 3933 2542 3976 est.
2599 3922 2729 3976 Vide
2771 3924 2983 3977 Surium
3020 3922 3158 3978 tom.
3194 3925 3256 3978 V.
3312 3927 3387 3982 De
3404 3922 3523 3984 'mi-

1943 3996 2122 4049 raculo
2152 3994 2291 4062 quod
2339 3996 2534 4047 factum
2566 4003 2648 4046 est
2679 3995 2973 4061 SergiOpoli
3001 4035 3015 4058 ,
3067 4006 3120 4049 et
3168 3995 3237 4049 de
3285 3997 3523 4054 donariis

1943 4080 2062 4134 quae
2097 4065 2364 4138 Chosroes
2407 4063 3007 4138 rex_Pe_rsarin_n_tnisit
3030 4067 3093 4138 ad
3120 4076 3360 4138 sanctum
3387 4086 3519 4123 mar-
3570 4085 3582 4138 ε’

1948 4135 2416 4255 tyl'remZSlergium,
2440 4134 2558 4188 vide
2583 4134 2792 4203 Evagrii
2821 4133 3135 4191 Scholastici
3170 4135 3304 4191 llist.
3330 4153 3406 4200 tv.
3429 4140 3522 4207 28,

1948 4222 1974 4255 e
2025 4221 2096 4255 γι-
2125 4213 2143 4234 ⁸
2199 4243 2213 4255 .

1946 4215 2000 4259 et
2025 4221 2097 4270 vi,
2125 4207 2213 4259 “2|.

2027 4287 2049 4313 ι’
2081 4275 2333 4328 Marcelli.
2393 4274 2492 4340 Qui
2544 4289 2639 4342 per
2686 4275 2984 4343 apostolum
3029 4275 3283 4340 Petrum,
3339 4279 3526 4335 relicto

1947 4346 2166 4400 Simone
2199 4347 2370 4413 Mago,
2402 4347 2711 4412 apostolica:
2742 4345 3000 4400 doctrinae
3046 4362 3105 4400 se
3151 4348 3481 4404 tradiderunt
3507 4396 3520 4415 ,

1949 4433 2011 4471 ae
2059 4423 2398 4485 postmodum
2445 4417 2546 4469 sub
2587 4419 2874 4471 Aurelium
2919 4421 3228 4489 consulari,
3284 4425 3522 4489 martyrii

1951 4502 2216 4560 C0l‘()ltalll_
2250 4498 2695 4560 reportaverunt,
2744 4488 2937 4556 sepulti
2969 4505 3071 4540 non
3111 4491 3266 4560 longe
3297 4492 3363 4543 ab
3397 4488 3526 4547 urbe

1955 4558 2140 4610 llorna.
2177 4557 2474 4619 Usuauucs,
2506 4558 2792 4612 Auo.—-l)e
2815 4560 3060 4611 Marcello
3090 4557 3362 4612 vide'Aeta
3387 4560 3526 4616 Sati-

1947 4639 2152 4680 ctorum
2187 4629 2304 4682 Maii
2337 4644 2406 4682 xtl
2440 4630 2490 4680 iii
2526 4629 2670 4681 Acti.-
2701 4629 2853 4681 Nerei
2885 4639 2937 4680 et
2963 4631 3213 4682 Achillei.

2023 4703 2040 4768 f
2077 4699 2374 4765 Augustini.
2399 4699 2636 4768 illectitts
2664 4699 2907 4763 Augusti.
2953 4700 3052 4764 Qui
3087 4714 3190 4751 non
3223 4700 3523 4768 episcopus,

1945 4767 2040 4823 sed
2078 4768 2358 4836 presbyter
2388 4767 2487 4821 fuit
2526 4779 2576 4820 et
2606 4769 2901 4831 confessor,
2934 4771 3001 4821 de
3031 4771 3189 4821 domo
3219 4771 3274 4823 S.
3310 4767 3528 4828 Deside-

1946 4839 2046 4910 rati
2077 4837 2318 4905 ejusdem
2353 4839 2501 4910 urbis
2530 4838 2765 4906 episcopi
2791 4877 2821 4910 ,_
2857 4841 3012 4910 cujus
3051 4854 3239 4892 manus
3270 4853 3324 4894 et
3357 4843 3522 4910 pedes

1948 4909 2019 4960 ita
2050 4917 2173 4962 sunt
2199 4908 2459 4961 contracti
2487 4949 2501 4974 ,
2556 4918 2614 4960 ut
2663 4908 2872 4960 nonnisi
2913 4912 3173 4975 geniculis
3221 4920 3275 4963 et
3325 4908 3522 4967 cubitis

1945 4987 2377 5051 sustentaretur.
2422 4977 2470 5031 Is
2515 4979 2651 5051 apud
2699 4979 2961 5051 Brivateut
2996 4980 3200 5034 elecmo
3231 4981 3349 5050 ynis
3374 4984 3528 5051 adju-

1948 5058 2071 5110 tus,
2124 5048 2407 5102 trdilieavit
2435 5048 2727 5102 oratorium
2777 5051 2826 5100 in
2875 5049 3132 5104 honorem
3177 5048 3518 5119 S._Martitii;

1983 5135 2051 5173 uo
2081 5133 2200 5172 cum
2233 5119 2378 5173 illius
2409 5120 2662 5187 reliquias
2691 5120 2969 5176 detulisset
2991 5161 3005 5184 ,
3057 5125 3234 5176 statim
3264 5135 3480 5177 sanatus
3505 5165 3522 5187 ,

1946 5134 2051 5242 Ἕω
2081 5134 2200 5172 cum
2233 5134 2378 5173 unus
2409 5134 2662 5187 reliquias
2691 5134 2969 5176 uellllelH.
2991 5161 3005 5184 ,
3057 5134 3234 5176 statim
3264 5135 3480 5177 sanatus
3505 5165 3522 5187 ,

1946 5189 1960 5241 i
2007 5190 2018 5241 i
2065 5204 2186 5241 cum
2231 5190 2434 5258 aliquot
2480 5190 2641 5244 sociis
2691 5191 3005 5258 regulariter
3039 5191 3262 5258 vivens,
3315 5195 3413 5248 fuit
3457 5195 3527 5248 ab

1946 5261 2198 5327 episcopo
2231 5262 2280 5312 iu
2318 5260 2537 5313 basilica
2571 5260 2627 5315 S.
2659 5261 3031 5328 Sympboriani
3065 5263 3229 5316 abbas
3261 5265 3526 5317 constitu-

1947 5339 2052 5392 tus,
2083 5340 2138 5384 et
2171 5329 2223 5383 in
2256 5339 2480 5396 utroque
2516 5331 2634 5384 loco
2665 5333 2954 5398 discipulos
2982 5333 3046 5385 ad
3081 5344 3280 5386 rectam
3311 5335 3526 5389 vivendi

1947 5400 2450 5474 foriuam__itts_tituit.
2497 5402 2627 5474 lluic
2655 5418 2748 5474 per
2778 5403 2946 5474 visum
2976 5406 3139 5474 semel
3171 5419 3232 5458 ac
3261 5405 3338 5457 bis
3364 5421 3528 5474 appa-

1947 5470 2054 5524 ruit
2082 5473 2138 5525 S.
2173 5469 2418 5543 Ursinus,
2450 5473 2650 5538 primus
2676 5473 2801 5525 olitn
2831 5473 3178 5527 Bituricensm
3202 5469 3523 5543 episcopus:

1945 5551 2000 5596 et
2042 5556 2162 5595 cum
2201 5542 2255 5595 S.
2289 5540 2557 5596 Germano
2588 5543 2874 5598 Parisiensi
2907 5549 3178 5612 epiSt-opo,
3211 5540 3294 5598 cui
3329 5540 3530 5613 pariter

1945 5620 2306 5680 apparuerat,
2359 5621 2413 5666 et
2464 5614 2684 5679 prtefato
2732 5615 2788 5668 S.
2824 5614 3166 5675 Desiderato.
3223 5616 3518 5670 inventioni

1944 5692 1999 5737 et
2023 5682 2351 5737 translationi
2397 5681 2637 5748 ejusdem
2684 5685 2742 5739 S.
2781 5683 2953 5738 Ursmi
2983 5686 3239 5740 interft'tit.
3284 5687 3522 5740 Tandem

1944 5755 2081 5807 circa
2111 5768 2198 5806 an.
2226 5751 2330 5809 580
2361 5754 2511 5809 obiit.
2546 5755 2717 5812 Gneo.
2748 5754 2954 5812 Tuaen.
2988 5757 3056 5811 tle
3085 5756 3234 5811 Gior.
3264 5759 3526 5823 confess.,

1945 5839 2064 5895 cap.
2095 5824 2184 5879 80.

3137 5913 3213 5976 3's
