4110 6454
365 299 502 357 ιπδθ

1506 307 1701 363 secr.
1745 308 1806 362 ιι.
1850 294 1915 348 4—.
1954 309 2516 370 MARTYRULOGIA.

3491 326 3509 378 i
3525 328 3621 381 .ῖο

1601 422 1828 477 EDITIO
1865 390 2326 481 COPLONIENSIS.

430 502 494 556 D.
540 502 578 557 V
635 503 752 559 lous
801 501 935 558 Ocr.
976 533 1046 544 ——
1085 507 1237 574 Apud
1286 507 1555 563 Tliarsum
1607 513 1939 580 metr0p0lim
1972 521 2018 574 A
2121 517 2181 571 E.
2225 516 2289 568 IV
2329 517 2443 571 Inus
2482 517 2614 574 Ocr.
2658 550 2725 562 -—
2764 522 2916 591 Apud
2950 522 3251 579 Ravennam
3282 526 3361 582 via
3396 528 3628 587 Lauren-

360 592 558 649 Ciliciaa
601 597 774 651 natale
822 607 1125 651 sanctorum
1168 610 1460 670 martyrum
1494 602 1741 670 Tliaraci,
1790 604 1944 659 Probi

357 696 410 738 et
439 687 745 749 Andronici,
777 687 865 755 qui
913 690 1279 756 persecutione
1329 690 1637 745 Diocletiani
1683 700 1737 747 et
1783 692 1946 747 Maxi-

360 780 541 832 miano
594 781 817 847 praeside
878 780 1035 851 longo
1088 791 1328 850 tempore
1382 783 1635 838 carcerali
1702 788 1946 854 squalore

359 870 538 923 afﬂicti
590 880 734 935 sunt,
778 882 832 925 et
879 874 1031 926 tertio
1062 873 1283 929 diversis
1332 875 1602 943 suppliciis
1631 878 1942 930 exanimati.

358 960 486 1012 Nam
519 963 698 1015 nervis
727 962 904 1017 crudis
934 965 1167 1034 graviter
1194 966 1339 1029 caesi,
1370 975 1424 1019 et
1456 967 1603 1020 testis
1635 969 1947 1036 asperrimis

359 1052 618 1119 defricati,
643 1055 802 1108 etiam
829 1070 1027 1125 papyro
1047 1056 1268 1111 ardente
1286 1058 1423 1112 circa
1453 1070 1686 1113 ventrem
1710 1069 1763 1114 et
1785 1062 1943 1113 latera

358 1150 548 1214 adusti,
566 1160 685 1217 post
708 1150 1058 1203 maniillaruin
1079 1151 1522 1214 conlractionein,
1544 1160 1661 1221 post
1686 1162 1945 1207 tormenta

359 1239 627 1305 tibiarum,
655 1250 770 1307 post
794 1241 927 1294 aceti
950 1252 1000 1295 et
1025 1241 1224 1309 sinapis
1249 1242 1585 1308 inlusionem,
1614 1253 1730 1311 post
1763 1244 1950 1299 obolos

358 1332 570 1400 ignitos,
604 1340 721 1398 post
767 1331 1121 1386 conﬁxionem
1169 1332 1456 1403 digitorum
1501 1333 1665 1388 clavis
1706 1334 1948 1388 acutissi-

358 1420 480 1482 mis,
512 1429 629 1487 post
654 1420 929 1475 oculorum
978 1425 1492 1491 transpunctiouem,
1528 1438 1589 1479 ac
1625 1424 1818 1493 linguae
1858 1427 1951 1479 ab-

356 1511 695 1579 scissionem,
719 1512 1007 1567 novissime
1036 1513 1088 1566 in
1113 1514 1504 1581 amphitheatro
1542 1514 1681 1568 ursis
1704 1523 1757 1568 et
1786 1515 1950 1570 leoni-

357 1602 457 1655 bus
482 1602 705 1672 projecti
739 1612 881 1657 sunt.
912 1602 1015 1658 Sed
1038 1617 1158 1657 cum
1185 1604 1327 1657 nulla
1350 1618 1413 1658 ex
1441 1604 1624 1659 bestiis
1644 1614 1947 1659 sanctorum

362 1706 589 1758 corpora
618 1692 837 1747 auderet
865 1694 1146 1763 attingere,
1176 1694 1526 1748 Maximianus
1556 1696 1629 1748 ira
1662 1709 1949 1749 succensus

356 1782 513 1852 jussit
559 1799 652 1840 eos
697 1785 874 1855 gladio
918 1784 1171 1855 jugulari,
1218 1794 1273 1840 et
1318 1800 1544 1856 corpora
1595 1802 1778 1841 eorum
1813 1788 1949 1842 inter

2052 604 2188 659 tiana
2219 608 2394 661 natale
2422 611 2592 663 sancti
2627 610 2816 667 Edisti.
2849 615 3000 683 Apud
3050 616 3282 672 Africam
3326 630 3630 676 sanctorum

2048 698 2415 752 confessorum
2447 708 2500 753 ct
2542 713 2830 773 martyrum
2866 716 3095 774 quatuor
3136 709 3359 763 millium
3398 728 3633 782 nongen-

2049 795 2221 841 torum
2252 791 2583 858 septuaginta
2620 808 2733 857 sex,
2761 794 2875 863 qui,
2921 799 3285 863 persecutione
3319 800 3628 873 Vandalica,

2048 892 2169 931 cum
2216 888 2399 934 essent
2447 881 2803 938 Ecclesiarum
2856 886 2946 941 Dei
2999 889 3255 960 episcopi,
3311 896 3626 965 presbyteri,

2049 969 2281 1035 diaconi,
2330 974 2613 1028 associatis
2659 978 2762 1031 sibi
2812 980 2977 1035 turbis
3027 982 3257 1038 ﬁdelium
3291 988 3631 1055 populorum,

2046 1056 2196 1126 jussu
2240 1060 2488 1117 Hunerici
2534 1066 2674 1132 regis
2703 1068 2905 1133 Ariani,
2957 1085 3052 1137 pro
3102 1073 3411 1131 defensione
3450 1080 3633 1133 catho-

2052 1149 2165 1204 lica:
2208 1155 2451 1207 veritatis
2504 1154 2555 1207 in
2602 1156 2855 1210 horribile
2894 1162 3059 1216 eremi
3107 1164 3355 1219 exsilium
3386 1169 3537 1231 trusi,
3583 1178 3637 1222 et

2051 1240 2189 1296 inter
2218 1241 2429 1297 Mauros
2460 1241 2825 1302 ferocissimos
2873 1261 2997 1305 sunt
3037 1252 3294 1322 deputati.
3332 1255 3471 1311 Inter
3501 1275 3634 1327 quos

2050 1344 2202 1387 erant
2241 1334 2541 1405 Cyprianus
2571 1346 2625 1393 ct
2664 1338 2812 1395 Felix
2843 1344 3097 1413 prmcipui
3142 1348 3353 1403 Domini
3385 1352 3634 1405 sacerdo-

2053 1433 2148 1477 tes.
2179 1422 2221 1477 E
2249 1426 2436 1494 quibus
2476 1428 2691 1495 plurimi
2721 1445 2841 1486 cum
2879 1434 3170 1491 crudeliter
3208 1438 3548 1508 ducerentur,
3580 1458 3635 1499 et

2054 1515 2322 1569 hastilium
2373 1518 2684 1588 cuspidibus
2728 1522 2794 1576 ad
2841 1526 3206 1595 currendum,
3256 1544 3319 1584 ac
3374 1531 3635 1600 latpidiiitts

2050 1601 2148 1654 sibi
2200 1601 2424 1668 alligatis
2467 1604 2591 1659 dum
2636 1608 3003 1676 tenderentur,
3043 1613 3155 1668 sive
3203 1615 3374 1683 ligatis
3404 1617 3630 1687 pedibus

2052 1690 2195 1744 velut
2235 1692 2496 1748 cadavera
2533 1710 2628 1763 per
2666 1696 2795 1751 dura
2827 1708 2879 1753 et
2913 1716 3100 1770 aspera
3133 1703 3245 1757 loca
3276 1707 3635 1775 traherentur,

2054 1793 2156 1837 tam
2199 1785 2317 1839 diro
2364 1788 2626 1856 supplicio
2674 1804 2768 1858 per
2811 1793 3018 1861 singula
3068 1798 3307 1852 membra
3354 1798 3632 1867 discerpti,

357 1890 580 1945 corpora
611 1878 962 1946 gladiatorum
994 1876 1201 1947 projici.
1232 1878 1399 1932 Noctu
1432 1879 1706 1933 venientes
1734 1879 1937 1944 ﬁdeles,
1976 1878 2018 1935 Β
2045 1889 2141 1941 per
2171 1876 2373 1943 gladios
2414 1890 2597 1935 acutos
2644 1893 2934 1950 petrarum,
2982 1886 3105 1941 huic
3135 1899 3291 1956 caput
3322 1892 3448 1947 loris
3496 1901 3635 1946 tere—

357 1975 411 2020 et
437 1966 791 2035 deprecantes
829 1967 1132 2034 Dominum,
1168 1975 1223 2022 ut
1252 1966 1557 2023 ostenderet
1606 1970 1682 2023 eis
1728 1979 1941 2023 sancto-

358 2074 477 2112 rum
507 2059 777 2129 reliquias,
808 2059 1055 2114 viderunt
1085 2060 1261 2113 subito
1291 2058 1436 2113 velut
1474 2059 1681 2113 stellam
1710 2060 1944 2129 splendi-

357 2150 477 2203 dam
505 2151 570 2204 de
590 2151 725 2206 coelo
746 2151 963 2205 missam
986 2164 1147 2220 super
1170 2149 1371 2220 singula
1395 2158 1702 2204 sanctorum
1722 2164 1943 2218 corpora

375 2243 718 2308 residentem,
750 2241 933 2310 sicque
962 2257 1080 2295 cum
1113 2242 1308 2310 ingenti
1339 2241 1533 2310 gaudio
1563 2240 1830 2309 rapientes
1859 2257 1943 2308 ea,

370 2333 699 2398 iiimccdente
748 2349 805 2388 se
850 2332 1085 2403 ejusdem
1132 2332 1299 2387 stella:
1344 2331 1649 2401 splendore,
1684 2331 1942 2402 gloriosos

358 2425 558 2479 Christi
586 2424 816 2479 athletas
840 2426 955 2479 loco
984 2426 1262 2495 aptissimo
1289 2423 1666 2479 condiderunt.

2048 1965 2321 2034 brabatur,
2352 1970 2435 2023 alii
2468 1972 2631 2026 latera
2664 1976 3016 2041 ﬁndebantur,
3042 1981 3180 2035 inter
3207 1997 3395 2037 manus
3425 1986 3633 2038 trahen-

2056 2058 2184 2113 tium
2214 2060 2456 2129 Spiritum
2484 2064 2822 2122 exhalabant.
2855 2071 3037 2126 Exstat
3066 2087 3160 2142 per
3187 2082 3354 2130 totum
3380 2091 3626 2147 aggerem

2053 2149 2316 2217 publicum
2359 2153 2697 2223 loquentibus
2743 2160 2957 2213 tumulis
2995 2162 3267 2231 sepultura
3298 2173 3629 2222 sanctorum.

2053 2241 2107 2294 In
2157 2244 2307 2313 Syria
2356 2244 2559 2299 Eustati
2612 2249 2926 2320 presbyteri,
2980 2259 3034 2306 et
3078 2251 3401 2319 Eucharisti,
3458 2256 3631 2325 Burri,

2053 2332 2261 2399 Donati,
2299 2334 2621 2393 Fortunatae.

2123 2424 2187 2478 E.
2220 2425 2283 2480 Ill
2310 2426 2426 2481 locs
2452 2427 2584 2484 Ocr.
2613 2462 2682 2469 —
2703 2432 2885 2488 Natale
2929 2437 3095 2489 sancti
3135 2436 3323 2508 Carpi,
3372 2438 3623 2510 discipuli

1603 2516 1830 2571 EDITIU
1869 2516 2364 2577 BOLLANDIANA.

358 2643 555 2703 torque
580 2635 743 2688 etiam
781 2634 833 2687 in
866 2633 948 2697 L.,
977 2633 1064 2688 ubi
1099 2632 1284 2687 ultimo
1311 2632 1426 2687 loco
1448 2640 1529 2687 est
1566 2632 1712 2685 solus
1738 2631 1935 2686 Victor.

431 2728 518 2793 V.,
551 2726 733 2781 Malosi
788 2742 908 2779 cum
958 2727 1078 2778 aliis
1132 2724 1385 2778 trecentis
1442 2722 1675 2793 triginta.
1730 2722 1833 2787 B.,
1888 2723 1938 2775 ln

362 2798 536 2852 Africa
590 2797 760 2850 natale
802 2798 901 2851 SS.
935 2799 959 2825 “
1009 2795 1243 2859 Eusebii,
1296 2794 1507 2858 Eraciii,
1565 2793 1824 2862 Dionysii.
1880 2793 1944 2846 Et

360 2869 481 2923 alibi
504 2876 532 2915 b
562 2866 769 2922 Malusii
806 2865 1075 2921 cum'aliis
1103 2866 1350 2920 trecentis
1380 2874 1432 2918 et
1463 2863 1693 2933 triginta.

432 2961 601 3015 ll.-——
629 2959 673 3013 V
701 2957 842 3013 lous.
876 2958 1037 3011 Vacat
1068 2957 1247 3012 Baeda.

432 3053 616 3107 Florus
647 3053 697 3105 in
733 3056 793 3105 A.
829 3051 893 3105 '1‘.
928 3051 988 3104 L.
1019 3068 1031 3102 :
1061 3049 1292 3103 Turonis
1312 3048 1574 3118 depositio
1600 3044 1699 3103 3.0
1736 3046 1943 3101 Venan-

361 3146 415 3198 tii
449 3144 657 3198 abbatis
687 3151 741 3198 et
770 3138 1120 3207 confessoris,
1153 3141 1248 3194 \il‘i
1282 3140 1571 3207 magniﬁca:
1600 3138 1895 3191 sanctitatis
1923 3152 1939 3189 :

359 3236 442 3303 qui
478 3234 658 3288 multis
700 3231 923 3287 inﬁrmis
950 3232 1002 3285 in
1032 3245 1255 3299 corpore
1286 3230 1487 3299 positus
1516 3242 1671 3297 opem
1704 3242 1942 3281 commoo

360 3307 521 3358 davh.

428 3398 489 3451 C.
520 3396 608 3460 γη
639 3394 821 3449 Sancti
855 3392 1067 3448 Tanasii
1103 3390 1421 3462 presbyteri,
1453 3390 1701 3458 Ampodi,
1728 3388 1939 3462 Fausti,

362 3467 614 3523 Januarii.
651 3466 734 3532 V.,
762 3465 1011 3518 Marcelli.
1037 3463 1123 3530 C.,
1154 3462 1427 3517 Martiali»
1466 3462 1550 3524 D.,

360 3554 475 3593 sum
503 3530 859 3611 imetropolim
894 3544 1185 3611 martyrum
1222 3532 1502 3611 d_"i'ar_aci,
1563 3530 1716 3584 Probi
1748 3538 1802 3582 et
1820 3535 1941 3611 .An:

362 3610 606 3670 dronici,
674 3608 759 3675 qui
823 3604 1565 3675 persecutione;Diocletiani
1611 3604 1941 3675 triartyrizati

362 3689 505 3732 sunt.
540 3679 605 3733 A.
657 3672 744 3741 T.,
798 3672 970 3744 primo
1020 3678 1136 3729 loco
1166 3691 1180 3728 :
1210 3673 1265 3728 In
1321 3672 1826 3744 Antiochia_natale
1851 3672 1938 3744 Δ8.

362 3747 635 3803 Athanasii
662 3739 892 3817 episcopi
918 3787 933 3811 ,
987 3746 1210 3811 Eraclii,
1254 3757 1307 3799 et
1348 3744 1569 3817 Placidi.
1601 3742 1688 3817 T.,
1737 3739 1944 3817 lnMCof

365 3820 501 3873 lonia
533 3833 652 3888 qua":
696 3810 927 3888 vocatur
967 3810 1256 3885 Agrippina
1307 3829 1465 3882 super
1504 3813 1729 3888 _lluvi_ui_n
1770 3810 1943 3888 Rheni

363 3880 633 3943 natale-8.
668 3889 690 3916 °
723 3885 932 3942 Malusii
981 3880 1113 3940 cum
1139 3880 1261 3941 aliis
1294 3880 1546 3939 trecentis
1592 3883 1823 3952 triginta.
1852 3880 1940 3946 L.,

364 3961 548 4014 ultimo
578 3960 695 4014 loco
728 3976 739 4012 :
773 3956 837 4010 Et
864 3958 917 4011 in
948 3958 1224 4013 Antiochia
1274 3956 1448 4023 passio
1480 3954 1654 4008 Eracli
1703 3966 1755 4007 et
1809 3952 1933 4005 Pla-

1586 3463 1624 3513 A
1637 3442 1737 3528 ptid
1770 3442 1939 3512 Thar;
1970 3442 2015 3504 C

2308 2613 2802 2698 ln_f\ce_rvo.Si.cilize
2832 2620 3008 2698 natale
3027 2621 3634 2698 SS.Tbanasiipresby-

2044 2683 2163 2745 teri,
2197 2682 2418 2749 Placidi,
2451 2685 2730 2741 Marcialis.
2764 2690 3060 2745 Antiochia:
3090 2695 3264 2747 natale
3296 2695 3353 2749 S.
3377 2682 3628 2753 ll'eraclii.

2119 2800 2200 2856 12.
2221 2831 2289 2841 —
2314 2800 2381 2855 IV
2408 2804 2548 2859 lous.
2584 2805 2745 2861 Vacat
2771 2809 2943 2863 Basia.

2120 2893 2179 2947 Β.
2296 2894 2398 2973 9.,
2442 2895 2500 2973 ln_
2540 2897 2815 2973 Piovincia
2862 2904 3398 2973 Syrimsanctorum.
3434 2906 3495 2961 V.
3544 2907 3628 2970 B.,

2050 2963 2259 3044 βληθῇ,
2292 2964 2555 3044 Proseri.e_
2582 2965 2599 3037 [
2624 2968 2709 3044 B.,
2756 2963 3015 3044 Prosyria:
3042 2971 3083 3044 J.
3134 2974 3315 3030 Romae
3357 2963 3629 3034 C(elestlni

2050 3032 2162 3111 [B.,
2196 3035 2405 3111 Caelesti
2432 3036 2441 3106 ]
2466 3078 2484 3111 _.
2526 3032 2725 3111 Saturi.
2754 3042 2839 3100 (1.,
2885 3032 3070 3111 Evagri
3102 3054 3155 3098 et
3204 3047 3393 3101 Serim.
3452 3032 3631 3103 lioinze

2049 3105 2320 3186 Caelestis:
2349 3105 2439 3186 D.,
2466 3108 2521 3159 1n
2553 3107 2783 3178 [Egypto
2828 3113 2884 3166 S.
2924 3105 3146 3167 ltlustasii
3195 3119 3509 3186 presbyteri.
3544 3121 3625 3183 D.,

2049 3173 2202 3239 Apud
2246 3171 2873 3259 idl'ricaiii‘saiictorum
2923 3171 3292 3239 confessorem
3341 3171 3389 3240 et
3439 3171 3637 3259 marty:

2047 3246 2683 3323 ιςιιιῐιίιιιιιιιι-οι·ιτιίΙΙίυιηΔ
2711 3264 3097 3323 nongentorum
3132 3259 3471 3323 septuaginta
3510 3246 3626 3314 sei.

2049 3315 2114 3367 A.
2140 3314 2202 3367 Τ.
2232 3316 2313 3377 B.,
2350 3316 2399 3368 In
2431 3317 2715 3375 Campania
2743 3314 2915 3374 natale
2948 3322 3045 3376 SS.
3082 3314 3378 3379 Eticliarisvti
3412 3338 3463 3380 et
3496 3328 3622 3382 For-

2051 3387 2366 3461 innati.B.._
2409 3387 2693 3461 Prisciani.
2743 3391 2804 3444 A.
2850 3392 2937 3457 T.,
2982 3394 3163 3446 linum
3212 3396 3473 3461 depositio
3523 3398 3626 3452 SS.

2045 3455 2218 3533 Saturi
2244 3466 2296 3508 ct
2329 3455 2534 3512 Calisti.
2553 3458 2641 3533 T.,
2670 3460 2722 3511 In
2748 3455 2993 3515 Ravenna
3035 3465 3205 3518 natale
3231 3455 3295 3519 S.
3320 3467 3506 3521 Edisti.
3544 3468 3631 3533 L.,

2046 3526 2099 3604 in
2132 3526 2381 3604 Ravenna
2403 3531 2601 3604 _passio
2655 3532 2711 3604 8.
2745 3534 2776 3604 ’Β
2812 3533 2995 3604 l_£disti.
3028 3534 3089 3586 Et
3120 3533 3302 3588 Roma:
3361 3539 3536 3604 passio
3565 3526 3624 3593 S.

2045 3595 2245 3651 Saturi.
2280 3598 2365 3663 B.,
2402 3598 2629 3654 Diturice
2651 3602 2708 3656 S.
2744 3599 2771 3637 δ
2801 3602 3081 3671 Opinionis
3105 3595 3419 3676 presbytcii.

2120 3687 2293 3741 15.-
2327 3687 2389 3741 lll
2426 3689 2562 3745 lous.
2615 3691 2776 3747 Vacat
2803 3693 2978 3748 Brda.

2121 3808 2182 3864 V.
2207 3808 2293 3877 (1.,
2328 3809 2384 3864 In
2433 3812 2629 3882 Spania
2667 3812 2679 3851 ί
2720 3813 2917 3876 Fausti.
2944 3817 3173 3872 Marciae.
3206 3818 3367 3882 Alibi,
3388 3820 3604 3876 Adriani
3628 3863 3640 3876 .

2048 3878 2383 3959 éleaaiidrite
2423 3881 2723 3959 _Atlian_asii
2758 3887 3061 3959 ‘episcopi.
3126 3890 3207 3953 B.,
3262 3892 3314 3943 lu
3357 3878 3634 3959 vllispaniis

2041 3950 2285 4004 Gordoba
2334 3951 2546 4006 civitate
2594 3953 2770 4008 Fausti
2811 3950 2864 4009 et
2906 3950 3140 4013 illarcize.
3194 3950 3423 4014 Turonis
3464 3950 3631 4030 depo-

1753 4065 1962 4123 SMlTil
1998 4064 2221 4119 NOTAE.

436 4174 460 4201 θ
489 4162 714 4228 Eusebii,
759 4159 1009 4224 Heraclii,
1058 4158 1308 4229 Dionysii.
1356 4157 1415 4210 lli
1462 4158 1601 4226 passi
1644 4166 1791 4229 suntﬁ
1818 4173 1936 4213 cum

366 4235 616 4297 Venusto,
648 4232 976 4297 Crescentio,
1018 4239 1073 4284 et
1104 4228 1333 4294 Victore,
1372 4238 1429 4282 ut
1479 4238 1621 4295 patet
1647 4243 1713 4282 ex
1752 4228 1942 4283 liiero-

368 4307 514 4376 tiynii
535 4302 928 4376 blartyrologio.

2046 4156 2251 4228 biarugm
2285 4165 2542 4210 tormenta
2571 4158 2826 4228 perpessi.
2860 4158 2993 4212 aceti
3028 4167 3081 4213 et
3108 4157 3309 4228 sinapis
3331 4160 3382 4213 in
3410 4162 3627 4217 naribus

2048 4226 2313 4279 inlusione
2356 4226 2595 4298 cruciati,
2632 4239 2746 4297 post
2776 4228 3041 4284 obeliscos
3071 4226 3281 4298 ignitos,
3337 4240 3454 4297 post
3495 4246 3624 4285 con-

2051 4298 2182 4349 lixos
2209 4298 2369 4351 clavis
2399 4297 2612 4364 digitos,
2646 4310 2761 4367 post
2797 4300 3072 4353 oculorum
3099 4297 3271 4355 lumen
3297 4302 3625 4358 exstinctum

434 4378 459 4413 b
494 4367 722 4457 Malus-ii.
744 4367 840 4425 llic
868 4370 1060 4425 Xanthi
1086 4383 1271 4437 passus
1292 4378 1374 4423 est
1401 4382 1506 4421 una
1529 4383 1649 4421 cum
1665 4368 1941 4424 S.Victore
1972 4403 2022 4462 D
2048 4367 2420 4462 lingiianinqlue“
2441 4369 2977 4462 a‘lis-cissalmsuu'r‘sis-
3022 4370 3360 4462 et'_leoriitius
3399 4372 3619 4462 projecti

366 4455 418 4502 et
441 4448 618 4501 sociis.

438 4526 459 4553 ε
500 4514 755 4569 Venantii.
790 4512 956 4583 Hujus
1005 4511 1268 4583 depositio
1299 4508 1365 4583 ab
1391 4507 1638 4583 omnibus
1687 4510 1943 4583 Martyro-

365 4587 516 4656 logiis
548 4602 640 4640 xm
687 4586 771 4639 die
803 4579 1411 4656 liujusgmensisrectius
1440 4579 1770 4656 celebratur;
1829 4580 1938 4656 for:

367 4650 457 4711 sail
491 4659 646 4725 igitur
693 4656 849 4711 hodie
872 4650 1045 4714 iobiit,
1072 4663 1126 4725 et
1156 4651 1248 4725 il_lo
1290 4651 1391 4725 die
1422 4650 1680 4725 sepultus
1701 4661 1783 4704 est
1814 4668 1829 4703 ι
1858 4652 1940 4704 vel

367 4720 544 4780 forsan
577 4726 851 4779 translatio
879 4725 1055 4793 aliqua
1084 4724 1136 4775 in
1181 4721 1320 4774 hunc
1342 4720 1482 4793 diem
1523 4720 1740 4793 incidit;
1775 4736 1940 4774 sacra:

366 4808 539 4851 autem
570 4796 684 4865 ejus
734 4790 983 4863 reliquiae
1026 4804 1284 4860 tempore,
1336 4790 1790 4865 uticonjicimus,
1838 4806 1942 4859 quo

366 4860 680 4921 Nortmanni
711 4860 889 4919 omnia
938 4866 1303 4927 devastarunt,
1336 4860 1458 4914 inde
1499 4861 1766 4915 translata:
1796 4871 1940 4928 sunt,

366 4949 418 4991 et
439 4939 697 5007 deposita:
719 4935 1151 5007 apudCuvinium
1178 4934 1465 5007 νὶςιιιιιλὶιιῃ
1477 4946 1607 4999 pago
1629 4931 1943 5007 Loriiacensi

368 5000 530 5075 prope
557 5000 896 5070 Nauiurcum,
932 5005 1019 5059 ubi
1054 5003 1297 5057 monachi
1340 5001 1397 5057 S.
1429 5000 1676 5075 Germani
1709 5001 1944 5075 aiPratis

366 5072 515 5133 initio
544 5078 726 5131 smculi
772 5078 982 5138 decimi,
1015 5084 1149 5127 teste
1199 5084 1415 5126 auctore
1463 5072 1594 5125 Vita:
1632 5073 1688 5126 8.
1723 5072 1943 5125 (Serarui

368 5150 665 5211 Bociensis,
708 5166 727 5199 ι
767 5152 818 5202 in
849 5146 1090 5201 excubiis
1116 5146 1172 5199 8.
1206 5145 1410 5197 abbatis
1439 5142 1677 5196 Venantii
1707 5152 1876 5196 erant.
1920 5161 1938 5192 ι

366 5220 435 5272 At
475 5218 670 5273 Eodem
704 5219 899 5273 sarculo
941 5224 1200 5281 exeunte,
1244 5214 1467 5267 Cuvinio
1519 5215 1748 5268 exedere
1776 5212 1946 5266 coacti

368 5291 615 5345 monachi
668 5290 1060 5363 Cermanenses
1109 5285 1339 5363 Parisios
1368 5284 1704 5363 __retiierunt,
1764 5296 1944 5363 secum

367 5361 668 5415 deferentes
687 5361 934 5432 ejusdem
972 5358 1040 5432 li.
1073 5357 1280 5432 abbatis
1306 5354 1578 5423 reliquias,
1602 5369 1719 5432 qua;
1764 5354 1946 5432 hodie-

369 5448 471 5499 que
501 5433 550 5483 ιιι
583 5431 642 5485 8.
672 5423 921 5484 Germani
972 5428 1187 5481 basilica
1235 5439 1592 5499 asservantur.
1627 5424 1754 5478 Vide
1807 5423 1947 5477 infra

370 5508 435 5554 de
455 5503 566 5570 hoc
599 5503 747 5570 plura
778 5515 870 5554 xm
901 5500 1054 5562 hujus
1084 5498 1301 5570 mensis.

439 5568 464 5606 (ι
489 5564 693 5624 Ταγὰεὲ.
716 5571 816 5638 Qui
850 5569 1158 5624 Diocletiani
1193 5566 1563 5635 persecutione
1590 5564 1704 5638 sub
1719 5564 1947 5638 Maximo

373 5642 595 5711 prtcsiile
625 5634 837 5696 carcere
881 5640 1068 5714 puniti,
1102 5634 1280 5714 nervis
1306 5639 1452 5701 caesi,
1477 5637 1638 5714 testis
1677 5634 1946 5714 delricati,

371 5706 591 5768 ardente
623 5727 826 5783 papyro
852 5709 1053 5775 adUSti,
1106 5708 1440 5763 maxillarum
1472 5706 1757 5761 fracturam
1800 5713 1854 5759 et
1885 5706 1947 5759 ti-

2047 4446 2205 4513 _snnt_;
2240 4438 2333 4513 sed
2357 4452 2476 4492 cum
2520 4456 2547 4492 a
2580 4440 2718 4513 nulla
2749 4440 3034 4513 bestiarum
3068 4438 3411 4513 laederentur,
3451 4438 3623 4513 gladio

2043 4508 2266 4578 jugulati
2298 4519 2443 4563 sunt.
2477 4513 2612 4576 Atio,
2640 4510 2877 4565 Norat-zu.
2922 4512 3048 4565 Sun.
3081 4521 3209 4567 tom.
3239 4511 3305 4565 ν.

2122 4591 2144 4615 ο
2177 4578 2408 4632 Malusii.
2445 4582 2517 4633 De
2545 4583 2645 4633 hoc
2677 4580 2793 4635 vide
2821 4581 2959 4635 diem
2987 4582 3392 4648 pr:ccedentem.
3486 4600 3489 4603 δ

2121 4654 2140 4691 ἰ
2167 4650 2413 4715 Africam.
2452 4650 2512 4702 lli
2538 4651 2676 4717 passi
2702 4658 2826 4704 sunt
2849 4653 2898 4704 in
2933 4656 3297 4717 jicr.-ecutLone
3342 4649 3628 4707 Vanilalica

2044 4720 2143 4774 sub
2193 4720 2459 4773 llunerico
2491 4735 2615 4786 rege
2664 4722 2895 4781 Ariano;
2943 4722 3179 4789 quicum
3224 4730 3403 4775 essent
3434 4724 3624 4789 partim

2045 4789 2322 4858 episcopi,
2379 4790 2573 4859 partim
2625 4792 2919 4859 presbyteri
2968 4802 3021 4845 et
3044 4790 3253 4844 diaconi
3284 4832 3297 4852 .
3348 4791 3628 4847 associatis

2046 4857 2145 4913 sibi
2178 4861 2345 4911 turbis
2377 4857 2609 4913 lidelium
2658 4857 3004 4927 populorum,
3060 4876 3154 4927 pro
3201 4862 3510 4915 defensione
3540 4878 3629 4915 ca-

2050 4929 2261 4983 tholica:
2309 4931 2547 4983 veritatis
2581 4932 2629 4983 in
2677 4931 2843 4983 eremi
2872 4931 3114 4984 exsilium
3175 4932 3303 4985 trusi
3358 4941 3480 4984 sunt
3514 4949 3526 4983 :
3555 4947 3620 4987 ex

2046 5000 2240 5067 quibus
2269 4999 2505 5068 plurimi,
2526 5002 2649 5053 dum
2680 5001 2970 5056 crudeliter
2997 5015 3025 5053 a
3058 5001 3251 5054 Mauris
3279 5001 3625 5068 ducerentur,

2048 5070 2317 5123 hastilium
2345 5071 2649 5137 cu5pidibns
2692 5072 2756 5123 ad
2805 5072 3125 5124 currendum
3161 5073 3393 5138 impulsi,
3419 5083 3472 5125 et
3498 5072 3627 5139 lapi-

2048 5141 2204 5193 dibus
2244 5141 2407 5205 tonsi,
2438 5142 2526 5194 alii
2582 5142 2753 5209 ligatis
2802 5142 3023 5209 pedibus
3052 5142 3196 5195 velut
3224 5142 3483 5196 cadavera
3536 5158 3628 5208 per

2049 5211 2179 5263 dura
2212 5219 2265 5265 et
2294 5226 2481 5278 aspera
2523 5212 2636 5265 loca
2688 5214 2860 5276 tracti,
2903 5223 2956 5266 et
3002 5211 3222 5279 singulis
3252 5211 3501 5265 membris
3532 5213 3625 5266 de-

2048 5283 2240 5353 cerpti,
2273 5283 2337 5333 ad
2368 5291 2665 5353 estremum
2700 5284 2842 5336 varie
2888 5282 3142 5353 cruciati,
3176 5282 3487 5353 martyrium
3540 5298 3628 5338 ce-

2051 5352 2344 5406 lebrarunt.
2396 5352 2592 5406 Emum
2643 5353 2909 5407 cruciatus
2937 5352 3141 5421 plenius
3177 5352 3491 5422 prosccutus
3547 5366 3629 5407 est

2054 5424 2231 5475 Victor
2279 5422 2504 5476 Vitensis
2556 5424 2606 5475 in
2659 5424 2744 5477 lib.
2798 5423 2865 5477 de
2908 5423 3280 5478 l’ersecutione
3323 5423 3623 5477 Vandalica.

2123 5502 2147 5539 ε
2178 5491 2364 5565 Edisti.
2407 5493 2627 5565 llieron.
2671 5493 2828 5556 liuh.,
2858 5493 2990 5548 illst.
3033 5492 3238 5565 Raven.
3287 5493 3379 5547 lib.
3413 5508 3471 5560 ti,
3503 5509 3622 5565 pas-

2049 5580 2164 5619 sum
2190 5564 2328 5615 hunc
2355 5563 2542 5617 scribit
2564 5565 2613 5616 in
2644 5567 3009 5627 persecutione
3045 5563 3391 5620 Diocletiaua.

2123 5631 2147 5669 ιι
2184 5634 2473 5700 Upinionis.
2504 5633 2714 5687 Rectius
2735 5636 2973 5702 Opionis.

2130 5702 2144 5741 ί
2186 5703 2384 5760 lineali.
2417 5704 2511 5769 Qui
2548 5704 2718 5774 primo
2746 5706 2954 5776 equulei
2979 5719 3133 5777 poena
3163 5704 3406 5771 cruciati,
3430 5702 3625 5762 deinde
