4110 6448
458 275 591 331 1071

1186 277 1385 334 ΒΙΞΠᾸΞ
1428 279 1882 338 VENEIiABlLlS
1916 282 2063 338 OPP.
2106 279 2282 336 PARS
2323 282 2405 339 ἰν.
2451 315 2517 323 -
2558 284 2935 356 lltsmmca.

3592 291 3743 345 i073

1703 391 1932 446 EDITIO
1969 391 2444 449 COLONlENSlS.

456 483 684 550 apostoli
712 481 881 536 Pauli.
915 484 1065 550 Apud
1098 482 1360 537 Troadam
1394 484 1696 540 Antiochia:
1734 486 2038 554 Theoluhili,
2074 494 2115 546 Α
2148 488 2234 554 qui
2264 487 2315 571 in
2345 500 2562 540 carcere
2593 489 2781 542 eodem
2812 488 3014 557 positus
3045 490 3324 558 quemdam
3368 492 3596 549 militem
3628 511 3732 551 ηο-
3786 513 3811 555 ξ

459 575 547 642 qui
578 581 762 627 sextus
788 572 856 627 ab
895 573 1152 641 apostolis
1187 574 1437 629 Ecclesia:
1482 577 1815 644 pontificium
1848 578 2036 644 tenuit,

459 664 555 717 viri
593 662 961 717 eruditissimi.
997 662 1050 716 ln
1086 663 1352 733 llispaniis
1378 667 1556 720 natale
1597 667 1851 733 Faustini,
1878 670 2039 723 Marci

459 766 511 807 ct
543 754 741 807 Adrian
792 751 845 805 In
900 751 1253 807 Chalcedonia
1305 756 1564 812 Marcelli.
1616 758 1671 811 lu
1719 758 2039 811 Alexandria

460 847 632 899 natale
684 844 851 899 sauc:i
905 845 1168 899 Anastasii
1222 847 1459 914 episcopi
1508 856 1562 902 et
1589 849 1757 903 sancti
1787 848 2038 919 Lupeutii

462 936 777 1003 presbyteri,
811 945 863 989 et
892 936 1060 988 sancti
1092 935 1303 989 Ceraldi
1345 936 1689 993 confesspris.

528 1027 591 1083 G.
627 1030 773 1082 Pam.
811 1028 928 1082 IDUS
955 1030 1092 1082 Ocr.
1121 1057 1191 1069 --
1219 1029 1402 1082 Natale
1428 1031 1596 1085 sancti
1634 1032 1835 1086 Callisti
1869 1048 2037 1102 papm,

461 1120 551 1188 qui
582 1119 715 1173 sedit
750 1118 801 1172 in
833 1119 1142 1187 episcopatu
1169 1133 1338 1172 annos
1382 1130 1608 1185 septem,
1642 1137 1853 1177 menses
1883 1123 2038 1190 duos,

456 1212 569 1264 dies
601 1211 808 1264 decem.
859 1209 953 1262 llic
993 1209 1267 1262 constituit
1291 1207 1551 1277 jejunium
1582 1211 1669 1266 die
1700 1212 1917 1265 Sabhati
1964 1225 2043 1266 ter

463 1304 514 1353 in
546 1316 690 1354 anno
739 1300 874 1367 fieri,
911 1299 1185 1365 frumenti,
1214 1300 1321 1354 vini
1350 1311 1403 1355 et
1433 1302 1555 1369 olei,
1588 1304 1883 1359 secundum
1915 1320 2042 1374 pros

459 1392 710 1459 phetiam.
772 1392 871 1457 Qui
930 1395 1299 1458 persecutione
1351 1393 1643 1448 Alexandri
1699 1396 2039 1464 imperatoris

457 1486 655 1540 diutius
684 1486 823 1538 fame
848 1485 896 1537 in
921 1498 1138 1540 carcere
1161 1484 1453 1549 cruciatus,
1476 1496 1529 1539 et
1551 1485 1788 1555 quotidie
1812 1485 2038 1541 fustibus

453 1592 647 1640 caesus,
683 1592 776 1644 per
804 1576 1062 1629 visionem
1092 1592 1119 1627 a
1147 1576 1463 1646 presbytero
1494 1592 1593 1631 suo
1614 1575 1922 1646 Calepodio,
1947 1581 2036 1648 qui

455 1680 612 1724 antea
659 1671 970 1739 martyrium
1021 1680 1505 1739 Consummaverat,
1558 1671 1889 1727 confortatus
1927 1686 2031 1739 est,

2148 578 2293 631 mine
2322 577 2613 643 Privatum,
2641 580 2709 633 ab
2737 579 2973 635 ulcerum
2997 580 3184 636 dolore
3205 597 3267 636 ac
3293 582 3532 639 foeditate
3570 586 3732 641 simul

2145 677 2200 722 et
2232 669 2300 724 ab
2330 669 2643 725 inlidelitate
2675 672 2901 725 curavit.
2940 672 3089 740 Quod
3135 675 3362 730 audiens
3391 676 3727 746 Alexander.

2147 761 2316 827 ipsum
2347 762 2560 830 quidem
2589 761 2808 816 militem
2841 762 2964 815 fecit
2996 762 3282 833 plumbatis
3304 765 3558 831 deiicere,
3593 768 3727 823 bea-

2147 859 2255 903 tum
2285 865 2411 904 vero
2435 850 2713 905 Callistum
2739 868 2832 920 per
2859 853 3148 907 fenestram
3170 855 3361 909 domus
3385 859 3725 927 prtecipitari,

2144 951 2199 996 et
2227 943 2388 1011 ligato
2418 944 2481 996 ad
2509 945 2705 998 collum
2736 944 2853 1014 ejus
2897 960 3028 999 saxo
3059 946 3110 1000 in
3143 959 3359 1015 puteum
3388 948 3644 1022 demergi,
3669 964 3725 1007 et

2148 1034 2199 1087 in
2229 1052 2348 1087 t-nm
2381 1051 2476 1104 per
2507 1037 2700 1091 rudera
2729 1039 3009 1092 cunmlari.
3044 1040 3169 1095 Post
3193 1057 3318 1096 vero
3339 1042 3454 1097 dies
3476 1052 3727 1111 quatuor-

2144 1126 2315 1180 decim
2348 1127 2624 1197 presbyter
2653 1128 2771 1198 ejus
2821 1131 3087 1195 Asterius,
3132 1147 3255 1186 cum
3309 1132 3518 1187 clericis
3564 1145 3723 1189 noctu

2150 1220 2369 1273 veniens
2391 1220 2590 1275 levavit
2615 1235 2828 1291 corpus,
2854 1230 2909 1276 et
2931 1223 3181 1293 sepelivit
3208 1224 3262 1278 in
3288 1227 3598 1280 cmmeterio
3621 1226 3722 1281 Ca-

2144 1310 2361 1380 lepodii.
2382 1311 2628 1365 Corduba
2653 1312 2705 1365 in
2729 1313 2944 1368 civitate
2965 1314 3131 1368 sancti
3157 1313 3288 1384 Lupi
3311 1314 3557 1372 Aurelia.
3579 1315 3721 1386 Lug-

2143 1401 2285 1455 duuo
2311 1402 2495 1457 Galliae
2527 1405 2779 1457 transitus
2809 1406 2977 1459 sancti
3006 1405 3140 1460 διιέιὶ
3193 1406 3247 1459 in
3291 1421 3489 1461 eremo.
3523 1407 3717 1463 Eodem

2142 1494 2229 1549 die
2280 1498 2553 1552 translatio
2606 1499 2772 1553 sancti
2814 1499 3104 1553 Burchardi
3147 1500 3381 1569 episeOpi
3412 1509 3467 1556 et
3508 1501 3716 1557 confes-

2142 1591 2300 1645 soris.

2210 1686 2277 1737 Δ.
2308 1683 2425 1739 lpus
2452 1685 2586 1741 Ocr.
2614 1715 2685 1726 --—
2713 1686 2767 1741 ln
2796 1686 2969 1742 Gallia
2997 1687 3134 1757 apud
3174 1686 3447 1742 Coloniam
3481 1689 3717 1760 Agrippi-

1687 1765 1913 1821 EDlTlO
1953 1768 2460 1832 BOLLANDIANA.

460 1855 669 1930 sitias.
706 1864 732 1889 ⁸
778 1854 1069 1930 Venantii“
1096 1857 1301 1930 abbatis
1350 1866 1424 1930 et
1452 1858 1793 1930 confessoris.
1859 1860 1944 1923 D.,
1976 1862 2033 1916 8.
2067 1872 2114 1930 Β

458 1928 482 1962 δ
518 1925 789 1994 l'olycarpi
822 1924 1069 1994 dismpuli
1108 1926 1258 1978 Pauli
1294 1929 1429 1994 apud
1471 1928 1754 1981 Troadem.
1790 1930 1846 1982 Β.
1880 1931 1944 1983 A.
1971 1932 2031 1987 Τ.

453 1996 548 2055 ι...
602 1995 924 2048 Calcedonia
968 1997 1141 2049 natale
1188 2007 1493 2050 sanctorum
1543 1999 1784 2060 Adriani.
1835 2000 2035 2054 Janua-

451 2066 512 2118 rii
538 2069 548 2136 ι
575 2063 634 2119 Β.
662 2082 763 2138 om.
787 2065 1021 2138 Januarii
1044 2064 1085 2137 ],
1111 2077 1161 2138 et
1198 2068 1455 2138 Marcelli.
1480 2069 1543 2120 Τ.
1578 2069 1665 2125 Ι...
1699 2070 1749 2121 lu
1779 2070 2036 2138 llispania

457 2135 634 2207 bas‘sio
683 2135 781 2189 88.
829 2136 1003 2188 Famti
1044 2135 1103 2190 et
1134 2137 1358 2193 Rustici.
1389 2138 1486 2204 T.,
1516 2142 1688 2207 primo
1718 2141 1834 2195 loco
1863 2135 2038 2197 natale

447 2209 505 2260 ὃ.
533 2217 553 2244 ε
584 2205 796 2261 Geruldi
829 2208 1169 2261 cuulessuris.

525 2296 615 2352 H.
649 2328 721 2340 —
752 2297 792 2352 ll
826 2298 964 2352 lous.
1014 2296 1201 2353 Natale
1224 2298 1286 2354 8.
1318 2296 1345 2337 ἀ
1372 2297 1562 2354 Calixti
1622 2316 1770 2371 papa:
1794 2342 1809 2367 ,
1842 2302 1931 2372 qui
1980 2302 2033 2358 in

452 2389 828 2457 persecutione
880 2389 1168 2444 Alexandri
1227 2390 1567 2460 imperatoris
1637 2392 1836 2445 diutius
1893 2392 2033 2447 fame

447 2485 714 2540 cruciatus
763 2493 815 2538 et
864 2482 1102 2553 quotidie
1148 2482 1377 2541 fustibus
1421 2497 1615 2551 ca'sus,
1648 2499 1741 2551 per
1771 2485 2029 2538 visionem

446 2590 475 2630 a
508 2577 821 2646 presbytero
851 2589 948 2629 suo
999 2574 1326 2644 Calepodio,
1379 2576 1467 2643 qui
1499 2586 1654 2631 antea
1712 2578 2029 2647 martyrium

446 2675 936 2731 consummaverat,
968 2663 1300 2719 confortatus
1330 2675 1383 2718 et
1413 2666 1722 2719 consolatus
1769 2675 1852 2719 est
1884 2681 1899 2719 :
1938 2666 2030 2734 qui

446 2761 502 2814 in
532 2773 750 2813 carcere
779 2759 970 2813 eodem
1002 2758 1207 2827 positus
1228 2757 1514 2827 quemdam
1546 2758 1792 2823 militem,
1819 2757 2033 2813 nomine

449 2852 746 2916 Privatum,
769 2851 837 2905 ab
866 2849 1103 2905 ulcerum
1126 2849 1314 2904 dolore
1344 2866 1407 2905 ac
1436 2850 1673 2906 foeditate
1698 2848 1855 2903 simul
1884 2848 2031 2904 etab

447 2942 762 2998 infidelitate
789 2940 1014 2997 cnravit.
1047 2939 1200 3007 Quod
1232 2940 1454 2994 audiens
1500 2940 1824 3007 Alexander,
1851 2938 2024 3006 ipsum

449 3033 661 3103 quidem
710 3031 930 3086 militem
977 3032 1100 3086 fecit
1144 3031 1430 3101 plumbatis
1482 3032 1715 3088 deiicere
1757 3049 1770 3085 :
1815 3031 2026 3086 beatum

2148 1904 2269 1943 vero
2311 1890 2565 1945 Calistnm
2620 1906 2716 1960 per
2768 1893 3057 1947 fenestram
3116 1893 3310 1947 domus
3360 1896 3711 1964 przecipitari:

2141 1988 2194 2032 et
2223 1978 2383 2048 ligato
2412 1980 2475 2032 ad
2510 1980 2706 2034 collum
2753 1980 2867 2048 ejus
2913 1995 3049 2035 saxo
3092 1981 3143 2034 in
3193 1991 3409 2051 puteum
3458 1984 3714 2053 tlemrrgi,

2140 2079 2194 2123 et
2247 2070 2297 2123 in
2331 2085 2451 2124 eum
2504 2086 2599 2138 per
2655 2071 2848 2127 rudera
2903 2073 3189 2127 cumulari.
3249 2073 3375 2128 Post
3424 2075 3536 2128 dies
3588 2091 3714 2130 vero

2140 2162 2526 2230 septemdecim
2559 2165 2841 2235 presbyter
2869 2164 2986 2234 ejus
3016 2166 3258 2221 Asterius
3284 2210 3299 2234 ,
3348 2182 3465 2221 cum
3510 2167 3714 2221 clericis

2144 2265 2299 2309 noctu
2333 2257 2575 2323 veniens,
2609 2256 2814 2311 levavit
2844 2272 3059 2327 corpus,
3091 2268 3143 2311 et
3175 2258 3415 2327 sepelivit
3442 2257 3493 2313 in
3523 2273 3716 2314 cmme-

2140 2347 2276 2401 terio
2305 2348 2602 2417 Calepodii.
2650 2346 2830 2404 Pridie
2872 2349 2992 2403 ldus
3036 2349 3280 2405 Octobris
3311 2348 3399 2423 [0.
3431 2362 3477 2405 et
3517 2350 3579 2405 ll.
3609 2367 3712 2407 om.

2137 2434 2344 2501 Pridie,
2370 2446 2473 2491 etc.
2493 2436 2535 2509 ].

2206 2525 2366 2580 Addit
2390 2525 2453 2580 V.
2475 2526 2561 2593 C.,
2593 2527 2683 2583 Sic
2707 2530 2856 2586 ohiit.

2206 2595 2297 2671 Α2
2334 2596 2532 2671 Eodem
2564 2600 2652 2671 die
2680 2600 2948 2671 depositio
2980 2599 3037 2671 S.
3068 2602 3091 2631 ε
3120 2597 3399 2671 Donatiani
3454 2601 3707 2671 episcOpi.

2137 2663 2223 2733 Β..
2255 2666 2499 2722 Corduba
2531 2663 2764 2724 civitale'
2780 2670 2956 2725 natale
2985 2670 3081 2727 SS.
3116 2670 3247 2741 Lupi
3276 2681 3331 2727 et
3362 2663 3608 2728 Aureliae.

2212 2777 2295 2833 15.
2315 2808 2384 2817 -
2407 2778 2598 2833 luteus.
2638 2779 2801 2834 Vacat
2830 2780 3007 2835 Baeda.

2210 2867 2297 2931 V.,
2328 2868 2644 2922 Sanctorum
2684 2869 2983 2924 Maurorum
3018 2869 3085 2923 de
3127 2866 3147 2907 τ
3172 2869 3424 2923 militibus
3452 2880 3501 2925 et
3523 2870 3581 2925 S.
3614 2870 3714 2925 Le-

2132 2938 2319 3009 gadire.
2371 2939 2468 2992 Ast
2511 2938 2599 3003 (2.,
2636 2938 2710 3009 De
2750 2941 3002 2994 militibus
3049 2951 3096 2994 et
3146 2942 3203 2993 8.
3257 2940 3435 2995 Gaidze
3475 2942 3710 3009 virginis.

2138 3009 2225 3073 D.,
2249 3008 2524 3064 Trausitus
2541 3008 2597 3064 8.
2616 3011 2641 3049 Β
2667 3008 2800 3064 Justi
2825 3011 2876 3066 in
2898 3025 3101 3075 eremo,
3134 3010 3491 3082 Lugdunensis
3513 3008 3713 3080 episco-

1832 3120 2041 3177 SMITII
2081 3117 2312 3174 NOTAE.

449 3212 750 3280 superciliis
782 3209 934 3273 rasi:,
961 3209 1204 3263 dentibus
1232 3208 1451 3274 evulsis,
1483 3209 1700 3263 auribus
1730 3226 1942 3280 quoque
1971 3222 2025 3266 et
2054 3215 2100 3278 ρ
2131 3212 2298 3265 sentis
2340 3219 2397 3264 et
2430 3207 2683 3280 Extrieati
2702 3208 2990 3280 consulatu
3024 3207 3212 3280 notati.
3245 3207 3629 3276 Papebrocbius
3659 3213 3712 3266 in

450 3284 667 3336 naribus
698 3284 958 3349 prazcisis,
984 3282 1117 3352 ignis
1154 3280 1398 3347 passione
1428 3280 1745 3352 martyrium
1779 3297 2026 3337 consum-

449 3362 682 3408 marunt.
717 3352 877 3406 Pera.
905 3367 972 3404 pr.
1001 3350 1205 3405 NATAL.

528 3434 553 3460 η
592 3422 853 3476 Venantii.
904 3422 1002 3476 llic
1058 3421 1273 3490 Biturigi
1329 3419 1580 3475 territorii
1640 3421 1810 3475 incola
1869 3421 2022 3477 fuit:

449 3494 664 3565 juvenili
695 3503 851 3565 :etate
894 3507 923 3545 a
964 3491 1269 3565 parentibus
1298 3491 1531 3558 Sponsali
1573 3491 1789 3565 vinculo
1819 3493 2028 3563 obliga-

455 3561 899 3618 tus.'l‘uronica'm
958 3576 1084 3616 vero
1138 3561 1322 3616 urbem
1370 3565 1590 3615 veniens
1639 3571 1693 3615 et
1722 3561 2026 3618 virtutes-8.

454 3633 664 3687 Martini
694 3647 942 3697 cernens,
972 3632 1226 3697 relinquit
1271 3646 1543 3700 spumam,
1590 3631 1913 3701 advenitque
1958 3635 2024 3688 ad

453 3706 711 3760 Silviuum
770 3703 1013 3756 abbatem
1075 3701 1381 3754 monasterii
1434 3703 1491 3757 S.
1541 3702 1748 3755 Martini
1800 3703 2028 3757 basilica:

452 3775 754 3842 propinqui,
799 3771 886 3840 qui
919 3786 1037 3824 eum
1092 3771 1323 3825 totondit
1359 3780 1412 3823 et
1460 3774 1601 3840 gregi
1661 3773 2023 3827 monasteriali

451 3841 641 3898 ascivit
672 3857 689 3897 :
717 3844 1008 3895 decedente
1059 3850 1235 3913 autem
1293 3842 1501 3905 abbate,
1554 3844 1666 3907 ipse
1697 3841 1749 3895 in
1803 3842 1920 3913 ejus
1952 3844 2029 3897 lo-

453 3930 574 3966 eum
641 3912 961 3980 eligentibus
1014 3911 1262 3965 fratribus
1319 3913 1636 3965 substitutus
1690 3920 1790 3965 est.
1836 3911 2022 3969 Cum.

453 3985 662 4038 Tenos.
693 3984 742 4036 iu
795 3981 899 4036 Vit.
935 3982 1101 4042 Pam,
1134 3997 1252 4047 cap.
1299 3980 1383 4035 16.
1414 3982 1555 4036 υὶ)ἰ.ι
1597 3981 1745 4047 juxta
1777 3983 2025 4038 Ghiuiutu

453 4057 746 4109 Senensent
768 4053 910 4122 circa
940 4070 1031 4106 an.
1060 4051 1185 4105 425.
1209 4053 1366 4108 Juxta
1406 4053 1566 4122 Greg.
1595 4051 1796 4107 Turon.
1831 4054 1882 4106 in
1932 4055 2024 4112 lib.

452 4126 520 4178 de
557 4123 706 4179 Glor.
735 4120 890 4178 tionf.
923 4139 991 4179 xv
1012 4164 1028 4190 ,
1072 4123 1208 4177 haud
1263 4123 1445 4193 procul
1472 4138 1500 4176 a
1522 4120 1765 4178 'basilica
1799 4124 1860 4179 Β.
1893 4126 2033 4179 Mar-

455 4194 549 4249 tini
575 4195 874 4263 requiescit.

531 4264 557 4303 δ
594 4262 884 4334 Petycarpi.
921 4262 1105 4317 Melius
1128 4262 1305 4329 Carpi.
1338 4263 1503 4329 Quem
1527 4262 1699 4317 ferunt
1721 4278 1783 4317 ex
1807 4279 2030 4321 numero

455 4335 524 4389 72
561 4336 755 4389 Christi
809 4334 1189 4399 discipulorum
1239 4334 1429 4395 fuisse,
1472 4342 1525 4386 et
1565 4334 1871 4401 episcopum
1931 4336 2029 4389 Be-

456 4421 712 4460 raaeusem
743 4403 795 4456 in
826 4402 1163 4466 Macedonia;
1215 4418 1331 4470 qu:e
1362 4405 1487 4456 urbs
1530 4403 1726 4457 distare
1755 4404 1964 4458 videtur
2000 4420 2027 4457 a

2130 3282 2335 3336 Conatu
2375 3277 2911 3334 chronico-hi~toriro
2958 3279 3231 3332 contendit
3268 3280 3408 3345 quod
3455 3282 3569 3335 dies
3618 3296 3711 3334 xxv

2131 3353 2321 3406 Octob.
2366 3350 2437 3403 sit
2466 3349 2763 3408 mortualis.
2796 3364 2900 3401 non
2958 3348 3074 3403 dies
3117 3349 3437 3417 sepulturae;
3486 3359 3538 3404 et
3582 3352 3712 3404 citat

2134 3420 2442 3490 Hieronymi
2497 3418 2954 3490 Martyrologium,
3004 3418 3196 3490 inquo
3250 3419 3375 3475 licet
3416 3420 3715 3473 scribantur

2136 3493 2248 3546 haec
2275 3489 2436 3545 verba
2470 3508 2484 3545 :
2519 3508 2537 3541 ι
2575 3489 2756 3544 Bonna:
2785 3490 2867 3543 via
2898 3489 3109 3545 Aurelia
3140 3490 3190 3541 in
3222 3493 3525 3545 cmmeterio
3553 3490 3710 3544 Cale-

2134 3563 2273 3630 podii
2303 3560 2505 3615 Callisti
2552 3560 2818 3630 episcopi,
2870 3578 2888 3611 ι
2925 3570 3099 3612 tamen
3151 3559 3537 3630 Papebrochius
3583 3562 3711 3613 sub-

2132 3628 2246 3686 dit:
2284 3650 2303 3684 ι
2340 3632 2444 3686 Sed
2480 3640 2697 3699 propter
2744 3628 2843 3683 hoc
2890 3644 2985 3681 nos
3015 3628 3169 3682 formi
3194 3634 3301 3684 lare
3347 3646 3449 3684 non
3492 3630 3708 3695 debere,

2132 3717 2199 3756 ne
2226 3703 2448 3756 aliorttm
2467 3703 2649 3763 etiam,
2681 3715 2903 3766 quorum
2935 3703 3067 3754 Acta
3102 3714 3204 3752 non
3227 3710 3455 3765 exstant,
3482 3700 3594 3754 dies
3614 3716 3712 3755 no-

2138 3772 2229 3826 tati
2262 3773 2311 3826 in
2343 3772 2485 3825 dicto
2505 3769 2883 3841 Martyrologiu
2913 3784 3014 3841 non
3062 3770 3164 3822 sint
3193 3772 3649 3841 Vererntortuales.
3683 3789 3703 3821 ι

2134 3844 2201 3895 At
2232 3857 2529 3911 perperam.
2562 3841 2617 3911 Si
2648 3840 2787 3894 enim
2815 3844 2864 3896 in
2896 3840 3272 3911 Martyrologio
3300 3840 3713 3910 llierouymiano

2131 3910 2247 3967 dies
2289 3911 2536 3966 obitualis
2584 3910 2789 3964 Callisti
2836 3921 3021 3965 notare
3048 3926 3129 3974 ur,
3189 3925 3291 3964 non
3336 3912 3399 3966 ad
3447 3911 3584 3965 diem
3617 3926 3708 3964 xiv

2132 3981 2346 4046 Octob.,
2396 3982 2489 4036 sed
2546 3981 2611 4035 ad
2670 3981 2812 4037 diem
2872 3995 3033 4034 xxvtu
3083 3981 3357 4046 Septemb.
3407 3980 3464 4034 8.
3506 3980 3708 4035 Callisti

2134 4055 2399 4122 depositio
2436 4062 2843 4117 memoraretur,
2878 4065 2997 4103 cum
3028 4065 3094 4104 eo
3139 4051 3225 4104 die
3272 4052 3511 4122 martyrii
3543 4053 3707 4121 gloria

2133 4120 2440 4189 coronatus,
2475 4132 2531 4177 et
2575 4137 2663 4177 xtv
2707 4123 2954 4178 Octobris
3004 4131 3161 4175 teme
3212 4120 3492 4175 mandatus
3516 4120 3708 4177 fuerat.

2138 4196 2216 4248 Ex
2250 4196 2353 4248 hoc
2403 4192 2584 4261 itaque
2637 4193 2865 4262 aliisque
2898 4192 3030 4246 locis
3070 4190 3263 4259 passim
3304 4191 3614 4262 referendis,
3649 4192 3713 4245 li-

2135 4275 2283 4335 quet,
2305 4265 2358 4317 in
2379 4261 3308 4335 Martyrologiojlierunymianonon
3323 4276 3543 4335 semper
3569 4261 3708 4335 diem

2134 4329 2320 4390 mortis
2349 4329 2555 4398 notari,
2598 4329 2723 4389 licet
2758 4329 3147 4400 Papebrocliius
3177 4329 3291 4385 dies
3320 4332 3371 4385 in
3398 4345 3463 4386 eo
3494 4331 3713 4399 inscrip-

2138 4416 2222 4458 tos
2246 4404 2313 4459 de
2338 4402 2645 4473 pontificum
2675 4403 2938 4457 natalibus
2985 4415 3195 4467 semper
3233 4402 3571 4473 explicandas
3599 4406 3729 4473 exi:

456 4474 832 4530 Thessalonica
862 4474 926 4525 ad
959 4472 1199 4543 milliaria
1232 4472 1322 4538 50,
1352 4472 1436 4524 ubi
1485 4483 1539 4526 et
1582 4472 1641 4527 S.
1670 4474 1860 4526 Paulus
1891 4490 2024 4542 praa-
2057 4482 2104 4542 ο
2129 4471 2653 4543 ειὶηιθιζΑειιιιηιίιιε
2670 4472 3210 4539 sanetiexsmntapud
3230 4471 3441 4543 Surium
3456 4471 3708 4526 tom.Vll.

454 4547 671 4609 dicavit,
723 4558 783 4596 ac
811 4545 972 4597 etiam
1023 4542 1283 4596 Troadem
1315 4543 1463 4609 adiit,
1508 4554 1558 4598 et
1587 4544 1724 4611 apud
1775 4548 2022 4598 eumdem

456 4618 513 4671 S.
548 4615 775 4683 Carpum
810 4614 1052 4681 penulam
1076 4613 1305 4680 reliquit.

528 4692 551 4719 ο
579 4682 809 4739 smmi.
844 4684 917 4738 De
948 4684 1045 4736 hoc
1068 4686 1143 4737 sic
1173 4683 1355 4738 scribit
1386 4682 1656 4737 Ferrarius
1684 4686 1733 4738 in
1778 4684 2031 4753 Catalogo

455 4756 686 4824 generali
718 4771 734 4810 :
771 4773 788 4805 ι
820 4753 1085 4809 Aureliaci
1120 4754 1169 4806 in
1196 4754 1360 4807 Gallia
1387 4756 1444 4809 8.
1487 4753 1695 4810 Ceraldi
1750 4757 2031 4810 confesso-

454 4827 547 4881 ris.
586 4843 606 4879 ι
645 4824 691 4878 ls
721 4825 857 4879 inter
903 4824 1172 4878 Arvernos
1210 4825 1573 4880 nobilissimus
1607 4826 1871 4879 Aureliaci
1905 4827 2032 4879 baro

458 4898 577 4963 fuit,
607 4906 762 4949 natus
784 4893 972 4949 eodem
1000 4909 1142 4947 anno
1161 4910 1267 4964 quo
1298 4895 1518 4948 Carolus
1549 4894 1738 4948 Calvtts
1768 4897 1815 4948 iu
1853 4912 2028 4964 regem

457 4966 764 5021 Lemovicas
813 4972 1000 5018 unctus
1044 4974 1144 5026 est,
1176 4963 1275 5017 hoc
1303 4975 1384 5018 est
1411 4979 1551 5018 anno
1576 4964 1701 5018 858.
1730 4967 1823 5020 llic
1859 4972 2032 5020 Aurea

456 5038 573 5091 liaci
614 5036 773 5090 etiam
828 5034 1206 5087 monasterium
1253 5036 1363 5089 Deo
1407 5046 1459 5088 et
1506 5036 1561 5089 8.
1596 5034 1755 5087 Petro
1798 5035 2029 5090 dicatum

453 5106 754 5173 exstruxit,
785 5105 1034 5157 omnibus
1061 5104 1213 5157 bonis
1255 5106 1366 5157 suis
1418 5105 1492 5157 illi
1540 5104 1770 5159 donatis.
1822 5106 2032 5171 Septies

456 5177 677 5231 Romam
726 5175 995 5246 religionis
1050 5188 1178 5241 ergo
1234 5175 1537 5246 profectus,
1579 5182 1803 5246 tandem
1857 5177 2032 5229 clarus

456 5246 725 5301 miraculis
747 5244 885 5300 circa
914 5260 1004 5298 an.
1049 5246 1151 5297 882
1177 5258 1207 5297 e
1233 5244 1339 5297 vita
1372 5245 1643 5311 migravit,
1692 5254 1745 5298 et
1789 5248 2031 5314 sepultus

456 5330 534 5370 est
574 5321 623 5371 in
671 5316 994 5370 monasterio
1025 5314 1081 5368 S.
1130 5314 1271 5367 Petri
1325 5315 1463 5382 quod
1498 5320 1610 5376 ipse
1653 5315 2029 5372 :edilicaverat.

460 5387 650 5441 Lanam
684 5390 817 5441 Bibl.
850 5385 1005 5450 Nov.,
1037 5394 1165 5437 tom.
1201 5384 1272 5445 ΙΙ,
1305 5399 1356 5453 p.
1389 5384 1645 5438 ‘27l-“27‘2.

529 5455 552 5493 ά
605 5457 811 5511 Calixti.
863 5455 957 5509 llic
1009 5469 1150 5508 anno
1197 5454 1305 5507 “222
1345 5456 1409 5507 ad
1465 5457 1627 5508 Deum
1678 5454 1945 5524 migravit.
1976 5454 2032 5510 In

455 5527 719 5581 Chronico
765 5528 904 5580 enim
952 5525 1162 5579 Damasi
1224 5524 1413 5592 legitur
1445 5544 1457 5576 :
1489 5542 1508 5575 ι
1562 5524 1816 5580 Callistus
1863 5541 2033 5580 annos

458 5612 717 5666 quinque,
752 5611 964 5650 menses
987 5595 1152 5666 duros,
1186 5595 1301 5648 dies
1330 5597 1536 5666 decem.
1565 5594 1682 5649 Fuit
1711 5599 2034 5663 temporibus

459 5665 676 5722 Macrini
731 5674 785 5719 et
828 5665 1198 5734 Heliogabali,
1271 5679 1301 5716 a
1344 5665 1621 5719 consulatu
1674 5667 1927 5721 Antonini
1981 5677 2037 5721 et

460 5736 710 5805 Adventi,
740 5749 905 5800 usque
932 5734 1199 5788 Antonino
1220 5749 1275 5787 ιιι
1294 5775 1309 5797 ,
1339 5746 1392 5787 et
1421 5734 1744 5805 Alettandro.
1800 5754 1817 5786 ι
1855 5734 2036 5789 Ponti-

464 5803 703 5864 llcatutn'
730 5805 921 5865 inierat
940 5806 1025 5861 die
1054 5819 1182 5860 xvnt
1205 5805 1400 5860 mensis
1427 5803 1551 5859 Julii
1580 5807 1704 5861 anni
1727 5805 1854 5875 217,
1889 5806 2034 5862 Prte-

2205 4554 2229 4582 ο
2265 4542 2673 4600 Donatiaui.llic
2690 4545 2876 4613 Brugis
2906 4542 3371 4613 maximeicolitur.
3398 4542 3515 4613 Fuit
3534 4550 3708 4597 autem

2132 4614 2389 4682 septimus
2407 4611 2842 4684 archiepiscopus
2866 4612 3214 4684 Rhetneusis;
3243 4627 3271 4666 a
3298 4611 3511 4684 R_bemis
3533 4623 3707 4665 autem

2131 4681 2205 4740 ad
2227 4686 2428 4756 Brugas
2458 4685 2574 4753 ejus
2593 4681 2794 4751 corpus
2827 4683 3140 4756 translatum
3179 4681 3710 4756 est._i'l‘raoslationes

2131 4756 2249 4821 ejus
2275 4752 2584 4811 recoluntur
2614 4771 2713 4808 xxx
2748 4754 2967 4821 Augusti
3014 4762 3068 4805 et
3121 4755 3235 4821 ipso
3258 4754 3344 4807 die
3382 4752 3708 4820 Epiphaniae.

2134 4826 2315 4881 Primo
2332 4842 2362 4880 e
2380 4826 2564 4881 Galliis
2582 4826 2821 4891 reliquiae
2850 4825 2966 4895 ejus
2987 4823 3174 4895 delatae
3205 4831 3327 4877 sunt
3350 4837 3488 4877 anno
3511 4822 3615 4877 865
3634 4821 3712 4895 ad

2131 4897 2443 4950 Turlioltum
2495 4895 2896 4960 monasterium,
2930 4893 3123 4964 deinde
3159 4907 3281 4948 cum
3308 4907 3524 4964 magna
3566 4893 3705 4964 cete-

2135 4968 2326 5021 britate
2380 4967 2447 5021 ad
2502 4965 2702 5034 Brugas
2735 4972 2947 5033 portum
2982 4963 3138 5034 jussu
3192 4961 3440 5017 llalduint
3485 4961 3708 5027 Ferrei,

2134 5036 2400 5091 Flaudria:
2455 5033 2796 5089 marcliionis.
2829 5033 3012 5089 Postea
3048 5033 3234 5103 Brugis
3264 5048 3412 5103 sacra
3464 5035 3579 5097 ejus
3623 5033 3706 5101 pi-

2134 5122 2296 5178 gnora
2350 5107 2604 5178 translata
2654 5113 2791 5178 sunt
2830 5120 2897 5160 ex
2930 5106 3091 5178 veteri
3118 5103 3312 5159 scrinio
3353 5102 3612 5178 in_aliud,
3658 5112 3713 5178 et

2134 5173 2448 5247 Subscriptae
2499 5175 2689 5230 littera:
2738 5175 2931 5247 Ehouis
2979 5173 3707 5247 libemorumarchiepiscOpi

2136 5250 2203 5302 de
2254 5244 2360 5302 hoc
2409 5256 2595 5300 sancto
2625 5255 2747 5300 sunt
2788 5246 3014 5299 inventae
3067 5247 3117 5298 in
3152 5244 3313 5314 priori
3358 5244 3556 5298 scrinio
3583 5257 3704 5314 cum

2134 5330 2380 5386 corpore.
2429 5319 2572 5383 Quas
2608 5316 2751 5382 ipsas
2798 5315 3039 5386 nonnulli
3089 5313 3431 5386 inSpexerunt
3474 5317 3525 5368 in
3557 5313 3707 5386 tertia

2136 5383 2520 5452 translatione,
2573 5402 2733 5455 quam
2793 5383 2918 5439 fecit
2965 5385 3154 5440 Petrus
3198 5385 3448 5455 Curtius,
3478 5385 3709 5455 primus

2139 5460 2432 5525 Brngarum
2486 5453 2677 5523 prresul
2700 5496 2716 5524 ,
2742 5470 2883 5511 anno
2915 5455 3074 5512 1502.
3108 5457 3360 5510 Mouaus
3391 5454 3443 5509 in
3475 5453 3708 5509 indiculo

2136 5529 2203 5582 tle
2231 5529 2438 5583 Sanctis
2470 5528 2651 5596 Belgii.

2214 5603 2233 5642 τ
2269 5597 2541 5652 Militibus.
2563 5592 2799 5652 'Scilieet
2846 5593 3070 5666 legionis
3099 5594 3469 5650 'l'hebteorum.
3512 5592 3707 5647 florum

2138 5667 2188 5738 in
2240 5682 2462 5722 numero
2500 5668 2868 5738 Martyrologia
2917 5667 3255 5738 discrepant,
3317 5667 3557 5738 quaedam
3614 5675 3709 5715 eos

2139 5737 2303 5792 fuisse
2334 5753 2554 5792 numero
2587 5734 2786 5791 tantum
2827 5740 2916 5800 50,
2946 5736 3047 5790 alia
3079 5734 3204 5800 560,
3238 5736 3505 5789 testantia.

2214 5814 2237 5891 εξ
2267 5806 2425 5862 Justi.
2458 5808 2533 5864 De
2559 5811 2660 5864 hoc
2688 5808 2935 5869 superius
2964 5806 3087 5864 vide
3114 5808 3203 5865 die
3229 5819 3267 5862 ιι
3294 5803 3566 5869 Septemb.
3600 5801 3698 5857 ilic
