4110 6448
376 360 512 421 1073

1503 366 1696 425 SECT.
1743 367 1801 421 ll.
1843 400 1913 412 -
1952 367 2517 432 MARTVROLOGIA.

3519 379 3650 433 ίῖὶτι

1621 477 1847 533 ΕΒΙἸΊΟ
1886 478 2350 534 COLUNIENSIS.

373 584 495 623 nam
525 577 828 624 sanctorum
863 570 1168 625 Maurorum
1225 571 1291 627 de
1340 572 1621 639 militibus,
1656 575 1742 640 qui
1775 589 1840 628 ex
1871 573 1954 626 illa
1987 577 2033 634 Α
2068 572 2194 626 itetn
2227 574 2486 640 lleronis,
2519 575 2604 642 qui
2647 585 2764 643 post
2812 576 3026 631 beatum
3072 575 3327 646 lgnatiutn
3361 579 3646 634 Antioche-

375 660 582 729 tegione
608 675 756 715 sacra
790 660 1143 717 Thebanorum
1173 677 1292 718 cum
1337 672 1521 719 essent
1556 665 1778 718 trecenti
1818 681 1950 736 qua-

372 753 634 822 draginta,
679 753 814 821 apud
861 754 1102 809 eamdem
1135 756 1322 810 urbem
1355 757 1667 827 martyrium
1700 772 1951 812 consum-

369 855 603 910 mantes,
626 845 825 899 conditi
854 855 977 900 sunt
1001 848 1050 900 in
1073 847 1310 914 basilica,
1335 865 1451 919 quae
1473 851 1772 906 admirabili
1795 865 1955 917 opere

369 951 434 988 ex
465 934 666 990 Musivo
696 936 1090 1005 quodammodo
1138 938 1390 993 deaurata
1435 941 1757 1010 resplendet.
1808 941 1955 997 Unde

370 1033 425 1076 et
472 1025 661 1079 incola:
691 1027 754 1079 ad
788 1037 1002 1082 sanctos
1033 1045 1224 1084 aureos
1263 1031 1498 1086 vocitare
1544 1042 1951 1086 consueverunt.

370 1113 592 1172 Vienna:
621 1128 922 1172 sanctorum
954 1119 1326 1189 episcoporum
1371 1123 1575 1192 Agrati,
1627 1121 1856 1178 Costori.
1903 1125 1956 1178 ln

370 1207 569 1277 Capua,
601 1209 767 1264 Libuli
801 1221 852 1266 et
882 1222 1081 1266 sanctze
1115 1213 1441 1270 Fortunata'.

442 1300 500 1353 Β.
562 1300 704 1356 XVII
763 1302 999 1359 CALEND.
1055 1306 1294 1360 NOVEMB.
1353 1334 1418 1346 -
1470 1307 1740 1375 Depositio
1787 1307 1953 1361 sancti

367 1389 504 1445 Galli
538 1392 882 1460 confessoris,
938 1394 1088 1465 cujus
1140 1397 1243 1450 vita
1292 1397 1444 1465 plena
1495 1398 1776 1452 virtutibus
1822 1413 1950 1451 con-

367 1483 564 1550 scripta
617 1483 861 1539 habetur.
921 1487 1072 1554 Aptttl
1135 1487 1446 1556 Lugdunum
1506 1487 1645 1541 beati
1703 1489 1947 1542 Antiochi

365 1575 621 1645 episcopi.
671 1576 823 1644 Apud
869 1577 1126 1631 Viennam
1179 1577 1346 1632 sancti
1390 1576 1647 1631 Theodati
1687 1579 1943 1645 episcopi,

2065 677 2186 718 nam
2235 664 2371 720 rexit
2416 663 2723 720 Ecclesiam.
2760 667 2886 720 Erat
2915 667 3055 721 enim
3108 667 3191 722 hic
3227 667 3369 723 beati
3399 673 3646 744 martyris.

2067 755 2246 825 Ignatii
2277 755 2566 822 diaconus,
2599 757 2687 827 qui
2710 761 2994 827 episc0pus
3017 760 3206 825 factus,
3230 762 3374 815 viam
3401 763 3644 832 magistri

2065 848 2180 914 pius
2233 848 2466 900 imitator
2517 849 2793 917 sequitur,
2827 863 2878 901 et
2931 867 3026 919 pro
3066 853 3438 908 commendato
3486 871 3646 926 grege

2064 945 2270 988 amator
2293 935 2491 989 Christi
2521 938 2784 990 occubuit.
2818 938 2870 990 In
2896 937 3083 993 Galliis
3113 941 3326 994 civitate
3365 943 3640 1012 Arausica,

2065 1026 2234 1080 saucti
2266 1027 2520 1083 Florentii
2552 1029 2810 1098 episc0pi,
2841 1031 2930 1100 qui
2958 1033 3134 1085 multis
3164 1033 3338 1086 clarus
3365 1036 3646 1092 virtutibus

2062 1116 2114 1170 in
2151 1132 2280 1186 pace
2307 1119 2524 1184 quievit.
2561 1121 2613 1172 In
2646 1119 2952 1175 Nicomedia
2984 1122 3290 1177 Alexandri.
3317 1125 3372 1178 ln
3401 1125 3643 1181 Maurita-

2063 1207 2168 1270 nia,
2203 1209 2342 1270 Nini.
2377 1209 2617 1277 Victorii,
2644 1212 2956 1278 Nobilitani,
2984 1214 3226 1282 Mariani,
3253 1216 3422 1282 Lucii,
3454 1219 3641 1274 Mittitti

2059 1309 2110 1354 et
2142 1302 2528 1364 Crescetttiani,
2554 1310 2606 1354 et
2637 1306 2804 1358 sancti
2836 1305 3025 1373 Elipltii
3060 1308 3326 1377 martyris.

2130 1392 2189 1447 C.
2229 1389 2341 1445 XVI
2374 1393 2507 1447 Kac.
2533 1394 2772 1449 Now-tus.
2797 1425 2868 1436 --
2892 1395 2947 1450 in
2973 1396 3147 1451 Africa
3169 1409 3477 1454 sanctorum
3502 1414 3644 1455 mar-

2061 1495 2231 1556 tyrum
2277 1486 2625 1540 ducentorum
2652 1490 2982 1558 septuaginta
3016 1491 3212 1559 pariter
3241 1504 3638 1558 coronatorum,

2053 1588 2106 1631 et
2143 1591 2443 1632 sanctorum
2479 1592 2772 1652 martyrum
2819 1583 3056 1636 Martiani
3103 1594 3156 1637 et
3193 1584 3476 1656 Satyriaai.
3520 1602 3640 1639 cum

1609 1669 1835 1722 EDlTIO
1878 1668 2194 1722 BOLLAND
2224 1670 2384 1724 ANA.

361 1760 434 1828 pi.
456 1761 541 1836 B_.,
562 1760 744 1836 130mm
774 1762 955 1836 Natale
987 1763 1043 1817 S.
1072 1772 1096 1800 ει
1124 1763 1446 1836 Fortunatae.
1476 1763 1538 1815 A.
1559 1762 1620 1836 Τ.
1644 1762 1944 1836 _L.,_Rom5c
1978 1777 2024 1836 Β
2055 1771 2231 1836 tyrant
2284 1765 2737 1836 septingentorum
2784 1766 3078 1830 sexaginta.
3109 1768 3171 1820 A.
3221 1767 3310 1829 T.,
3360 1769 3419 1823 Et
3466 1773 3640 1828 natale

362 1834 539 1904 passio
656 1832 856 1886 Silvani
887 1836 1134 1904 martyris
1157 1843 1209 1887 et
1241 1835 1296 1886 S.
1327 1833 1616 1886 Fortunati.
1643 1833 1696 1885 ln
1722 1833 1942 1904 Colonia

359 1902 650 1970 Agrippina
684 1904 860 1958 natale
895 1902 1201 1956 sattctoiutn
1234 1905 1533 1957 Maurorum
1564 1904 1631 1957 de
1661 1903 1938 1970 militibus,

359 1988 478 2038 seu,
496 1983 548 2026 ut
575 1973 734 2027 habet
763 1975 846 2039 L.,
867 1974 1166 2028 Maurorum
1202 1984 1490 2041 martyrum
1527 1973 1946 2027 innumerorum.

360 2043 446 2113 Β..
481 2044 534 2096 In
567 2043 732 2097 Gallia
775 2045 992 2098 Colonia
1022 2045 1393 2113 Agrippinensi
1437 2045 1608 2097 natale
1640 2055 1944 2113 sanctorum

357 2111 655 2168 Maurorum
696 2115 764 2170 de
790 2111 1290 2169 militibusflﬂodem
1330 2116 1413 2168 die
1441 2118 1616 2168 natale
1644 2111 1670 2150 ι’
1705 2115 1942 2170 Savium.

428 2206 518 2261 16.
545 2236 617 2245 -
639 2205 782 2261 XVII
812 2207 943 2262 ΚΑΙ..
983 2207 1224 2262 Novam.
1255 2206 1420 2261 Vacat
1452 2206 1626 2259 Baeda.

428 2296 493 2351 V.
522 2296 608 2360 C.,
634 2297 907 2365 Depositio
935 2298 990 2354 S.
1027 2309 1049 2337 ο
1082 2297 1213 2351 Galli
1244 2297 1591 2352 confessoris.
1623 2298 1685 2351 Et
1709 2297 1936 2351 aliorum

356 2369 558 2434 pariter
586 2371 938 2424 ducentorum
968 2371 1302 2437 septuaginta
1336 2368 1455 2438 [L1,
1483 2365 1809 2438 octoginta].
1844 2368 1934 2429 1).,

356 2440 671 2510 Sanctorum
707 2451 1001 2510 martyrum
1031 2439 1056 2476 ά
1092 2439 1345 2494 Marciani
1396 2449 1457 2510 et
1492 2439 1760 2509 Satyriani
1808 2455 1931 2493 cum

358 2509 563 2562 duobus
594 2509 1058 2565 fratribuseorum
1092 2519 1144 2564 et
1172 2511 1400 2564 aliorum
1431 2509 1784 2563 ducentorum
1813 2525 1934 2578 sep-

359 2582 615 2649 tuaginta.
646 2585 710 2634 A.
739 2581 803 2635 Τ.
834 2581 920 2647 L.,
954 2581 1006 2634 In
1037 2582 1216 2635 Africa
1247 2581 1424 2650 passio
1453 2592 1761 2635 sanctorum
1795 2595 1934 2632 mar-

2050 1832 2107 1886 S.
2144 1833 2415 1887 Saturnini
2453 1832 2504 1887 et
2541 1837 2716 1889 Nerei.
2763 1837 2827 1890 Τ.
2854 1847 2902 1889 et
2931 1838 3012 1901 L.,
3049 1840 3099 1891 ln
3131 1839 3388 1893 Noviomo
3429 1841 3640 1899 civitate

2050 1903 2397 1975 ιΙθρᾳείιίοδ.
2427 1909 2449 1935 θ
2474 1906 2798 1959 Illuinmoliui
2831 1908 3173 1962 confessoris.
3201 1911 3294 1962 Ast
3320 1911 3491 1975 primo
3519 1912 3639 1968 loco

2055 1971 2104 2025 in
2136 1973 2196 2027 Τ.
2231 1991 2242 2026 :
2283 1974 2470 2045 Natale
2499 1977 2556 2031 S.
2598 1975 2615 2013 ί
2651 1977 2844 2030 Juliani
2877 1979 3219 2031 confessoris.
3256 1971 3338 2045 8.,
3368 1982 3419 2034 In
3456 1983 3630 2038 Africa

2052 2045 2228 2120 passio
2409 2046 2610 2120 Ceierrc
2647 2055 2703 2120 _c_t
2743 2048 2967 2120 aliorum
3017 2049 3229 2103 ducenti
3263 2053 3621 2120 septuaginta.

2049 2114 2113 2166 Et
2143 2115 2267 2168 alibi
2296 2114 2570 2170 Saturnini
2596 2159 2610 2179 ,
2644 2117 2822 2172 Nerei.
2859 2119 2920 2170 lit
2951 2120 3215 2184 depositio
3244 2121 3299 2174 S.
3329 2114 3631 2175 Callicon-

2049 2185 2305 2248 fossuris,
2358 2187 2558 2241 Berarii
2607 2188 2952 2242 confessoris.
3005 2189 3058 2242 lit
3101 2189 3407 2244 Nicomedia
3456 2196 3631 2248 natale

2045 2255 2141 2310 SS.
2175 2263 2199 2300 ε
2230 2256 2551 2323 Alexandri,
2591 2257 2827 2314 Victorii.
2863 2259 2927 2313 Et
2960 2259 3138 2326 passio
3170 2257 3197 2298 ¹ι
3227 2261 3450 2316 Silvani.

2123 2348 2208 2401 l7.
2239 2380 2310 2389 ——
2337 2348 2456 2406 XVI
2489 2349 2622 2404 Κλι..
2659 2350 2823 2405 Vacat
2852 2351 3030 2405 Bmda.

2121 2439 2182 2494 (Ξ.
2215 2439 2304 2502 V.,
2340 2441 2392 2494 In
2435 2441 2741 2496 Nicnmedia
2785 2441 3091 2496 Alexandri.
3141 2441 3274 2495 Alibi
3319 2442 3623 2508 Mattriaui;

2041 2508 2427 2586 Crescentiani.
2453 2513 2638 2586 Turini
2667 2511 2773 2582 [C.,
2794 2513 3116 2586 tirescentii,
3146 2512 3458 2586 ltuftiniani]
3481 2556 3493 2574 .
3523 2515 3626 2586 Dos

2046 2582 2176 2633 uati.
2223 2581 2323 2642 D.,
2368 2583 2589 2636 Martha:
2638 2581 2837 2638 sci-oris
2879 2584 3057 2637 Lazari
3088 2596 3141 2638 et
3173 2581 3491 2653 AriStionis,
3533 2585 3624 2653 qui

1754 2668 1961 2724 SMITH
2001 2668 2228 2725 NOTAE.

357 2766 437 2813 est
483 2760 598 2815 dies
640 2761 1003 2832 translationis
1049 2762 1166 2832 ejus
1209 2777 1272 2815 ex
1325 2760 1556 2832 [Egypto
1604 2761 1670 2814 ad
1717 2761 1926 2831 Lugduo

357 2845 480 2883 num
497 2848 528 2902 ε
556 2847 674 2885 eam
708 2848 832 2885 vero
860 2830 962 2885 alia
993 2830 1367 2902 Martyrologia
1399 2830 1566 2900 pridie
1595 2830 1889 2887 celebrant.

427 2912 450 2937 θ
483 2900 815 2956 Fortunata}.
852 2903 944 2956 Via
977 2900 1191 2956 Aurelia
1224 2904 1275 2956 in
1306 2906 1615 2958 cmtneterio
1659 2904 1922 2972 ejusdem.

356 2971 571 3043 Hieron.
609 2973 884 3043 Martyrol.

427 3040 453 3079 δ
487 3040 968 3097 8ηι›ἱηαε.’1⁴“οτείιη
1021 3043 1205 3097 Sabini
1255 3043 1536 3112 episcopi,
1589 3044 1678 3112 qui
1731 3044 1940 3113 praefuit

356 3110 616 3167 Ecclesiae
644 3113 926 3167 Catanensi
959 3115 1059 3167 sub
1087 3110 1365 3166 Constant.
1399 3110 1630 3175 (τουτου.

430 3195 452 3223 ο
486 3183 650 3238 Galli.
685 3184 789 3250 Qui
820 3199 883 3238 ex
924 3183 1174 3237 Hibernia
1220 3187 1270 3236 in
1319 3184 1546 3236 Galliam
1591 3187 1767 3253 venit,
1803 3185 1937 3239 etin

355 3254 726 3324 Alemanniatn
763 3265 945 3324 pos:ea
969 3269 1089 3307 cum
1117 3252 1448 3307 Columbano
1469 3269 1527 3306 se
1557 3252 1759 3323 recepit
1786 3275 1797 3308 :
1827 3257 1940 3310 Bri-

355 3322 519 3390 gantii
549 3322 832 3388 consedit,
865 3326 1267 3390 oratoriumque
1311 3323 1381 3376 ibi
1433 3322 1795 3380 restauravit:
1839 3327 1939 3378 Co-

356 3395 663 3448 lumbanum
700 3395 939 3448 infirmus
986 3397 1034 3446 in
1079 3395 1278 3447 Italiam
1322 3395 1564 3447 comitari
1598 3411 1700 3448 non
1737 3397 1932 3460 valuit,

353 3465 646 3519 solitarium
673 3466 844 3519 locum
871 3466 1019 3533 petiit
1037 3505 1049 3525 .
1078 3467 1442 3533 episcopatum
1467 3463 1930 3522 Constantiensent

357 3536 635 3590 humiliter
683 3537 981 3599 recusn‘it,
1030 3534 1346 3590 Columbani
1403 3535 1682 3588 transitum
1737 3539 1930 3591 absens

355 3606 520 3671 vidit,
559 3607 775 3659 Luxovii
826 3607 990 3659 abbas
1032 3622 1152 3660 esse
1193 3606 1436 3675 negavit,
1479 3606 1615 3674 apud
1660 3607 1926 3662 Arbonaut

354 3679 486 3728 obiit
513 3678 650 3730 circa
683 3694 769 3729 an.
802 3677 938 3738 (546,
987 3680 1346 3740 nottagt-nario
1394 3676 1581 3743 tttajur.
1627 3678 1924 3732 Notandum

357 3758 439 3800 est
471 3747 529 3801 S.
565 3746 772 3800 Gallum
804 3747 855 3801 in
888 3748 1110 3801 siut-eris
1143 3747 1368 3802 Usuardi
1398 3758 1448 3800 et
1483 3746 1684 3800 Adonis
1731 3750 1925 3817 Marty-

357 3819 609 3885 t'ologiis,
645 3834 749 3871 non
786 3833 895 3869 xvn
931 3818 1048 3875 Kal.
1082 3818 1369 3879 Noventh
1403 3833 1508 3878 quo
1535 3817 1622 3871 die
1648 3819 1732 3872 hic
1761 3836 1786 3870 a
1822 3836 1920 3870 no-

353 3898 466 3940 stro
494 3901 708 3942 auctore
735 3890 1054 3950 celebratur,
1084 3890 1175 3942 sed
1208 3905 1234 3941 ς
1265 3888 1385 3941 Kal.
1416 3888 1584 3941 Martii
1617 3891 1924 3952 ntetttorat-i.

351 3957 456 4010 Sed
519 3958 736 4012 forsitan
780 3975 811 4011 Χ
859 3958 976 4012 Kal.
1028 3958 1196 4012 Martii
1245 3959 1567 4012 cellebratur
1613 3961 1926 4013 elcvationis

350 4032 640 4094 memoria,
674 4031 800 4082 dum
833 4029 889 4083 S.
925 4029 1058 4081 Galli
1108 4045 1301 4098 corpus
1329 4046 1356 4080 a
1409 4030 1617 4083 Bosone
1661 4030 1923 4083 Constan-

356 4099 514 4152 ticnsi
545 4101 796 4168 episcopo
841 4103 892 4153 in
937 4100 1298 4153 decentiorem
1344 4100 1516 4152 locum
1566 4100 1763 4152 illatum
1809 4112 1920 4161 est,

353 4170 799 4236 quemadmodum
834 4172 883 4222 in
917 4171 1054 4224 libro
1083 4173 1147 4224 de
1179 4170 1448 4224 miraculis
1478 4169 1535 4222 S.
1569 4170 1705 4223 Galli
1735 4186 1857 4238 cap.
1890 4172 1922 4222 ‘2

351 4239 608 4334 qenfem't’tr;
654 4240 785 4295 Vide
831 4240 1001 4294 Vitam
1035 4242 1090 4295 S.
1136 4241 1273 4296 Galli
1316 4241 1368 4294 iu
1403 4241 1693 4294 Mabillonii
1727 4257 1850 4295 saec.
1883 4257 1917 4295 ιι
1953 4275 2001 4334 D

347 4311 468 4362 Act.
504 4311 630 4364 Ben.

421 4377 447 4417 ἀ
483 4380 753 4434 Μαιυιὶίιηί.
807 4380 868 4434 lii
912 4391 1154 4448 tempore
1191 4379 1492 4434 Vandalieae
1538 4382 1922 4449 persecutionis

349 4450 450 4522 sub
482 4451 754 4522 Geiserico
785 4467 908 4522 rege
941 4454 1138 4504 Ariauo
1159 4492 1174 4515 ,
1218 4467 1334 4505 cmn
1364 4463 1542 4505 es~ent
1568 4454 1710 4505 servi
1741 4455 1920 4520 cujus-

345 4521 465 4574 dam
521 4521 776 4584 Vanduli,
827 4521 865 4574 a
907 4523 965 4575 S.
1020 4523 1244 4575 Maxima
1299 4522 1503 4588 virgine
1553 4536 1739 4574 eorum
1787 4540 1918 4577 eon-

347 4606 498 4644 serva
532 4592 595 4644 ad
629 4591 826 4646 Christi
861 4594 1015 4645 fidem
1044 4594 1284 4645 conversi
1309 4634 1321 4656 ,
1353 4609 1445 4658 pro
1473 4593 1768 4646 constantia
1799 4594 1917 4647 fidei

346 4662 628 4716 Catholica:
676 4665 903 4728 primum
959 4664 1175 4716 nodosis
1225 4662 1451 4716 fustibus
1501 4663 1620 4714 cassi
1661 4674 1820 4722 sunt.
1862 4674 1918 4718 et

349 4749 514 4800 usque
542 4735 607 4786 ad
639 4750 759 4786 ossa
792 4735 970 4787 laniati
1007 4751 1017 4785 :
1052 4733 1143 4787 sed
1178 4750 1296 4787 cum
1330 4734 1494 4786 multo
1527 4744 1765 4800 tempore
1794 4735 1916 4788 talia

351 4815 683 4869 paterentur,
717 4816 771 4856 et
801 4804 1044 4872 sequenti
1074 4805 1161 4858 die
1194 4803 1537 4857 nihilominus
1576 4819 1787 4870 semper
1829 4803 1908 4866 in,-

346 4875 591 4927 coluntes
643 4875 1028 4940 redderentur,
1081 4875 1271 4929 exsilio
1317 4874 1534 4928 tandem
1589 4875 1910 4937 relegantur,

349 4944 436 4998 ubi
469 4959 588 4998 eum
622 4947 818 4998 multos
860 4946 1204 4998 barbarorum
1237 4946 1302 4997 ad
1348 4946 1502 4998 fidem
1549 4944 1742 4998 Christi
1787 4961 1912 4998 cott-

343 5016 667 5080 vertissent,
699 5019 986 5070 ttovissinie
1014 5017 1204 5070 vinctis
1233 5017 1450 5085 pedibus
1481 5026 1598 5084 post
1625 5027 1764 5081 terga
1792 5031 1911 5068 cur—

346 5087 579 5157 rentium
612 5088 1022 5157 quadrigarum,
1060 5089 1194 5140 inter
1241 5089 1456 5154 spinosa
1506 5092 1618 5139 loca
1660 5084 1910 5139 silvarum

341 5156 472 5222 jussi
505 5168 629 5210 sunt
659 5156 855 5226 pariter
889 5159 1125 5210 interire.
1157 5158 1382 5210 Maxima
1411 5173 1536 5210 vero
1573 5165 1692 5225 post
1719 5157 1913 5210 multos

344 5237 624 5294 sapt-ratos
675 5243 873 5295 agones
924 5227 1175 5281 divinitus
1223 5229 1442 5281 liberata
1491 5228 1540 5281 in
1589 5228 1913 5280 monasterio

343 5299 633 5351 multarqu
666 5300 924 5367 virginum
973 5307 1144 5351 mater
1189 5309 1372 5352 sancto
1403 5299 1505 5352 line
1529 5299 1749 5367 quievit.
1790 5297 1908 5352 Vtc-

338 5381 470 5430 Ton,
505 5370 596 5422 lib.
627 5383 646 5422 1
675 5369 740 5422 de
770 5371 979 5423 Perseo.
1010 5368 1231 5422 Vaudal.

418 5443 441 5470 θ
475 5437 824 5492 Μιιηιηιοιέηὶ.
859 5439 932 5492 Ex
961 5439 1353 5494 Constantiensi
1402 5439 1617 5507 regione
1661 5437 1905 5505 oriundi,

342 5508 432 5573 qui
464 5525 566 5563 una
608 5525 727 5563 cum
779 5510 1128 5563 Ebertramno
1169 5522 1221 5564 et
1271 5512 1487 5564 Berttno
1532 5511 1598 5562 ad
1648 5510 1912 5562 Audoma-

342 5593 459 5632 runt
489 5581 796 5649 epismpum
829 5583 1256 5634 'farvennensent
1305 5580 1480 5641 venit,
1513 5589 1565 5632 et
1611 5581 1662 5632 in
1714 5581 1906 5648 praedi-

337 5651 511 5703 cando
571 5652 852 5714 Evattgeiio
901 5653 946 5704 ei
991 5651 1199 5719 adjutor
1260 5650 1376 5703 fuit.
1444 5651 1764 5704 Monasterio
1817 5649 1902 5705 Si.

341 5721 585 5775 tbinense
613 5721 895 5786 aidillcalo,
921 5722 1255 5773 Attdomarus
1283 5721 1684 5774 Mummolinum
1715 5737 1870 5773 tnona
1889 5751 1904 5763 ι

340 5792 456 5846 chis
481 5793 764 5861 pra‘posuit
784 5793 1010 5860 primum
1033 5791 1296 5846 abbatem.
1317 5791 1540 5857 Quidam
1569 5807 1692 5845 vero
1722 5792 1906 5846 volunt

2036 2762 2095 2817 S.
2117 2763 2381 2816 fiertinttm
2404 2759 2631 2826 primatu
2653 2757 2814 2813 fu’sse
2835 2759 3078 2813 abbatem
3098 2758 3416 2812 Sitbiuensis
3440 2772 3623 2812 mona-

2038 2835 2209 2887 sterii.
2243 2832 2475 2886 Joannes
2507 2830 2710 2896 lperius
2740 2845 2770 2883 e
2801 2830 3042 2897 catalogo
3072 2832 3321 2884 abbatum
3349 2827 3621 2883 Sithiuen-

2037 2906 2181 2956 sium
2213 2903 2425 2971 penitus
2453 2900 2710 2964 “pnngit
2742 2900 3142 2971 Mutttatolinutn
3163 2941 3176 2964 ,
3213 2915 3371 2971 queui
3404 2899 3620 2952 Bertiuo

1966 2973 2012 3038 C
2047 2969 2373 3040 postponam
2414 2970 2818 3025 San-Marthani
2864 2970 2915 3024 in
2963 2971 3136 3023 Gallia
3182 2969 3516 3027 Christiana.
3566 2981 3622 3024 at

2045 3044 2315 3098 immerito
2363 3051 2546 3100 certe.
2599 3041 2859 3106 siquidem
2915 3041 3287 3096 Muttttuolittus
3339 3043 3396 3093 ll.
3451 3041 3620 3108 Eligit.

2046 3115 2304 3168 successit
2335 3116 2383 3164 ιιι
2413 3110 2593 3164 sedem
2627 3111 3099 3179 Noviomageusetn
3133 3127 3271 3164 anno
3302 3112 3425 3173 659,
3463 3113 3618 3179 eique

2049 3186 2258 3251 prmi'uit
2287 3198 2380 3250 per
2407 3179 2477 3231 26
2505 3195 2704 3251 annos,
2741 3192 2964 3235 tesante
2994 3192 3210 3235 auctore
3243 3181 3377 3234 Vita:
3412 3181 3469 3234 S.
3505 3187 3614 3235 Au-

2046 3250 2293 3314 domari,
2329 3250 2653 3318 proindeqne
2687 3253 2838 3309 iunge
2869 3260 2994 3304 ante
3021 3252 3077 3304 S.
3119 3252 3390 3305 Bertinnm
3425 3253 3610 3306 vivere

2045 3325 2223 3377 desiit.
2273 3321 2575 3376 Verisimile
2620 3331 2704 3374 est
2752 3322 3150 3376 Mummolinum
3207 3337 3300 3388 per
3342 3336 3512 3374 annos
3545 3322 3614 3374 14

2045 3402 2171 3447 ante
2201 3393 2381 3448 initam
2413 3391 2592 3444 sedem
2637 3391 2996 3458 episcopalem
3040 3392 3318 3458 praefuisse
3362 3393 3609 3446 abbatem

2041 3468 2206 3518 veteri
2259 3461 2614 3524 tt'to'nasterio,
2647 3473 2700 3514 et
2729 3476 2908 3514 coram
2943 3461 3191 3515 imbuisse
3234 3459 3450 3515 fabric-e
3483 3465 3606 3517 novi

2037 3535 2348 3588 monasterii
2383 3532 2724 3597 Sithiuensis,
2753 3531 2796 3586 si
2827 3546 2930 3585 non
2974 3542 3150 3585 tamen
3182 3546 3246 3585 eo
3271 3531 3370 3585 loci
3404 3533 3607 3586 rexisse

2036 3607 2354 3667 monachos,
2402 3603 2504 3656 nisi
2556 3602 2690 3656 forte
2735 3603 2800 3654 ad
2847 3603 3006 3656 breve
3051 3610 3298 3670 tempus:
3349 3616 3414 3656 eo
3460 3605 3602 3672 quod

2033 3676 2246 3729 vixdum
2296 3674 2528 3741 perfecto
2579 3673 2826 3726 connubio
2874 3683 3055 3739 raptus
3105 3675 3172 3726 sit
3220 3675 3282 3724 ad
3327 3675 3606 3741 episcopi--

2031 3753 2140 3798 tum
2172 3761 2186 3810 ;
2234 3761 2352 3799 mox
2382 3758 2506 3798 vero
2535 3744 2805 3796 Bertinum
2843 3745 3055 3796 fabrica:
3093 3759 3392 3811 supremam
3435 3744 3603 3811 impo-

2031 3817 2206 3881 suisse
2235 3831 2447 3870 mauum
2469 3856 2483 3879 ,
2512 3822 2567 3866 et
2594 3816 2817 3867 colonia:
2846 3815 3228 3867 tttonachnrunt
3259 3813 3600 3881 praepositum

2031 3885 2215 3941 fuis~e.
2263 3887 2498 3939 Decessit
2528 3885 2897 3937 Mttutmolittus
2927 3900 3064 3936 anno
3091 3883 3218 3939 68L
3253 3884 3379 3953 Ejus
3407 3898 3601 3951 corpus

2032 3956 2082 4008 itt
2132 3958 2317 4024 majori
2369 3957 2593 4007 ecclesia
2645 3955 3088 4019 Noviomagonsi,
3141 3970 3260 4018 pars
3306 3954 3497 4022 capitis
3547 3955 3599 4008 itt

2030 4027 2355 4080 monasterio
2382 4026 2670 4079 Silllittt‘nsl
2701 4037 3020 4078 asservatur.
3057 4025 3185 4078 Vide
3212 4024 3380 4078 Vitam
3406 4026 3462 4078 S.
3494 4028 3602 4080 Att-

2025 4099 2230 4150 domari
2260 4100 2308 4149 iit
2339 4096 2620 4149 Mabillonii
2650 4110 2773 4148 sec.
2805 4109 2840 4147 ιι
2871 4097 2982 4147 Act.
3022 4097 3149 4148 Ben.

2105 4167 2119 4204 ί
2154 4167 2374 4220 Juliani.
2409 4165 2620 4219 Ret-tius
2650 4167 2784 4221 forte
2814 4164 3023 4218 Juniani
3057 4163 3380 4220 confessnris
3410 4166 3460 4219 in
3494 4173 3601 4219 ter-

2028 4237 2214 4290 ritorio
2247 4237 2609 4291 Letnovicettsi
2634 4278 2646 4296 ,
2680 4239 2764 4302 qui
2799 4236 2958 4288 Itotlte
3004 4237 3214 4289 colitur.
3264 4235 3501 4290 Molanus
3546 4238 3598 4290 in

2033 4309 2302 4362 Natalibus
2332 4311 2428 4362 SS.
2465 4308 2625 4375 Belgii
2658 4306 2806 4360 iilutn
2838 4306 3111 4360 Canteraci
3147 4317 3324 4358 natum
3374 4308 3426 4361 in
3470 4307 3598 4362 soli-

2026 4380 2205 4432 tudine
2251 4381 2388 4443 apud
2435 4377 2744 4431 Lentovicas
2787 4394 2956 4430 annos
3000 4377 3068 4431 40
3119 4376 3310 4431 vixisse
3353 4388 3595 4432 testatur.

2025 4448 2221 4503 Locum
2253 4450 2367 4518 ejus
2390 4449 2777 4502 anachoreseos
2801 4448 3049 4518 discimus
3077 4464 3139 4501 ex
3158 4449 3426 4502 Chronico
3451 4447 3594 4502 Gau-

2026 4521 2142 4573 h'idi
2179 4517 2366 4589 prioris
2401 4521 2670 4573 νοςὶθιιεὶς
2695 4562 2708 4582 ,
2741 4535 2857 4583 cap.
2895 4517 2960 4570 15
2988 4521 3053 4571 de
3087 4520 3295 4589 Sanctis
3325 4520 3461 4587 apud
3497 4522 3597 4571 Le-

2022 4588 2254 4643 tttoviras
2303 4591 2762 4658 praeclariorilms,
2818 4589 2904 4641 ubi
2959 4589 3158 4641 habet:
3208 4607 3224 4638 ι
3258 4588 3598 4642 Comotlolia-

2019 4676 2206 4715 censes
2258 4662 2487 4715 Juttiano
2532 4660 2759 4727 jttliilttttt
2802 4676 2922 4710 cum
2972 4659 3213 4710 Amantio
3261 4668 3592 4725 praeceptore

2018 4746 2114 4783 suo
2145 4750 2156 4783 :
2185 4734 2320 4800 quod
2357 4730 2992 4800 vide!icctimonasterium
3019 4744 3137 4800 cum
3161 4728 3386 4780 ecclesia
3409 4730 3462 4781 S.
3492 4729 3592 4782 Ρο-

2019 4801 2081 4853 tri
2132 4798 2210 4855 de
2247 4801 2530 4863 Quadriviu
2593 4799 2866 4852 Josl‘redus
2915 4798 3179 4865 quondam
3229 4800 3592 4853 thesaurarius

2017 4888 2044 4922 a
2087 4873 2206 4938 jure
2252 4875 2306 4924 ὃ.
2343 4869 2592 4923 Martialis
2645 4869 2826 4922 fraude
2873 4869 3106 4921 abstulit.
3143 4889 3159 4918 ι
3197 4870 3488 4922 Ecclesiam
3539 4873 3588 4924 itt

2015 4958 2115 5009 qua
2149 4947 2388 5009 sepultus
2415 4940 2511 4992 fuit
2539 4949 2912 4992 ctittstrnxerat
2942 4940 3186 4992 lturicius
3213 4939 3392 5009 junior
3421 4941 3584 5007 episc.

2016 5008 2309 5074 lit-nmch
2352 5026 2507 5078 quem
2543 5013 2620 5062 vir
2650 5025 2778 5064 sane
2807 5025 2865 5061 u~
2907 5026 2932 5060 a
2976 5011 3218 5062 dannone
3250 5008 3586 5062 liberaverat.

2017 5083 2214 5135 Flurttit
2259 5099 2379 5137 cum
2427 5082 2483 5135 ὃ.
2520 5083 2760 5134 Aetiando
2805 5091 3027 5135 ercm:ta
3057 5082 3157 5134 sub
3185 5080 3455 5134 Glodoveo
3489 5083 3504 5134 I
3537 5093 3589 5135 et

2013 5156 2128 5220 ejus
2160 5156 2296 5207 libis.
3197 5178 3204 5184 -

2086 5227 2110 5264 Β
2142 5223 2438 5277 Alexandri.
2476 5223 2572 5276 llic
2603 5222 2810 5276 videtur
2841 5220 2981 5275 idem
3013 5236 3132 5275 cum
3166 5235 3232 5275 eo
3261 5222 3348 5291 qui
3397 5222 3587 5290 postri-

2013 5296 2100 5350 die
2141 5295 2456 5348 Nicomedia:
2488 5295 2697 5346 colitur.
3247 5351 3260 5362 .

2085 5363 2114 5402 ιι
2159 5365 2378 5419 Silvani.
2423 5365 2562 5418 Idem
2606 5364 2741 5417 forte
2781 5377 2900 5414 cum
2940 5377 3004 5416 eo
3044 5362 3131 5430 qui
3175 5359 3313 5428 apud
3361 5359 3589 5414 Fcrrarii

2012 5435 2186 5491 Catal.
2216 5437 2411 5492 Gener.
2442 5437 2718 5505 Sytvarius
2742 5433 2955 5505 dicitur.
2982 5434 3138 5505 Patet
3174 5448 3238 5505 ex
3270 5433 3590 5505 Kalendario

2013 5508 2379 5562 Lemovicensi
2408 5514 2463 5561 et
2484 5501 2724 5559 Monum.
2756 5503 2994 5571 Ageduni
3015 5543 3028 5566 ,
3058 5503 3196 5571 quod
3222 5515 3304 5559 est
3333 5501 3589 5572 oppidum

2013 5580 2258 5634 dicet-esis
2302 5575 2725 5638 Lemovicensis,
2772 5574 2857 5626 tibi
2909 5577 2952 5627 is
2983 5587 3167 5640 passus
3192 5575 3440 5638 traditur,
3470 5588 3591 5625 eum

2012 5649 2112 5703 sub
2141 5648 2426 5702 Aureliano
2455 5646 2774 5715 imperatore
2804 5653 2858 5699 ct
2901 5644 3142 5700 lleraclio
3207 5645 3398 5700 raeside
3444 5658 3590 5697 mar-

2015 5720 2206 5792 tyrium
2234 5718 2477 5774 subiisse.
