4110 6448
533 393 671 453 1ίῖτῦ

1277 395 1477 449 ΒΗ)Λὲ
1523 392 1964 449 κ’[ιΝεῐιΑωιλδ
2002 393 2149 448 ΟΙῬ.
2194 393 2366 450 PARS
2406 395 2494 451 IV.
2529 423 2601 436 --
2643 393 3021 451 IIISTORICA.

3657 398 3803 453 £376

1731 506 1956 563 IiDITIO
1993 506 2455 563 COLONIENSIS.

528 605 731 659 duobus
760 599 1005 657 fratribus
1030 616 1237 667 eorum,
1285 610 1338 655 et
1380 600 1607 671 egregia:
1650 601 1843 655 Christi
1890 601 2097 656 ancilla:
2126 614 2172 670 Α
2206 616 2343 669 qua),
2380 603 2493 653 viro
2533 616 2630 654 suo
2664 610 2783 667 post
2829 600 3251 655 interfectionem
3299 603 3582 657 beatorum
3635 604 3802 673 δίιιὶ,

530 696 766 749 Maxima:
797 693 1035 761 virginis,
1062 692 1150 761 qui
1178 702 1417 760 tempore
1442 693 1739 746 Vandalica:
1774 692 2105 759 persecutio-

532 788 612 839 nis
641 786 742 839 sub
768 784 1057 839 Censerico
1085 800 1210 853 rege
1256 786 1469 849 Ariano,
1517 800 1611 854 pro
1654 788 1947 839 constantia
1982 786 2107 840 fidei

527 879 801 933 catholica:
836 878 1062 948 primum
1095 879 1313 933 nodosis
1344 879 1566 933 fustibus
1597 881 1741 943 cesi,
1771 890 1821 934 et
1854 898 2019 950 usque
2041 882 2107 936 ad

527 986 645 1023 ossa
677 969 882 1024 laniati.
905 970 1143 1039 Cumque
1173 970 1338 1024 multo
1362 979 1599 1038 tempore
1631 971 1750 1025 talia
1777 982 2107 1039 patercnltt",

527 1061 765 1129 sequenti
815 1074 1027 1128 semper
1066 1060 1155 1115 die
1202 1060 1495 1116 incolumes
1538 1063 1958 1118 inveniebantur.
1998 1065 2107 1119 No-

527 1150 743 1205 vissime
792 1152 964 1220 ligatis
1014 1153 1236 1220 pedibus
1280 1166 1399 1222 post
1438 1163 1579 1222 terga
1612 1158 1942 1211 currentium
1976 1174 2108 1227 qui-

528 1239 796 1307 drigarum
821 1281 837 1305 ,
882 1242 1022 1295 inter
1050 1243 1266 1310 spinosa
1298 1243 1412 1297 loca
1457 1246 1709 1300 silvarum
1755 1249 2109 1319 pariterjussi

531 1340 653 1381 sunt
684 1329 923 1386 interire.
949 1332 1191 1402 Cumque
1215 1334 1370 1389 ducta
1394 1346 1551 1405 atque
1575 1338 1792 1391 reducta
1818 1355 1846 1392 a
1872 1340 2115 1396 dumosis

532 1421 793 1488 lignorum
827 1423 1025 1476 aculeis
1057 1424 1420 1479 innocentium
1470 1442 1696 1496 corpora
1741 1443 2113 1499 carperentur,

534 1524 563 1561 e
593 1510 765 1563 vicino
799 1512 1135 1567 currentibus
1168 1514 1466 1583 indomitis,
1500 1519 1614 1573 vale
1640 1520 1741 1574 sibi
1774 1520 1999 1576 invicem
2033 1524 2115 1579 his

529 1600 706 1655 verbis
738 1602 1025 1659 dicebant:
1062 1606 1267 1673 Frater,
1297 1622 1389 1662 ora
1431 1623 1526 1679 pro
1569 1626 1675 1676 me,
1710 1612 1947 1681 implevit
1977 1615 2116 1670 Deus

532 1692 855 1747 desiderium
914 1706 1152 1751 nostrum
1177 1738 1190 1759 ,
1238 1698 1413 1753 taliter
1456 1702 1762 1769 pervenitur
1798 1705 1863 1757 ad
1896 1721 2116 1776 regnum

532 1783 813 1839 cmlorum.
862 1785 1054 1855 Sicque
1099 1789 1302 1843 orando
1350 1799 1403 1843 et
1452 1793 1726 1860 psallendo
1768 1797 2120 1862 gaudentibus

532 1876 734 1943 angelis
774 1878 886 1946 pias
915 1880 1119 1935 animas
1148 1883 1456 1938 emiserunt.
1506 1886 1633 1941 Item
1666 1887 1804 1943 beati
1832 1891 2116 1959 Aristonis,

541 1967 631 2033 qui
663 1984 797 2021 unus
831 1971 925 2024 fuit
957 1972 1024 2026 de
1054 1974 1386 2044 septuaginta
1420 1974 1615 2031 Christi
1648 1978 1942 2047 discipulis.

608 2058 668 2112 D.
706 2059 790 2112 XV
825 2060 959 2115 ΚΑι..
989 2064 1233 2119 Νονειω.
1266 2096 1336 2105 -—
1363 2066 1545 2123 Natale
1568 2070 1735 2123 sancti
1761 2070 1914 2125 Luca:
1945 2071 2117 2127 Evan-

534 2150 761 2217 gelista,
793 2154 879 2221 qui
932 2153 1029 2208 fuit
1072 2156 1285 2211 natione
1327 2157 1513 2229 Syrus,
1558 2161 1955 2227 Antiochensis,
2003 2174 2119 2219 arte

538 2241 799 2307 medicus,
850 2246 1212 2310 aposmlorum
1264 2248 1574 2317 discipulus,
1633 2251 1855 2306 Paulum
1905 2264 2120 2310 secutus

537 2345 705 2401 usque
745 2335 809 2387 ad
860 2336 1253 2395 confessionem
1296 2340 1431 2409 ejus,
1480 2343 1722 2398 serviens
1754 2344 1974 2399 Domino
2005 2347 2120 2401 sine

536 2424 782 2492 crimine,
816 2443 984 2494 neque
1013 2446 1245 2498 unquam
1277 2449 1492 2488 uxorem
1528 2436 1729 2491 habens
1755 2452 1923 2506 neque
1957 2438 2113 2505 filios,

535 2518 873 2588 septuaginta
907 2531 958 2574 et
989 2523 1141 2574 trium
1176 2538 1434 2578 annorum
1464 2526 1595 2581 obiit
1626 2528 1675 2581 in
1719 2528 1961 2598 Bithynia
2008 2532 2118 2599 ple-

536 2620 637 2661 nus
664 2609 861 2677 Spiritu
889 2622 1093 2667 sancto.
1126 2614 1374 2683 Sepultus
1398 2624 1479 2669 est
1499 2628 1672 2672 autem
1698 2635 1832 2673 nunc
1854 2618 2117 2674 Constan-

537 2702 835 2772 tinopolim,
869 2706 1113 2774 adquam
1142 2709 1324 2762 urbem
1371 2709 1625 2765 vicesimo
1657 2711 1947 2765 Constantii
1980 2728 2119 2764 anno

538 2808 657 2845 ossa
701 2794 815 2862 ejus
860 2811 978 2849 cum
1032 2799 1270 2868 reliquiis
1322 2801 1547 2855 Andreae
1596 2803 1818 2870 apostoli
1870 2805 2121 2858 traislata

542 2895 685 2940 Lnnt.
719 2888 899 2942 Itonia:
932 2902 1127 2946 sancite
1159 2894 1456 2963 'l‘riponire,
1490 2896 1668 2949 uxoris
1708 2897 1847 2951 Decii
1876 2896 2124 2961 Carsaris,

2216 689 2487 743 Laurentii
2534 700 2583 743 et
2616 690 2880 758 Hippolyti
2911 689 3158 743 divinitus
3186 690 3389 759 punito,
3421 708 3481 748 se
3522 696 3675 762 petiit
3706 698 3799 749 ba.

2212 778 2398 847 ptizari
2422 794 2540 832 cum
2567 779 2669 831 lilia
2695 778 2835 833 Decii
2858 778 3076 847 Cyrilla,
3101 795 3129 832 a
3152 780 3359 835 Iustino
3386 786 3720 854 presbytero,
3743 797 3797 839 et

2210 872 2313 923 alia
2343 870 2430 923 die
2454 870 2696 923 defuneta
2730 879 2831 932 est,
2857 880 2906 923 et
2928 870 3075 938 juxta
3100 882 3341 935 sanctum
3377 875 3715 945 llippo'ytum
3744 880 3794 929 in

2211 969 2394 1031 erypta
2440 962 2671 1029 sepulta.
2723 961 2850 1015 Item
2895 965 3063 1015 sancti
3112 962 3438 1031 Asclepiadis
3479 966 3795 1021 Anziechcni

2214 1054 2471 1122 episcopi.

2288 1144 2348 1197 Ε.
2403 1142 2519 1196 XIV
2577 1142 2814 1197 KALEND.
2863 1144 3375 1211 Νονειιιι.-Αρυ‹1
3407 1148 3792 1202 Antiochenam

2214 1234 2400 1305 Syrizr,
2452 1233 2627 1287 natale
2677 1244 2980 1287 sanctorum
3024 1235 3260 1289 Beronici
3308 1246 3358 1290 et
3402 1236 3647 1308 Pelagia),
3678 1255 3795 1307 qua:

2220 1327 2448 1394 prinmm
2502 1328 2595 1379 luit
2642 1328 2740 1380 sub
2787 1328 3095 1395 gentilitatis
3144 1330 3243 1382 ritu
3296 1332 3589 1385 meretricis
3618 1334 3797 1386 ofﬁcio

2219 1416 2424 1481 functa,
2474 1428 2525 1470 et
2571 1417 2851 1472 mundanis
2894 1418 3157 1473 illecebris
3200 1420 3400 1487 dedita,
3451 1434 3630 1489 postea
3674 1440 3799 1477 vero

2220 1521 2313 1576 per
2343 1507 2563 1577 gratiam
2610 1508 2721 1572 Dei,
2766 1517 2820 1563 et
2866 1510 3034 1563 sancti
3072 1508 3243 1564 Nonni
3289 1510 3518 1581 episcopi
3547 1513 3795 1581 dogmata

2219 1597 2283 1650 ad
2319 1596 2475 1651 fidem
2504 1596 2702 1651 Christi
2732 1613 3009 1666 conversa,
3038 1609 3090 1653 et
3118 1600 3184 1653 ab
3212 1600 3396 1654 eodem
3429 1602 3674 1668 episcopo
3700 1604 3793 1655 ba-

2222 1689 2441 1757 ptiznla,
2499 1698 2663 1742 totam
2723 1691 3075 1745 substantiam
3122 1704 3274 1745 Suam
3323 1702 3375 1746 et
3418 1694 3792 1761 supellectilem

2224 1780 2542 1848 pauperibus
2573 1783 2849 1851 erogavit;
2901 1784 3118 1852 ipsaque
3166 1786 3338 1838 cilicio
3386 1787 3584 1851 indutaI
3619 1799 3672 1842 et
3706 1789 3796 1842 vili

2192 1870 2536 1929 ,indumento
2565 1874 2781 1938 vestita,
2814 1872 2863 1926 in
2890 1875 3368 1943 peregrinationem
3397 1879 3645 1943 perrexit,
3671 1889 3722 1931 et
3744 1878 3798 1932 in

2150 1964 2571 2036 BJerosolymis
2630 1967 2728 2020 sub
2788 1968 2928 2021 virili
2985 1969 3169 2021 habitu
3236 1970 3576 2024 monasticam
3635 1972 3796 2024 vitam

2224 2058 2401 2112 duxit.
2452 2058 2841 2112 Construxerat
2888 2060 3032 2113 enim
3073 2059 3172 2113 sibi
3220 2074 3430 2128 parvam
3468 2060 3708 2114 cellulam
3744 2062 3798 2114 in

2227 2158 2410 2204 monte
2434 2148 2647 2214 Oliveti,
2679 2150 2765 2203 ubi
2802 2149 3058 2205 Dominus
3092 2150 3283 2205 coelum
3330 2152 3585 2217 ascendit,
3633 2164 3688 2206 et
3730 2152 3801 2208 ibi

2228 2240 2389 2295 vitam
2436 2251 2751 2310 prmsentem
2800 2239 2988 2305 finivit,
3028 2253 3185 2311 atque
3232 2242 3297 2295 ad
3344 2242 3505 2296 vitam
3544 2253 3801 2296 aeternam

2229 2332 2456 2388 feliciter
2486 2332 2751 2401 migravit.
2800 2332 2931 2386 Item
2986 2333 3262 2387 beatorum
3304 2345 3591 2403 martyrum
3623 2334 3803 2387 Ptole-

2232 2425 2351 2479 maei
2383 2436 2436 2479 et
2467 2424 2637 2490 Lucii,
2670 2426 2767 2478 sub
2802 2426 3067 2479 Antonino
3097 2424 3223 2487 Pio.
3265 2434 3318 2479 et
3348 2427 3451 2479 lilio
3478 2427 3592 2493 ejus
3623 2441 3805 2495 passo-

2231 2534 2370 2587 rum,
2403 2529 2453 2573 et
2483 2520 2651 2571 sancti
2685 2518 2914 2585 Aquilini
2954 2519 3188 2587 episcopi
3220 2527 3272 2571 et
3298 2519 3631 2573 confessoris.

2302 2608 2361 2664 F.
2416 2608 2533 2663 XIII
2582 2608 2821 2662 Kauzxn.
2872 2609 3111 2663 Novate.
3145 2638 3209 2654 σ-
3260 2609 3314 2663 In
3368 2609 3549 2663 Galliis
3592 2609 3805 2661 civitate

2232 2704 2454 2771 Aganno
2485 2700 2655 2755 sancti
2698 2699 2940 2768 Caprasii
2990 2701 3259 2770 martyris,
3303 2700 3393 2769 qui
3438 2715 3557 2753 cum
3604 2700 3805 2754 rabiem

2233 2798 2620 2867 persecationis
2648 2796 2923 2853 declinans
2953 2798 3140 2851 lateret
3182 2798 3230 2848 in
3284 2795 3556 2864 spelunca,
3585 2795 3805 2847 audiens

2236 2892 2443 2945 beatam
2491 2889 2748 2959 virginem
2796 2887 2979 2943 Fidem
3014 2903 3107 2957 pro
3137 2888 3349 2943 Christo
3397 2888 3597 2942 fortiter
3625 2886 3808 2955 agoni-

1779 3008 2003 3065 IiDI'I'lO
2043 3003 2545 3064 BOLLANDIANA.

551 3087 811 3169 Init_pntts
842 3090 1268 3169 deseptuaginta
1298 3098 1489 3151 Christi
1518 3100 1811 3168 discipulis.
1848 3105 1914 3156 A.
1943 3102 2006 3155 Τ.
2036 3102 2123 3165 L.,

549 3161 603 3242 In
641 3159 952 3242 Mauritania
989 3159 1163 3242 natale
1194 3178 1500 3242 sanctorum
1536 3159 1753 3235 Donati,
1790 3171 2078 3226 Nobilitani

551 3233 951 3308 Crescentiani,
1000 3235 1309 3308 Iit-femoris
1355 3250 1409 3293 et
1456 3233 1773 3295 liusticiani.
1823 3244 1924 3295 Sed
1978 3233 2129 3296 deest

549 3300 879 3355 Nobilitanus
914 3306 961 3355 in
997 3305 1054 3357 l1.
1090 3316 1141 3359 et
1174 3313 1273 3369 A.;
1305 3310 1432 3364 item
1467 3312 1519 3363 itt
1555 3311 1656 3365 hoc
1689 3312 2124 3366 Crescentianus.

548 3369 709 3451 μὴ.
750 3374 1061 3451 Mauritania
1246 3380 1543 3443 Nettilucii,
1583 3383 1829 3449 Socrati,
1874 3384 2085 3438 Venerii
2110 3425 2125 3449 ,

550 3440 743 3495 I’rimze
763 3482 776 3507 ,
809 3444 1026 3499 Donata:
1049 3488 1063 3513 ,
1100 3448 1345 3503 Victoria:
1367 3491 1382 3515 ,
1414 3440 1647 3506 Basillte.

624 3534 712 3590 18.
742 3563 814 3576 --
848 3535 934 3589 XV
967 3538 1104 3592 Kac.
1139 3539 1326 3597 [\atale
1358 3542 1416 3597 S.
1450 3543 1604 3598 Luca:
1633 3546 1996 3615 evangelistaa.
2030 3546 2127 3600 Hic

549 3623 718 3697 Syrus
750 3627 1132 3684 Antiochensis
1156 3672 1169 3695 ,
1203 3644 1319 3686 arte
1360 3635 1630 3700 medicus,
1666 3636 1963 3706 discipulus
2001 3652 2130 3706 apo-

548 3718 811 3772 stolorum
834 3756 849 3784 ,
878 3731 1063 3787 postea
1093 3721 1312 3776 Paulum
1337 3734 1553 3780 secutus
1581 3735 1695 3789 est.
1724 3742 1888 3796 uSque
1915 3728 1978 3781 ad
2002 3742 2130 3783 con-

551 3808 839 3862 fessionem
874 3812 990 3877 ejus
1036 3813 1278 3867 serviens
1309 3814 1537 3870 Domino
1569 3818 1687 3871 sine
1714 3818 1961 3872 crimine.
1994 3817 2129 3871 Nam

554 3916 725 3969 neque
753 3918 975 3957 uxorem
1008 3920 1241 3975 unquam
1272 3907 1475 3963 habens
1505 3925 1675 3980 neque
1705 3911 1873 3977 tilios,
1903 3922 2127 3979 septua-

551 3999 696 4063 ginta
746 4006 970 4066 quatuor
1015 4014 1276 4056 annorum
1322 4002 1455 4057 obiit
1501 4003 1553 4057 in
1608 4004 1885 4074 Bithynia,
1938 4006 2125 4074 plenus

512 4120 516 4133 ι
551 4086 755 4157 Spiritu
803 4100 1007 4145 sancto.
1066 4092 1250 4147 Roma:
1281 4096 1341 4149 ὃ.
1376 4102 1402 4131 ⁸
1432 4094 1736 4164 Τι’ἰριιοηὶω
1768 4096 1947 4150 umris
1981 4095 2131 4151 Decii

552 4185 805 4253 Caesaris,
829 4202 968 4255 qum,
993 4189 1108 4242 viro
1130 4203 1226 4243 suo
1255 4198 1375 4259 post
1402 4189 1828 4246 interfectionem
1852 4190 2127 4245 beatorum

556 4279 690 4334 Sixti
723 4290 776 4334 et
804 4281 1073 4336 Laurentii
1104 4284 1361 4337 divinitus
1394 4284 1611 4351 punito,
1663 4285 1815 4354 petiit
1864 4284 2129 4352 baptizari

557 4386 679 4424 cum
708 4370 905 4442 Cyrilla
935 4387 963 4425 a
990 4372 1199 4427 Justin
1227 4376 1538 4444 presbytero
1562 4419 1575 4439 ,
1606 4385 1661 4428 et
1685 4376 1784 4428 alia
1815 4374 1900 4428 die
1928 4385 2010 4429 est
2035 4376 2129 4429 de-

554 4461 770 4529 functa,
802 4479 862 4519 ac
901 4462 1049 4534 juxta
1083 4466 1140 4521 S.
1177 4466 1521 4536 Hippolytum
1556 4466 1606 4520 in
1639 4476 1825 4537 crypta
1860 4467 2087 4535 sepulta.

2306 3096 2392 3158 Β..
2425 3096 2477 3148 In
2510 3095 2794 3163 Anxiopoli
2827 3098 3004 3150 natale
3032 3096 3127 3153 SS.
3162 3096 3425 3150 IIermetis
3454 3105 3508 3149 et
3533 3096 3712 3151 Taxii.
3748 3098 3804 3156 In

2237 3165 2526 3231 Campania
2580 3169 2795 3219 civitate
2846 3168 3049 3222 I’uteoli
3074 3207 3090 3233 ,
3118 3168 3392 3232 Januarii,
3422 3167 3643 3221 Euticis.
3677 3169 3741 3221 Et
3773 3173 3802 3211 δ

2232 3237 2354 3291 alibi
2390 3236 2637 3290 Victricis
2662 3278 2677 3303 ,
2712 3237 2993 3290 Marcialis.

2306 3326 2395 3381 I9.
2427 3355 2498 3368 —
2528 3327 2638 3381 XIV
2675 3328 2807 3382 KAL.
2843 3328 3003 3382 Vacat
3035 3328 3206 3381 Ba‘da.

2305 3420 2363 3474 Β.
2393 3420 2454 3473 V.
2480 3420 2567 3487 C.,
2598 3420 2649 3474 In
2673 3422 2817 3475 Ostia
2847 3420 3040 3491 Asterii
3066 3420 3149 3491 lB.
3181 3420 3263 3487 C.,
3294 3420 3546 3491 Austeri].
3580 3421 3803 3487 Neapoli

2234 3500 2539 3563 sanctorum
2569 3491 2803 3563 Januarii
2832 3490 2917 3563 [Β.
2948 3508 3049 3545 οηι.
3072 3490 3370 3561 Januarii],
3405 3490 3581 3557 Festi,
3611 3507 3672 3546 ac
3702 3492 3804 3547 De.

2230 3562 2436 3616 siderii.
2467 3562 2553 3625 D.,
2587 3572 2607 3598 ο
2637 3562 2796 3616 Luca:
2828 3562 3167 3627 evangelista:
3188 3574 3241 3616 et
3266 3562 3593 3625 Asclepiadis
3616 3563 3805 3615 Antio-

2231 3632 2388 3687 ebeni
2445 3633 2702 3699 episcopi.
2737 3632 2802 3685 A.
2847 3632 2935 3699 T.,
2970 3633 3021 3685 In
3077 3633 3257 3685 Ilostia
3299 3634 3471 3685 natale
3503 3641 3804 3685 sanctorum

2234 3703 2259 3743 ά
2292 3700 2562 3768 Januarii,
2598 3704 2735 3756 Festi
2768 3714 2820 3757 et
2852 3702 3131 3757 Desidet-ii.
3162 3702 3223 3755 'I‘.
3244 3746 3257 3769 ,
3292 3702 3485 3756 Eodem
3513 3704 3599 3755 die
3628 3704 3802 3755 natale

2234 3784 2541 3826 sanctorum
2588 3786 2885 3842 martyrum
2923 3782 2945 3809 ο
2981 3772 3250 3826 Saviniani
3290 3782 3341 3842 et
3384 3774 3672 3826 Potentiam
3716 3787 3801 3823 so-

2234 3844 2544 3910 ciorumque
2572 3841 2779 3897 eorum.
2809 3846 2874 3898 A.
2895 3884 2909 3907 ,
2940 3843 3139 3896 Eodem
3172 3843 3257 3897 die
3291 3841 3309 3879 ί
3345 3843 3520 3896 Duaco
3544 3842 3599 3895 S.
3631 3844 3800 3895 Amati

2239 3914 2513 3967 Senonum
2542 3914 2946 3983 archiepiscopi.
2972 3915 3033 3967 Τ.
3062 3914 3145 3973 L.,
3175 3915 3236 3966 Et
3260 3914 3516 3981 depositio
3544 3914 3799 3983 SaAmati

2242 3984 2477 4051 episcopi
2509 3992 2564 4036 et
2591 3982 2937 4037 confessoris.
2964 3985 3189 4037 Turonis
3217 3983 3474 4049 depositio
3505 3984 3559 4037 S.
3588 3982 3805 4035 Colum-

2243 4054 2362 4107 bani
2396 4054 2624 4125 abbatis.
2660 4056 2722 4108 'I‘.
2753 4054 2814 4109 Β.
2840 4094 2855 4119 ,
2891 4055 2953 4107 Ει
2988 4055 3036 4106 in
3070 4054 3349 4125 Antiochia
3378 4053 3543 4125 Syriae
3574 4052 3675 4125 IT.
3698 4068 3803 4125 om.

2241 4124 2432 4205 Syriae]
2467 4126 2641 4205 passio
2671 4134 2973 4205 sanctorum
3008 4124 3258 4205 ShPelagii
3290 4135 3341 4205 ert
3372 4121 3684 4205 Bero-uicta].
3710 4122 3799 4187 8.,

2242 4193 2480 4249 Beronici
2512 4194 2545 4266 ι.
2583 4196 2640 4248 Β.
2660 4234 2674 4259 ,
2709 4197 2762 4248 ln
2794 4196 3006 4250 civitate
3037 4195 3271 4258 Puteoli,
3305 4193 3513 4248 Proculi
3543 4206 3595 4247 et
3625 4194 3801 4247 Niceae

2240 4266 2428 4319 matris
2459 4267 2595 4333 ejus.

2308 4378 2396 4432 ΞΟ.
2431 4407 2501 4418 -—-
2528 4378 2645 4433 XIII
2675 4379 2813 4434 ΚΑι..
2844 4379 3004 4433 Vacat
3034 4378 3208 4433 naida.

2310 4469 2369 4523 Β.
2404 4468 2471 4525 γ.
2500 4469 2587 4536 C.,
2618 4470 2674 4523 In
2704 4471 2935 4526 l’uteolis
2962 4470 3156 4525 Sozimi
3178 4512 3193 4533 ,
3232 4470 3499 4534 Januarii,
3532 4471 3808 4524 Dorotliere

1944 4559 2147 4615 SIIIITII
2192 4562 2416 4616 NOTAE.

1944 4562 2147 4615 SMITII
2192 4562 2279 4616 ΝΟ
2331 4562 2416 4616 ίΕ.

625 4654 651 4682 ⁸
693 4645 1005 4717 Tripltonia'.
1066 4647 1233 4721 Hodie
1288 4646 1509 4721 sepulta
1547 4657 1626 4702 est
1661 4647 1733 4721 AS.
1793 4647 1972 4712 Triphn
2000 4654 2120 4715 nia,
2160 4660 2206 4716 ί)
2236 4563 2575 4721 inilperatore.
2613 4650 2771 4715 Ibid.,
2816 4665 2934 4719 cap.
2978 4650 3071 4706 21.
3118 4651 3267 4705 Unde
3294 4647 3568 4721 manifesti
3609 4646 3804 4721 erroris

554 4734 735 4783 qumre
780 4735 845 4771 an
891 4722 1049 4771 etiam
1096 4718 1253 4771 hodie
1295 4719 1444 4771 obiit.
1482 4717 1555 4772 De
1586 4718 1741 4786 hujus
1770 4722 2125 4774 conversione

558 4789 678 4841 vide
722 4790 849 4841 Acta
884 4790 939 4843 S.
972 4789 1242 4844 Laurentii
1269 4790 1406 4857 apud
1437 4789 1648 4843 Surium
1684 4801 1812 4843 totn.
1848 4788 1937 4853 IV,
1964 4793 2048 4845 die
2092 4808 2125 4846 Χ

558 4862 800 4925 Augusti.
1556 4887 1569 4896 ~

628 4930 653 4969 δ
685 4931 840 4983 Alibi.
873 4928 1017 4985 Passi
1050 4929 1191 4984 enim
1224 4930 1274 4984 III
1306 4940 1429 4983 sunt
1460 4930 1511 4983 in
1544 4930 1752 4987 Africa.

632 5007 652 5074 ἐ
688 5001 899 5074 Lamia.
936 5039 949 5052 .
986 5039 1001 5053 .
1034 5003 1370 5074 Asclepiadis.
1405 5002 1458 5053 In
1490 5003 1742 5074 omnibus
1779 5002 1889 5074 fere
1922 5002 2125 5074 Marty-

563 5072 782 5138 rologiis
829 5070 880 5124 hi
933 5072 1101 5137 pridie
1141 5073 1499 5125 celebrantur.
1536 5073 1880 5135 Asclepiades
1912 5070 2123 5139 autem,

559 5142 857 5196 Antiochia:
885 5141 1177 5208 Serapione
1204 5152 1435 5202 mortuo,
1460 5142 1821 5209 episeopatum
1856 5143 1996 5195 illius
2028 5147 2127 5198 Ec-

557 5213 737 5268 clesia:
779 5228 948 5265 nonus
990 5214 1260 5279 suscepit:
1313 5214 1467 5277 hujus
1511 5211 1859 5265 ordinationis
1900 5217 2127 5269 mentio-

561 5300 681 5337 nem
713 5285 837 5337 facit
863 5284 1165 5336 Alexander
1196 5282 1701 5351 llierosolymitanus
1729 5281 1780 5334 in
1808 5286 2031 5352 epistola
2060 5287 2123 5339 ad

559 5354 977 5415 Antiuclienses,
1029 5368 1093 5405 ex
1135 5369 1237 5420 qua
1279 5354 1562 5407 Conficitur
1606 5353 1742 5404 male
1784 5352 1835 5404 itt
1866 5355 2129 5409 Chronico

564 5425 775 5479 Eusebii
801 5424 1130 5492 Asclepiadis
1160 5423 1549 5478 ordinationem
1582 5422 1819 5477 conferri
1849 5428 1898 5475 in
1929 5440 2125 5479 annum

563 5498 790 5560 primum
839 5493 1091 5548 Antonini
1140 5495 1446 5547 Cat-acal'm.
1496 5494 1624 5546 Num
1667 5494 1999 5555 Asclepiadis
2042 5514 2130 5547 nr-

562 5566 765 5617 dinatio
810 5566 1030 5634 contigit
1074 5567 1263 5618 codtm
1313 5574 1550 5631 tempore
1596 5578 1700 5631 quo
1730 5566 2030 5618 Alexander
2057 5567 2129 5619 ob

564 5635 857 5689 Christiani
889 5635 1117 5689 nominis
1145 5635 1535 5689 confessionem
1567 5634 1618 5686 in
1647 5649 1917 5688 carcerem
1950 5638 2128 5702 conje-

564 5717 681 5761 ctus
710 5716 809 5759 est.
845 5706 898 5759 Id
928 5715 1101 5759 autem
1144 5705 1402 5758 accidisse
1444 5706 1737 5772 principatu
1785 5706 1967 5759 Severi
2018 5710 2128 5773 ipse

571 5777 830 5831 I'Zusebius
862 5785 1083 5831 testatur
1128 5778 1176 5827 in
1225 5774 1511 5829 Chronico.
1551 5774 1678 5827 Vide
1730 5777 1941 5828 I‘luSebii
1989 5775 2123 5829 lItst.

566 5848 713 5904 Ile-cl.
744 5863 815 5912 tt,
850 5848 936 5902 tl.
986 5847 1125 5901 Obiit
1174 5846 1229 5900 S.
1286 5844 1629 5912 Asclepiades
1677 5845 1776 5899 sub
1825 5846 2127 5900 Alexandro

2236 4718 2530 4788 arguuntur
2582 4718 2893 4777 Usnardtts.
2928 4722 3071 4782 Ado,
3121 4731 3174 4773 et
3216 4720 3301 4771 alii
3348 4736 3437 4771 eos
3485 4719 3682 4781 seculi,
3715 4718 3804 4784 qui

2234 4810 2354 4847 enm
2389 4796 2438 4847 in
2477 4793 2845 4858 persecutione
2880 4792 3017 4844 Decii
3055 4806 3264 4860 passum
3297 4790 3494 4860 dicunt.

2306 4864 2331 4901 ἀ
2360 4863 2621 4918 Januarii.
2655 4863 2767 4916 Non
2803 4862 2853 4914 in
2890 4858 3066 4915 Ilostia
3091 4904 3106 4927 ,
3140 4864 3233 4915 sed
3283 4859 3495 4927 Neapoli
3542 4858 3713 4926 passi,
3750 4867 3806 4909 ut

2236 4937 2397 5007 paulo
2426 4936 2666 5007 superius
2703 4941 2864 5007 patet.
2965 5001 2981 5007 _
3065 5002 3129 5007 η
3314 4999 3325 5007 _
3501 4998 3513 5007 _
3670 4998 3681 5007 .
3762 4996 3774 5007 .

2309 5015 2330 5041 °
2364 4998 2655 5059 Savmiani.
2709 5002 2908 5055 llornm
2960 5001 3249 5065 festivitas,
3296 4999 3418 5052 dum
3469 4998 3534 5050 ab
3577 4998 3804 5065 antiquis

2240 5077 2565 5143 temporibus
2596 5075 2764 5140 pridie
2805 5073 3027 5126 Kalend.
3060 5072 3600 5143 .Iattttarii__ager_ctttr,
3631 5078 3801 5143 transf

2234 5137 2431 5198 mutata
2486 5158 2564 5198 est
2598 5137 2660 5197 in
2706 5156 2951 5209 quartum
2995 5145 3259 5196 decimum
3302 5137 3416 5193 Kal.
3457 5139 3588 5191 Nov.
3616 5179 3629 5201 ,
3666 5137 3803 5205 quod

2237 5232 2302 5267 eo
2335 5218 2451 5282 ipso
2482 5218 2566 5269 die
2598 5216 2851 5267 translata
2894 5225 3016 5264 sunt
3060 5229 3289 5282 corpora
3322 5225 3533 5272 eorum,
3566 5219 3618 5261 et
3646 5222 3805 5275 ange-

2236 5281 2535 5339 licevnccs
2564 5296 2687 5339 sunt
2714 5286 2925 5336 andimu
2966 5284 3023 5335 lli
3073 5283 3225 5349 primi
3272 5281 3419 5335 fuere
3469 5282 3806 5333 Senonenscs

2233 5358 2502 5425 episcopi,
2538 5367 2589 5408 et
2622 5372 2715 5421 pro
2764 5354 3108 5425 lideﬂChristi
3156 5360 3378 5406 mortem
3425 5351 3803 5404 occubuerunt.

2237 5427 2309 5479 De
2344 5423 2569 5478 IIISVVIIIC
2604 5428 2741 5478 I’elr.
2776 5426 2841 5477 de
2876 5423 3046 5476 Nalal.

2312 5498 2565 5549 f[)uaco.
2619 5496 2690 5547 De
2741 5497 2797 5549 S.
2853 5500 3076 5559 Amato,
3126 5495 3210 5557 qtti
3258 5508 3285 5543 a
3333 5490 3806 5565 Broilertsi_tnona-

2234 5569 2399 5620 sterio
2428 5572 2492 5619 ad
2530 5568 2763 5620 Dnacum
2804 5567 3095 5618 translatus
3126 5573 3244 5629 est,
3279 5564 3396 5615 vide
3434 5558 3677 5629 superius
3714 5558 3801 5610 die

2238 5652 2329 5688 xm
2363 5638 2635 5703 Septemb.
3233 5701 3263 5705 _
3414 5702 3423 5705 Α
3466 5700 3475 5705 _
3790 5695 3803 5705 .

2307 5716 2331 5751 ε
2370 5699 2587 5775 Pelagii.
2626 5707 2837 5758 Rectius
2872 5705 3193 5775 Pelagii-acet
3233 5700 3500 5775 Beronici.
3550 5699 3615 5755 HI
3665 5699 3808 5767 passi

2232 5788 2355 5832 sunt
2384 5773 2652 5833 cuuialiis
2683 5776 2749 5831 49
2774 5778 2920 5846 juxta
2952 5777 3052 5829 alta
3082 5773 3355 5844 Martyrol.
