4110 6452
308 328 439 381 to?!

1441 313 1631 370 SlitLT.
1676 312 1733 367 ll.
1777 341 1846 352 -—-
1878 306 2425 364 MAR'I’YROLOGIA.
3422 299 3562 352 lsifi

1502 425 1727 479 EDITIO
1762 421 2216 475 (ZOLONIENSIS.

262 490 445 593 illim,
477 528 740 581 animatus
769 524 835 578 ad
866 521 1202 577 tolerantiam
1234 518 1558 587 paSsionutn,
1610 514 1782 568 oravit
1806 512 1869 564 ad
1900 521 1948 578 Α
1979 518 2098 579 teri,
2130 512 2328 567 Callisti
2363 524 2528 579 ρςιρω,
2576 510 2663 579 qtti
2694 524 2812 562 cum
2842 521 3033 572 corpus
3069 520 3183 573 ejus
3211 500 3440 555 levalttttt
3489 502 3557 554 de

268 603 275 615 ’
304 620 609 683 Dominum,
640 626 698 671 ut
727 616 771 669 si
804 629 898 683 pro
944 622 1092 667 certo
1136 626 1255 665 eum
1287 609 1504 679 dignum
1537 605 1700 675 gloria
1734 620 1877 657 mar-

304 712 424 781 tyrii
453 708 738 778 judicarct,
782 721 845 759 ex
886 703 1063 774 lapide
1098 701 1369 771 spelunca:
1408 698 1545 752 i’lins
1587 712 1721 765 aqua
1765 695 1883 748 lim-

305 802 581 870 pidissima
629 808 923 854 emanaret.
975 795 1127 863 Quod
1169 810 1290 849 cum
1342 793 1594 846 Dominus
1632 788 1883 842 continuo

308 891 665 957 prazstitisset,
698 888 786 943 ille
813 903 1035 941 securus
1066 885 1130 939 ad
1159 900 1335 939 aream
1360 880 1664 938 certaminis
1695 893 1881 947 prope-

309 982 468 1049 ravit,
494 992 546 1037 et
576 982 802 1051 palmam
840 980 1078 1050 martyrii
1108 978 1317 1032 fortiter
1342 975 1641 1029 dimicando
1673 987 1883 1043 prome-

309 1074 432 1131 ruit.
466 1076 592 1129 ltem
626 1075 798 1127 natale
822 1072 1102 1139 Simplicii.

380 1166 445 1220 (Β.
470 1165 561 1218 XII
593 1165 829 1219 KALEND.
861 1164 1101 1218 Novena.
1130 1192 1200 1202 —
1224 1160 1372 1229 Apud
1401 1159 1759 1215 Nicomediam
1793 1173 1884 1211 na-

312 1258 417 1311 tale
448 1266 751 1311 sanctorum
797 1264 1087 1327 martyrum
1137 1255 1300 1319 Dasii,
1335 1254 1520 1317 Zotici,
1578 1251 1720 1317 Gaii,
1763 1266 1883 1305 cmn

310 1353 590 1407 duodecim
621 1352 896 1405 militibus.
933 1351 1128 1403 Eodem
1175 1348 1261 1402 die
1301 1348 1471 1400 sancti
1515 1344 1678 1413 patris
1720 1342 1883 1396 nostri

314 1442 619 1506 Hilarionis,
670 1440 822 1508 cujus
867 1439 1026 1491 vitam
1074 1437 1428 1505 Hieronymus
1460 1433 1743 1487 virtutibus
1777 1432 1884 1498 ple-

312 1549 434 1587 nam
459 1533 795 1599 conscripsit.
855 1530 982 1584 Item
1033 1528 1208 1583 natale
1236 1526 1403 1582 sancti
1434 1522 1629 1578 Asterii
1665 1522 1883 1591 presby-

1984 614 2141 674 puteo
2163 602 2461 671 sepelisset,
2492 609 2608 668 post
2627 600 2741 653 dies
2761 615 2851 651 sev
2878 597 3099 650 audiens
3125 594 3225 648 hoc
3253 592 3561 647 Alexander

1985 697 2297 761 imperator,
2345 689 2597 759 prazcepit
2643 704 2761 741 eum
2812 703 2904 756 per
2954 695 3168 754 pontem
3217 682 3556 751 prmcipitari.

1985 785 2147 854 Cujus
2178 798 2373 853 corpus
2396 781 2667 834 inventum
2693 790 2796 843 cSt,
2830 787 2883 833 et
2910 794 2938 831 a
2963 776 3275 846 quibusdam
3303 774 3563 828 Christia-

1988 877 2067 930 nis
2093 878 2143 929 in
2176 875 2359 929 eadem
2393 871 2606 927 civitate
2632 874 2919 939 sepultum.
2952 870 3217 937 Scriptum
3244 878 3323 922 est
3361 868 3411 919 in
3446 881 3564 933 pas-

1989 968 2139 1022 sione
2169 966 2335 1020 sancti
2366 965 2586 1027 Ctllisti,
2634 974 2685 1017 et
2722 964 2975 1017 transitus
3012 962 3177 1016 sancti
3212 960 3434 1014 Viatoris
3488 961 3563 1013 le-

1989 1058 2173 1113 etot-is.
2204 1058 2259 1111 In
2289 1055 2511 1111 Colonia
2542 1063 2843 1108 sanctarum
2877 1052 3135 1120 virginum
3172 1051 3417 1105 undecim
3448 1048 3564 1102 mil-

1990 1151 2137 1205 lium.

2066 1246 2126 1299 A.
2190 1240 2259 1296 XI
2327 1241 2566 1294 Kauzsn.
2628 1239 2863 1292 Novus.
2917 1266 2989 1277 —
3028 1236 3371 1306 Jerosolymts
3426 1234 3563 1287 ocati

1991 1335 2175 1405 Marci,
2202 1334 2289 1405 qui
2322 1335 2519 1403 primus
2542 1332 2886 1402 .lerOSonmis
2913 1346 2978 1385 ex
3007 1329 3252 1398 gentibus
3285 1333 3405 1395 post
3451 1325 3569 1391 epi-

1992 1442 2182 1497 scopos
2211 1442 2275 1481 ex
2309 1426 2714 1479 circumcisione
2760 1423 3114 1478 sacerdotium
3147 1421 3376 1476 civitatis
3424 1418 3573 1472 illius.

1992 1521 2214 1588 accepit,
2245 1519 2523 1573 clarissimi
2566 1527 2619 1573 et
2664 1517 2957 1572 doctissimi
2990 1516 3108 1583 viri,
3158 1530 3218 1569 ac
3267 1529 3370 1569 non
3403 1511 3577 1566 multo

1547 1613 1772 1667 EDl'l‘IO
1814 1609 2322 1665 BOLLANDIANA.

311 1718 433 1784 ιν..
461 1712 756 1784 Dorothei].
787 1712 849 1767 V.
875 1712 961 1778 C.,
991 1710 1124 1784 Alibi
1150 1708 1304 1784 Ut_icii_
1330 1703 1718 1784 [_(_I.,_Eut_i_cis_]_,
1747 1706 1883 1784 Mar-
1918 1708 1962 1765 B
1994 1704 2140 1771 cepit
2166 1717 2285 1756 eum
2322 1716 2417 1768 per
2448 1707 2664 1769 pontem
2697 1696 3014 1767 praecipitari
3043 1714 3057 1752 :
3085 1696 3239 1765 cujus
3268 1708 3464 1763 corpus
3491 1693 3570 1746 ina

311 1775 511 1842 cellini.
546 1789 607 1839 A.
637 1786 699 1838 Τ.
727 1775 814 1847 L.,
849 1775 1030 1835 Natale
1054 1781 1153 1835 ss.
1190 1775 1417 1844 suum,
1451 1777 1626 1840 Lucii,
1661 1775 1880 1847 Μεηςρι-

314 1858 460 1911 liani.
489 1858 572 1915 Β..
604 1857 656 1908 In
685 1845 983 1906 Nicomedia
1016 1852 1182 1904 lCntici
1203 1887 1216 1910 ,
1248 1847 1479 1903 Promali
1503 1890 1515 1910 ,
1542 1847 1721 1912 Lucii,
1747 1845 1883 1898 Mar-

312 1927 512 1981 cellini.
549 1926 633 1989 D.,
668 1922 943 1977 Antiochia
979 1923 1217 1983 Berortn,
1252 1928 1277 1955 “
1315 1920 1538 1985 Pelagia:
1570 1926 1623 1969 et
1652 1919 1878 1989 aliorum

311 1988 657 2065 quadraginta
693 1993 1035 2065 ιιοιίιξιιιηιὶ.Ἀ
1058 1992 1240 2065 ltomm
1271 1990 1441 2065 natale
1466 1988 1705 2065 l}_Aslerii
1735 2000 1884 2065 pres:

310 2056 615 2136 liy'teri.'A.
660 2065 722 2118 T.
769 2064 867 2126 L.,
912 2062 967 2115 ltt
1014 2059 1433 2136 Agitnto__passio
1474 2058 1532 2113 S.
1580 2066 1603 2094 ε
1649 2056 1883 2126 Caprasii

315 2130 587 2205 martyris.
626 2137 683 2188 Β.
717 2144 1009 2203 prmnotat,
1044 2132 1095 2183 In
1127 2130 1331 2183 Galliis.

388 2226 478 2280 21.
510 2254 580 2266 -—
610 2223 704 2277 XII
734 2222 870 2277 ΚΑι..
903 2222 1085 2277 Sancti
1118 2221 1286 2273 Patris
1314 2217 1484 2273 nostri
1514 2220 1539 2259 (ι
1572 2214 1858 2271 Hilarionis
1880 2256 1895 2281 ,

320 2318 476 2386 cujus
505 2317 685 2371 Vitam
718 2316 1073 2385 Hieronymus
1099 2314 1389 2367 virtutibus
1418 2312 1629 2379 plenam
1658 2309 1894 2377 scripsit.

320 2407 524 2463 Eodem
563 2406 649 2461 die
687 2404 862 2459 natale
902 2404 958 2459 S.
1002 2403 1193 2456 Asterii
1220 2441 1237 2468 ,
1280 2398 1572 2470 presbyteri
1603 2411 1621 2431 ο
1670 2396 1895 2462 Catixti,

320 2497 411 2563 qui
455 2510 575 2549 cum
611 2509 808 2563 corpus
851 2494 966 2561 ejus
999 2495 1265 2547 elevatnm
1296 2490 1365 2545 de
1396 2499 1560 2560 puteo
1587 2487 1898 2557 sepelisset,

323 2594 448 2654 post
469 2585 583 2639 dies
605 2599 697 2640 sex
725 2584 948 2638 audiens
974 2582 1076 2637 hoc
1104 2580 1403 2637 Alexander
1428 2580 1737 2649 imperator,
1765 2592 1901 2645 prae-

1991 1802 2211 1848 ventum
2253 1800 2368 1857 est,
2413 1799 2468 1845 et
2509 1804 2539 1844 a
2580 1789 2893 1859 quibusdam
2937 1787 3255 1842 Christianis
3282 1787 3335 1842 in
3381 1786 3572 1840 eadem

1993 1887 2207 1941 civitate
2252 1884 2541 1955 sepultum.
2566 1882 2832 1953 Scriptum
2880 1882 2930 1936 in
2975 1880 3227 1935 Passione
3259 1880 3317 1935 S.
3376 1879 3574 1933 Calixti

1996 1991 2168 2047 papas.

2068 2069 2132 2119 A.
2154 2064 2218 2118 'l‘.
2250 2064 2333 2130 L.,
2372 2064 2426 2119 In
2453 2063 2672 2119 Colonia
2706 2063 2990 2134 Agrippina
3038 2062 3213 2134 passio
3262 2070 3565 2115 sanctorum

1997 2137 2239 2189 undecim
2270 2135 2489 2189 millium
2516 2140 2535 2178 τ
2560 2133 2839 2202 virginum.
2874 2135 2935 2186 Et
2966 2135 3077 2187 haec
3108 2133 3275 2199 primo
3305 2134 3567 2185 locncutn

2000 2208 2171 2272 aliqua
2200 2205 2537 2260 diversitate:
2583 2208 2765 2258 ultimo
2796 2214 2970 2258 autem
3004 2205 3118 2256 loco
3150 2203 3199 2255 in
3242 2202 3302 2255 L.
3325 2202 3571 2256 additur:

2004 2278 2068 2330 lit
2095 2277 2154 2332 S.
2179 2285 2203 2323 Β
2229 2274 2449 2329 Cilinite.
2482 2276 2567 2339 Β..
2599 2276 2653 2329 ltt
2682 2274 2836 2328 Nicea
2872 2275 3126 2344 Bithynia:
3158 2273 3330 2326 natale
3361 2273 3571 2344 Macha-

2004 2347 2089 2411 rii,
2127 2346 2353 2410 Proculi,
2390 2344 2609 2399 Modesti
2640 2360 2757 2399 cum
2790 2344 2906 2398 aliis
2931 2343 3173 2398 ducentis
3210 2343 3563 2411 septuaginta.

2006 2416 2242 2481 Lugduni
2266 2416 2451 2471 Gallia:
2477 2416 2648 2469 natale
2680 2416 2738 2468 Β.
2763 2413 2789 2451 ιι
2818 2415 3043 2467 Viatoris
3075 2414 3217 2477 pueri
3248 2423 3299 2466 et
3327 2412 3573 2481 discipuli

2006 2431 2242 2541 Lugduni
2266 2431 2451 2471 uatum
2477 2431 2648 2469 natale
2680 2431 2738 2468 ts.
2763 2431 2789 2451 ιι
2823 2431 3043 2467 Viatorts
3075 2431 3217 2477 pueri
3248 2431 3284 2466 ei

2003 2488 2061 2542 S.
2119 2488 2218 2540 usti
2246 2486 2501 2555 episcopi.
2535 2487 2586 2539 In
2618 2487 2787 2539 Africa
2820 2484 3059 2549 Modesti,
3097 2485 3284 2537 Eutici.

2076 2576 2167 2631 2‘2.
2190 2605 2259 2618 —
2282 2576 2350 2631 ΧΙ
2389 2576 2521 2632 Kac.
2570 2578 2727 2631 Vacat
2754 2577 2925 2631 Btnda.

1716 2663 1921 2721 SMITH
1959 2665 2188 2720 NOTAE.

393 2759 421 2787 ⁸
450 2757 695 2826 Pelagiw.
727 2756 801 2810 De
832 2757 929 2810 hac
959 2755 1126 2824 pridie
1157 2759 1345 2821 agitur.

396 2838 425 2879 ι)
450 2830 651 2880 Αειιιτὶὶ.
690 2829 761 2880 De
793 2830 889 2881 hoc
920 2828 1036 2880 vide
1069 2826 1344 2894 postridie.

398 2908 418 2932 ι·
451 2898 705 2966 Caprusii.
737 2896 834 2960 Qtti
884 2914 999 2949 cum
1050 2898 1227 2950 Primo
1256 2908 1307 2949 et
1339 2895 1606 2950 Feliciano
1639 2895 1892 2949 fratribus

324 2983 510 3035 passtts
540 2978 619 3022 est
651 2970 700 3019 in
733 2967 917 3021 Galliis
947 2967 1163 3019 civitate
1193 2968 1493 3034 Agettnensi
1537 2968 1635 3020 sub
1671 2966 1890 3020 Datiano

324 3038 570 3108 praeside.
611 3040 739 3092 Dum
768 3042 907 3090 enim
939 3038 1135 3108 rabiem
1186 3038 1569 3108 persecutionis
1613 3037 1890 3089 declinans

324 3106 515 3189 lateret
544 3110 595 3161 in
623 3108 895 3189 spelunca,
924 3106 1133 3185 tandem
1161 3107 1385 3187 audiens
1413 3107 1640 3189 qualiter
1666 3109 1726 3189 Βἰ
1751 3107 1894 3174 virgo
1924 3129 1968 3189 ο

326 3180 485 3234 Fides
517 3193 610 3245 pro
640 3178 852 3229 Christo
881 3176 1181 3243 agonizaret
1204 3217 1219 3241 ,
1252 3178 1515 3230 animatus
1545 3177 1609 3228 ad
1658 3178 1891 3230 toleran-

324 3252 452 3304 tiam
486 3247 789 3317 passionum
822 3248 991 3317 oravit
1022 3245 1085 3297 ad
1120 3246 1430 3308 Dominum,
1466 3255 1523 3317 nt
1546 3248 1594 3317 psi
1628 3260 1747 3300 eum
1780 3248 1899 3313 glo-

323 3322 403 3374 ria
437 3314 672 3386 martyrii
701 3319 917 3385 dignum
963 3314 1259 3383 judicaret,
1310 3331 1372 3369 ex
1419 3316 1591 3383 lapide
1632 3317 1900 3382 spelunca:

325 3389 541 3457 limpida
575 3404 707 3456 aqua
741 3396 979 3439 manaret
1009 3402 1022 3438 :
1054 3387 1191 3455 quod
1222 3401 1341 3440 cum
1391 3387 1646 3439 Dominus
1692 3386 1899 3451 praesti-

326 3462 479 3513 tisset
503 3500 516 3523 ,
550 3472 770 3511 securus
798 3458 861 3508 ad
907 3471 1081 3509 aream
1124 3457 1431 3509 certaminis
1476 3458 1816 3525 properavit,
1848 3465 1902 3509 et

327 3532 555 3600 palmam
583 3526 843 3600 martyrii
892 3527 1004 3600 sub
1040 3527 1354 3581 Maximiano
1396 3526 1601 3581 fortiter
1649 3525 1899 3595 patiendo

327 3596 637 3667 promeruit.
671 3598 837 3651 Pera.
874 3614 934 3649 ne
967 3596 1170 3650 NATAL.

401 3672 429 3710 εἰ
462 3668 768 3722 Hilarionis.
802 3669 898 3733 Qui
930 3678 1080 3721 ortus
1109 3679 1184 3720 est
1219 3667 1335 3720 vico
1380 3667 1653 3720 Thabatlta
1702 3666 1755 3719 in
1804 3665 1901 3717 Pa-

329 3739 567 3802 laastina,
620 3748 673 3793 et
720 3737 1053 3791 Alexandria:
1102 3739 1446 3805 grammatico
1514 3737 1736 3791 traditus
1796 3748 1897 3789 est.

331 3810 558 3863 Proinde
570 3810 790 3862 audiens
816 3808 1024 3861 celebre
1040 3822 1229 3861 nomen
1251 3810 1484 3869 Antonii,
1503 3807 1568 3859 ad
1586 3824 1704 3861 eum
1724 3821 1899 3870 perre-

330 3882 440 3943 xit,
472 3890 524 3933 et
552 3881 728 3932 statim
763 3886 819 3930 ιιι
847 3893 966 3929 cum
1000 3878 1158 3941 vidit,
1194 3888 1397 3930 mutato
1427 3876 1649 3946 priStino
1682 3875 1858 3928 habitu
1882 3918 1895 3938 ,

330 3952 537 4003 duobus
580 3951 692 4004 fere
720 3949 989 4001 mensibus
1027 3946 1175 4015 juxta
1216 3964 1336 4001 eum
1383 3950 1607 4012 tnansit,
1657 3956 1897 4001 contem-

331 4021 481 4088 plans
510 4020 749 4073 ordinem
778 4020 899 4070 vita:
926 4016 1039 4085 ejus
1069 4033 1381 4085 morumque
1407 4020 1741 4085 gravitatem.
1788 4017 1895 4070 lie-

329 4104 515 4143 versus
557 4105 675 4143 cum
716 4088 1025 4156 quibusdam
1068 4089 1342 4141 monachis
1383 4091 1445 4141 ad
1492 4091 1747 4155 patriam,
1808 4102 1896 4153 pa-

329 4160 571 4214 rentibus
597 4161 704 4228 jam
735 4157 1017 4223 defunctis,
1051 4168 1250 4227 partem
1281 4159 1588 4213 sub~tantite
1622 4158 1892 4218 fratribus,

331 4239 535 4298 partem
566 4230 887 4299 pauperibus
918 4230 1137 4297 largitus
1165 4238 1247 4283 est
1268 4271 1282 4294 ,
1307 4228 1753 4299 solitotlinetnque
1779 4242 1896 4295 ιμιςο

333 4305 385 4353 in
428 4302 657 4369 septimo
702 4298 953 4369 milliarlo
983 4314 1010 4351 a
1044 4299 1262 4363 Maioma
1315 4298 1472 4351 Gaza:
1515 4299 1755 4364 emporio
1804 4314 1896 4365 per

332 4370 480 4424 littus
510 4371 755 4425 euntibus
790 4368 1069 4437 {Egyptum
1100 4371 1165 4421 ad
1196 4370 1377 4422 ltevam
1413 4370 1662 4432 ﬂectitur,
1693 4369 1897 4436 ingres-

330 4455 423 4493 sus
449 4451 527 4495 est
557 4440 853 4508 quindecim
881 4454 1048 4491 annos
1080 4452 1253 4491 natus.
1289 4440 1384 4492 Ubi
1419 4454 1538 4491 cum
1571 4440 1765 4493 multos
1798 4453 1892 4505 per

332 4526 500 4564 annos
531 4485 713 4564 Stincte
742 4518 797 4562 et
827 4510 1027 4562 duriter
1059 4511 1369 4563 instituisset
1412 4511 1606 4573 vitam,
1649 4485 1891 4561 fundartor
1918 4485 1970 4546 θ

329 4591 387 4633 et
428 4582 665 4635 eruditur
710 4580 868 4649 hujus
914 4582 1333 4633 conversationis
1380 4581 1429 4631 in
1475 4579 1792 4642 PalteStioa;
1838 4590 1893 4632 et

332 4667 453 4703 cum
484 4652 684 4720 grande
722 4649 1100 4702 monasterium
1143 4651 1471 4705 excrevisset
1514 4659 1565 4703 et
1612 4650 1892 4702 multitudo

333 4722 555 4775 fratrum
596 4737 774 4775 secum
809 4720 1133 4784 habitasset,
1166 4722 1230 4772 ad
1262 4722 1720 4774 conversationem
1751 4722 1892 4771 anti-

332 4807 515 4858 quam,
545 4793 868 4846 eretniticatn
913 4789 1132 4857 scilicet,
1165 4792 1338 4844 redire
1384 4792 1433 4843 in
1465 4790 1642 4842 animo
1673 4790 1893 4853 habuit;

337 4864 567 4928 perrexit
599 4863 757 4928 igitur
785 4863 848 4913 ad
884 4861 940 4913 Β.
976 4862 1260 4914 Antonium
1288 4878 1303 4925 ;
1333 4863 1421 4929 qui
1455 4861 1705 4928 quoniam
1752 4875 1895 4913 mor-

336 4942 458 4985 tuus
489 4940 571 4986 est
600 4941 882 4999 antequam
917 4942 1150 4999 veniret,
1184 4947 1429 4984 reversus
1458 4948 1487 4984 e
1524 4942 1540 4982 t
1582 4932 1644 4981 ad
1689 4932 1897 4998 Aphro-

334 5006 482 5055 diton
504 5043 519 5067 ,
553 5013 605 5056 et
637 5006 841 5055 duobus
870 5011 1071 5055 tantum
1102 5018 1139 5054 δ·
1162 5017 1279 5055 cum
1313 5003 1530 5054 retentis
1562 5000 1812 5053 fratribus
1843 5001 1895 5053 itt

337 5074 506 5125 vicina
537 5088 721 5127 eremo
754 5084 985 5124 moratus
1016 5083 1115 5124 est.
1160 5074 1260 5126 Sed
1306 5073 1490 5125 videns
1531 5071 1691 5124 eziam
1742 5071 1809 5123 ibi
1842 5086 1899 5123 se

337 5145 484 5195 miris
518 5144 810 5196 honoribus
839 5141 1009 5204 al'tici,
1043 5148 1275 5209 perrexit
1317 5142 1689 5195 Alexandriam
1715 5181 1729 5201 ,
1777 5141 1900 5194 imle

337 5215 402 5265 ad
434 5215 735 5268 ulteriorem
767 5216 946 5265 Uasitn
989 5227 1223 5267 ercmttm
1265 5225 1623 5275 transnurus;
1668 5211 1753 5263 ubi
1797 5227 1900 5264 non

337 5284 425 5334 diu
468 5298 785 5351 permanens
825 5298 888 5336 eo
912 5284 1065 5349 -quotl
1116 5283 1379 5337 Gttzenscs
1428 5298 1455 5333 a
1508 5282 1714 5336 Juhano
1768 5279 1899 5348 imp.

341 5363 565 5407 inertem
599 5354 881 5407 Hilarionis
922 5355 1327 5422 impetrassent,
1364 5368 1454 5420 per
1486 5357 1677 5405 inviam
1711 5352 1901 5405 Solitu-

341 5424 518 5478 dinem
551 5424 768 5478 intravit
796 5425 971 5478 Oasitn
1002 5441 1016 5489 ;
1048 5424 1224 5494 ibique
1254 5440 1392 5476 anno
1424 5426 1540 5491 plus
1572 5422 1747 5474 minus
1779 5438 1904 5474 exa-

341 5504 465 5559 rto,
496 5506 550 5549 et
577 5495 786 5548 Juliano
818 5496 944 5562 imp.
986 5496 1197 5558 occiso,
1240 5496 1291 5548 in
1332 5494 1564 5548 Siciliam
1608 5495 1901 5561 navigavit,

343 5565 428 5617 ubi
464 5568 626 5620 latere
655 5581 712 5619 se
747 5566 982 5632 potuisse
1010 5569 1294 5619 arbitratus
1335 5575 1415 5617 est
1444 5580 1458 5629 ;
1500 5565 1593 5617 sed
1637 5578 1663 5614 a
1707 5564 1905 5614 theme-

340 5639 497 5688 ttiaco
526 5652 683 5703 quem
713 5636 916 5687 sanavit
951 5638 1187 5697 proditus
1228 5646 1351 5698 est;
1395 5636 1533 5703 quod
1580 5632 1783 5686 ittitittttt
1830 5634 1900 5685 si-

339 5721 561 5769 gnorum
594 5708 711 5773 ejus
741 5707 791 5758 itt
824 5705 1000 5759 Sicilia
1032 5706 1468 5759 innutnerabdem
1499 5707 1562 5757 atl
1595 5721 1716 5757 eunt
1749 5704 1905 5755 dein~

340 5794 463 5839 ceys
494 5778 707 5831 addusit
748 5776 1156 5832 tnultitudincm.
1204 5777 1557 5843 Quamobrem
1604 5775 1899 5844 Hesychius

2002 2757 2117 2823 ejus
2144 2756 2435 2825 discipulus
2464 2756 2550 2823 qui
2600 2752 2737 2825 fama
2784 2754 2898 2823 ejus
2942 2753 3193 2825 virtutum
3241 2753 3564 2825 llilarionetn

2001 2824 2345 2896 evestigasset
2365 2866 2381 2889 ,
2410 2841 2531 2879 eum
2562 2826 2625 2877 ad
2659 2824 2979 2891 Epidaurum
3013 2824 3286 2896 Dalmatia:
3315 2824 3564 2891 oppidum

2000 2893 2301 2961 duxitfnbi
2334 2897 2619 2949 draconem
2651 2897 2797 2947 mine
2839 2896 3074 2964 magnitu
3098 2893 3219 2947 linis
3258 2910 3571 2948 concrema-

1999 2968 2112 3031 vit;
2146 2967 2335 3021 deinde
2368 2967 2603 3033 Paphum
2634 2965 2929 3033 navigavit,
2964 2964 3139 3033 ibique
3173 2980 3390 3017 manens
3424 2966 3572 3018 bien-

2001 3053 2123 3100 n'o,
2158 3041 2296 3092 inter
2326 3048 2559 3091 secretos
2612 3051 2939 3103 asperosqtte
2980 3044 3188 3090 montes
3228 3037 3570 3090 solitudinem

2002 3109 2277 3174 qtnesivit,
2310 3119 2364 3160 et
2395 3110 2496 3161 ism
2526 3106 2644 3159 loco
2677 3122 2769 3171 per
2798 3120 2968 3158 annos
2997 3109 3228 3173 quinque
3273 3107 3528 3159 habitavit
3558 3147 3573 3168 ,

2003 3188 2055 3230 et
2085 3178 2367 3230 defunctus
2398 3186 2479 3230 est
2545 3175 2697 3240 Quod
2732 3185 3007 3243 postquam
3045 3177 3337 3229 Paltestina:
3368 3176 3571 3228 audivit

2005 3248 2336 3316 Hesychius.
2387 3248 2450 3298 ad
2495 3244 2727 3312 Cvprum
2776 3245 3068 3316 navigavit,
3124 3253 3177 3298 et
3225 3256 3351 3316 post
3382 3246 3573 3316 decem

2005 3314 2170 3369 fern—te
2203 3332 2413 3369 menses
2442 3332 2632 3382 corpus
2662 3317 2777 3379 ejus
2810 3315 3012 3367 furatos
3052 3323 3155 3367 est.
3205 3314 3355 3381 Quod
3402 3315 3571 3380 Maju-

2004 3388 2164 3439 iniam
2214 3384 2501 3446 deferens,
2560 3387 2610 3440 itt
2664 3385 2884 3452 antiquo
2935 3385 3258 3438 monasterio
3305 3386 3567 3438 condidit.

2007 3457 2137 3510 Vide
2178 3457 2328 3527 plura
2372 3459 2420 3509 ιιι
2474 3455 2586 3509 Vita
2627 3457 2742 3522 ejus
2782 3457 2849 3527 ab
2892 3455 3215 3527 Hieronymo
3243 3454 3461 3522 scripta.
3492 3455 3572 3527 De

2002 3542 2067 3579 eo
2107 3525 2263 3580 etiam
2309 3527 2635 3579 Sozomenus
2676 3525 2909 3593 loquitur
2942 3526 2992 3577 itt
3038 3526 3183 3578 Eccl.
3220 3527 3351 3577 Hist.
3393 3540 3443 3588 v,
3486 3526 3565 3579 l0.

2003 3598 2061 3652 S.
2095 3608 2269 3650 autem
2306 3596 2500 3649 Hilarii
2542 3612 2681 3649 anno
2720 3598 2825 3648 290
2869 3606 3020 3649 natus
3050 3606 3152 3657 est,
3201 3606 3442 3649 mortuus
3492 3608 3573 3649 est

2002 3671 2142 3721 enim
2175 3668 2568 3735 octogenarius,
2605 3678 2659 3719 ut
2686 3668 2867 3720 scribit
2897 3668 2954 3721 5.
2990 3664 3341 3735 Hieronymus
3372 3666 3421 3718 itt
3454 3664 3569 3734 ejus

2008 3739 2161 3801 Vita;
2208 3750 2428 3805 eratque
2471 3737 2643 3791 aetatis
2683 3738 2956 3805 sexaginta
2997 3737 3230 3805 quinque
3269 3751 3568 3797 annorum,

2002 3810 2213 3875 quando
2246 3809 2304 3859 ι).
2340 3809 2598 3861 Antonius
2630 3807 2698 3861 Μ.
2745 3810 3175 3872 tleccssit,-teste
3213 3807 3403 3859 eodem
3439 3806 3565 3860 Ilie-

2003 3894 2247 3949 ronytno.
2290 3879 2428 3931 Obiit
2480 3894 2656 3949 auem
2713 3877 2973 3949 Λιιιιιιιίιις
3025 3894 3165 3931 anno
3225 3876 3348 3931 556.
3395 3877 3569 3942 Quare

2002 3949 2061 4003 S.
2098 3948 2329 4002 Hilarion
2357 3949 2515 4000 etiam
2548 3948 2677 4001 obiit
2706 3963 2843 3999 anno
2871 3948 2995 4001 570.

2076 4028 2100 4055 ε
2132 4020 2341 4072 Calixti.
2377 4019 2448 4071 De
2477 4018 2579 4071 hoc
2609 4019 2726 4071 vide
2772 4020 3014 4085 superius
3045 4016 3211 4086 pridie
3261 4017 3384 4070 ldus
3418 4018 3575 4088 hujus

2002 4103 2220 4142 IIlCHS’S.

2079 4158 2096 4197 ί
2142 4158 2423 4231 Virginum.
2460 4158 2597 4231 Inter
2628 4174 2755 4227 quas
2786 4159 3048 4225 prmcipua
3078 4156 3416 4231 fuitUrsula.
3452 4158 3579 4225 Quae

2000 4245 2119 4283 eum
2153 4227 2252 4283 una
2278 4244 2397 4283 cum
2440 4230 2600 4282 sociis
2635 4233 2852 4282 ltomatn
2888 4227 3361 4296 peregrinationem
3400 4244 3580 4282 διιεριε-

2003 4304 2194 4367 “sset,
2225 4315 2287 4353 ac
2325 4302 2375 4353 itt
2410 4300 2599 4353 itinere
2630 4301 2900 4353 incidisset
2938 4300 2988 4351 in
3021 4298 3261 4360 llunnos,
3294 4300 3360 4350 ab
3392 4300 3576 4352 iisdem

1998 4387 2116 4424 com
2156 4371 2439 4425 comitibus
2468 4370 2579 4424 suis
2621 4372 2875 4423 trucidata
2907 4379 2989 4421 est
3016 4386 3155 4422 anno
3183 4370 3307 4432 455,
3337 4380 3392 4422 ιιι
3423 4370 3577 4438 Sige-

2003 4444 2179 4494 bertus
2208 4450 2430 4494 testatur
2477 4442 2527 4494 itt
2555 4438 2757 4493 Chron.
2794 4442 3024 4495 Historia
3078 4443 3265 4492 harum
3313 4440 3576 4509 virginum

1997 4512 2134 4579 apud
2179 4522 2421 4565 auctores
2464 4513 2696 4580 vulgata,
2736 4521 2817 4565 est
2861 4510 3011 4563 valde
3057 4511 3230 4563 dubia:
3268 4519 3323 4564 et
3365 4514 3579 4564 incerta:

2000 4585 2143 4637 litlei.

2073 4658 2096 4695 ε
2126 4652 2345 4709 Ciliniw.
2379 4655 2556 4708 Matris
2586 4652 2643 4706 S.
2672 4654 2891 4719 ltemigii
2921 4651 3153 4717 episcopi
3180 4650 3498 4705 ltltemensis
3529 4652 3581 4703 itt

1997 4733 2170 4779 eastro
2202 4726 2553 4777 Laudunensi.
2610 4726 2760 4776 l’lttra
2807 4725 2874 4776 de
2916 4738 2976 4776 ea
3024 4724 3072 4774 itt
3109 4723 3223 4774 Vita
3266 4724 3321 4776 S.
3352 4721 3578 4789 ltetnigii

1997 4795 2134 4859 apud
2153 4796 2362 4849 Snriunt
2387 4796 2436 4847 in
2461 4795 2730 4847 Januario.
2764 4792 3031 4862 llentigius
3058 4796 3246 4846 colitur
3273 4807 3361 4844 xttt
3384 4790 3583 4845 Janua-

2000 4864 2063 4918 rii
2094 4875 2148 4916 et
2179 4880 2192 4915 I
2218 4868 2404 4917 Octob.

2072 4931 2099 4969 δ
2142 4934 2378 4987 Viatoris.
2411 4934 2511 5001 Qui
2542 4932 2782 4987 ordinem
2813 4933 3025 4985 lectoris
3053 4936 3242 4996 tenuit,
3276 4942 3329 4985 et
3359 4932 3418 4987 S.
3444 4932 3577 4985 Jasti

2002 5004 2367 5073 LttgdUttt-ttsts
2397 5006 2630 5074 episcopi
2683 5020 2862 5057 centes
2909 5002 3024 5056 fuit.
3075 5005 3170 5071 Qui
3221 5018 3341 5055 cmn
3395 5005 3581 5074 em_lettt

2001 5070 2365 5142 epiSCOpatum
2396 5070 2675 5128 desereitte
2703 5089 2887 5127 navem
2911 5070 3241 5137 conscendit,
3268 5082 3321 5125 et
3342 5073 3404 5124 ad
3424 5070 3585 5141 Egy-

2003 5156 2147 5214 ptum
2178 5147 2465 5213 navigavit,
2488 5157 2644 5213 atque
2671 5147 2716 5197 ei
2744 5146 2795 5197 itt
2821 5160 3000 5197 eremo
3026 5146 3211 5198 scdulo
3240 5143 3577 5214 tnittistravu.

2004 5213 2120 5280 Quo
2149 5216 2418 5279 defuncto,
2452 5225 2505 5268 et
2553 5219 2663 5285 ipse
2700 5216 2879 5269 Viator
2916 5227 3032 5282 post
3068 5216 3181 5269 dies
3209 5215 3263 5279 7,
3296 5222 3449 5281 prout
3479 5213 3576 5280 ipsi

2006 5286 2268 5341 S.Jnstns
2325 5288 2657 5354 praedixerat,
2706 5302 2826 5340 eum
2879 5286 2944 5337 ad
3000 5286 3164 5339 cailos
3213 5293 3427 5354 secutus
3475 5295 3578 5350 est,

2004 5357 2187 5413 Justus
2217 5353 2356 5410 enim
2404 5356 2577 5410 Idibus
2606 5358 2851 5410 Octobris
2900 5356 3048 5420 obiit,
3096 5365 3150 5409 et
3179 5353 3360 5409 Viator
3383 5354 3584 5423 quievit

2007 5429 2059 5482 in
2090 5442 2218 5494 pace
2248 5441 2318 5480 xu
2350 5425 2467 5481 Kal.
2492 5427 2748 5481 Novemb.
2782 5431 3016 5490 Quorum
3049 5430 3326 5479 amborum
3355 5439 3575 5494 corpora

2008 5514 2035 5549 a
2057 5493 2261 5551 civibus
2285 5497 2720 5565 Lttgdunensibus
2743 5496 2934 5550 exinde
2954 5498 3155 5548 sublata
3178 5505 3301 5548 sunt
3328 5506 3378 5548 ct
3406 5493 3468 5546 ad
3491 5509 3582 5547 eo-

2009 5582 2124 5621 rum
2153 5568 2418 5621 civitatem
2451 5567 2634 5629 relata,
2667 5578 2719 5619 et
2765 5571 2813 5619 in
2843 5567 3068 5620 ecclesia
3114 5566 3217 5622 SS.
3242 5578 3442 5631 septem
3475 5565 3579 5617 .lla-

2009 5640 2347 5692 chahtuornm
2400 5638 2664 5704 condigno
2708 5636 2911 5690 honore
2962 5637 3132 5705 posita
3178 5646 3302 5691 sunt
3352 5651 3400 5690 tv
3444 5636 3581 5691 Non.

2011 5708 2358 5778 Septembris.
2390 5707 2553 5762 l'ertt.
2589 5722 2653 5761 os
2684 5708 2893 5761 NA'I‘AL.
