4110 6482
537 302 672 359 1079

1285 300 1488 357 ΒΕυᾸΞ
1529 299 1980 360 VENERABILIS
2017 305 2165 360 OPP.
2209 306 2387 364 PARS
2425 307 2515 364 IV.
2555 336 2626 350 —
2664 305 3048 363 HISTORICA.

3684 315 3824 370 1080

1751 417 1979 474 EDlTlO
2017 420 2487 479 COLONIENSIS.

532 523 655 586 post
685 513 940 584 martyrio
965 512 1340 568 consummati.
1375 512 1501 566 Item
1534 512 1687 566 beata
1728 512 1979 579 Salomae,
2003 529 2120 581 quae
2148 531 2199 590 Α
2227 514 2279 569 in
2311 514 2520 582 faciem,
2555 523 2608 567 et
2633 513 2914 568 credentes
2959 512 3011 568 in
3039 510 3254 568 Christo
3297 513 3526 585 impium
3568 518 3818 577 ministe-

539 607 594 659 in
645 604 934 672 Evangelia
981 603 1170 673 legitur
1215 616 1334 656 cum
1395 603 1615 672 reliquis
1663 604 1861 657 sanctis
1912 603 2121 659 feminis

535 701 676 754 circa
709 699 918 753 Domini
961 699 1290 768 sepulturam
1324 700 1574 754 sollicita.
1609 699 1762 767 Apud
1793 701 2123 768 Adrianopo—

535 794 628 848 lim
659 792 900 847 Thraciae
929 795 1104 862 passio
1134 800 1440 847 sanctorum
1481 792 1707 862 Philippi
1735 795 1989 865 episcopi,
2023 795 2120 848 Se-

535 885 646 939 veri
677 884 1004 954 presbyteri,
1035 893 1194 953 atque
1223 884 1484 938 llcrnietis
1512 885 1757 952 diaconi,
1796 894 1852 940 et
1886 887 2120 948 Eusebii,

539 977 624 1046 qui
658 976 1027 1044 persecutione
1074 975 1333 1030 saeviente
1377 977 1799 1032 Christianorum
1820 1018 1836 1042 ,
1870 979 2123 1032 ecclesias

535 1071 785 1125 claudere
815 1078 869 1124 et
897 1069 1132 1137 spoliare
1156 1108 1170 1132 ,
1203 1068 1355 1136 jussu
1399 1069 1734 1136 imperatoris
1771 1068 1963 1124 Juliani
1989 1109 2002 1133 ,
2033 1085 2126 1136 per

538 1164 748 1232 iniquos
792 1160 1046 1231 praesides
1073 1159 1529 1223 coutradicebant,
1563 1167 1616 1212 ct
1642 1160 1709 1212 ob
1735 1158 1836 1212 hoc
1868 1175 1958 1227 per
1990 1159 2123 1212 Bas-

536 1267 655 1305 sum
686 1250 989 1320 praesidem,
1024 1264 1122 1303 nec
1148 1265 1256 1302 non
1299 1255 1356 1303 et
1396 1248 1660 1302 Justinum
1693 1248 1869 1301 multis
1899 1257 2129 1302 tormen-

540 1341 607 1393 tis
638 1340 1031 1403 al'liciebantur,
1058 1339 1158 1394 hoc
1180 1347 1285 1408 est,
1316 1339 1649 1404 carceribus,
1677 1339 1920 1403 vinculis,
1952 1339 2128 1406 flagel-

538 1419 624 1498 lis,
658 1433 723 1487 ad
757 1433 1000 1486 ultimum
1034 1447 1162 1486 vero
1205 1418 1539 1486 flammarum
1572 1431 1858 1498 incendio;
1899 1432 1991 1486 sed
2028 1432 2130 1486 Do-

537 1525 666 1578 mini
705 1525 897 1579 tirtute
927 1524 1161 1579 roborati
1185 1568 1200 1593 ,
1248 1539 1413 1594 usque
1443 1525 1496 1578 in
1531 1524 1686 1579 linem
1717 1525 1770 1579 in
1795 1523 2132 1579 confessione

538 1618 770 1673 nominis
799 1618 915 1687 i-jus
946 1626 1448 1686 perseveraverunt.

612 1713 671 1766 Β.
705 1710 753 1765 Χ
779 1711 1020 1765 Kauzsn.
1057 1709 1298 1764 Noveun.
1326 1739 1395 1750 —
1415 1708 1568 1778 Apud
1602 1708 1937 1764 Antiochiam
1966 1709 2132 1778 Syria:

540 1803 717 1858 natale
747 1802 918 1856 sancti
959 1801 1229 1856 Theodori
1266 1802 1601 1873 presbyteri,
1632 1801 1718 1871 qui
1764 1803 2132 1871 persecutiOne

2226 610 2360 662 rium
2391 614 2721 669 recusarent,
2747 605 2904 673 jussit
2934 621 3028 660 eos
3053 604 3293 660 Julianus
3321 608 3514 676 pelago
3546 609 3813 684 immergi.

2224 702 2425 768 Quibus
2441 702 2499 755 Β.
2521 699 2832 756 Theodorus
2853 703 2954 755 ait:
2973 702 3285 769 Prmcedite,
3308 704 3504 761 fratres
3526 723 3542 773 ;
3565 723 3664 776 ego
3688 725 3815 765 vero

2226 809 2486 864 superans
2519 795 2795 848 inimicum
2844 809 3040 864 sequar
3085 795 3387 853 Dominum.
3427 797 3624 868 Sicque
3668 802 3815 856 occi-

2227 889 2380 942 sione
2429 886 2587 956 gladii
2618 887 2932 956 martyrium
2981 889 3391 943 consummavit.
3442 890 3498 944 In
3546 891 3812 961 Hispaniis

2229 980 2406 1033 natale
2434 989 2739 1033 sanctorum
2765 977 3023 1032 Servandi
3055 988 3107 1032 et
3137 977 3409 1045 Germani,
3438 980 3528 1048 qui
3559 993 3675 1049 post
3695 999 3812 1038 ver-

2233 1071 2355 1124 bcra
2387 1069 2688 1139 squalorem
2724 1068 2976 1132 carceris,
3019 1078 3072 1122 et
3112 1069 3265 1122 famis
3303 1083 3366 1122 ac
3395 1071 3510 1124 sitis
3540 1071 3809 1141 injuriam,

2230 1173 2276 1216 et
2312 1161 2605 1232 longiSsitni
2638 1159 2871 1224 itineris,
2907 1173 3061 1227 quem
3086 1161 3303 1228 jubentc
3337 1160 3550 1215 Viatorc
3589 1165 3813 1231 praeside

2232 1254 2372 1308 ferro
2402 1253 2578 1308 onusti
2606 1251 2941 1321 pertulerunt
2973 1252 3231 1318 laborem,
3261 1253 3548 1307 novissime
3573 1256 3812 1326 martyrii

2231 1348 2310 1400 sui
2338 1361 2552 1399 cursum
2581 1344 2722 1399 ferro
2749 1343 2903 1397 cmsis
2931 1342 3228 1397 cervicibus
3251 1343 3624 1411 impleverunt.
3655 1344 3814 1398 Colo-

2235 1439 2337 1492 nia:
2391 1437 2561 1493 sancti
2617 1437 2863 1492 Severini
2920 1433 3306 1503 archiepiscopi
3370 1443 3424 1489 et
3470 1435 3811 1490 confessoris.

2241 1532 2456 1586 Vienna:
2486 1532 2656 1586 sancti
2687 1529 2868 1585 Joditii
2921 1529 3181 1599 episcopi.
3218 1528 3345 1583 Item
3375 1529 3543 1583 sancti
3577 1529 3814 1584 Venantii

2237 1628 2464 1682 abbaﬁs.

2304 1721 2366 1776 Ο.
2427 1721 2497 1776 IX
2552 1721 2789 1774 KALEND.
2837 1717 3076 1772 Novenn.
3112 1744 3182 1756 —-
3223 1714 3277 1769 In
3323 1714 3554 1770 Venusia
3600 1716 3817 1769 civitate

2235 1814 2443 1880 Apulia:
2499 1813 2674 1866 natale
2717 1821 3020 1864 sanctorum
3066 1805 3259 1861 Felicis
3302 1805 3539 1875 episc0pi
3585 1807 3817 1860 civitatis

538 1897 688 1964 impii
720 1894 915 1949 Juliani
947 1895 1047 1949 sub
1087 1894 1339 1963 praefecto
1369 1902 1422 1949 et
1451 1895 1714 1949 avunculo
1742 1896 1858 1962 ejus
1897 1895 2130 1961 Juliano,

2242 1903 2624 1970 'l‘ubrocensis,
2661 1900 2880 1956 Audacti
2910 1910 2964 1954 et
2991 1899 3232 1954 Januarii
3274 1897 3718 1968 presbyterorum,
3763 1909 3817 1952 et

537 2003 661 2043 cum
690 1987 758 2043 ab
788 2003 853 2042 eo
883 1986 1339 2041 Antiochenorum
1387 1987 1613 2042 ecclesia
1645 1988 1892 2057 spoliata,
1923 1988 2127 2043 et-reli-

538 2083 675 2150 giosi
705 2083 903 2151 quique
932 2080 1160 2135 fuissent
1184 2080 1301 2149 ejus
1332 2089 1538 2136 terrore
1568 2082 1815 2150 dispersi,
1864 2081 1915 2135 in
1957 2084 2127 2138 eccle-

539 2176 618 2230 sia
651 2172 943 2243 permansit
972 2172 1288 2242 intrepidus,
1321 2184 1480 2244 atque
1517 2175 1585 2228 ab
1611 2189 1675 2229 eo
1709 2177 1873 2229 teneri
1911 2173 2123 2243 jussus,

543 2275 661 2334 post
690 2265 898 2335 equulei
933 2279 1141 2332 poenam
1165 2305 1180 2330 ,
1231 2275 1286 2319 et
1330 2265 1526 2320 multos
1564 2281 1627 2321 ac
1666 2265 1981 2321 durissimos
2009 2282 2131 2319 cru-

540 2361 752 2426 ciatus,
799 2356 960 2413 etiam
1009 2355 1281 2424 lampades
1333 2357 1472 2411 circa
1503 2359 1618 2425 ejus
1648 2357 1816 2412 latera
1875 2358 2130 2426 appositae

542 2458 686 2505 sunt.
719 2449 825 2505 Sed
859 2448 941 2503 his
969 2447 1146 2502 divina
1177 2447 1371 2501 virtute
1418 2448 1710 2513 reStinctis,
1761 2463 1880 2503 cum
1935 2448 2132 2503 milites

540 2543 633 2613 qui
661 2557 752 2598 eas
785 2543 1061 2606 tenebant,
1107 2540 1418 2610 angelorum
1449 2549 1670 2611 aspectu
1705 2541 1875 2598 territi
1905 2542 2134 2597 ruissent

2240 1992 2607 2049 Fortunatiani
2659 2004 2712 2046 et
2769 1992 2992 2058 Septimi
3052 1990 3331 2053 lectorum,
3371 1989 3457 2057 qui
3496 1990 3817 2058 temporibus

2238 2081 2554 2139 Diocletiani
2587 2085 2638 2137 in
2681 2100 2773 2138 sua
2806 2082 3021 2136 civitate
3064 2080 3214 2150 Tyci,
3255 2095 3286 2134 a
3326 2079 3671 2148 Magnelliano
3700 2095 3815 2146 pro-

2237 2184 2485 2230 curatore
2522 2175 2704 2228 niultis
2735 2174 2825 2228 diu
2854 2172 3079 2228 vinculis
3126 2181 3180 2226 et
3216 2172 3516 2226 carceribus
3546 2173 3820 2234 macerati,

2238 2276 2293 2320 ct
2324 2267 2374 2319 in
2407 2266 2584 2320 Africa
2613 2275 2666 2319 ct
2694 2267 2744 2318 iu
2775 2263 2980 2330 Sicilia,
3010 2260 3223 2316 tandem
3255 2261 3308 2316 in
3340 2262 3608 2317 occisione
3658 2261 3820 2330 gladii

2241 2356 2599 2411 consummati
2633 2366 2776 2410 sunt.
2826 2355 2960 2411 Sunt
2990 2363 3166 2410 autem
3211 2354 3503 2410 honorilice
3532 2356 3821 2421 sepultura:

2242 2448 2422 2502 traditi
2454 2449 2595 2502 inter
2624 2447 2998 2516 Carthaginem
3045 2455 3099 2502 et
3142 2445 3367 2503 Uticam.
3411 2445 3469 2501 ln
3515 2445 3822 2502 Nicomedia

2247 2541 2424 2596 natalc
2451 2542 2634 2597 Severi
2664 2551 2718 2596 et
2745 2541 3015 2596 Dorotltei.

1794 2654 2024 2710 EDITIU
2065 2656 2571 2715 BOLLANDIANA.

563 2810 582 2830 .
870 2751 924 2804 ln
948 2821 958 2830 .
978 2750 1322 2830 Adrianopoli
1509 2747 1869 2830 Trajanop-oli]

602 2824 826 2890 Philippi
877 2820 1132 2889 episcopi,
1170 2817 1402 2890 Eusebii,
1441 2820 1722 2890 llertnetis.
1747 2817 1932 2890 kB.,_'Aln
1960 2819 2130 2890 Thra-

547 2895 628 2947 cia
683 2887 855 2946 natale
904 2892 962 2946 S.
989 2887 1196 2946 Severi.
1249 2889 1302 2943 In
1338 2889 1694 2956 Antrianopoli
1746 2887 1972 2956 Philippi
2021 2891 2135 2956 epi-

551 2978 724 3026 scopi,
749 2961 989 3022 Eusebii,
1017 2959 1296 3013 Ilermctis.
1324 2961 1413 3024 'l‘.,
1440 2960 1660 3012 Thracia
1687 2959 1858 3011 natale
1883 2959 1981 3012 SS.
2007 2957 2138 3014 Her-

551 3032 727 3097 tnctis,
762 3033 974 3084 Eusebii
1007 3042 1059 3083 et
1090 3031 1148 3082 S.
1178 3030 1399 3097 Philippi
1432 3031 1688 3096 episcopi.
1721 3029 1805 3091 Ι...
1839 3029 1891 3081 In
1916 3031 2137 3084 Thracia

553 3104 728 3155 natale
782 3099 1007 3168 Philippi
1055 3100 1326 3168 episcopi,
1380 3109 1434 3153 et
1483 3101 1663 3154 Severi
1723 3102 2035 3168 presbyteri,
2087 3109 2140 3154 et

554 3173 819 3226 llcrmett's
868 3171 1092 3224 diaconi.
1151 3173 1236 3235 A.,
1273 3169 1492 3223 Thracia
1550 3171 1722 3222 natale
1768 3168 1861 3223 SS.
1894 3172 2136 3237 liriuct‘s,

554 3243 768 3297 Eusebii
800 3252 846 3294 et
880 3243 936 3295 S.
963 3240 1298 3310 Philippiani.
1331 3241 1529 3295 Eodem
1559 3241 1642 3294 die
1668 3242 1841 3307 passio
1871 3241 1924 3295 S.
1953 3240 1977 3278 ι»
2003 3241 2137 3294 Gra-

555 3314 683 3368 tiani
713 3313 984 3382 martyris,
1014 3319 1066 3365 et
1095 3316 1177 3377 de;
1200 3311 1359 3365 ositio
1471 3311 1697 3382 Atttlnidi
1727 3316 1859 3377 epis.
1892 3313 1976 3382 8.,
2001 3312 2135 3365 Alibi

555 3384 729 3450 passio
759 3385 817 3436 S.
841 3381 1056 3449 Leugati
1089 3381 1355 3451 martyris.
1401 3381 1489 3445 D.,
1523 3381 1800 3436 Antiochia
1834 3384 1857 3412 ο
1885 3381 2136 3436 Theodo-

553 3455 636 3508 riti
669 3454 984 3523 presbyteri.

619 3583 711 3638 25.
734 3581 871 3637 -Χ
907 3581 1039 3636 ΚΑΙ..
1082 3581 1243 3635 Vacat
1283 3581 1460 3635 Ba‘da.

625 3710 688 3764 C.
717 3709 778 3762 V.
811 3707 897 3770 IL,
930 3706 982 3759 In
1012 3705 1351 3775 Adrianopoli
1385 3706 1591 3770 Severi,
1631 3705 1898 3758 Dorozbei.
1938 3705 2020 3768 (3.,
2054 3705 2138 3759 die

554 3777 922 3849 pra-cedenti:
968 3777 1023 3849 ln
1052 3777 1392 3849 Trajanopoli
1443 3775 1634 3849 Severi
1672 3776 1934 3849 episcopi,
1973 3776 2138 3849 Doro-1

557 3845 696 3916 ihei,
751 3859 804 3902 et
855 3848 914 3902 S.
957 3845 1151 3899 Oresti.
1215 3847 1299 3916 D.,
1355 3845 1581 3898 Venusia
1613 3845 1636 3882 d
1671 3847 1857 3899 Felicis
1905 3847 2138 3912 episcopi

555 3915 940 3983 'l‘ubZocemis,
984 3927 1034 3970 et
1067 3915 1285 3969 Audacti
1328 3927 1379 3969 et
1405 3915 1637 3969 Januarii
1683 3917 2136 3984 presbyterorum.

556 3996 618 4046 Α.
653 3990 744 4059 Τ.,
775 3989 956 4044 Natale
987 3988 1085 4044 SS.
1109 3986 1375 4052 Severini,
1413 3987 1662 4041 Dorothei
1712 3996 1764 4040 et
1795 3985 2042 4042 Victoris.
2077 3987 2132 4040 lu

1919 2748 2124 2820 severi,
2157 2751 2202 2815 ί]
2233 2753 2502 2806 territorio
2541 2753 2809 2806 Cailetano
2859 2751 3034 2820 passio
3081 2751 3175 2806 SS.
3205 2759 3228 2788 ε
3255 2747 3543 2820 Servandi,
3591 2756 3648 2820 et
3689 2748 3822 2800 Ger-

2249 2824 2386 2875 mani
2423 2841 2435 2874 :
2468 2824 2556 2890 qtti
2610 2826 2678 2875 ob
2727 2817 3112 2876 confessionem
3167 2821 3369 2890 Domini
3413 2818 3562 2890 jussu
3595 2817 3822 2890 Viatoris

2249 2888 2634 2961 pratfecti'jussi
2667 2905 2783 2945 sunt
2809 2894 3082 2946 decollari.
3115 2893 3203 2952 A.,
3229 2889 3426 2961 Eodem
3451 2889 3536 2961 die
3560 2888 3822 2961 depositio

2243 2964 2300 3015 S.
2330 2961 2347 2999 τ
2378 2958 2596 3015 Romani
2662 2963 3104 3029 ltothomagensis
3157 2959 3562 3026 arcbiepiscorii.
3613 2958 3677 3014 T.
3735 2960 3823 3022 Β..

2245 3033 2360 3098 Ipso
2391 3034 2477 3087 die
2524 3034 2573 3086 in
2603 3033 2839 3085 ('iarsarea
2870 3032 3220 3100 Cappadocia:
3259 3030 3430 3084 natale
3461 3029 3698 3100 Longini.
3735 3029 3821 3090 B.,

2245 3103 2299 3156 ln
2330 3103 2572 3157 Caesarea
2603 3099 2962 3170 Cappadociae,
2999 3103 3059 3156 S.
3090 3102 3298 3155 Serensi
3331 3110 3383 3153 et
3431 3099 3548 3152 alibi
3577 3100 3644 3170 iS.
3679 3100 3822 3170 Lon-

2245 3174 2372 3240 gini.
2406 3174 2486 3230 L..
2523 3175 2575 3226 In
2603 3169 2843 3227 Caesarea
2872 3173 3220 3240 Cappadocia!
3252 3172 3423 3236 passio
3455 3169 3820 3240 SS.rLonﬁgini,

2244 3239 2453 3305 Severi,
2485 3245 2708 3298 Victoris
2738 3254 2791 3298 et
2823 3244 3092 3298 Dorothei.
3127 3243 3189 3297 Et
3239 3244 3294 3296 5.
3343 3244 3365 3281 ε
3395 3239 3632 3297 Severini
3658 3239 3823 3293 Colo-

2247 3313 2446 3369 nien—is
2472 3315 2708 3384 archicp.

2313 3406 2403 3460 Eli.
2426 3436 2496 3448 --
2521 3407 2587 3460 IX
2629 3407 2762 3462 ΚΑι..
2805 3406 2965 3460 Vacat
2996 3405 3174 3459 Bzcda.

2317 3499 2478 3553 Vacat
2508 3501 2663 3553 etiam
2693 3500 3008 3553 Divionense
3039 3513 3163 3558 ms.,
3197 3497 3296 3550 nisi
3323 3497 3458 3565 quod
3487 3511 3548 3549 ex
3576 3494 3821 3562 sequenti

2243 3571 2329 3622 die
2357 3570 2422 3623 de
2456 3587 2571 3623 xcvi
2613 3571 2863 3623 militibus
2908 3571 2991 3622 hic
3043 3569 3205 3637 posita
3257 3583 3354 3620 suo
3393 3567 3581 3637 deinde
3616 3566 3732 3618 loco
3755 3565 3818 3637 in

2247 3641 2416 3692 ιιωιιςυ
2463 3651 2712 3694 contextu
2764 3636 3087 3704 repetantur.
3123 3639 3178 3691 Β.
3208 3637 3270 3691 V.
3305 3637 3388 3700 (3.,
3435 3638 3484 3689 In
3518 3636 3819 3704 Nicomedia

2248 3710 2466 3774 Vitalis,
2503 3711 2711 3776 Felicis,
2749 3703 2930 3779 [togati
2954 3754 2967 3774 ,
3001 3709 3268 3772 Victoriae,
3304 3703 3813 3779 Flaviani,Victoris

2249 3779 2334 3852 [Β.
2365 3797 2467 3833 om.
2502 3775 3111 3852 Victoriie...Victoris].
3157 3781 3227 3852 ᾼ.
3265 3778 3462 3852 I._L.,
3506 3775 3819 3852 ΔΝῐουιιχηεξιιιει

2252 3844 2425 3904 itatale
2451 3851 2660 3920 Rogati,
2692 3851 2924 3903 Flaviani
2958 3860 3010 3903 et
3039 3844 3236 3902 Vitalis.
3256 3848 3323 3920 Τ.
3353 3849 3407 3900 L.
3455 3848 3650 3920 addunt
3671 3844 3814 3920 fcli-

2252 3923 2349 3985 cis,
2383 3913 2757 3987 l’appérii.l3.,
2785 3920 3044 3988 Hierapoli
3077 3919 3314 3988 Phrygia:
3345 3920 3516 3972 natale
3543 3918 3638 3972 SS.
3662 3913 3816 3968 Clau-

2244 3991 2409 4054 diani,
2443 3992 2756 4057 Eleutherii,
2787 3991 2922 4046 Justi
2951 4000 3002 4046 et
3027 3988 3276 4043 Victoris.

1951 4076 2156 4130 Sill'l‘ll
2197 4078 2428 4135 NOTAE.

628 4181 653 4209 ι
685 4169 938 4242 Philippi.
972 4169 1033 4223 lli
1065 4168 1316 4242 ecclesias
1344 4167 1522 4242 claudi
1551 4177 1604 4242 et
1627 4167 1839 4242 spoliari
1870 4168 2016 4242 jussu
2037 4167 2133 4242 Ju-

558 4244 683 4298 liani
734 4238 840 4311 per
873 4241 1082 4310 iniquos
1119 4240 1381 4311 praesides
1413 4238 1784 4311 prohibebant,
1820 4249 1872 4293 et
1919 4241 1986 4292 ob
2037 4240 2139 4293 hoc

557 4309 749 4368 multis
768 4309 1050 4364 tormentis
1077 4310 1460 4368 alliciebantur,
1492 4309 1796 4362 carceribus
1821 4324 1922 4373 sc.,
1956 4310 2139 4362 vincu-

559 4385 648 4446 lis,
684 4381 927 4448 flagellis,
959 4379 1026 4432 ad
1060 4381 1299 4432 ultimum
1329 4395 1455 4431 vero
1487 4379 1815 4431 [laminarum
1858 4379 2135 4434 incendio:

561 4454 654 4508 sed
686 4450 897 4506 Domini
931 4451 1121 4502 virtute
1161 4449 1391 4502 roborati
1425 4463 1589 4514 usque
1632 4449 1680 4500 in
1713 4449 1889 4508 linem,
1923 4449 1974 4502 in
2006 4465 2137 4503 con-

2322 4180 2344 4208 ⁸
2377 4170 2647 4227 Servandi.
2695 4167 2792 4234 Qui
2845 4168 2896 4221 in
2947 4164 3312 4234 persecutione
3361 4163 3667 4217 Diocletiani
3712 4165 3811 4218 Sub

2248 4241 2462 4296 Viatore
2484 4241 2684 4293 vicario
2712 4248 2826 4306 post
2857 4239 3100 4299 verbera,
3130 4236 3426 4303 squalorem
3459 4234 3704 4306 carceris,
3737 4234 3815 4287 fa-

2248 4313 2346 4366 mis
2373 4327 2436 4365 ac
2465 4313 2580 4364 sitis
2624 4304 2893 4378 injuriam,
2925 4317 2980 4363 et
3011 4306 3300 4374 longissimi
3332 4304 3533 4378 itineris
3563 4306 3818 4366 laborem,

2247 4398 2404 4451 quem
2452 4382 2592 4436 ferro
2637 4375 2812 4434 onusti
2865 4375 3538 4451 pertulerunt,novissime
3586 4378 3819 4451 martyrii

2249 4447 2329 4506 sui
2359 4466 2570 4507 cursum
2601 4451 2757 4504 catsis
2781 4449 3076 4503 cervicibus
3119 4447 3499 4514 impleverunt;
3541 4460 3602 4498 ex
3634 4447 3819 4512 quitins

563 4495 795 4577 fessionc
834 4523 1066 4574 nominis
1103 4518 1220 4587 ejus
1248 4495 1668 4587 perseverarunt.
1700 4520 1755 4572 5.
1786 4495 2060 4574 Mirans.
2091 4520 2142 4574 in
2177 4495 2224 4554 D
2249 4495 2847 4585 germanus-Emerita,
2883 4495 3414 4586 Servandus'lliSpali
3451 4495 3690 4568 conditiis
3719 4527 3817 4569 est.

561 4595 804 4662 apologia
834 4593 899 4644 de
935 4592 1052 4662 fuga
1085 4605 1175 4643 Sttu
1204 4589 1268 4642 ad
1299 4589 1576 4662 Constant.

636 4662 665 4703 δ
696 4659 945 4717 Gratiani.
995 4661 1267 4716 Ferrarius
1315 4663 1365 4713 in
1395 4660 1563 4711 Calai.
1595 4659 1837 4714 Generali
1869 4676 1988 4715 eum
2024 4676 2145 4729 pas-

563 4750 683 4792 sum
716 4735 899 4788 scribit
945 4735 994 4785 in
1034 4732 1302 4785 territorio
1339 4730 1704 4797 llalbiancnsi,
1737 4731 2050 4800 dubitatque
2078 4748 2145 4787 an

566 4807 820 4860 dicendus
847 4805 913 4858 sit
944 4804 1218 4857 Gatianus.

640 4887 662 4914 ο
694 4874 1011 4928 Theodoriti.
1043 4873 1222 4926 Potius
1249 4870 1535 4924 Theodori.
1563 4872 1728 4936 Quem
1752 4873 1990 4927 Julianus
2015 4873 2144 4942 itnp.

565 4955 750 5014 utpote
807 4960 1078 4999 sacrorum
1148 4957 1394 5014 vasorum
1469 4943 1844 5014 Antiochensis
1898 4945 2146 4996 Ecclesia:

565 5017 868 5081 custodem,
898 5014 988 5083 qui
1021 5028 1203 5066 eorum
1237 5013 1479 5066 notitiam
1513 5013 1720 5066 tradere
1752 5014 1973 5078 valeret,
2005 5029 2148 5067 coms

567 5090 893 5156 prehensum
924 5084 1236 5152 gravissime
1266 5084 1542 5156 cruciavit.
1589 5085 1827 5149 Cumque
1848 5084 2147 5156 interior-

567 5153 746 5213 inenta
807 5158 928 5210 forti
980 5156 1159 5208 animo
1203 5155 1584 5220 respondisset,
1631 5165 1685 5208 et
1734 5155 1783 5206 in
1835 5153 2148 5206 Christiana:

573 5231 693 5283 fidei
744 5224 1081 5282 confessione
1140 5226 1461 5291 enituisset,
1510 5225 1574 5276 ad
1631 5233 1925 5278 extremum
1977 5224 2148 5292 gladio

568 5316 687 5351 eunt
737 5297 1040 5352 obtruncari
1086 5295 1266 5364 jussit.
1323 5294 1591 5348 Sozonua‘.
1640 5293 1780 5348 Eccl.
1829 5295 1959 5348 lltst.
2008 5311 2060 5361 v,
2091 5293 2143 5346 8.

569 5369 690 5424 Fuit
730 5379 784 5425 et
812 5370 944 5421 alius
975 5366 1286 5420 Theodorus
1332 5381 1360 5416 a
1391 5365 1694 5432 gentilibus,
1725 5365 1934 5418 Juliano
1980 5367 2146 5433 impe-

571 5450 746 5506 rante,
793 5442 925 5492 adeo
953 5440 1236 5499 cruciatus,
1274 5445 1330 5490 ιιι
1368 5453 1486 5489 cuin
1517 5436 1891 5500 dimitteretur,
1924 5437 2012 5489 ille
2043 5452 2146 5489 non

572 5514 799 5577 amplius
851 5510 1084 5562 victurus
1138 5518 1430 5575 putaretur.
1483 5507 1672 5560 Verum
1718 5508 1854 5560 Deus
1897 5507 2146 5577 juvenem

573 5576 848 5632 servavit:
881 5589 1002 5645 post
1054 5577 1190 5631 hanc
1237 5577 1376 5632 enim
1423 5579 1808 5632 confessionem
1855 5576 2150 5629 diutissime

574 5649 886 5717 supervixit.
929 5649 1174 5703 Socrates
1205 5664 1284 5710 nt,
1315 5650 1399 5710 ll),
1453 5649 1741 5714 Usuardus,
1792 5648 1908 5702 Ado
1956 5648 2149 5716 aliique

569 5720 896 5776 recentiores
925 5719 1065 5772 hunc
1097 5721 1346 5784 βοειτὶιιίε
1374 5719 1574 5771 Colunt.

640 5795 669 5835 α
699 5788 913 5845 Felicis.
954 5789 1030 5844 Dc
1067 5788 1149 5845 b's
1177 5790 1416 5857 superius
1445 5789 1561 5844 vide
1590 5788 1727 5844 diem
1767 5803 1870 5842 xxx
1903 5785 2149 5852 Augusti.

2246 4595 2382 4649 Ann.

2322 4662 2340 4702 τ
2378 4661 2619 4716 Romani.
2653 4660 2778 4715 Fuit
2813 4669 2990 4712 autem
3035 4657 3150 4726 ejus
3190 4658 3332 4711 sedis
3371 4655 3648 4724 episcopus
3681 4655 3818 4706 vive-

2246 4735 2414 4789 simus
2442 4733 2650 4798 ordine,
2681 4729 2921 4797 seditque
2959 4744 3097 4782 anno
3125 4729 3248 4791 62’2,
3282 4738 3338 4782 ut
3369 4726 3552 4780 tabula:
3580 4726 3692 4792 ejus
3727 4726 3821 4778 Ec—

2247 4806 2425 4860 clesnn
2457 4804 2592 4870 apttd
2629 4801 3011 4870 Detnocharem
3046 4800 3299 4852 indicant.

2322 4883 2341 4914 ἕ
2376 4869 2627 4930 Severini.
2679 4872 2824 4924 Ilunc
2863 4869 3178 4923 Severinum
3231 4871 3398 4935 ipsum
3447 4879 3564 4920 esse
3611 4877 3813 4928 putant,

2247 4946 2333 5013 qui
2360 4942 2663 4997 Coloniensi
2692 4941 2942 5013 Ecclesim
2971 4951 3196 5013 praeerat
3229 4953 3464 5008 tempore
3493 4938 3549 4991 S.
3576 4935 3817 5013 Martini;

2247 5006 2397 5082 cujus
2435 5015 2636 5067 obitum
2668 5011 2942 5082 divinitus,
2974 5010 3097 5062 licet
3137 5006 3364 5082 absens,
3397 5009 3706 5082 cognovisse
3736 5006 3817 5082 tli-

2247 5074 2383 5139 cititr
2420 5086 2509 5137 lib.
2539 5099 2554 5136 ι
2585 5086 2652 5136 de
2683 5081 2863 5135 Mirac.
2907 5082 2963 5133 S.
2994 5081 3204 5133 Martini
3246 5095 3363 5144 cap.
3396 5074 3601 5143 4,7qu.e
3643 5074 3813 5127 omnia

2248 5157 2620 5209 describuntur
2666 5153 2718 5206 in
2761 5165 3005 5205 sermone
3050 5152 3115 5204 ab
3159 5151 3379 5216 antiquo
3421 5157 3634 5200 auctore
3671 5146 3814 5196 edito

2248 5225 2386 5292 apud
2413 5227 2623 5279 Surium
2656 5224 2741 5276 die
2772 5237 2897 5274 mn
2928 5223 3140 5292 Octob.,
3174 5222 3259 5272 ubi
3296 5221 3441 5282 plura
3469 5220 3532 5270 de
3563 5226 3727 5292 morte
3761 5225 3813 5292 et

2247 5286 2495 5361 sepulcro
2528 5294 2824 5351 habentur;
2868 5291 3006 5358 quod
3038 5291 3442 5361 Burdigalcnses
3488 5286 3812 5361 quampluri-

2249 5355 2392 5420 nium
2426 5374 2763 5418 venerantur.
2791 5355 3013 5427 Quidam
3046 5355 3221 5415 autem
3254 5360 3562 5414 Severinum
3598 5355 3815 5427 hicine-

2251 5449 2512 5489 moratum
2556 5450 2587 5489 e
2615 5425 2916 5487 Treviréusi
2965 5435 3214 5500 episcopo
3256 5433 3317 5482 ad
3352 5432 3530 5500 sedem
3562 5425 3815 5500 Durdigzi:

2250 5507 2448 5561 lctisetn
2499 5506 2773 5558 transiisse
2820 5497 3023 5565 volunt,
3073 5516 3206 5567 quos
3255 5501 3445 5552 refellit
3488 5497 3722 5567 Cointius
3753 5497 3814 5546 ad

2249 5592 2334 5629 an.
2371 5577 2492 5639 5.;7,
2523 5593 2575 5629 n.
2607 5577 2661 5630 9.
2708 5571 2835 5626 Vide
2861 5570 3072 5638 Lopesii
3095 5566 3298 5624 illistori
3319 5586 3408 5633 un,
3440 5580 3493 5642 et
3519 5567 3582 5622 ϐ.
3616 5566 3811 5642 "ljurun.

2250 5648 2315 5699 de
2345 5645 2522 5700 Gloria
2551 5645 2716 5711 conf.,
2753 5659 2875 5697 XLv.
2917 5642 3191 5695 Coloniam
3231 5642 3387 5694 etiam
3419 5640 3532 5706 ejus
3563 5639 3814 5711 reliquum,

2252 5728 2400 5783 parte
2428 5707 2712 5788 Aquitanis
2731 5716 2934 5780 relicta,
2967 5713 3252 5767 honorilice
3282 5712 3452 5765 allata:
3481 5715 3621 5765 sunt.
3656 5707 3810 5762 GUIN.

2253 5792 2378 5844 SEN.
