4110 6454
348 292 470 348 I08!

1482 295 1672 351 SECT.
1716 296 1778 350 Il.
1820 326 1888 336 —
1923 295 2487 352 MARTYRULOCIA.

3463 303 3602 360 £982

1572 407 1798 461 EDITlO
1837 406 2292 464 COLONIENSIS.

413 495 473 552 D.
523 495 635 550 VIII
685 494 924 551 KALEND.
975 496 1212 552 Novum.
1236 525 1309 538 —
1337 496 1590 554 Bonifacii
1623 516 1793 568 papae,
1822 502 1910 569 qui
1939 509 1988 565 Α
2015 503 2254 572 Cumque
2277 503 2434 556 tertio
2457 501 2541 555 die
2565 501 2768 556 itineris
2792 502 2932 557 idem
2957 504 3217 575 Georgius
3247 507 3434 565 luisset
3457 528 3600 568 mor-

342 585 475 640 sedit
505 584 686 638 Roma:
715 600 884 642 annos
914 596 1039 641 tres.
1071 587 1170 641 llic
1197 590 1438 658 sepultus
1465 599 1547 643 est
1581 591 1662 644 via
1685 591 1910 657 Salaria,

338 679 484 747 juxta
515 692 707 744 corpus
737 688 933 733 sancti?
973 679 1281 736 Felicitatis.
1327 683 1424 737 llic
1465 684 1740 739 constituit
1789 700 1906 740 ser-

341 782 462 820 vum
511 768 764 822 clericum
809 783 914 823 non
957 770 1086 836 ﬁeri,
1129 787 1227 826 nec
1270 773 1558 828 obnoxium
1606 776 1789 841 curiae,
1833 776 1916 830 vel

341 857 620 928 cujuslibet
658 859 756 915 rei.
815 861 868 915 In
920 861 1086 916 Gallia
1126 864 1340 920 civitate
1379 869 1704 933 Suessionis,
1745 869 1918 924 natale

341 960 638 1005 sanctorum
673 952 900 1023 CriSpini
932 966 980 1010 et
1011 956 1359 1026 Crispiniani,
1403 975 1492 1030 qut
1548 964 1917 1029 persecutione

344 1041 652 1096 Diocletiani
684 1053 736 1098 et
765 1044 1068 1099 Maximiani
1099 1047 1162 1101 ad
1199 1050 1465 1102 trochleas
1494 1051 1694 1104 extenti
1723 1060 1776 1104 et
1807 1049 1917 1104 Ius-

341 1129 480 1184 tibus
502 1132 654 1198 cassi,
691 1142 967 1202 postquam
998 1134 1151 1205 digiti
1199 1151 1382 1191 eorum
1431 1138 1634 1194 subulis
1681 1140 1915 1195 transﬁxi

340 1230 492 1287 sunt,
541 1230 596 1276 et
639 1223 705 1278 de
748 1224 909 1280 dorso
938 1242 1121 1280 eorum
1155 1228 1262 1282 lora
1296 1231 1536 1298 prazcisa,
1577 1230 1640 1284 ad
1673 1231 1915 1286 ultinnun

339 1311 515 1379 gladio
545 1313 814 1377 trucidati,
857 1328 1108 1369 coronam
1164 1319 1400 1387 martyrii
1443 1319 1617 1387 adepti
1650 1330 1788 1374 sunt.
1823 1321 1917 1376 I'c-

343 1403 630 1472 tragoricas
659 1404 868 1461 civitate
898 1410 1074 1463 natale
1103 1410 1269 1463 sancti
1299 1409 1597 1475 Frontonis,
1623 1412 1709 1480 qui
1738 1411 1918 1466 Roma:

339 1509 368 1545 a
411 1493 566 1548 beato
615 1496 774 1551 Petro
829 1501 1108 1568 episcopus
1157 1501 1464 1566 ordinatus,
1519 1517 1641 1555 cum
1692 1501 1918 1572 Georgio

342 1585 652 1655 presbytero
693 1589 758 1641 ad
789 1589 1181 1657 praedicandum
1215 1592 1553 1663 Evangeliuai
1589 1595 1782 1647 missus
1809 1606 1914 1652 est.

2018 602 2160 659 tuus,
2214 607 2448 646 marcus
2497 590 2696 646 Fronto
2745 608 2990 648 reversus
3033 605 3116 650 est
3157 597 3222 650 ad
3262 600 3596 665 Apostolum,

2017 693 2342 753 acceptoque
2381 686 2497 754 ejus
2555 685 2764 751 baculo,
2819 698 2870 741 et
2920 703 3080 756 super
3118 704 3310 758 corpus
3363 690 3596 745 defuncti

2020 777 2214 843 posito,
2267 776 2471 830 socium
2513 777 2579 830 de
2622 791 2793 834 morte
2823 785 3052 850 recepit;
3101 783 3284 853 sicque
3313 783 3376 838 ad
3408 785 3597 854 przedi-

2019 874 2158 918 ctam
2181 865 2447 918 civitatem
2475 867 2709 932 veniens,
2740 885 2980 937 magnam
3007 873 3175 942 gentis
3200 874 3338 927 illius
3363 875 3598 928 multitu-

2021 956 2202 1010 dinem
2228 955 2488 1010 coavertit
2526 957 2589 1010 ad
2623 958 2912 1028 Christum,
2956 972 3009 1016 et
3039 965 3219 1018 multis
3241 967 3411 1018 clarus
3437 966 3600 1020 virtu-

2023 1047 2161 1099 tibus
2193 1047 2242 1100 in
2277 1061 2404 1115 pace
2435 1048 2651 1116 quievit.
2707 1051 2888 1105 Roma:
2919 1056 3001 1105 via
3033 1053 3236 1108 Salaria
3264 1057 3439 1110 natale
3468 1073 3596 1125 qua-

2021 1139 2260 1209 draginta
2291 1155 2381 1193 sex
2416 1141 2638 1195 militum
2670 1143 2758 1210 qui
2781 1144 2938 1197 simul
2964 1146 3210 1214 baptizati
3245 1159 3368 1202 surit
3391 1165 3418 1200 a
3443 1149 3598 1204 beato

2026 1229 2271 1299 Dionysio
2310 1245 2464 1299 papa,
2513 1239 2566 1285 et
2596 1247 2716 1286 mox
2759 1232 2983 1302 jubente
3015 1237 3231 1290 Claudio
3273 1239 3598 1306 imperatore

2021 1321 2263 1376 dccollati
2288 1331 2430 1376 sunt.

2093 1414 2154 1467 E.
2201 1413 2283 1466 VII
2327 1413 2564 1469 KALEND.
2605 1416 2844 1471 Novum.
2871 1448 2941 1458 —
2974 1419 3127 1489 Apud
3160 1421 3391 1474 Africam
3422 1423 3598 1478 natale

2020 1516 2321 1560 sanctorum
2353 1518 2664 1579 martyrum,
2697 1509 2973 1581 Rogatiani
3023 1513 3340 1582 presbyteri,
3373 1525 3421 1568 ct
3457 1514 3596 1568 Feli-

2019 1596 2242 1661 cissitni,
2285 1597 2372 1666 qui
2417 1600 2781 1667 persecutione
2822 1602 2964 1657 Decii
3009 1612 3062 1657 et
3113 1604 3376 1659 Valeriani
3407 1607 3494 1660 illu
3531 1607 3596 1660 tri

1580 1687 1808 1743 EDITIO
1851 1690 2353 1746 BOLLANDIANA.

407 1768 497 1824 25.
520 1769 712 1826 —Vlll
740 1770 872 1826 KAL.
897 1771 1208 1829 Suessiones
1236 1777 1409 1832 natale
1434 1787 1740 1832 sanctorum
1766 1796 1907 1834 mar-
1943 1792 1986 1850 Β
2016 1797 2150 1852 quos
2199 1782 2412 1836 fuerunt
2459 1794 2685 1854 quatuor
2742 1785 2936 1842 milites
2983 1789 3174 1844 Christi
3224 1791 3552 1847 Theodotius
3581 1834 3596 1858 ,

336 1869 508 1931 tyrum
534 1861 759 1930 Crispini
791 1871 843 1916 et
872 1861 1209 1929 Crispiniani.

410 1951 568 2006 Addit
599 1952 786 2007 Florus
835 1953 886 2007 in
917 1953 982 2008 A.
1008 1953 1070 2008 Τ.
1106 1955 1166 2009 L.
1195 1973 1208 2010 :
1239 1957 1384 2024 Quos
1415 1957 1746 2013 Rictiovarus
1777 1975 1914 2027 pra:-

340 2043 506 2098 t‘cctus
538 2045 688 2113 jussu
719 2045 986 2100 Maximini
1043 2047 1375 2115 imperatoris
1422 2050 1906 2118 comprehendeus,

338 2153 458 2190 cum
504 2135 658 2191 idolis
704 2137 1000 2192 sacrilicare
1048 2139 1268 2208 nollent,
1301 2139 1423 2194 l'ecit
1457 2155 1486 2193 a
1517 2139 1768 2195 trochleis
1817 2156 1914 2196 cx-

342 2229 484 2283 tendi
513 2238 564 2283 et
595 2229 821 2284 fustibus
851 2231 983 2284 etcdi
1020 2248 1032 2283 :
1065 2230 1255 2286 deinde
1285 2233 1336 2286 in
1368 2232 1576 2302 ungulis
1606 2247 1788 2290 eorum
1829 2247 1918 2286 su-

339 2321 434 2375 des
467 2321 600 2374 mitti
631 2337 646 2375 :
680 2330 733 2375 et
761 2321 828 2376 de
855 2322 1015 2376 dorso
1054 2323 1381 2390 singulorum
1427 2323 1648 2394 singulis
1678 2325 1916 2394 corrigiis

339 2413 554 2476 ablatis,
587 2427 769 2467 eorum
801 2414 935 2467 colla
983 2414 1138 2468 molis
1181 2416 1452 2484 suspensis
1495 2416 1545 2469 in
1574 2415 1789 2470 ﬂuvium
1820 2417 1917 2468 de-

339 2503 503 2571 mergi
540 2519 551 2554 :
601 2517 663 2555 ac
706 2503 920 2570 plumbo
961 2504 1122 2572 ignito
1164 2513 1216 2558 et
1261 2504 1377 2574 pice
1425 2501 1650 2558 ferventi
1699 2512 1748 2558 et
1797 2505 1918 2558 oleo

337 2589 688 2645 concremari.
735 2591 834 2656 Qui
885 2592 936 2644 in
963 2592 1172 2647 cunctis
1198 2593 1415 2647 dextera
1442 2593 1636 2647 Christi
1669 2594 1915 2664 protecti,

336 2691 388 2732 et
417 2679 716 2734 Rictiovaro
748 2679 996 2745 prtel'ecto
1027 2681 1077 2734 in
1111 2683 1190 2735 bis
1219 2681 1419 2736 ultione
1450 2682 1630 2734 divina
1659 2681 1917 2734 interem-

338 2781 446 2840 pto,
479 2771 816 2840 prmcipiente
847 2771 1167 2825 Maximiano
1215 2771 1534 2840 imperatore
1573 2772 1746 2840 gladio
1794 2780 1918 2824 sunt

337 2865 603 2920 trucidati.
634 2866 865 2932 Quorum
911 2881 1133 2934 corpora
1183 2867 1372 2933 angelo
1412 2875 1662 2920 monente
1702 2865 1915 2934 quidam

336 2973 500 3010 senex
536 2966 690 3013 nocte
739 2959 788 3011 in
821 2957 1059 3011 navicula
1091 2968 1274 3011 eontra
1302 2957 1491 3011 undam
1530 2956 1758 3010 numinis
1789 2954 1917 3009 levi-

337 3058 417 3101 ter
447 3047 667 3114 vehens,
697 3049 830 3102 clam
860 3047 1118 3116 sepelivit.

408 3139 524 3207 Ipso
555 3138 642 3193 die
671 3139 851 3192 Roma:
885 3141 972 3190 via
1001 3139 1202 3192 Salaria
1239 3139 1409 3192 natale
1439 3137 1782 3205 quadraginta
1812 3151 1907 3188 sex
1941 3155 1984 3214 ς
2098 3145 2128 3218 ’τ

333 3229 586 3293 militum,
613 3227 700 3296 qui
732 3226 888 3280 simul
914 3225 1157 3296 baptizati
1191 3243 1220 3280 a
1247 3226 1497 3296 Dionysio
1527 3242 1679 3293 papa,
1710 3235 1762 3279 et
1788 3239 1911 3277 mox

331 3322 548 3391 jtzbente
572 3323 597 3352 ⁸
619 3318 836 3375 Claudio
866 3320 1183 3388 imperatore
1213 3319 1455 3372 decollati
1487 3327 1626 3372 sunt.
1662 3317 1758 3372 Ubi
1789 3325 1914 3369 sunt

333 3412 488 3480 positi
537 3421 590 3467 et
619 3411 708 3465 alii
754 3421 1015 3481 martyres
1061 3420 1272 3465 centum
1327 3411 1506 3479 viginti
1559 3423 1740 3462 unus:
1773 3409 1912 3461 inter

2029 1871 2239 1938 Lucius,
2275 1873 2510 1938 Marcus,
2559 1883 2613 1928 et
2660 1875 2866 1932 l’ctrus.
2917 1878 3183 1946 Scriptum
3239 1880 3289 1934 in
3340 1881 3598 1938 I‘assione

2019 1965 2077 2020 S.
2104 1965 2258 2018 Xisti.

2092 2056 2158 2111 A.
2191 2055 2279 2128 'I‘.,
2299 2055 2628 2128 AEoilemrdie
2668 2057 2720 2112 in
2751 2073 2885 2128 pago
2912 2058 3350 2114 Viromanduensi
3379 2063 3595 2116 dedica-

2022 2127 2096 2200 tio
2119 2126 2434 2200 ecclesiaLS:
2456 2132 2483 2170 b
2508 2127 2740 2200 Quintini
2765 2126 3119 2184 tet—translatio
3144 2133 3380 2200 corporis
3411 2135 3595 2200 ἱρείης.

2019 2197 2105 2268 C.,
2139 2197 2318 2249 Romae
2349 2195 2444 2251 SS.
2477 2201 2498 2228 ε
2527 2199 2844 2268 Chrysanthi
2875 2210 2928 2252 et
2953 2201 3143 2258 Darizn.
3179 2195 3263 2264 Β..
3301 2195 3596 2257 Translatio

2020 2267 2525 2321 S.dBartholom:ei
2576 2267 2649 2323 de
2691 2270 2860 2322 insula
2911 2269 3119 2336 Lippari
3169 2273 3217 2324 in
3271 2273 3594 2326 Benevento.

2021 2335 2221 2390 Eodem
2249 2337 2333 2390 die
2356 2337 2584 2391 Crisanti
2633 2347 2685 2390 et
2730 2339 2918 2393 Darize.
2970 2335 3020 2391 In
3057 2339 3199 2393 Italia
3233 2343 3446 2395 civitate
3477 2344 3597 2396 Flo-

2020 2407 2188 2479 rentia
2240 2410 2414 2479 passio
2447 2409 2504 2462 S.
2533 2417 2555 2441 ε’
2591 2409 2789 2461 Miniati
2820 2411 3066 2476 martyris
3103 2426 3221 2463 eum
3273 2414 3430 2466 sociis
3461 2415 3594 2479 suis,

2021 2476 2220 2528 Eodem
2249 2478 2336 2530 die
2367 2480 2540 2544 passio
2570 2479 2665 2532 SS.
2696 2479 2910 2532 Luciani
2951 2490 3004 2534 et
3033 2481 3308 2536 Marciani.

2087 2567 2176 2622 ‘26.
2199 2597 2269 2607 —
2299 2567 2380 2621 \‘ll
2419 2566 2555 2622 ΚΜ..
2589 2568 2751 2622 Vacat
2783 2570 2960 2624 Bieda.

2091 2654 2280 2710 Florus
2319 2657 2369 2710 in
2402 2656 2464 2710 A.
2491 2657 2552 2710 Τ.
2584 2658 2644 2710 ι..
2677 2675 2689 2709 :
2716 2657 3037 2711 Nicomedia:
3077 2659 3266 2712 natalis
3293 2671 3598 2717 sanctorum

2022 2756 2314 2816 martyrum
2367 2746 2632 2815 Martiani,
2662 2748 2805 2801 Flori
2854 2760 2903 2802 et
2935 2749 3148 2802 Lueiani
3183 2767 3194 2801 :
3225 2751 3312 2817 qui
3363 2759 3600 2819 tempore

2021 2837 2163 2891 Decii
2216 2838 2546 2907 imperatoris
2595 2839 2700 2906 igni
2757 2839 2931 2893 traditi
2961 2847 3082 2893 sunt
3123 2839 3224 2893 sub
3249 2838 3447 2895 Sabino
3479 2856 3599 2910 pro«

2020 2927 2258 2980 consule.

2093 3036 2151 3087 Β.
2180 3035 2354 3100 V.C.,
2407 3035 2461 3090 In
2512 3035 2814 3090 Nicomedia
2864 3036 3103 3103 Luciani,
3136 3037 3406 3102 Marciani,
3454 3040 3596 3095 Flori

2018 3103 2112 3174 [V.
2143 3104 2356 3176 Florae],
2388 3104 2575 3158 Eraclii
2625 3105 2706 3176 [ϐ.
2737 3107 2960 3176 Erodii].
3015 3109 3096 3174 8.,
3151 3109 3312 3169 Tutti,
3367 3109 3594 3165 Florini.

2160 3175 2373 3227 Alehela
2407 3175 2932 3241 civitateVincentii,
2959 3178 3158 3240 Sabini,
3194 3191 3248 3232 et
3275 3180 3591 3235 Christetes.

2017 3244 2170 3298 A.T.
2203 3244 2285 3307 L.,
2320 3245 2514 3297 lt‘odem
2564 3245 2648 3298 die
2700 3247 2901 3297 Elnone
2952 3251 3272 3300 monasterio
3323 3248 3598 3304 translatio

2019 3315 2258 3381 corporis
2299 3314 2356 3368 S.
2385 3316 2606 3366 Amandi
2639 3323 2690 3386 et
2718 3314 2977 3386 dedicatio
3025 3318 3266 3372 ecclesia:
3316 3319 3478 3386 ipsius
3512 3320 3596 3384 8.,

2024 3386 2090 3437 Et
2120 3394 2145 3430 κ
2183 3387 2404 3438 Amandi
2435 3385 2669 3453 episcopi
2710 3393 2764 3438 et
2790 3383 3133 3440 confessoris.

1721 3499 1808 3554 SM
1821 3500 1928 3553 l'l‘ll
1968 3495 2102 3553 NOT
2111 3497 2193 3555 1E.

405 3601 431 3629 ει
463 3590 702 3646 Claudio.
753 3593 1005 3645 Baronius
1043 3593 1320 3647 Claudium
1371 3593 1748 3660 imperatorem
1794 3595 1912 3649 edi-

331 3675 474 3715 ctum
514 3666 769 3716 adversus
797 3663 1128 3717 Christianos
1159 3665 1524 3731 promulgasse
1572 3666 1778 3726 scribit,
1811 3666 1912 3717 dn-

335 3735 454 3790 plici
487 3734 698 3786 innixus
734 3735 1097 3786 lundatnento.
1142 3734 1372 3786 Primum
1408 3735 1650 3787 consistit
1688 3737 1738 3787 in
1768 3737 1914 3788 Actis

332 3813 635 3856 Sanctorum
670 3815 960 3869 ntartyrn.n
994 3805 1138 3856 Marii
1172 3815 1221 3854 ct
1256 3805 1473 3858 Mirthai
1504 3806 1619 3869 ejus
1651 3806 1911 3872 conjugis,

333 3884 388 3925 ct
432 3875 658 3926 liliornm
690 3873 960 3926 Audil'acis
1009 3887 1058 3924 et
1094 3875 1404 3936 Abachuni;
1451 3891 1569 3942 qua:
1619 3876 1820 3941 integra
1850 3892 1914 3928 ex

334 3945 495 3996 variis
543 3959 669 3996 mss.
722 3946 906 3997 recitat
940 3944 1221 3997 Bollandus
1276 3946 1364 3997 die
1415 3960 1501 3998 xtx
1530 3944 1784 3998 Januarii.
1818 3948 1913 4000 Se-

332 4013 565 4066 rundum
613 4015 908 4068 desumitur
937 4030 1000 4067 ex
1035 4015 1179 4068 Actis
1230 4015 1289 4070 8.
1319 4015 1585 4068 Laurentii
1616 4016 1699 4069 die
1740 4031 1770 4068 x
1803 4016 1912 4068 Au-

332 4084 470 4148 gnsti
520 4099 547 4136 a
578 4083 733 4138 Surio
783 4084 1039 4144 recitatis.
1076 4086 1126 4137 in
1161 4100 1382 4152 quorum
1435 4088 1537 4138 line
1589 4095 1913 4139 memoratur

337 4154 646 4224 martyrium
670 4154 727 4224 8.
754 4153 978 4224 Cyrillae
995 4155 1111 4207 lilizr
1134 4152 1192 4208 8.
1220 4156 1524 4222 'I‘ripbonia:
1549 4157 1728 4209 uxoris
1746 4173 1910 4224 quon-

332 4225 455 4293 dam
490 4224 628 4278 Decii
659 4223 906 4277 C:esaris.
941 4223 1133 4276 Verum
1169 4226 1345 4278 nullus
1372 4241 1436 4279 ex
1467 4225 1698 4292 antiquis
1733 4223 1911 4293 perse-

334 4292 562 4346 cutionis
584 4310 609 4345 a
641 4295 858 4347 Claudio
888 4304 1041 4346 mota:
1069 4297 1341 4358 meminit;
1369 4306 1421 4347 et
1447 4297 1573 4348 Acta
1594 4297 1650 4350 S.
1678 4292 1912 4350 Lauren-

335 4365 392 4414 tii
442 4378 470 4415 a
501 4364 656 4418 Surio
717 4366 960 4428 recitata,
1009 4367 1164 4433 plane
1193 4375 1316 4418 sunt
1362 4365 1655 4419 adulterina
1685 4378 1738 4420 et
1786 4382 1913 4434 sup-

337 4435 605 4498 posititia;
651 4450 750 4488 nec
801 4435 973 4487 ininus
1023 4435 1319 4489 adulterina
1364 4436 1605 4490 videntur
1633 4438 1762 4491 Acta
1811 4438 1908 4493 SS.

336 4503 506 4564 Matii.
538 4505 756 4558 Martha:
783 4519 844 4557 ac
874 4506 1121 4558 ﬁliorum.

408 4572 434 4611 ιι
469 4575 720 4636 Quiutini.
748 4575 820 4628 De
846 4575 1049 4628 duabus
1066 4575 1182 4628 aliis
1209 4575 1642 4631 translationibus
1669 4576 1798 4632 Vide
1823 4593 1911 4633 vm

333 4640 453 4698 Kal.
484 4644 670 4709 Julias,
695 4654 749 4699 et
771 4660 830 4698 tu
853 4646 986 4698 Non.
1013 4647 1272 4700 Januarii.

409 4724 432 4753 ο
467 4714 796 4788 Chrysanthi.
827 4717 1000 4788 Geniti
1029 4732 1092 4770 ex
1124 4721 1234 4771 viro
1263 4717 1490 4786 quodam
1524 4718 1908 4788 Alexandrino,

335 4786 549 4838 nomine
581 4785 834 4851 l’olemin,
854 4787 938 4854 qui
968 4787 1188 4840 Romam
1223 4785 1340 4842 cum
1373 4791 1479 4841 lilio
1507 4804 1602 4841 suo
1624 4785 1908 4844 concessit.

340 4855 784 4921 Philosophorum
818 4858 991 4909 studio
1035 4859 1351 4912 imbuendus
1383 4859 1605 4913 traditus
1637 4861 1817 4916 incidit
1862 4861 1910 4912 in

336 4929 504 5000 libros
554 4929 982 4994 Evangelii'irnm,
1037 4937 1091 4980 et
1135 4945 1165 4981 a
1207 4931 1552 4996 Carpophoro
1603 4930 1914 5000 presbytero

332 4997 521 5069 didicit
548 5013 728 5052 sacras
762 5001 961 5050 litteras
986 5012 1039 5052 et
1066 5000 1362 5066 baptizatus
1389 5011 1488 5055 est.
1525 4997 1787 5054 I’olemius
1816 5000 1915 5069 igi-

337 5079 422 5119 tur
448 5065 564 5135 ejus
595 5079 745 5137 pater
776 5072 958 5133 iratus,
990 5073 1040 5122 in
1085 5065 1300 5124 carcere
1345 5087 1464 5124 eum
1513 5070 1706 5124 includi
1734 5065 1909 5137 jussit.

335 5137 550 5209 Deinde
583 5155 702 5193 eum
748 5140 897 5207 jubet
941 5142 1116 5193 ornari
1166 5152 1310 5194 veste
1355 5140 1544 5204 serica,
1592 5141 1914 5209 aricillasqtte

336 5208 751 5282 l‘orinosissimas
809 5225 929 5282 cum
978 5211 1086 5264 lilio
1137 5210 1391 5276 includit,
1437 5213 1576 5266 inter
1624 5227 1754 5282 quas
1797 5208 1915 5282 erat

335 5280 504 5348 virgo,
537 5280 692 5334 Daria
723 5281 954 5345 nomine,
989 5289 1045 5334 ut
1073 5296 1192 5336 eum
1246 5282 1311 5334 ad
1358 5283 1621 5338 luxuriem
1644 5280 1705 5337 et
1736 5281 1914 5335 libidi-

337 5364 460 5402 nem
496 5349 788 5418 pelliciant;
837 5356 926 5404 sed
975 5354 1026 5405 in
1071 5353 1342 5420 proposito
1389 5355 1458 5406 ita
1493 5355 1786 5421 permansit
1832 5353 1916 5406 vir

336 5431 584 5483 sanctus,
640 5432 694 5474 nt
745 5422 1034 5490 puellarum
1083 5423 1363 5476 blanditias
1413 5433 1808 5486 contemneret,
1861 5431 1916 5477 et

339 5492 504 5555 ipsam
541 5492 744 5544 Dat-iani
783 5492 1188 5556 pulcherrimam
1230 5493 1294 5545 ad
1327 5494 1596 5548 Christum
1637 5505 1914 5548 converte-

338 5569 442 5633 ret,
476 5572 527 5614 et
553 5579 672 5614 cum
702 5580 784 5629 ea,
814 5572 1089 5629 postquam
1123 5568 1221 5617 sub
1249 5564 1569 5619 Numeriano
1597 5565 1915 5633 imperatore

339 5632 496 5684 simul
530 5633 667 5699 passi
701 5643 878 5686 essent
911 5635 1074 5686 multa
1122 5634 1400 5700 supplicia,
1432 5645 1484 5688 et
1517 5632 1751 5690 terra’et
1783 5633 1916 5700 lapi-

341 5703 499 5756 dibus
529 5703 748 5757 obrutus
780 5714 1002 5757 mortem
1034 5705 1189 5757 simul
1220 5713 1274 5758 et
1299 5705 1599 5770 sepulcrum
1627 5707 1910 5758 inveniret.

414 5773 436 5819 α
463 5771 850 5829 ΒιιτιΙιοιοιηανὶ.
880 5773 953 5829 De
976 5775 1074 5830 bac
1100 5775 1442 5832 translatione
1465 5777 1582 5831 vide
1609 5791 1765 5845 supra
1795 5790 1916 5830 xxiv

1944 4479 1994 4538 D

2022 3593 2264 3651 Augusti.

2095 3667 2117 3693 ο
2153 3662 2406 3715 Miniatis.
2443 3664 2569 3714 Acta
2603 3661 2658 3714 S.
2692 3661 2917 3715 Miniatis
2967 3664 3104 3732 apud
3131 3664 3341 3719 Surium
3389 3675 3518 3720 tom.
3554 3668 3596 3719 V

2017 3734 2156 3787 edita
2189 3734 2424 3796 ejusdem
2455 3743 2574 3784 sunt
2621 3735 2736 3784 lidei
2771 3742 2823 3784 et
2862 3735 3188 3788 auctoritatis
3217 3752 3278 3789 ac
3309 3747 3427 3788 sunt
3460 3738 3590 3791 Ai-ta

2018 3806 2078 3861 8.
2106 3803 2394 3856 Laurentii.
2425 3802 2681 3878 liciorum
2708 3802 2858 3878 enini
2878 3806 2932 3856 8.
2964 3806 3229 3878 Miniatein
3261 3819 3372 3873 post
3403 3809 3459 3860 8.
3490 3807 3597 3878 Xy-

2020 3886 2158 3927 stutn
2195 3888 2381 3940 papam
2435 3873 2581 3943 etrS.
2612 3873 2952 3924 Laurentium
3003 3877 3458 3940 arcliidiaconuin,
3509 3873 3595 3943 qui

2022 3945 2160 4012 passi
2193 3954 2316 3995 sunt
2345 3943 2441 3994 sub
2472 3942 2746 3996 Valeriano
2777 3955 2824 3994 et
2853 3943 3114 4007 Gallieno,
3148 3946 3247 3998 sub
3281 3947 3437 3998 Decio
3469 3963 3601 4000 inar-

2022 4015 2214 4085 tyrium
2252 4027 2680 4085 consummasse,
2731 4013 2867 4085 quod
2896 4016 3073 4085 plane
3121 4015 3267 4066 nullo
3298 4017 3454 4067 tttod')
3485 4017 3598 4070 lieri

2022 4082 2217 4152 potest.
2250 4083 2322 4135 De
2352 4082 2693 4152 translatione
2724 4082 3058 4150 reliquiarum
3110 4085 3272 4150 ipsius
3317 4087 3366 4138 in
3401 4086 3598 4140 Gallias

2022 4151 2258 4222 tempore
2285 4151 2522 4224 Othonis
2559 4154 2685 4222 imp.
2741 4154 2980 4206 meminit
3009 4155 3272 4224 Sigebcrt.
3315 4159 3364 4209 in
3395 4156 3595 4210 Chron.

2018 4221 2159 4277 anno
2195 4223 2402 4276 Domini
2427 4221 2551 4275 969.

2097 4294 2116 4333 ί
2153 4294 2382 4346 Aie/tela.
2435 4293 2614 4346 Potius
2639 4293 2827 4346 Abula.
2863 4293 2956 4346 llic
2991 4296 3160 4362 primo
3190 4296 3322 4349 adeo
3352 4295 3402 4348 in
3435 4311 3600 4362 equu-

2021 4366 2106 4419 lco
2148 4374 2272 4417 sunt
2318 4366 2544 4430 extensi,
2596 4376 2866 4435 ut‘omnis
2914 4381 3196 4435 compages
3238 4368 3595 4420 membrorum

2021 4450 2206 4490 eorum
2261 4437 2600 4498 laxarentur;
2645 4432 2838 4486 deinde
2883 4432 3054 4504 capita
3101 4453 3284 4490 eorum
3335 4437 3598 4503 lapidibus

2021 4507 2380 4573 superposita,
2427 4519 2592 4573 usque
2637 4507 2700 4556 ad
2745 4511 3116 4560 excussionem
3165 4507 3369 4560 cerebri
3414 4507 3597 4557 validis

2017 4576 2258 4630 vectibus
2283 4584 2406 4628 sunt
2435 4587 2676 4638 contusa,
2707 4587 2876 4646 atque
2914 4577 2982 4629 ita
3012 4579 3321 4646 martyrium
3363 4577 3598 4640 comple-

2016 4657 2225 4711 verunt,
2258 4654 2451 4714 agente
2489 4647 2724 4714 praeside
2757 4645 3006 4709 Daciano,
3057 4645 3347 4712 imperante
3394 4646 3596 4696 Diocleo

2019 4719 2177 4769 tiano.
2227 4713 2309 4769 De
2343 4716 2424 4767 his
2459 4713 2752 4779 Usuardus,
2782 4716 2896 4767 Ado
2937 4717 3224 4783 exterique
3271 4717 3597 4769 recentiores

2015 4796 2180 4852 agunt
2219 4784 2496 4852 postridie.

2089 4859 2114 4894 ε
2145 4856 2383 4908 Amundi.
2424 4853 2726 4907 'I‘ranslatio
2777 4854 2932 4920 hujus
2970 4855 3037 4909 ab
3078 4853 3301 4909 ecclesia
3350 4854 3404 4908 8.
3434 4853 3595 4919 Petri,

2016 4926 2067 4978 in
2098 4943 2200 4994 qua
2234 4927 2380 4993 prius
2417 4925 2694 4993 requievit,
2738 4925 2790 4977 in
2825 4941 3011 4978 novam
3046 4928 3313 4978 basilicam
3347 4926 3446 4977 hoc
3477 4926 3597 4989 ipso

2014 4997 2102 5048 die
2129 4999 2422 5050 dedicatam
2455 4997 2504 5048 in
2536 5009 2779 5049 sermone
2805 4995 3013 5049 M-lonis
3042 4997 3312 5062 eujusdam
3341 4994 3593 5047 monachi

2015 5065 2339 5120 Elnonensis
2368 5067 2503 5132 apud
2539 5065 2780 5118 Dolland.
2833 5066 2989 5120 Febr.
3024 5083 3072 5119 Vt
3104 5065 3360 5134 aperitur.
3411 5066 3463 5118 In
3492 5080 3593 5130 qua

2017 5145 2195 5190 tamen
2239 5137 2458 5190 historia
2498 5151 2721 5190 erronee
2763 5140 3038 5201 asseritur,
3068 5138 3204 5205 quod
3247 5137 3483 5188 dedicata
3514 5144 3598 5187 est

2015 5209 2260 5272 ecclesia,
2313 5217 2366 5260 et
2413 5207 2647 5276 reliquim
2691 5207 2748 5261 S.
2790 5208 3010 5261 Amandi
3069 5209 3336 5260 translate
3386 5217 3507 5258 sunt
3555 5219 3584 5256 a

2017 5277 2074 5330 8.
2105 5279 2270 5345 Eligio
2299 5278 2570 5346 episcopo.
2607 5279 2806 5346 Eligius
2849 5280 2989 5331 enim
3037 5293 3177 5330 anno
3208 5277 3314 5330 665
3340 5276 3491 5340 obiit,
3519 5277 3596 5328 vi-

2015 5349 2144 5416 ginti
2179 5351 2345 5402 l'erme
2375 5363 2543 5402 annos
2581 5357 2705 5402 ante
2733 5349 2789 5402 8.
2821 5347 3046 5401 Amandi
3076 5347 3301 5411 obitum,
3331 5347 3418 5414 qui
3449 5361 3590 5398 anno

2015 5419 2118 5472 υδι
2161 5420 2445 5472 defunctus
2489 5427 2590 5472 est.
2637 5421 2769 5472 Cum
2801 5428 2976 5476 autem
3007 5433 3200 5486 corpus
3228 5417 3342 5485 ejus
3377 5426 3492 5482 post
3525 5416 3593 5470 16

2015 5503 2183 5543 annos
2211 5489 2472 5543 elevannn
2503 5491 2591 5552 sit,
2642 5505 2671 5542 a
2699 5490 2962 5544 Guidnnio
2991 5502 3300 5542 successore
3334 5487 3592 5541 Mammo-

2016 5558 2130 5626 lini,
2165 5561 2244 5613 vel
2283 5573 2312 5610 a
2343 5560 2616 5627 Gerulpbu
2644 5559 2889 5614 Cuidonii
2911 5573 3218 5613 successore
3249 5561 3438 5611 iactam
3467 5572 3590 5611 esse

2017 5630 2414 5685 translationem
2447 5631 2582 5684 hanc
2615 5633 2790 5685 verius
2817 5629 3096 5683 dicendum
3128 5640 3228 5684 est.
3265 5630 3433 5682 Etiam
3463 5627 3592 5680 Tra-

2013 5703 2138 5770 jccti
2167 5701 2465 5754 celebratur
2503 5702 2562 5757 8.
2591 5701 2810 5756 Amandi
2839 5701 3124 5756 ordinatio.
3168 5701 3375 5756 MOLANI
3407 5699 3591 5754 Addit.

2017 5775 2082 5828 ad
2115 5773 2429 5836 Usuardutn.
