4110 6458
542 273 677 327 1035

1283 264 1478 319 BEDJS
1522 263 1963 319 VENERADHJS
2000 262 2147 317 OPP.
2192 260 2367 317 PARS
2401 259 2485 315 ιν.
2532 293 2597 303 -
2637 262 3015 318 lllSTORlCA.

3666 261 3805 315 itaSi

1774 373 1920 427 Elll'l
1938 373 1999 426 l0
2037 370 2496 425 COLONIENSIS.

541 469 793 541 martyrio
820 477 942 522 sunt
985 465 1241 522 coronati.
1282 464 1475 520 Scribit
1515 465 1701 521 beatus
1738 465 2030 535 Cyprianus
2060 464 2109 516 in
2142 464 2191 522 Α
2219 472 2270 514 et
2300 470 2503 529 septem
2552 461 2811 515 ordinavit
2844 461 3118 528 diaconos,
3162 461 3247 529 qui
3295 462 3643 517 custodirent
3679 464 3796 533 epi-

537 558 761 625 epistola
784 558 847 610 ad
870 556 1226 617 confessores,
1255 553 1336 607 his
1360 551 1535 607 verbis
1560 569 1573 604 :
1601 552 1669 607 Ut
1691 552 2006 618 sequamini,
2034 553 2111 605 in-

541 650 677 720 quit,
701 650 753 704 in
784 648 1027 702 omnibus
1058 645 1403 715 Rogatianum
1432 645 1799 714 presbyterum
1827 646 2111 713 gloriosum

540 756 750 805 senem,
781 740 919 793 viam
951 739 1100 792 vobis
1138 738 1202 790 ad
1244 735 1464 807 gloriam
1496 737 1662 790 nostri
1704 736 1961 804 temporis
1987 736 2101 791 reli-

540 833 683 898 giosa
736 830 946 893 virtute,
1000 837 1069 887 et,
1100 827 1275 881 divina
1314 826 1619 896 dignatione
1658 825 1977 889 facientem;
2025 825 2114 893 qui

540 935 659 973 cum
690 917 1022 973 Felicissimo
1077 918 1240 972 fratre
1280 925 1462 970 nostro
1490 914 1669 983 quieto
1718 930 1929 983 semper
1954 925 2006 968 et
2029 929 2114 968 so-

544 1009 659 1063 Itrio
686 1008 957 1076 excipiens
1006 1006 1307 1062 ferocientis
1351 1005 1525 1075 p0puli
1569 1004 1846 1071 impetum,
1887 1004 2112 1073 primum

544 1097 832 1167 hospitium
882 1097 1029 1151 vobis
1071 1097 1122 1151 itt
1171 1110 1383 1150 carcere
1415 1095 1749 1163 prmparavit,
1792 1102 1847 1148 et
1893 1105 2118 1149 metator

544 1186 933 1257 quodammodo
961 1196 1157 1250 vester,
1192 1200 1331 1240 nunc
1360 1199 1567 1253 quoque
1611 1198 1704 1238 vos
1742 1185 2027 1239 antecedit.
2060 1184 2115 1239 lu

545 1278 848 1331 Nicomedia
896 1278 1067 1332 natale
1119 1276 1333 1331 Luciani
1385 1284 1438 1328 et
1492 1273 1673 1340 Fdori,
1732 1274 2023 1330 Heraclidae
2065 1286 2119 1330 et

546 1370 815 1422 Martialis.
843 1370 1039 1421 Eodem
1069 1368 1158 1421 die
1187 1367 1353 1421 sancti
1383 1365 1608 1419 Amantli
1632 1365 1978 1421 confessoris:

614 1460 676 1514 ιτ.
720 1459 781 1511 Vl
825 1459 1061 1512 Kxcca’o.
1103 1459 1340 1511 Novum.
1372 1485 1437 1496 -—
1468 1456 1522 1511 ltt
1556 1455 1820 1523 Hispaniis
1849 1455 2015 1510 Abula
2047 1457 2122 1510 ci-

545 1551 706 1607 vitate
738 1552 912 1605 natale
958 1560 1262 1604 sanctorum
1298 1548 1558 1602 Vincentii
1584 1590 1597 1612 ,
1636 1548 1847 1602 Sabinrc
1904 1556 1959 1601 et
1999 1547 2118 1602 Cri-

545 1653 757 1708 stestes,
792 1644 877 1711 qui
912 1644 1081 1711 primo
1128 1641 1261 1693 adeo
1300 1641 1350 1692 in
1382 1638 1611 1707 equuleo
1638 1647 1760 1692 sunt
1789 1638 2020 1702 extenti,
2068 1648 2123 1691 ut

548 1749 738 1789 omnes
786 1749 1073 1802 compages
1123 1731 1483 1786 membrorum
1538 1744 1721 1784 eorum
1782 1730 2119 1793 laxarentur;

2216 565 2435 617 secpum
2464 550 2857 619 przedicantem.
2885 552 2951 606 Et
2971 553 3142 623 vigilia
3171 553 3535 621 apostolorum
3557 553 3791 609 Simonis

2213 652 2267 697 et
2294 640 2463 696 Judze.

2288 734 2351 789 G.
2394 736 2433 789 V
2473 733 2717 791 Kituzno.
2757 734 2997 790 Novsnn.
3017 764 3087 776 —
3113 734 3295 790 Natale
3326 744 3633 790 sanctorum
3663 750 3789 803 apo.

2215 827 2492 891 stolorum,
2526 827 2759 881 Simonis
2795 824 3102 891 Chanantei,
3165 827 3250 894 qui
3280 836 3333 880 et
3361 826 3572 880 Zelotes
3600 827 3758 879 scribi

2218 924 2321 979 tur,
2348 924 2402 969 et
2430 915 2669 979 Thadtei,
2702 914 2789 983 qui
2828 914 2985 967 etiam
3033 914 3194 968 .ludas
3241 914 3420 967 Jacobi
3474 914 3685 982 legitur,
3738 925 3785 967 et

2218 1007 2342 1061 alibi
2370 1008 2665 1076 appellatur
2710 1005 3000 1070 Lebbaaus‘,
3040 1005 3179 1074 quod
3212 1004 3582 1073 interpretatur
3608 1020 3787 1057 corr-t-

2218 1097 2386 1150 culus.
2445 1098 2486 1151 E
2517 1098 2705 1167 quibus
2752 1096 3011 1151 Thadazus
3041 1097 3179 1165 apud
3209 1096 3674 1165 Mesopotamiam,
3707 1094 3789 1149 Si-

2222 1204 2347 1241 mon
2372 1202 2501 1242 vero
2529 1188 2664 1257 apud
2702 1187 2989 1257 :Egyptum
3032 1188 3254 1242 traditur
3283 1188 3637 1257 praedicasse:
3663 1187 3789 1242 inde

2220 1277 2378 1331 simul
2410 1277 2681 1331 Persidam
2716 1277 2962 1345 ingressi,
3004 1292 3127 1331 eum
3160 1276 3279 1331 [idet
3312 1277 3637 1332 innumeram
3663 1293 3789 1345 gen-

2224 1366 2289 1421 tis
2338 1368 2479 1422 illius
2525 1368 2919 1423 multitudinem
2968 1368 3341 1429 subdidissent,
3388 1377 3443 1423 et
3500 1369 3787 1421 EccleStam

2227 1460 2317 1514 Dei
2349 1461 2453 1515 late
2480 1460 2589 1530 jam
2617 1460 2886 1515 fundatam
2913 1461 3171 1524 viderent,
3198 1459 3505 1529 martyrium
3534 1461 3601 1513 ibi
3630 1476 3787 1513 cursu

2228 1552 2483 1619 temporis
2511 1552 2808 1617 explentes,
2860 1551 3013 1605 beato
3057 1551 3349 1604 certamine
3393 1566 3790 1605 consummave-

2227 1652 2370 1703 runt,
2416 1640 2707 1695 honorifice
2746 1640 2944 1709 sepulti
2990 1655 3019 1692 a
3064 1641 3267 1708 p0pulis
3292 1639 3626 1702 Christianis,
3656 1654 3789 1707 quos

2232 1731 2455 1784 Domino
2484 1731 2583 1798 ipsi
2615 1739 2927 1798 genuerant.
2960 1728 3141 1783 Romae
3180 1737 3375 1783 sancta:
3405 1726 3633 1796 Cyrillm,
3669 1728 3791 1779 lilia:

546 1823 743 1881 deinde
790 1825 960 1892 capita
991 1839 1173 1878 eorum
1206 1821 1466 1892 lapidibus
1519 1822 1813 1890 supposita,
1856 1832 1911 1876 et
1955 1837 2121 1888 usque
2152 1809 2195 1867 Β
2232 1823 2370 1876 Decii
2400 1821 2650 1887 Cmsaris,
2692 1838 2807 1889 qua:
2836 1836 2865 1875 a
2897 1820 3119 1875 Claudio
3159 1820 3393 1891 principe
3434 1820 3664 1889 iugulata
3708 1831 3794 1872 est

549 1916 614 1969 ad
642 1916 1010 1969 excussionem
1034 1914 1237 1968 cerebri
1268 1912 1450 1966 validis
1473 1923 1594 1966 sunt
1617 1914 1855 1967 vectibus
1877 1922 2119 1978 eontusa,

549 2015 707 2074 atque
736 2005 806 2059 ita
839 2004 1146 2073 martyrium
1178 2005 1613 2071 compleverunt,
1653 2012 1843 2071 agente
1901 2004 2125 2069 pra-side

550 2093 796 2150 Datiano.
829 2095 980 2163 Apud
1011 2094 1197 2163 Tltylzc
1226 2102 1483 2157 castrum,
1508 2095 1681 2148 natale
1708 2095 1872 2148 sancti
1906 2094 2127 2149 Floren-

552 2183 608 2238 tii
636 2185 905 2254 martyris.
948 2182 1132 2237 Romae
1172 2184 1394 2237 Evaristi
1437 2198 1606 2252 papae,
1650 2185 1736 2251 qui
1778 2183 1916 2237 sedit
1961 2200 2129 2239 annos

550 2289 761 2340 novem,
788 2274 890 2328 sub
912 2274 1141 2341 Traiano
1174 2275 1429 2343 martyrio
1459 2285 1761 2340 coronatur,
1791 2276 2027 2341 sepultus
2050 2282 2131 2328 est

554 2366 611 2421 in
644 2364 917 2421 Vaticano.
953 2365 1048 2419 llic
1076 2365 1503 2419 constituitduos
1528 2366 1579 2417 in
1607 2364 1737 2418 urbe
1770 2364 2131 2435 presbyteros,

2227 1912 2401 1981 gladio
2427 1952 2442 1976 ,
2476 1922 2529 1966 et
2558 1912 2763 1980 sepulta
2792 1926 2820 1965 a
2849 1911 3058 1966 Justino
3088 1911 3397 1980 presbytero
3418 1949 3434 1975 ,
3472 1924 3589 1964 eum
3627 1918 3795 1962 matre

2228 2016 2343 2067 sua,
2370 2001 2522 2071 juxta
2550 2012 2790 2057 sanctum
2823 2001 3184 2072 llippolytum.
3230 2001 3358 2054 ltem
3405 2000 3568 2055 sancti
3600 1999 3797 2053 Fidelis

2230 2096 2498 2165 martyris.

2306 2189 2368 2240 A.
2414 2187 2477 2241 lV
2517 2188 2753 2244 KALEND.
2795 2187 3034 2242 Νονειω.
3064 2217 3134 2227 ——-
3160 2185 3346 2241 Natale
3374 2186 3537 2242 sancti
3567 2185 3797 2240 Narcissi

2235 2274 2694 2346 Jerosolymorum
2726 2278 2984 2347 epi5r0pi,
3019 2278 3120 2333 viri
3144 2278 3420 2333 sanctitate
3449 2286 3501 2332 et
3530 2278 3797 2345 patientia,

2236 2382 2297 2421 ac
2330 2368 2431 2424 [ide
2476 2368 2779 2425 laudabilis.
2819 2371 3025 2425 Accidit
3053 2371 3333 2441 aliquando
3374 2371 3425 2425 in
3456 2370 3541 2425 die
3579 2370 3802 2424 solemni

1795 2455 2024 2509 leTlO
2063 2455 2572 2514 BOLLANDIANA.

623 2548 713 2604 27.
740 2579 809 2588 -
834 2547 901 2603 Vl
940 2548 1076 2602 K.tt..
1122 2548 1282 2601 Vacat
1313 2547 1486 2601 Btcda.

625 2642 813 2695 Florus
840 2640 890 2694 in
917 2642 983 2695 A.
1008 2640 1072 2695 Τ.
1099 2639 1158 2693 L.
1182 2656 1196 2693 :
1222 2639 1401 2693 Roma:
1433 2640 1488 2694 S.
1518 2640 1543 2668 ει
1569 2639 1810 2705 Evaristi,
1835 2638 1922 2708 qui
1950 2649 2133 2694 sextus

552 2742 671 2800 post
699 2732 907 2785 Petrum
937 2734 1087 2785 annis
1118 2746 1326 2792 novem,
1358 2730 1627 2783 mensibus
1659 2729 1926 2794 undecim,
1950 2728 2133 2784 Eccle-

553 2826 684 2876 siam
735 2822 1026 2877 Romanam
1076 2837 1305 2890 regens,
1366 2822 1693 2889 temporibus
1740 2822 2024 2876 Domitiani
2078 2832 2133 2878 et

556 2914 742 2969 Nervae
785 2913 1035 2983 martyrio
1064 2923 1367 2969 coronatur.

630 3003 689 3056 Β.
720 3003 779 3056 C.
812 3003 873 3055 D.
906 3002 967 3055 V.
992 3002 1055 3053 A.
1082 3002 1145 3055 Τ.
1178 3002 1259 3067 L.,
1295 3001 1477 3067 Vigilia
1512 3002 1872 3069 apostolorum
1900 3002 2136 3058 Simonis

559 3082 613 3125 et
660 3072 898 3143 Thadaei.
950 3073 1008 3124 (Σ.
1045 3071 1132 3137 V.,
1163 3072 1218 3125 lu
1267 3074 1443 3126 Africa
1479 3072 1777 3143 ljtily'carpi.
1814 3074 1899 3137 V.,
1950 3073 2135 3127 liomrc

568 3142 815 3195 Marciani
845 3185 857 3206 ,
888 3143 1133 3205 Luciatti,
1172 3143 1456 3203 Marciani.
1495 3142 1724 3195 Flotiani
1746 3184 1762 3206 ,
1798 3143 1966 3196 Lttcii.
1997 3146 2132 3197 Alibi

560 3214 619 3266 5.
652 3212 937 3266 Florentii.
962 3212 1043 3277 (3.,
1080 3211 1263 3265 ltonnc
1290 3255 1303 3275 ,
1335 3213 1573 3266 Martiani
1595 3254 1609 3273 ,
1646 3214 1787 3268 Lutii
1811 3255 1825 3279 ,
1858 3214 2131 3268 Florentii.

559 3288 625 3336 Λ.
655 3282 716 3336 Τ.
751 3282 834 3347 L.,
870 3284 922 3336 lu
959 3284 1200 3335 Sardinia
1246 3281 1347 3338 SS.
1380 3283 1543 3345 Victi,
1598 3284 1735 3337 l‘roti
1776 3296 1827 3337 et
1857 3284 2131 3338 Florentii.

2311 2550 2376 2603 Et
2406 2550 2586 2605 ltomte
2612 2552 2670 2607 S.
2700 2551 2912 2623 Cyrilla:
2943 2553 3062 2607 tilia;
3094 2551 3241 2607 Decii
3267 2552 3511 2619 Cmsaris,
3542 2566 3659 2623 qua:
3696 2554 3798 2606 sub

2247 2641 2269 2667 ε
2294 2638 2520 2694 Claudio
2551 2641 2786 2710 principe
2822 2643 3055 2711 iugulata
3084 2652 3141 2697 et
3178 2654 3359 2696 necata
3400 2651 3481 2697 est
3507 2642 3679 2711 gladio
3705 2660 3720 2695 :
3748 2653 3803 2697 et

2238 2729 2441 2797 sepulta
2473 2746 2499 2783 a
2551 2731 2759 2787 Justino
2803 2733 3110 2802 presbytero
3154 2746 3271 2787 cum
3306 2743 3470 2786 matre
3514 2748 3605 2785 sua
3656 2734 3806 2801 juxta

2240 2819 2294 2873 S.
2332 2819 2698 2891 Hippolytum.

2316 2911 2500 2965 Florus
2533 2916 2582 2966 itt
2610 2913 2677 2967 A.
2708 2912 2770 2966 Τ.
2801 2912 2883 2979 L.,
2922 2913 3037 2981 Ipso
3066 2914 3150 2968 die
3195 2913 3371 2983 passio
3408 2914 3508 2970 SS.
3541 2912 3807 2969 ‘Vittcmt-

2245 3000 2300 3053 tii
2330 3039 2346 3065 ,
2376 3002 2587 3054 Sabina:
2631 3012 2685 3057 et
2713 3002 3032 3070 Cltristetae,
3075 3005 3163 3072 qui
3214 3004 3353 3071 passi
3404 3015 3524 3058 sunt
3576 3006 3625 3057 in
3676 3005 3811 3058 urbe

2242 3096 2415 3149 Avila.
2443 3095 2542 3161 Qui
2566 3097 2873 3166 singillatim
2902 3112 3109 3151 sursum
3135 3113 3197 3152 ac
3224 3099 3471 3153 deorsum
3502 3100 3549 3152 in
3580 3103 3813 3168 equuleo

2240 3199 2363 3241 sunt
2403 3192 2608 3243 extensi
2635 3230 2650 3254 ,
2681 3190 2987 3244 divaricatis
3028 3192 3386 3247 membrorum
3422 3194 3765 3261 compagibus
3793 3236 3809 3258 ,

2246 3293 2298 3334 et
2329 3282 2573 3351 diSsipali
2607 3284 2941 3337 verberibus.
2979 3285 3041 3338 Et
3071 3300 3188 3337 cum
3240 3301 3338 3338 nec
3374 3287 3449 3339 sic
3476 3286 3765 3341 deticerent
3792 3330 3808 3349 ,

558 3352 648 3445 ’ξ’-ν
935 3355 1453 3445 Ἇιυςῖξξξῇτξξξξίλίθιξθ
1476 3353 2130 3445 SR;PARTEMi_}l“flf_l¥_ri§°
2164 3384 2208 3445 ρ
2242 3375 2376 3427 colla
2430 3374 2693 3440 lapidibus
2744 3376 3055 3443 supposita,
3119 3376 3254 3431 fuste
3278 3378 3535 3445 "desuper
3587 3379 3816 3433 cerebro

562 3422 650 3489 L.,
686 3423 801 3490 Ipso
828 3424 914 3477 die
942 3425 997 3475 5.
1027 3433 1048 3459 ο
1071 3423 1355 3476 liictrutlis.
1385 3423 1468 3485 Β..
1496 3423 1678 3476 Natale
1706 3426 1802 3477 SS.
1831 3422 2131 3490 Mariniani,

563 3494 736 3557 Lucii,
770 3494 924 3563 Victi.
961 3492 1013 3563 In
1048 3494 1295 3547 Sardinia
1330 3496 1504 3563 natale
1536 3495 1592 3548 S.
1628 3495 1844 3547 Florini.
1881 3494 1934 3546 ltt
1970 3495 2137 3563 Phry-

562 3565 645 3629 gia
671 3564 765 3617 SS.
788 3562 966 3626 Tarci,
994 3562 1017 3598 ά
1043 3564 1345 3633 l’olycarpi,
1372 3562 1541 3630 Gagii,
1573 3565 1815 3626 Metrobi,
1845 3562 2134 3617 Eumenida

633 3666 724 3720 28.
746 3696 815 3705 —
844 3666 879 3718 V
910 3665 1045 3719 Kac.
1079 3666 1264 3720 Natale
1312 3674 1618 3719 sanctorum
1662 3667 2025 3734 apostolorum
2058 3666 2139 3721 Si-

562 3757 736 3811 monis
764 3765 817 3811 et
847 3757 1069 3810 Tltadei.

636 3848 861 3900 Additur
886 3850 933 3899 in
960 3852 1018 3899 A.
1048 3848 1108 3899 'l‘.
1136 3847 1193 3899 L.
1228 3865 1239 3899 :
1288 3846 1435 3913 Quia
1465 3848 1778 3912 templorum
1810 3846 2139 3912 pontificibus

563 3919 726 3972 occisi
756 3930 876 3969 sunt
909 3919 957 3969 itt
989 3919 1183 3971 Suauis
1206 3917 1421 3970 civitate
1457 3932 1645 3985 magna
1674 3919 1808 3985 apud
1840 3916 2134 3971 Persidatu.

566 3989 651 4053 13.,
683 3990 738 4042 In
769 3992 985 4042 civuatc
1015 4004 1202 4058 magna
1230 3989 1452 4043 Silantts
1481 3990 1618 4057 apud
1650 3989 1945 4041 Persidam.

2243 3464 2423 3528 illisu,
2474 3468 2567 3520 tali
2623 3468 2881 3535 martyrio
2928 3467 3321 3534 consummati,
3366 3470 3560 3539 pariter
3606 3469 3817 3523 animas

2244 3555 2595 3610 tradiderunt.

2245 3716 2266 3769 ἴ
2319 3647 2481 3727 Β.,.Ιιι
2515 3646 2835 3717 Carthagine
2878 3648 2936 3702 S.
2964 3646 3268 3702 Suli'ratiani
3310 3658 3362 3702 et
3392 3649 3448 3703 S.
3480 3648 3639 3703 Rituti
3681 3665 3818 3703 con-

2266 3732 2478 3769 essorts.

2266 3732 2478 3769 CSSOI‘IS.

2316 3808 2405 3860 20.
2430 3837 2495 3846 —
2526 3808 2589 3861 IV
2618 3808 2753 3862 ΚΑΙ..
2790 3808 2951 3863 Vacat
2984 3812 3161 3867 Breda.

2320 3896 2507 3950 Florus
2553 3900 2603 3951 in
2637 3900 2702 3951 A.
2734 3898 2797 3954 Τ.
2834 3902 2917 3963 L.,
2951 3901 3151 3956 Eodem
3199 3902 3286 3957 die
3332 3903 3504 3956 natale
3551 3902 3606 3957 S.
3639 3901 3815 3955 ElPon—

2252 3987 2376 4039 tiani
2412 4002 2561 4057 papa:
2607 3997 2661 4042 ct
2691 3992 2975 4058 martyris:
3005 3992 3096 4061 qtti
3141 3993 3208 4047 ab
3240 3993 3539 4048 Alexandro
3584 3992 3814 4060 impera-

1955 4080 2160 4137 SMlTlI
2202 4081 2428 4136 NO’I‘IE.

637 4173 663 4201 ³³
686 4169 926 4240 Evaristi.
963 4169 1057 4223 llic
1098 4169 1194 4223 fuit
1237 4170 1447 4225 natione
1476 4170 1715 4235 Graecus,
1751 4172 2132 4240 Antiochenus,

564 4260 627 4295 ex
661 4249 807 4310 patre
833 4239 963 4291 .Ittda
996 4242 1061 4291 de
1083 4242 1296 4294 civitate
1329 4243 1617 4295 Bethleem.
1654 4242 1791 4295 Vixit
1827 4258 1926 4295 non
1958 4245 2132 4298 solum

569 4310 893 4376 temportbus
924 4310 1199 4363 Domitiani
1252 4320 1304 4364 et
1332 4312 1537 4377 Nerv;I-,
1570 4312 1661 4365 sed
1708 4322 1760 4365 et
1782 4312 2018 4381 Trajaui,
2051 4330 2141 4367 se-

567 4384 961 4449 tlitque_annos
994 4381 1269 4449 duodecim
1319 4391 1371 4433 et
1408 4382 1609 4446 aliquot
1651 4397 1862 4435 menses
1909 4384 1975 4435 ab
2004 4399 2143 4437 anno

569 4445 697 4505 Chr.
727 4445 817 4511 95,
854 4448 1130 4500 Domitiani
1158 4451 1219 4501 17
1243 4460 1294 4503 et
1321 4445 1606 4503 Clementis
1635 4452 1909 4505 consulatu
1942 4463 2142 4518 notato,

569 4522 803 4587 obiitque
831 4533 969 4571 anno
994 4520 1117 4579 108.
1144 4535 1324 4572 mense
1354 4535 1415 4571 ac
1439 4519 1626 4573 diebus
1661 4519 1894 4575 incertis.
1947 4524 2149 4577 (Iolitur

573 4592 810 4662 quidem,
840 4590 989 4662 juxta
1023 4589 1324 4662 Barouium,
1360 4590 1445 4642 die
1480 4590 1898 4662 xxerctohris,
1936 4594 2151 4662 legitur-

574 4658 676 4727 que
706 4659 757 4713 in
787 4660 1022 4712 auctiore
1049 4658 1315 4712 Chronico
1344 4672 1580 4713 veterum
1617 4661 1927 4715 Pontilicum
1956 4658 2018 4713 εἶ
2053 4665 2150 4716 Se-

580 4735 753 4796 pultus
798 4741 877 4782 est
914 4730 1058 4798 juxta
1087 4745 1276 4797 corpus
1315 4732 1374 4786 5.
1409 4732 1548 4785 Petri
1583 4731 1634 4784 in
1670 4732 1922 4785 Vaticano
1951 4749 1997 4787 vr
2032 4733 2149 4787 Kal.

578 4802 908 4856 Novembris.
949 4816 967 4850 ι
1006 4800 1109 4855 Sed
1148 4803 1261 4853 dies
1304 4804 1589 4867 trimorum
1634 4804 1939 4869 pontilicum
1981 4806 2153 4872 potius

577 4873 641 4925 ad
674 4872 875 4936 aliquas
903 4884 1084 4921 eorum
1113 4874 1485 4925 translationes
1507 4888 1663 4940 quam
1686 4874 1750 4925 ad
1780 4888 1967 4927 eorum
2002 4886 2151 4927 ιιίιω-

579 4942 648 4997 lia
681 4943 943 5010 pertinete
974 4942 1237 4993 videntur.

652 5013 677 5049 δ
706 5010 960 5064 Itomaldt‘.
1012 5011 1407 5078 Arcttiepiscopi
1457 5010 1745 5075 Ilibernim,
1790 5014 1880 5078 qui
1922 5014 2154 5069 desertis

584 5082 751 5148 patria
795 5090 847 5133 et
887 5081 1347 5146 archiepiscbpatu
1398 5082 1747 5143 Duhliuieusi,
1779 5081 2002 5137 Romam
2035 5088 2152 5149 ivit,

579 5164 635 5208 et
680 5152 801 5223 inde
846 5152 1023 5203 habita
1071 5152 1334 5217 pouttlicis
1380 5152 1944 5221 benedictione,jnxta
1984 5159 2153 5223 angeli

580 5222 966 5290 apparitionem
1014 5236 1078 5273 eo
1132 5224 1411 5286 pervenit,
1455 5223 1542 5273 ubi
1598 5224 1806 5275 Scaldis
1860 5222 2069 5278 lluvius'
2102 5225 2153 5279 iu

584 5309 732 5347 tuare
756 5306 815 5344 se
842 5301 1121 5353 exonerat,
1154 5293 1250 5341 hot:
1279 5302 1379 5354 est,
1409 5292 1472 5342 ad
1512 5292 1844 5346 Mechliniam
1866 5334 1880 5355 ,
1912 5296 1996 5348 ubi
2024 5296 2156 5350 adeo

585 5364 708 5417 lidci
736 5363 1031 5415 rudimenta
1064 5362 1311 5428 populum
1342 5362 1551 5415 edocuit
1576 5401 1590 5422 ,
1623 5372 1679 5413 ut
1722 5376 1909 5418 merito
1941 5367 2157 5418 Mecltli—

584 5434 848 5487 niensium
895 5434 1169 5492 apostolus
1222 5432 1495 5486 habeatur.
1554 5436 1708 5486 Anno
1758 5449 1884 5487 vero
1930 5435 2053 5498 775,
2105 5436 2156 5489 in

586 5504 735 5557 feriis
764 5503 1036 5569 Baptistzc,
1066 5504 1170 5554 duo
1211 5503 1386 5555 sicarii
1414 5518 1533 5554 eum
1572 5502 1848 5557 securibus
1878 5506 2157 5559 interiece-

588 5583 730 5625 runt.
780 5572 980 5625 Natalis
1030 5573 1331 5625 celebratur
1376 5573 1668 5626 Meehliuiae
1711 5573 1963 5629 Kalendis
2006 5576 2157 5630 Julii.

588 5642 888 5695 Translatio
930 5652 1107 5694 autem
1153 5644 1324 5708 altqtta
1369 5644 1525 5696 ltutlie
1585 5647 1719 5697 facta
1763 5646 1969 5698 videtur
1997 5662 2008 5697 :
2036 5661 2156 5697 cor-

592 5730 689 5777 pus
734 5722 910 5765 autem
960 5712 1075 5781 ejus
1121 5714 1381 5767 clerattun
1427 5723 1510 5769 est.
1571 5726 1690 5782 post
1735 5716 2156 5785 quinquennium

2250 4176 2314 4225 ab
2356 4171 2470 4241 ejus
2513 4170 2656 4223 obitu
2685 4210 2699 4231 ,
2748 4180 2803 4241 nt
2843 4179 3051 4225 constat
3104 4186 3170 4226 ex
3211 4172 3354 4226 Actis
3394 4169 3449 4225 S.
3500 4170 3741 4223 Romaldi
3785 4191 3813 4225 τι

2246 4240 2403 4297 Surio
2443 4241 2599 4293 editis
2644 4242 2693 4293 itt
2742 4240 2920 4293 Juuio.

2327 4316 2348 4343 ε
2376 4309 2659 4363 Βὲτινιιιίίε.
2688 4312 2813 4373 Ejus
2843 4312 2956 4364 dies
2979 4312 3164 4377 natalis
3185 4311 3480 4365 celebratur
3509 4326 3574 4363 xtt
3599 4310 3740 4364 Maii.

2324 4381 2676 4451 dPolgcarpt’.
2732 4380 2829 4435 llic
2861 4382 2911 4435 in
2960 4385 3133 4435 Alrica
3185 4384 3423 4450 superius
3476 4396 3655 4448 passus
3697 4398 3819 4435 esse

2252 4452 2459 4505 dicitur.

2330 4534 2351 4559 ε
2382 4522 2616 4576 Claudio.
2650 4523 2827 4575 Potius
2871 4521 2968 4574 sub
3001 4520 3277 4575 Valeriano
3317 4530 3371 4573 et
3397 4520 3649 4575 Gallieno.
3678 4520 3817 4573 Mar-

2257 4595 2448 4659 tyrium
2482 4594 2620 4644 enim
2654 4608 2803 4655 passa
2833 4602 2913 4645 est
2939 4593 3126 4645 eodem
3157 4607 3295 4644 anno
3318 4606 3378 4645 ac
3399 4592 3454 4659 S.
3483 4592 3817 4654 Laurentius,

2252 4654 2340 4732 q'ui
2382 4680 2539 4727 supra
2571 4665 2763 4715 colitur
2794 4678 2822 4715 x
2853 4662 3091 4729 Attgustii
3138 4673 3189 4714 et
3234 4660 3294 4716 S.
3321 4654 3556 4715 Justinus
3586 4663 3671 4728 qui
3697 4677 3815 4732 eam

2254 4731 2469 4801 Sepeliil
2500 4736 2740 4799 proximo
2770 4748 2908 4784 anno
2940 4748 2987 4783 tv
3017 4733 3251 4799 t-jusdem
3284 4733 3479 4787 mensis
3506 4731 3818 4801 martyrium

2255 4800 2442 4856 subiit.
2462 4804 2710 4869 (Iot'rigas
2742 4804 2920 4870 igitur,
2948 4803 3131 4865 lector,
3164 4814 3337 4854 notam
3363 4818 3515 4867 quam
3537 4800 3600 4853 de
3622 4804 3679 4852 5.
3703 4800 3821 4853 Jus—

2258 4886 2369 4927 tuto
2399 4888 2557 4941 Supra
2609 4874 2853 4925 dedimus
2879 4912 2893 4934 ,
2926 4884 2976 4923 et
3025 4888 3118 4939 pro
3153 4873 3347 4935 Decio,
3383 4873 3533 4926 Gallo
3577 4880 3628 4922 et
3662 4871 3818 4921 Volu-

2254 4948 2406 4997 siano
2433 4985 2446 5007 ,
2482 4944 2781 4999 Gallienum
2817 4954 2870 4997 et
2906 4944 3233 4996 Valerianum
3269 4942 3439 5010 potius
3480 4942 3821 5008 imperatores

2278 5032 2443 5066 ιυιυμ.

2278 5032 2443 5066 milii“.

2257 5031 2273 5083 1
2332 5084 2349 5120 ί
2395 5083 2663 5136 i'iurrutii.
2699 5081 2758 5134 lli
2782 5094 2831 5134 et
2852 5097 3011 5149 supra
3042 5083 3376 5135 celebrantur
3403 5096 3521 5135 xxtt
3552 5078 3634 5134 die
3666 5080 3821 5149 hujus

2256 5170 2407 5208 lllCllS
2434 5170 2479 5205 S.

2332 5233 2354 5267 5
2384 5224 2644 5276 Pontiani.
2678 5223 2734 5276 S.
2772 5222 3012 5276 Pontiani
3054 5222 3362 5291 martyrium
3410 5236 3547 5274 anno
3575 5220 3679 5274 253
3719 5221 3823 5273 ilii-

2257 5297 2483 5364 gaudutu
2541 5305 2640 5346 est.
2709 5296 2759 5345 lu
2818 5294 3083 5346 Chronico
3134 5297 3273 5346 enim
3329 5292 3534 5364 Damasi
3588 5292 3825 5364 legitur:

2265 5362 2283 5416 ἒ
2318 5367 2606 5417 Pontianus
2636 5378 2805 5415 annos
2834 5364 3065 5427 quinque
3091 5404 3103 5419 .
3152 5377 3360 5415 menses
3390 5362 3521 5412 duos
3547 5399 3563 5423 ,
3596 5362 3707 5414 dies
3736 5377 3825 5412 se-

2260 5446 2399 5503 ptetn
2446 5450 2472 5486 a
2523 5435 2800 5503 consulatu
2850 5434 3155 5500 Pompeiani
3204 5444 3259 5484 et
3324 5432 3735 5503 Peligniani....__
3772 5432 3822 5503 lin

2258 5499 2442 5559 eadem
2473 5504 2661 5565 insula,
2690 5502 2932 5556 Sardinia
2958 5504 3179 5561 scilicet,
3205 5504 3490 5555 discincms
3517 5514 3598 5555 est
3626 5516 3673 5552 tv
3702 5499 3821 5552 Kal.

2258 5575 2501 5630 Octobris
2528 5616 2542 5639 ,
2570 5585 2623 5626 et
2672 5574 2787 5627 loco
2815 5575 2932 5641 ejus
2961 5575 3232 5625 ordinatus
3261 5578 3598 5636 cst,Auteros
3629 5586 3679 5623 xt
3712 5571 3827 5623 lial.

2264 5646 2513 5698 Deceml).
2563 5646 2716 5698 (loss.
2768 5646 2859 5696 SS.
2898 5662 2915 5694 ι
2957 5647 3266 5696 Attasmsitts
3310 5658 3400 5694 seu
3451 5650 3633 5694 auctor
3687 5643 3831 5694 Libri

2261 5715 2621 5780 l’otttilicalis,
2672 5714 2757 5779 qui
2809 5715 3110 5769 Chronicun
3165 5712 3372 5768 Damasi
3425 5714 3665 5780 legerat,
3716 5713 3835 5765 loco
