  <div class='ocr_page' id='page_1' title='image "/cluster/home/n/w/nwhite01/storage/ocr_20150623/94/umn.31951002477387e/549.png"; bbox 0 0 4110 6476; ppageno 0'>
   <div class='ocr_carea' id='block_1_1' title="bbox 619 329 750 388">
    <p class='ocr_par' dir='ltr' id='par_1_1' title="bbox 619 329 750 388">
     <span class='ocr_line' id='line_1_1' title="bbox 619 329 750 388; baseline 0.008 -4"><span class='ocrx_word' id='word_1_1' title='bbox 619 329 750 388; x_wconf 70' lang='lat' dir='ltr'><strong>me?</strong></span> 
     </span>
    </p>
   </div>
   <div class='ocr_carea' id='block_1_2' title="bbox 1335 308 3914 380">
    <p class='ocr_par' dir='ltr' id='par_1_2' title="bbox 1335 308 3914 380">
     <span class='ocr_line' id='line_1_2' title="bbox 1335 308 3914 380; baseline -0.002 0"><span class='ocrx_word' id='word_1_2' title='bbox 1335 323 1535 380; x_wconf 46' lang='lat' dir='ltr'><strong>supra</strong></span> <span class='ocrx_word' id='word_1_3' title='bbox 1577 321 2031 378; x_wconf 77' lang='lat' dir='ltr'><strong>\‘ENERABILIS</strong></span> <span class='ocrx_word' id='word_1_4' title='bbox 2070 321 2220 373; x_wconf 82' lang='lat' dir='ltr'><strong>orr.</strong></span> <span class='ocrx_word' id='word_1_5' title='bbox 2267 321 2439 374; x_wconf 74' lang='lat' dir='ltr'><strong>l‘AllS</strong></span> <span class='ocrx_word' id='word_1_6' title='bbox 2481 321 2565 373; x_wconf 88' lang='lat' dir='ltr'><strong>IV.</strong></span> <span class='ocrx_word' id='word_1_7' title='bbox 2611 350 2672 360; x_wconf 90' lang='grc'><strong><em>-</em></strong></span> <span class='ocrx_word' id='word_1_8' title='bbox 2718 308 3098 378; x_wconf 74' lang='lat' dir='ltr'><strong>tnsrontca.</strong></span> <span class='ocrx_word' id='word_1_9' title='bbox 3787 327 3914 380; x_wconf 56' lang='lat' dir='ltr'><strong>uses</strong></span> 
     </span>
    </p>
   </div>
   <div class='ocr_carea' id='block_1_3' title="bbox 1861 435 2588 492">
    <p class='ocr_par' dir='ltr' id='par_1_3' title="bbox 1861 435 2588 492">
     <span class='ocr_line' id='line_1_3' title="bbox 1861 435 2588 492; baseline -0.001 0"><span class='ocrx_word' id='word_1_10' title='bbox 1861 439 1969 492; x_wconf 68' lang='grc' dir='ltr'><strong>ιςυι</strong></span> <span class='ocrx_word' id='word_1_11' title='bbox 1990 437 2087 491; x_wconf 82' lang='grc' dir='ltr'><strong>ΙἸΟ</strong></span> <span class='ocrx_word' id='word_1_12' title='bbox 2127 435 2588 491; x_wconf 65' lang='grc' dir='ltr'><strong>ΕΟιοΧ11·1Ν515.</strong></span> 
     </span>
    </p>
   </div>
   <div class='ocr_carea' id='block_1_4' title="bbox 620 526 3908 602">
    <p class='ocr_par' dir='ltr' id='par_1_4' title="bbox 620 526 3908 602">
     <span class='ocr_line' id='line_1_4' title="bbox 620 526 3908 602; baseline -0.005 -10"><span class='ocrx_word' id='word_1_13' title='bbox 620 534 822 592; x_wconf 67' lang='lat' dir='ltr'><strong>diaconi</strong></span> <span class='ocrx_word' id='word_1_14' title='bbox 849 579 863 602; x_wconf 91' lang='lat'><strong>,</strong></span> <span class='ocrx_word' id='word_1_15' title='bbox 891 542 944 589; x_wconf 89' lang='lat' dir='ltr'><strong>et</strong></span> <span class='ocrx_word' id='word_1_16' title='bbox 974 531 1184 588; x_wconf 80' lang='lat' dir='ltr'><strong>Lucilla:</strong></span> <span class='ocrx_word' id='word_1_17' title='bbox 1217 531 1338 586; x_wconf 69' lang='lat' dir='ltr'><strong>ﬁlia:</strong></span> <span class='ocrx_word' id='word_1_18' title='bbox 1379 530 1499 600; x_wconf 88' lang='lat' dir='ltr'><strong>ejus</strong></span> <span class='ocrx_word' id='word_1_19' title='bbox 1545 543 1681 602; x_wconf 90' lang='lat' dir='ltr'><strong>quos</strong></span> <span class='ocrx_word' id='word_1_20' title='bbox 1713 539 1927 584; x_wconf 86' lang='lat' dir='ltr'><strong>sanctus</strong></span> <span class='ocrx_word' id='word_1_21' title='bbox 1959 529 2192 596; x_wconf 79' lang='lat' dir='ltr'><strong>pontifex</strong></span> <span class='ocrx_word' id='word_1_22' title='bbox 2229 534 2278 594; x_wconf 79' lang='grc' dir='ltr'><strong>Α</strong></span> <span class='ocrx_word' id='word_1_23' title='bbox 2305 528 2389 581; x_wconf 90' lang='lat' dir='ltr'><strong>die</strong></span> <span class='ocrx_word' id='word_1_24' title='bbox 2413 526 2676 580; x_wconf 92' lang='lat' dir='ltr'><strong>Kalendas</strong></span> <span class='ocrx_word' id='word_1_25' title='bbox 2706 526 3021 582; x_wconf 80' lang='lat' dir='ltr'><strong>Novembris</strong></span> <span class='ocrx_word' id='word_1_26' title='bbox 3044 568 3061 592; x_wconf 90' lang='lat'><strong>,</strong></span> <span class='ocrx_word' id='word_1_27' title='bbox 3110 535 3163 582; x_wconf 92' lang='lat' dir='ltr'><strong>et</strong></span> <span class='ocrx_word' id='word_1_28' title='bbox 3214 527 3264 582; x_wconf 90' lang='lat' dir='ltr'><strong>in</strong></span> <span class='ocrx_word' id='word_1_29' title='bbox 3306 539 3500 599; x_wconf 77' lang='lat' dir='ltr'><strong>crypta</strong></span> <span class='ocrx_word' id='word_1_30' title='bbox 3531 531 3908 587; x_wconf 59' lang='lat' dir='ltr'><strong>venerabiliter</strong></span> 
     </span>
    </p>
   </div>
   <div class='ocr_carea' id='block_1_5' title="bbox 615 622 2193 700">
    <p class='ocr_par' dir='ltr' id='par_1_5' title="bbox 615 622 2193 700">
     <span class='ocr_line' id='line_1_5' title="bbox 615 622 2193 700; baseline -0.008 -14"><span class='ocrx_word' id='word_1_31' title='bbox 615 630 915 700; x_wconf 83' lang='lat' dir='ltr'><strong>Stephanus</strong></span> <span class='ocrx_word' id='word_1_32' title='bbox 947 625 1252 694; x_wconf 84' lang='lat' dir='ltr'><strong>baptizavit,</strong></span> <span class='ocrx_word' id='word_1_33' title='bbox 1285 627 1483 694; x_wconf 88' lang='lat' dir='ltr'><strong>quique</strong></span> <span class='ocrx_word' id='word_1_34' title='bbox 1531 626 1702 690; x_wconf 87' lang='lat' dir='ltr'><strong>ipsum</strong></span> <span class='ocrx_word' id='word_1_35' title='bbox 1743 622 2046 678; x_wconf 79' lang='lat' dir='ltr'><strong>Nemesium</strong></span> <span class='ocrx_word' id='word_1_36' title='bbox 2077 622 2193 675; x_wconf 85' lang='lat' dir='ltr'><strong>dia-</strong></span> 
     </span>
    </p>
   </div>
   <div class='ocr_carea' id='block_1_6' title="bbox 615 715 2198 784">
    <p class='ocr_par' dir='ltr' id='par_1_6' title="bbox 615 715 2198 784">
     <span class='ocr_line' id='line_1_6' title="bbox 615 715 2198 784; baseline -0.006 -8"><span class='ocrx_word' id='word_1_37' title='bbox 615 737 803 776; x_wconf 92' lang='lat' dir='ltr'><strong>conem</strong></span> <span class='ocrx_word' id='word_1_38' title='bbox 854 720 1146 773; x_wconf 81' lang='lat' dir='ltr'><strong>constituit.</strong></span> <span class='ocrx_word' id='word_1_39' title='bbox 1199 718 1296 784; x_wconf 85' lang='lat' dir='ltr'><strong>Qui</strong></span> <span class='ocrx_word' id='word_1_40' title='bbox 1344 716 1699 770; x_wconf 88' lang='lat' dir='ltr'><strong>decollatione</strong></span> <span class='ocrx_word' id='word_1_41' title='bbox 1747 715 1958 781; x_wconf 77' lang='lat' dir='ltr'><strong>quidem</strong></span> <span class='ocrx_word' id='word_1_42' title='bbox 2010 715 2198 780; x_wconf 86' lang='lat' dir='ltr'><strong>capitis</strong></span> 
     </span>
    </p>
   </div>
   <div class='ocr_carea' id='block_1_7' title="bbox 616 805 2198 880">
    <p class='ocr_par' dir='ltr' id='par_1_7' title="bbox 616 805 2198 880">
     <span class='ocr_line' id='line_1_7' title="bbox 616 805 2198 880; baseline -0.008 -14"><span class='ocrx_word' id='word_1_43' title='bbox 616 812 924 880; x_wconf 80' lang='lat' dir='ltr'><strong>martyrium</strong></span> <span class='ocrx_word' id='word_1_44' title='bbox 955 808 1271 874; x_wconf 80' lang='lat' dir='ltr'><strong>complevit,</strong></span> <span class='ocrx_word' id='word_1_45' title='bbox 1307 808 1464 860; x_wconf 87' lang='lat' dir='ltr'><strong>simul</strong></span> <span class='ocrx_word' id='word_1_46' title='bbox 1493 821 1610 861; x_wconf 91' lang='lat' dir='ltr'><strong>cum</strong></span> <span class='ocrx_word' id='word_1_47' title='bbox 1641 806 1763 867; x_wconf 92' lang='lat' dir='ltr'><strong>ﬁlia,</strong></span> <span class='ocrx_word' id='word_1_48' title='bbox 1795 805 1892 859; x_wconf 86' lang='lat' dir='ltr'><strong>sub</strong></span> <span class='ocrx_word' id='word_1_49' title='bbox 1917 805 2198 859; x_wconf 75' lang='lat' dir='ltr'><strong>Valeriam</strong></span> 
     </span>
    </p>
   </div>
   <div class='ocr_carea' id='block_1_8' title="bbox 611 895 2196 966">
    <p class='ocr_par' dir='ltr' id='par_1_8' title="bbox 611 895 2196 966">
     <span class='ocr_line' id='line_1_8' title="bbox 611 895 2196 966; baseline -0.006 -10"><span class='ocrx_word' id='word_1_50' title='bbox 611 914 660 956; x_wconf 90' lang='lat' dir='ltr'><strong>et</strong></span> <span class='ocrx_word' id='word_1_51' title='bbox 690 902 950 966; x_wconf 80' lang='lat' dir='ltr'><strong>Gallieno,</strong></span> <span class='ocrx_word' id='word_1_52' title='bbox 999 914 1184 954; x_wconf 85' lang='lat' dir='ltr'><strong>octava</strong></span> <span class='ocrx_word' id='word_1_53' title='bbox 1239 897 1506 952; x_wconf 90' lang='lat' dir='ltr'><strong>Kalendas</strong></span> <span class='ocrx_word' id='word_1_54' title='bbox 1555 897 1882 966; x_wconf 82' lang='lat' dir='ltr'><strong>Septembris</strong></span> <span class='ocrx_word' id='word_1_55' title='bbox 1924 915 1938 950; x_wconf 91' lang='lat'><strong>:</strong></span> <span class='ocrx_word' id='word_1_56' title='bbox 1974 895 2196 965; x_wconf 85' lang='lat' dir='ltr'><strong>ejusque</strong></span> 
     </span>
    </p>
   </div>
   <div class='ocr_carea' id='block_1_9' title="bbox 611 988 2198 1060">
    <p class='ocr_par' dir='ltr' id='par_1_9' title="bbox 611 988 2198 1060">
     <span class='ocr_line' id='line_1_9' title="bbox 611 988 2198 1060; baseline -0.006 -12"><span class='ocrx_word' id='word_1_57' title='bbox 611 1010 803 1060; x_wconf 88' lang='lat' dir='ltr'><strong>corpus</strong></span> <span class='ocrx_word' id='word_1_58' title='bbox 832 1009 859 1046; x_wconf 89' lang='lat' dir='ltr'><strong>a</strong></span> <span class='ocrx_word' id='word_1_59' title='bbox 886 993 1042 1047; x_wconf 91' lang='lat' dir='ltr'><strong>beato</strong></span> <span class='ocrx_word' id='word_1_60' title='bbox 1073 990 1348 1059; x_wconf 74' lang='lat' dir='ltr'><strong>Stephano</strong></span> <span class='ocrx_word' id='word_1_61' title='bbox 1397 1006 1528 1058; x_wconf 90' lang='lat' dir='ltr'><strong>papa</strong></span> <span class='ocrx_word' id='word_1_62' title='bbox 1571 989 1622 1042; x_wconf 91' lang='lat' dir='ltr'><strong>in</strong></span> <span class='ocrx_word' id='word_1_63' title='bbox 1655 989 1841 1042; x_wconf 91' lang='lat' dir='ltr'><strong>eodem</strong></span> <span class='ocrx_word' id='word_1_64' title='bbox 1875 988 1992 1041; x_wconf 88' lang='lat' dir='ltr'><strong>loco</strong></span> <span class='ocrx_word' id='word_1_65' title='bbox 2021 988 2198 1055; x_wconf 79' lang='lat' dir='ltr'><strong>Sepul-</strong></span> 
     </span>
    </p>
   </div>
   <div class='ocr_carea' id='block_1_10' title="bbox 610 1078 2193 1154">
    <p class='ocr_par' dir='ltr' id='par_1_10' title="bbox 610 1078 2193 1154">
     <span class='ocr_line' id='line_1_10' title="bbox 610 1078 2193 1154; baseline -0.008 -13"><span class='ocrx_word' id='word_1_66' title='bbox 610 1097 754 1154; x_wconf 88' lang='lat' dir='ltr'><strong>tum;</strong></span> <span class='ocrx_word' id='word_1_67' title='bbox 783 1086 879 1141; x_wconf 86' lang='lat' dir='ltr'><strong>sed</strong></span> <span class='ocrx_word' id='word_1_68' title='bbox 907 1102 934 1139; x_wconf 88' lang='lat' dir='ltr'><strong>a</strong></span> <span class='ocrx_word' id='word_1_69' title='bbox 962 1086 1116 1141; x_wconf 87' lang='lat' dir='ltr'><strong>beato</strong></span> <span class='ocrx_word' id='word_1_70' title='bbox 1147 1086 1294 1140; x_wconf 81' lang='lat' dir='ltr'><strong>Sixto</strong></span> <span class='ocrx_word' id='word_1_71' title='bbox 1327 1081 1573 1151; x_wconf 89' lang='lat' dir='ltr'><strong>pontiﬁce</strong></span> <span class='ocrx_word' id='word_1_72' title='bbox 1596 1091 1778 1149; x_wconf 82' lang='lat' dir='ltr'><strong>postea</strong></span> <span class='ocrx_word' id='word_1_73' title='bbox 1801 1080 2060 1145; x_wconf 86' lang='lat' dir='ltr'><strong>levatum,</strong></span> <span class='ocrx_word' id='word_1_74' title='bbox 2089 1078 2193 1145; x_wconf 84' lang='lat' dir='ltr'><strong>pri-</strong></span> 
     </span>
    </p>
   </div>
   <div class='ocr_carea' id='block_1_11' title="bbox 2303 616 3944 688">
    <p class='ocr_par' dir='ltr' id='par_1_11' title="bbox 2303 616 3944 688">
     <span class='ocr_line' id='line_1_11' title="bbox 2303 616 3944 688; baseline 0.004 -17"><span class='ocrx_word' id='word_1_75' title='bbox 2303 627 2569 671; x_wconf 86' lang='lat' dir='ltr'><strong>curatum.</strong></span> <span class='ocrx_word' id='word_1_76' title='bbox 2608 618 2660 668; x_wconf 93' lang='lat' dir='ltr'><strong>ln</strong></span> <span class='ocrx_word' id='word_1_77' title='bbox 2693 617 2861 670; x_wconf 84' lang='lat' dir='ltr'><strong>Gallia</strong></span> <span class='ocrx_word' id='word_1_78' title='bbox 2903 617 3098 686; x_wconf 88' lang='lat' dir='ltr'><strong>oppido</strong></span> <span class='ocrx_word' id='word_1_79' title='bbox 3130 618 3549 675; x_wconf 71' lang='lat' dir='ltr'><strong>Viromandettsi</strong></span> <span class='ocrx_word' id='word_1_80' title='bbox 3582 621 3765 675; x_wconf 79' lang='lat' dir='ltr'><strong>natale</strong></span> <span class='ocrx_word' id='word_1_81' title='bbox 3787 616 3944 688; x_wconf 36' lang='lat' dir='ltr'><strong>san-‘7</strong></span> 
     </span>
    </p>
   </div>
   <div class='ocr_carea' id='block_1_12' title="bbox 2304 709 3898 784">
    <p class='ocr_par' dir='ltr' id='par_1_12' title="bbox 2304 709 3898 784">
     <span class='ocr_line' id='line_1_12' title="bbox 2304 709 3898 784; baseline 0.006 -24"><span class='ocrx_word' id='word_1_82' title='bbox 2304 711 2370 761; x_wconf 82' lang='lat' dir='ltr'><strong>eti</strong></span> <span class='ocrx_word' id='word_1_83' title='bbox 2404 709 2662 776; x_wconf 87' lang='lat' dir='ltr'><strong>Quiniini,</strong></span> <span class='ocrx_word' id='word_1_84' title='bbox 2703 710 2791 778; x_wconf 90' lang='lat' dir='ltr'><strong>qui</strong></span> <span class='ocrx_word' id='word_1_85' title='bbox 2841 710 2944 765; x_wconf 89' lang='lat' dir='ltr'><strong>sub</strong></span> <span class='ocrx_word' id='word_1_86' title='bbox 2994 711 3312 766; x_wconf 74' lang='lat' dir='ltr'><strong>Maximiano</strong></span> <span class='ocrx_word' id='word_1_87' title='bbox 3355 714 3690 782; x_wconf 77' lang='lat' dir='ltr'><strong>imperatore</strong></span> <span class='ocrx_word' id='word_1_88' title='bbox 3719 732 3898 784; x_wconf 78' lang='lat' dir='ltr'><strong>passus</strong></span> 
     </span>
    </p>
   </div>
   <div class='ocr_carea' id='block_1_13' title="bbox 2304 801 3896 875">
    <p class='ocr_par' dir='ltr' id='par_1_13' title="bbox 2304 801 3896 875">
     <span class='ocr_line' id='line_1_13' title="bbox 2304 801 3896 875; baseline 0.003 -22"><span class='ocrx_word' id='word_1_89' title='bbox 2304 813 2404 863; x_wconf 85' lang='lat' dir='ltr'><strong>est,</strong></span> <span class='ocrx_word' id='word_1_90' title='bbox 2434 811 2483 854; x_wconf 89' lang='lat' dir='ltr'><strong>et</strong></span> <span class='ocrx_word' id='word_1_91' title='bbox 2517 812 2634 868; x_wconf 91' lang='lat' dir='ltr'><strong>post</strong></span> <span class='ocrx_word' id='word_1_92' title='bbox 2683 815 2852 854; x_wconf 89' lang='lat' dir='ltr'><strong>annos</strong></span> <span class='ocrx_word' id='word_1_93' title='bbox 2901 801 3280 874; x_wconf 83' lang='lat' dir='ltr'><strong>quinquaginta</strong></span> <span class='ocrx_word' id='word_1_94' title='bbox 3335 806 3576 875; x_wconf 88' lang='lat' dir='ltr'><strong>quinque</strong></span> <span class='ocrx_word' id='word_1_95' title='bbox 3626 806 3896 860; x_wconf 82' lang='lat' dir='ltr'><strong>inventum</strong></span> 
     </span>
    </p>
   </div>
   <div class='ocr_carea' id='block_1_14' title="bbox 2305 893 3895 966">
    <p class='ocr_par' dir='ltr' id='par_1_14' title="bbox 2305 893 3895 966">
     <span class='ocr_line' id='line_1_14' title="bbox 2305 893 3895 966; baseline 0.006 -23"><span class='ocrx_word' id='word_1_96' title='bbox 2305 901 2406 956; x_wconf 83' lang='lat' dir='ltr'><strong>est,</strong></span> <span class='ocrx_word' id='word_1_97' title='bbox 2440 893 2708 946; x_wconf 73' lang='lat' dir='ltr'><strong>revelanle</strong></span> <span class='ocrx_word' id='word_1_98' title='bbox 2735 908 2928 961; x_wconf 88' lang='lat' dir='ltr'><strong>corpus</strong></span> <span class='ocrx_word' id='word_1_99' title='bbox 2955 894 3071 962; x_wconf 82' lang='lat' dir='ltr'><strong>ejus</strong></span> <span class='ocrx_word' id='word_1_100' title='bbox 3098 898 3309 965; x_wconf 81' lang='lat' dir='ltr'><strong>angelo,</strong></span> <span class='ocrx_word' id='word_1_101' title='bbox 3337 909 3391 952; x_wconf 87' lang='lat' dir='ltr'><strong>et</strong></span> <span class='ocrx_word' id='word_1_102' title='bbox 3414 902 3686 966; x_wconf 89' lang='lat' dir='ltr'><strong>sepultum</strong></span> <span class='ocrx_word' id='word_1_103' title='bbox 3715 910 3895 954; x_wconf 80' lang='lat' dir='ltr'><strong>octava</strong></span> 
     </span>
    </p>
   </div>
   <div class='ocr_carea' id='block_1_15' title="bbox 2307 982 3892 1054">
    <p class='ocr_par' dir='ltr' id='par_1_15' title="bbox 2307 982 3892 1054">
     <span class='ocr_line' id='line_1_15' title="bbox 2307 982 3892 1054; baseline 0.009 -18"><span class='ocrx_word' id='word_1_104' title='bbox 2307 983 2575 1037; x_wconf 78' lang='lat' dir='ltr'><strong>Kalendas</strong></span> <span class='ocrx_word' id='word_1_105' title='bbox 2598 983 2744 1037; x_wconf 86' lang='lat' dir='ltr'><strong>Julii.</strong></span> <span class='ocrx_word' id='word_1_106' title='bbox 2770 982 2834 1037; x_wconf 85' lang='lat' dir='ltr'><strong>Et</strong></span> <span class='ocrx_word' id='word_1_107' title='bbox 2856 985 3032 1054; x_wconf 81' lang='lat' dir='ltr'><strong>vigilia</strong></span> <span class='ocrx_word' id='word_1_108' title='bbox 3055 987 3300 1042; x_wconf 91' lang='lat' dir='ltr'><strong>Omnium</strong></span> <span class='ocrx_word' id='word_1_109' title='bbox 3325 989 3646 1045; x_wconf 87' lang='lat' dir='ltr'><strong>Sanctorum</strong></span> <span class='ocrx_word' id='word_1_110' title='bbox 3698 994 3892 1049; x_wconf 73' lang='lat' dir='ltr'><strong>Eodem</strong></span> 
     </span>
    </p>
   </div>
   <div class='ocr_carea' id='block_1_16' title="bbox 2305 1075 3624 1149">
    <p class='ocr_par' dir='ltr' id='par_1_16' title="bbox 2305 1075 3624 1149">
     <span class='ocr_line' id='line_1_16' title="bbox 2305 1075 3624 1149; baseline 0.01 -22"><span class='ocrx_word' id='word_1_111' title='bbox 2305 1075 2394 1129; x_wconf 91' lang='lat' dir='ltr'><strong>die</strong></span> <span class='ocrx_word' id='word_1_112' title='bbox 2423 1076 2593 1129; x_wconf 87' lang='lat' dir='ltr'><strong>sancti</strong></span> <span class='ocrx_word' id='word_1_113' title='bbox 2633 1075 2904 1147; x_wconf 77' lang='lat' dir='ltr'><strong>Voll&#39;gangi</strong></span> <span class='ocrx_word' id='word_1_114' title='bbox 2937 1080 3165 1149; x_wconf 86' lang='lat' dir='ltr'><strong>episcopi</strong></span> <span class='ocrx_word' id='word_1_115' title='bbox 3195 1094 3248 1137; x_wconf 86' lang='lat' dir='ltr'><strong>et</strong></span> <span class='ocrx_word' id='word_1_116' title='bbox 3278 1082 3624 1142; x_wconf 83' lang='lat' dir='ltr'><strong>Confessoris.</strong></span> 
     </span>
    </p>
   </div>
   <div class='ocr_carea' id='block_1_17' title="bbox 1819 1185 2590 1244">
    <p class='ocr_par' dir='ltr' id='par_1_17' title="bbox 1819 1185 2590 1244">
     <span class='ocr_line' id='line_1_17' title="bbox 1819 1185 2590 1244; baseline -0.004 0"><span class='ocrx_word' id='word_1_117' title='bbox 1819 1188 2046 1244; x_wconf 88' lang='lat' dir='ltr'><strong>EDITIO</strong></span> <span class='ocrx_word' id='word_1_118' title='bbox 2089 1185 2590 1242; x_wconf 73' lang='lat' dir='ltr'><strong>BOLLANDIANA.</strong></span> 
     </span>
    </p>
   </div>
   <div class='ocr_carea' id='block_1_18' title="bbox 629 1281 2197 1354">
    <p class='ocr_par' dir='ltr' id='par_1_18' title="bbox 629 1281 2197 1354">
     <span class='ocr_line' id='line_1_18' title="bbox 629 1281 2197 1354; baseline -0.006 -14"><span class='ocrx_word' id='word_1_119' title='bbox 629 1287 758 1352; x_wconf 83' lang='lat' dir='ltr'><strong>tine,</strong></span> <span class='ocrx_word' id='word_1_120' title='bbox 793 1287 995 1354; x_wconf 86' lang='lat' dir='ltr'><strong>inquit,</strong></span> <span class='ocrx_word' id='word_1_121' title='bbox 1025 1293 1274 1339; x_wconf 89' lang='lat' dir='ltr'><strong>constans</strong></span> <span class='ocrx_word' id='word_1_122' title='bbox 1300 1293 1447 1349; x_wconf 87' lang='lat' dir='ltr'><strong>esto,</strong></span> <span class='ocrx_word' id='word_1_123' title='bbox 1478 1281 1699 1335; x_wconf 84' lang='lat' dir='ltr'><strong>viriliter</strong></span> <span class='ocrx_word' id='word_1_124' title='bbox 1727 1295 1824 1349; x_wconf 80' lang='lat' dir='ltr'><strong>age</strong></span> <span class='ocrx_word' id='word_1_125' title='bbox 1845 1320 1861 1345; x_wconf 89' lang='lat'><strong>,</strong></span> <span class='ocrx_word' id='word_1_126' title='bbox 1892 1293 1992 1348; x_wconf 79' lang='lat' dir='ltr'><strong>ego</strong></span> <span class='ocrx_word' id='word_1_127' title='bbox 2021 1287 2197 1332; x_wconf 90' lang='lat' dir='ltr'><strong>autem</strong></span> 
     </span>
    </p>
   </div>
   <div class='ocr_carea' id='block_1_19' title="bbox 614 1370 2201 1444">
    <p class='ocr_par' dir='ltr' id='par_1_19' title="bbox 614 1370 2201 1444">
     <span class='ocr_line' id='line_1_19' title="bbox 614 1370 2201 1444; baseline -0.005 -13"><span class='ocrx_word' id='word_1_128' title='bbox 614 1379 780 1433; x_wconf 86' lang='lat' dir='ltr'><strong>adero</strong></span> <span class='ocrx_word' id='word_1_129' title='bbox 812 1378 926 1433; x_wconf 88' lang='lat' dir='ltr'><strong>tibi.</strong></span> <span class='ocrx_word' id='word_1_130' title='bbox 959 1378 1270 1444; x_wconf 81' lang='lat' dir='ltr'><strong>llursusque</strong></span> <span class='ocrx_word' id='word_1_131' title='bbox 1305 1385 1594 1430; x_wconf 85' lang='lat' dir='ltr'><strong>catenatus</strong></span> <span class='ocrx_word' id='word_1_132' title='bbox 1628 1374 1679 1426; x_wconf 93' lang='lat' dir='ltr'><strong>in</strong></span> <span class='ocrx_word' id='word_1_133' title='bbox 1714 1387 1987 1427; x_wconf 88' lang='lat' dir='ltr'><strong>carcerem</strong></span> <span class='ocrx_word' id='word_1_134' title='bbox 2021 1370 2201 1425; x_wconf 84' lang='lat' dir='ltr'><strong>reclu-</strong></span> 
     </span>
    </p>
   </div>
   <div class='ocr_carea' id='block_1_20' title="bbox 620 1462 2202 1535">
    <p class='ocr_par' dir='ltr' id='par_1_20' title="bbox 620 1462 2202 1535">
     <span class='ocr_line' id='line_1_20' title="bbox 620 1462 2202 1535; baseline -0.004 -12"><span class='ocrx_word' id='word_1_135' title='bbox 620 1468 766 1523; x_wconf 89' lang='lat' dir='ltr'><strong>ditur</strong></span> <span class='ocrx_word' id='word_1_136' title='bbox 794 1492 804 1522; x_wconf 91' lang='lat'><strong>:</strong></span> <span class='ocrx_word' id='word_1_137' title='bbox 832 1469 919 1521; x_wconf 72' lang='grc' dir='ltr'><strong>ιιΜ</strong></span> <span class='ocrx_word' id='word_1_138' title='bbox 949 1467 1187 1535; x_wconf 77' lang='lat' dir='ltr'><strong>angelica</strong></span> <span class='ocrx_word' id='word_1_139' title='bbox 1220 1467 1424 1520; x_wconf 81' lang='lat' dir='ltr'><strong>visione</strong></span> <span class='ocrx_word' id='word_1_140' title='bbox 1460 1481 1604 1525; x_wconf 84' lang='lat' dir='ltr'><strong>usus,</strong></span> <span class='ocrx_word' id='word_1_141' title='bbox 1638 1465 1906 1530; x_wconf 68' lang='lat' dir='ltr'><strong>ductuque</strong></span> <span class='ocrx_word' id='word_1_142' title='bbox 1928 1463 2049 1530; x_wconf 85' lang='lat' dir='ltr'><strong>ejus</strong></span> <span class='ocrx_word' id='word_1_143' title='bbox 2083 1462 2202 1516; x_wconf 87' lang='lat' dir='ltr'><strong>uni-</strong></span> 
     </span>
    </p>
   </div>
   <div class='ocr_carea' id='block_1_21' title="bbox 610 1553 2199 1618">
    <p class='ocr_par' dir='ltr' id='par_1_21' title="bbox 610 1553 2199 1618">
     <span class='ocr_line' id='line_1_21' title="bbox 610 1553 2199 1618; baseline -0.006 -4"><span class='ocrx_word' id='word_1_144' title='bbox 610 1575 799 1614; x_wconf 82' lang='lat' dir='ltr'><strong>versas</strong></span> <span class='ocrx_word' id='word_1_145' title='bbox 829 1560 1060 1614; x_wconf 88' lang='lat' dir='ltr'><strong>carceris</strong></span> <span class='ocrx_word' id='word_1_146' title='bbox 1090 1557 1358 1611; x_wconf 84' lang='lat' dir='ltr'><strong>custodias</strong></span> <span class='ocrx_word' id='word_1_147' title='bbox 1387 1555 1674 1618; x_wconf 87' lang='lat' dir='ltr'><strong>transiens,</strong></span> <span class='ocrx_word' id='word_1_148' title='bbox 1703 1553 1768 1607; x_wconf 88' lang='lat' dir='ltr'><strong>ad</strong></span> <span class='ocrx_word' id='word_1_149' title='bbox 1802 1555 1971 1606; x_wconf 93' lang='lat' dir='ltr'><strong>locum</strong></span> <span class='ocrx_word' id='word_1_150' title='bbox 2000 1562 2199 1605; x_wconf 86' lang='lat' dir='ltr'><strong>osten—</strong></span> 
     </span>
    </p>
   </div>
   <div class='ocr_carea' id='block_1_22' title="bbox 609 1647 2194 1718">
    <p class='ocr_par' dir='ltr' id='par_1_22' title="bbox 609 1647 2194 1718">
     <span class='ocr_line' id='line_1_22' title="bbox 609 1647 2194 1718; baseline -0.008 -10"><span class='ocrx_word' id='word_1_151' title='bbox 609 1667 730 1708; x_wconf 86' lang='lat' dir='ltr'><strong>sum</strong></span> <span class='ocrx_word' id='word_1_152' title='bbox 761 1653 984 1706; x_wconf 86' lang='lat' dir='ltr'><strong>veniens</strong></span> <span class='ocrx_word' id='word_1_153' title='bbox 1007 1694 1020 1718; x_wconf 91' lang='lat'><strong>,</strong></span> <span class='ocrx_word' id='word_1_154' title='bbox 1054 1652 1207 1718; x_wconf 85' lang='lat' dir='ltr'><strong>longa</strong></span> <span class='ocrx_word' id='word_1_155' title='bbox 1241 1650 1449 1717; x_wconf 86' lang='lat' dir='ltr'><strong>populis</strong></span> <span class='ocrx_word' id='word_1_156' title='bbox 1481 1647 1862 1716; x_wconf 76' lang='lat' dir='ltr'><strong>praedcatiOne</strong></span> <span class='ocrx_word' id='word_1_157' title='bbox 1905 1656 2150 1714; x_wconf 89' lang='lat' dir='ltr'><strong>perorata</strong></span> <span class='ocrx_word' id='word_1_158' title='bbox 2178 1685 2194 1709; x_wconf 91' lang='lat'><strong>,</strong></span> 
     </span>
    </p>
   </div>
   <div class='ocr_carea' id='block_1_23' title="bbox 624 1737 2197 1807">
    <p class='ocr_par' dir='ltr' id='par_1_23' title="bbox 624 1737 2197 1807">
     <span class='ocr_line' id='line_1_23' title="bbox 624 1737 2197 1807; baseline -0.005 -11"><span class='ocrx_word' id='word_1_159' title='bbox 624 1742 796 1797; x_wconf 82' lang='lat' dir='ltr'><strong>ferme</strong></span> <span class='ocrx_word' id='word_1_160' title='bbox 825 1742 891 1797; x_wconf 83' lang='lat' dir='ltr'><strong>ad</strong></span> <span class='ocrx_word' id='word_1_161' title='bbox 921 1751 1204 1795; x_wconf 74' lang='lat' dir='ltr'><strong>sexcentos</strong></span> <span class='ocrx_word' id='word_1_162' title='bbox 1236 1741 1376 1794; x_wconf 88' lang='lat' dir='ltr'><strong>viros</strong></span> <span class='ocrx_word' id='word_1_163' title='bbox 1409 1754 1576 1807; x_wconf 86' lang='lat' dir='ltr'><strong>usque</strong></span> <span class='ocrx_word' id='word_1_164' title='bbox 1601 1740 1882 1792; x_wconf 79' lang='lat' dir='ltr'><strong>convertit.</strong></span> <span class='ocrx_word' id='word_1_165' title='bbox 1918 1740 2029 1804; x_wconf 79' lang='lat' dir='ltr'><strong>Qua</strong></span> <span class='ocrx_word' id='word_1_166' title='bbox 2059 1737 2197 1790; x_wconf 86' lang='lat' dir='ltr'><strong>indi-</strong></span> 
     </span>
    </p>
   </div>
   <div class='ocr_carea' id='block_1_24' title="bbox 617 1830 2199 1900">
    <p class='ocr_par' dir='ltr' id='par_1_24' title="bbox 617 1830 2199 1900">
     <span class='ocr_line' id='line_1_24' title="bbox 617 1830 2199 1900; baseline -0.001 -18"><span class='ocrx_word' id='word_1_167' title='bbox 617 1832 870 1900; x_wconf 81' lang='lat' dir='ltr'><strong>gnatione</strong></span> <span class='ocrx_word' id='word_1_168' title='bbox 922 1832 1259 1887; x_wconf 64' lang='lat' dir='ltr'><strong>llict&#39;ovarus</strong></span> <span class='ocrx_word' id='word_1_169' title='bbox 1309 1831 1712 1894; x_wconf 83' lang='lat' dir='ltr'><strong>stomachatus,</strong></span> <span class='ocrx_word' id='word_1_170' title='bbox 1767 1830 2030 1882; x_wconf 87' lang='lat' dir='ltr'><strong>intantum</strong></span> <span class='ocrx_word' id='word_1_171' title='bbox 2085 1837 2199 1881; x_wconf 85' lang='lat' dir='ltr'><strong>tro-</strong></span> 
     </span>
    </p>
   </div>
   <div class='ocr_carea' id='block_1_25' title="bbox 2313 1277 3892 1364">
    <p class='ocr_par' dir='ltr' id='par_1_25' title="bbox 2313 1277 3892 1364">
     <span class='ocr_line' id='line_1_25' title="bbox 2313 1277 3892 1364; baseline 0.013 -35"><span class='ocrx_word' id='word_1_172' title='bbox 2313 1278 2495 1331; x_wconf 87' lang='lat' dir='ltr'><strong>volatu</strong></span> <span class='ocrx_word' id='word_1_173' title='bbox 2543 1277 2740 1333; x_wconf 86' lang='lat' dir='ltr'><strong>coelum</strong></span> <span class='ocrx_word' id='word_1_174' title='bbox 2792 1291 3085 1348; x_wconf 87' lang='lat' dir='ltr'><strong>penetrare.</strong></span> <span class='ocrx_word' id='word_1_175' title='bbox 3133 1282 3366 1356; x_wconf 87' lang='lat' dir='ltr'><strong>[Corpus</strong></span> <span class='ocrx_word' id='word_1_176' title='bbox 3397 1303 3523 1343; x_wconf 86' lang='lat' dir='ltr'><strong>vero</strong></span> <span class='ocrx_word' id='word_1_177' title='bbox 3560 1290 3683 1360; x_wconf 83' lang='lat' dir='ltr'><strong>ejus</strong></span> <span class='ocrx_word' id='word_1_178' title='bbox 3708 1335 3726 1359; x_wconf 90' lang='lat'><strong>,</strong></span> <span class='ocrx_word' id='word_1_179' title='bbox 3757 1297 3892 1364; x_wconf 83' lang='lat' dir='ltr'><strong>quod</strong></span> 
     </span>
    </p>
   </div>
   <div class='ocr_carea' id='block_1_26' title="bbox 2315 1370 3891 1451">
    <p class='ocr_par' dir='ltr' id='par_1_26' title="bbox 2315 1370 3891 1451">
     <span class='ocr_line' id='line_1_26' title="bbox 2315 1370 3891 1451; baseline 0.011 -27"><span class='ocrx_word' id='word_1_180' title='bbox 2315 1371 2368 1424; x_wconf 91' lang='lat' dir='ltr'><strong>in</strong></span> <span class='ocrx_word' id='word_1_181' title='bbox 2405 1370 2564 1424; x_wconf 86' lang='lat' dir='ltr'><strong>ﬂuvio</strong></span> <span class='ocrx_word' id='word_1_182' title='bbox 2599 1370 2846 1427; x_wconf 75' lang='lat' dir='ltr'><strong>Somenze</strong></span> <span class='ocrx_word' id='word_1_183' title='bbox 2875 1375 3305 1443; x_wconf 87' lang='lat' dir='ltr'><strong>subplunibatum</strong></span> <span class='ocrx_word' id='word_1_184' title='bbox 3339 1379 3506 1436; x_wconf 82' lang='lat' dir='ltr'><strong>fuerat</strong></span> <span class='ocrx_word' id='word_1_185' title='bbox 3531 1424 3546 1448; x_wconf 95' lang='lat'><strong>,</strong></span> <span class='ocrx_word' id='word_1_186' title='bbox 3577 1395 3697 1451; x_wconf 88' lang='lat' dir='ltr'><strong>post</strong></span> <span class='ocrx_word' id='word_1_187' title='bbox 3723 1402 3891 1440; x_wconf 85' lang='lat' dir='ltr'><strong>annos</strong></span> 
     </span>
    </p>
   </div>
   <div class='ocr_carea' id='block_1_27' title="bbox 2307 1462 3900 1532">
    <p class='ocr_par' dir='ltr' id='par_1_27' title="bbox 2307 1462 3900 1532">
     <span class='ocr_line' id='line_1_27' title="bbox 2307 1462 3900 1532; baseline 0.011 -19"><span class='ocrx_word' id='word_1_188' title='bbox 2307 1462 2692 1532; x_wconf 80' lang='lat' dir='ltr'><strong>quinquaginta</strong></span> <span class='ocrx_word' id='word_1_189' title='bbox 2726 1463 2958 1532; x_wconf 87' lang='lat' dir='ltr'><strong>quinque</strong></span> <span class='ocrx_word' id='word_1_190' title='bbox 2986 1466 3196 1520; x_wconf 88' lang='lat' dir='ltr'><strong>cuidam</strong></span> <span class='ocrx_word' id='word_1_191' title='bbox 3232 1469 3481 1524; x_wconf 65' lang='lat' dir='ltr'><strong>“ornante</strong></span> <span class='ocrx_word' id='word_1_192' title='bbox 3531 1483 3800 1530; x_wconf 75' lang='lat' dir='ltr'><strong>matrona:</strong></span> <span class='ocrx_word' id='word_1_193' title='bbox 3829 1480 3900 1532; x_wconf 81' lang='lat' dir='ltr'><strong>ab</strong></span> 
     </span>
    </p>
   </div>
   <div class='ocr_carea' id='block_1_28' title="bbox 2308 1554 3890 1622">
    <p class='ocr_par' dir='ltr' id='par_1_28' title="bbox 2308 1554 3890 1622">
     <span class='ocr_line' id='line_1_28' title="bbox 2308 1554 3890 1622; baseline 0.011 -16"><span class='ocrx_word' id='word_1_194' title='bbox 2308 1554 2499 1622; x_wconf 73' lang='lat' dir='ltr'><strong>angelo</strong></span> <span class='ocrx_word' id='word_1_195' title='bbox 2530 1557 2826 1609; x_wconf 87' lang='lat' dir='ltr'><strong>revelatum</strong></span> <span class='ocrx_word' id='word_1_196' title='bbox 2857 1566 2960 1619; x_wconf 88' lang='lat' dir='ltr'><strong>est,</strong></span> <span class='ocrx_word' id='word_1_197' title='bbox 2989 1567 3041 1610; x_wconf 90' lang='lat' dir='ltr'><strong>et</strong></span> <span class='ocrx_word' id='word_1_198' title='bbox 3069 1558 3136 1613; x_wconf 90' lang='lat' dir='ltr'><strong>ab</strong></span> <span class='ocrx_word' id='word_1_199' title='bbox 3165 1559 3348 1614; x_wconf 86' lang='lat' dir='ltr'><strong>eadem</strong></span> <span class='ocrx_word' id='word_1_200' title='bbox 3378 1561 3654 1618; x_wconf 84' lang='lat' dir='ltr'><strong>inventum</strong></span> <span class='ocrx_word' id='word_1_201' title='bbox 3689 1567 3740 1620; x_wconf 87' lang='lat' dir='ltr'><strong>in</strong></span> <span class='ocrx_word' id='word_1_202' title='bbox 3779 1586 3890 1622; x_wconf 86' lang='lat' dir='ltr'><strong>nm-</strong></span> 
     </span>
    </p>
   </div>
   <div class='ocr_carea' id='block_1_29' title="bbox 2313 1646 3889 1725">
    <p class='ocr_par' dir='ltr' id='par_1_29' title="bbox 2313 1646 3889 1725">
     <span class='ocr_line' id='line_1_29' title="bbox 2313 1646 3889 1725; baseline 0.008 -27"><span class='ocrx_word' id='word_1_203' title='bbox 2313 1646 2511 1714; x_wconf 82' lang='lat' dir='ltr'><strong>nicipio</strong></span> <span class='ocrx_word' id='word_1_204' title='bbox 2559 1647 2698 1714; x_wconf 90' lang='lat' dir='ltr'><strong>quod</strong></span> <span class='ocrx_word' id='word_1_205' title='bbox 2734 1653 2973 1717; x_wconf 83' lang='lat' dir='ltr'><strong>Augusto</strong></span> <span class='ocrx_word' id='word_1_206' title='bbox 3017 1649 3492 1707; x_wconf 83' lang='lat' dir='ltr'><strong>Viromanduorum</strong></span> <span class='ocrx_word' id='word_1_207' title='bbox 3527 1671 3889 1725; x_wconf 86' lang='lat' dir='ltr'><strong>nuncupatur,</strong></span> 
     </span>
    </p>
   </div>
   <div class='ocr_carea' id='block_1_30' title="bbox 2303 1735 3890 1820">
    <p class='ocr_par' dir='ltr' id='par_1_30' title="bbox 2303 1735 3890 1820">
     <span class='ocr_line' id='line_1_30' title="bbox 2303 1735 3890 1820; baseline 0.011 -33"><span class='ocrx_word' id='word_1_208' title='bbox 2303 1751 2395 1788; x_wconf 82' lang='lat' dir='ltr'><strong>vui</strong></span> <span class='ocrx_word' id='word_1_209' title='bbox 2429 1735 2544 1788; x_wconf 87' lang='lat' dir='ltr'><strong>Kal.</strong></span> <span class='ocrx_word' id='word_1_210' title='bbox 2575 1736 2702 1791; x_wconf 85' lang='lat' dir='ltr'><strong>Julii</strong></span> <span class='ocrx_word' id='word_1_211' title='bbox 2734 1739 3020 1804; x_wconf 89' lang='lat' dir='ltr'><strong>sepultum.</strong></span> <span class='ocrx_word' id='word_1_212' title='bbox 3050 1741 3312 1808; x_wconf 86' lang='lat' dir='ltr'><strong>Scriptum</strong></span> <span class='ocrx_word' id='word_1_213' title='bbox 3343 1744 3394 1797; x_wconf 92' lang='lat' dir='ltr'><strong>in</strong></span> <span class='ocrx_word' id='word_1_214' title='bbox 3424 1742 3600 1799; x_wconf 86' lang='lat' dir='ltr'><strong>Gestis</strong></span> <span class='ocrx_word' id='word_1_215' title='bbox 3628 1747 3804 1820; x_wconf 85' lang='lat' dir='ltr'><strong>ejus.]</strong></span> <span class='ocrx_word' id='word_1_216' title='bbox 3839 1749 3890 1805; x_wconf 85' lang='lat' dir='ltr'><strong>In</strong></span> 
     </span>
    </p>
   </div>
   <div class='ocr_carea' id='block_1_31' title="bbox 2301 1825 3891 1904">
    <p class='ocr_par' dir='ltr' id='par_1_31' title="bbox 2301 1825 3891 1904">
     <span class='ocr_line' id='line_1_31' title="bbox 2301 1825 3891 1904; baseline 0.011 -27"><span class='ocrx_word' id='word_1_217' title='bbox 2301 1825 2609 1879; x_wconf 57' lang='lat' dir='ltr'><strong>Nix-omedia</strong></span> <span class='ocrx_word' id='word_1_218' title='bbox 2666 1827 2844 1896; x_wconf 84' lang='lat' dir='ltr'><strong>passio</strong></span> <span class='ocrx_word' id='word_1_219' title='bbox 2892 1830 2948 1882; x_wconf 88' lang='lat' dir='ltr'><strong>S.</strong></span> <span class='ocrx_word' id='word_1_220' title='bbox 3005 1829 3218 1884; x_wconf 83' lang='lat' dir='ltr'><strong>Eusebii</strong></span> <span class='ocrx_word' id='word_1_221' title='bbox 3261 1833 3390 1901; x_wconf 87' lang='lat' dir='ltr'><strong>:qui</strong></span> <span class='ocrx_word' id='word_1_222' title='bbox 3436 1843 3679 1904; x_wconf 87' lang='lat' dir='ltr'><strong>tempore</strong></span> <span class='ocrx_word' id='word_1_223' title='bbox 3724 1837 3891 1894; x_wconf 83' lang='lat' dir='ltr'><strong>Maxi-</strong></span> 
     </span>
    </p>
   </div>
   <div class='ocr_carea' id='block_1_32' title="bbox 607 1916 3889 1996">
    <p class='ocr_par' dir='ltr' id='par_1_32' title="bbox 607 1916 3889 1996">
     <span class='ocr_line' id='line_1_32' title="bbox 607 1916 3889 1996; baseline 0.002 -20"><span class='ocrx_word' id='word_1_224' title='bbox 607 1922 779 1977; x_wconf 88' lang='lat' dir='ltr'><strong>chleis</strong></span> <span class='ocrx_word' id='word_1_225' title='bbox 811 1922 1048 1989; x_wconf 81' lang='lat' dir='ltr'><strong>torqueri</strong></span> <span class='ocrx_word' id='word_1_226' title='bbox 1091 1921 1349 1990; x_wconf 64' lang='lat' dir='ltr'><strong>praacepit</strong></span> <span class='ocrx_word' id='word_1_227' title='bbox 1372 1958 1388 1983; x_wconf 86' lang='lat'><strong>,</strong></span> <span class='ocrx_word' id='word_1_228' title='bbox 1425 1929 1483 1974; x_wconf 91' lang='lat' dir='ltr'><strong>ut</strong></span> <span class='ocrx_word' id='word_1_229' title='bbox 1515 1921 1750 1974; x_wconf 77' lang='lat' dir='ltr'><strong>membra</strong></span> <span class='ocrx_word' id='word_1_230' title='bbox 1783 1919 1898 1987; x_wconf 89' lang='lat' dir='ltr'><strong>ejus</strong></span> <span class='ocrx_word' id='word_1_231' title='bbox 1933 1918 1979 1971; x_wconf 78' lang='lat' dir='ltr'><strong>vi</strong></span> <span class='ocrx_word' id='word_1_232' title='bbox 2025 1918 2198 1973; x_wconf 71' lang='lat' dir='ltr'><strong>duris~</strong></span> <span class='ocrx_word' id='word_1_233' title='bbox 2233 1917 2273 1975; x_wconf 81' lang='grc' dir='ltr'><strong><em>Β</em></strong></span> <span class='ocrx_word' id='word_1_234' title='bbox 2306 1916 2470 1970; x_wconf 85' lang='lat' dir='ltr'><strong>tniani</strong></span> <span class='ocrx_word' id='word_1_235' title='bbox 2501 1918 2849 1986; x_wconf 88' lang='lat' dir='ltr'><strong>imperatoris</strong></span> <span class='ocrx_word' id='word_1_236' title='bbox 2883 1919 2984 1974; x_wconf 90' lang='lat' dir='ltr'><strong>sub</strong></span> <span class='ocrx_word' id='word_1_237' title='bbox 3014 1919 3279 1977; x_wconf 79' lang='lat' dir='ltr'><strong>Maxentio</strong></span> <span class='ocrx_word' id='word_1_238' title='bbox 3309 1924 3532 1991; x_wconf 67' lang='lat' dir='ltr'><strong>praaside</strong></span> <span class='ocrx_word' id='word_1_239' title='bbox 3570 1929 3771 1996; x_wconf 87' lang='lat' dir='ltr'><strong>capitis</strong></span> <span class='ocrx_word' id='word_1_240' title='bbox 3800 1931 3889 1985; x_wconf 86' lang='lat' dir='ltr'><strong>ab-</strong></span> 
     </span>
    </p>
   </div>
   <div class='ocr_carea' id='block_1_33' title="bbox 609 2011 2201 2085">
    <p class='ocr_par' dir='ltr' id='par_1_33' title="bbox 609 2011 2201 2085">
     <span class='ocr_line' id='line_1_33' title="bbox 609 2011 2201 2085; baseline -0.002 -17"><span class='ocrx_word' id='word_1_241' title='bbox 609 2016 744 2068; x_wconf 88' lang='lat' dir='ltr'><strong>sima</strong></span> <span class='ocrx_word' id='word_1_242' title='bbox 792 2015 927 2068; x_wconf 87' lang='lat' dir='ltr'><strong>solvi</strong></span> <span class='ocrx_word' id='word_1_243' title='bbox 974 2025 1318 2085; x_wconf 84' lang='lat' dir='ltr'><strong>cogerentur.</strong></span> <span class='ocrx_word' id='word_1_244' title='bbox 1350 2014 1572 2082; x_wconf 90' lang='lat' dir='ltr'><strong>Insuper</strong></span> <span class='ocrx_word' id='word_1_245' title='bbox 1609 2022 1665 2066; x_wconf 89' lang='lat' dir='ltr'><strong>et</strong></span> <span class='ocrx_word' id='word_1_246' title='bbox 1710 2013 1978 2066; x_wconf 87' lang='lat' dir='ltr'><strong>resticulis</strong></span> <span class='ocrx_word' id='word_1_247' title='bbox 2009 2011 2201 2066; x_wconf 75' lang='lat' dir='ltr'><strong>ferreis</strong></span> 
     </span>
    </p>
   </div>
   <div class='ocr_carea' id='block_1_34' title="bbox 610 2105 2197 2174">
    <p class='ocr_par' dir='ltr' id='par_1_34' title="bbox 610 2105 2197 2174">
     <span class='ocr_line' id='line_1_34' title="bbox 610 2105 2197 2174; baseline -0.001 -12"><span class='ocrx_word' id='word_1_248' title='bbox 610 2121 733 2162; x_wconf 87' lang='lat' dir='ltr'><strong>eum</strong></span> <span class='ocrx_word' id='word_1_249' title='bbox 785 2110 956 2173; x_wconf 68' lang='lat' dir='ltr'><strong>credi,</strong></span> <span class='ocrx_word' id='word_1_250' title='bbox 1007 2118 1062 2164; x_wconf 91' lang='lat' dir='ltr'><strong>et</strong></span> <span class='ocrx_word' id='word_1_251' title='bbox 1125 2108 1301 2162; x_wconf 90' lang='lat' dir='ltr'><strong>oleum</strong></span> <span class='ocrx_word' id='word_1_252' title='bbox 1350 2108 1618 2171; x_wconf 86' lang='lat' dir='ltr'><strong>candens,</strong></span> <span class='ocrx_word' id='word_1_253' title='bbox 1668 2106 1837 2174; x_wconf 87' lang='lat' dir='ltr'><strong>picem</strong></span> <span class='ocrx_word' id='word_1_254' title='bbox 1888 2114 1942 2159; x_wconf 91' lang='lat' dir='ltr'><strong>et</strong></span> <span class='ocrx_word' id='word_1_255' title='bbox 1988 2105 2197 2173; x_wconf 85' lang='lat' dir='ltr'><strong>adipem</strong></span> 
     </span>
    </p>
   </div>
   <div class='ocr_carea' id='block_1_35' title="bbox 614 2197 2196 2268">
    <p class='ocr_par' dir='ltr' id='par_1_35' title="bbox 614 2197 2196 2268">
     <span class='ocr_line' id='line_1_35' title="bbox 614 2197 2196 2268; baseline 0 -17"><span class='ocrx_word' id='word_1_256' title='bbox 614 2197 1067 2253; x_wconf 84' lang='lat' dir='ltr'><strong>ferventissimum</strong></span> <span class='ocrx_word' id='word_1_257' title='bbox 1101 2200 1260 2253; x_wconf 90' lang='lat' dir='ltr'><strong>dorso</strong></span> <span class='ocrx_word' id='word_1_258' title='bbox 1302 2198 1598 2268; x_wconf 90' lang='lat' dir='ltr'><strong>applicari;</strong></span> <span class='ocrx_word' id='word_1_259' title='bbox 1647 2197 1852 2250; x_wconf 89' lang='lat' dir='ltr'><strong>calcem</strong></span> <span class='ocrx_word' id='word_1_260' title='bbox 1899 2204 1955 2250; x_wconf 90' lang='lat' dir='ltr'><strong>et</strong></span> <span class='ocrx_word' id='word_1_261' title='bbox 1985 2206 2196 2251; x_wconf 91' lang='lat' dir='ltr'><strong>acetum</strong></span> 
     </span>
    </p>
   </div>
   <div class='ocr_carea' id='block_1_36' title="bbox 608 2286 2196 2360">
    <p class='ocr_par' dir='ltr' id='par_1_36' title="bbox 608 2286 2196 2360">
     <span class='ocr_line' id='line_1_36' title="bbox 608 2286 2196 2360; baseline 0.001 -19"><span class='ocrx_word' id='word_1_262' title='bbox 608 2289 944 2359; x_wconf 85' lang='lat' dir='ltr'><strong>sinapitnque</strong></span> <span class='ocrx_word' id='word_1_263' title='bbox 972 2291 1051 2344; x_wconf 89' lang='lat' dir='ltr'><strong>ori</strong></span> <span class='ocrx_word' id='word_1_264' title='bbox 1093 2291 1211 2360; x_wconf 88' lang='lat' dir='ltr'><strong>ejus</strong></span> <span class='ocrx_word' id='word_1_265' title='bbox 1240 2289 1444 2344; x_wconf 79' lang='lat' dir='ltr'><strong>infundi</strong></span> <span class='ocrx_word' id='word_1_266' title='bbox 1471 2331 1488 2357; x_wconf 90' lang='lat'><strong>,</strong></span> <span class='ocrx_word' id='word_1_267' title='bbox 1535 2290 1841 2357; x_wconf 87' lang='lat' dir='ltr'><strong>iterumque</strong></span> <span class='ocrx_word' id='word_1_268' title='bbox 1872 2286 2196 2354; x_wconf 89' lang='lat' dir='ltr'><strong>ponderosis</strong></span> 
     </span>
    </p>
   </div>
   <div class='ocr_carea' id='block_1_37' title="bbox 607 2381 2191 2452">
    <p class='ocr_par' dir='ltr' id='par_1_37' title="bbox 607 2381 2191 2452">
     <span class='ocr_line' id='line_1_37' title="bbox 607 2381 2191 2452; baseline -0.002 -17"><span class='ocrx_word' id='word_1_269' title='bbox 607 2382 810 2436; x_wconf 80' lang='lat' dir='ltr'><strong>Catenis</strong></span> <span class='ocrx_word' id='word_1_270' title='bbox 862 2382 1058 2436; x_wconf 89' lang='lat' dir='ltr'><strong>collum</strong></span> <span class='ocrx_word' id='word_1_271' title='bbox 1103 2381 1342 2452; x_wconf 82' lang='lat' dir='ltr'><strong>colligari</strong></span> <span class='ocrx_word' id='word_1_272' title='bbox 1369 2423 1382 2444; x_wconf 85' lang='lat'><strong>,</strong></span> <span class='ocrx_word' id='word_1_273' title='bbox 1419 2393 1474 2436; x_wconf 91' lang='lat' dir='ltr'><strong>et</strong></span> <span class='ocrx_word' id='word_1_274' title='bbox 1517 2381 1652 2436; x_wconf 90' lang='lat' dir='ltr'><strong>duos</strong></span> <span class='ocrx_word' id='word_1_275' title='bbox 1703 2383 1862 2437; x_wconf 90' lang='lat' dir='ltr'><strong>sudes</strong></span> <span class='ocrx_word' id='word_1_276' title='bbox 1914 2381 2116 2435; x_wconf 78' lang='lat' dir='ltr'><strong>ferreos</strong></span> <span class='ocrx_word' id='word_1_277' title='bbox 2161 2395 2191 2433; x_wconf 89' lang='lat' dir='ltr'><strong>a</strong></span> 
     </span>
    </p>
   </div>
   <div class='ocr_carea' id='block_1_38' title="bbox 607 2472 2194 2543">
    <p class='ocr_par' dir='ltr' id='par_1_38' title="bbox 607 2472 2194 2543">
     <span class='ocr_line' id='line_1_38' title="bbox 607 2472 2194 2543; baseline 0.001 -20"><span class='ocrx_word' id='word_1_278' title='bbox 607 2472 817 2526; x_wconf 76' lang='lat' dir='ltr'><strong>cervice</strong></span> <span class='ocrx_word' id='word_1_279' title='bbox 849 2487 1016 2541; x_wconf 89' lang='lat' dir='ltr'><strong>usque</strong></span> <span class='ocrx_word' id='word_1_280' title='bbox 1048 2472 1114 2526; x_wconf 90' lang='lat' dir='ltr'><strong>ad</strong></span> <span class='ocrx_word' id='word_1_281' title='bbox 1143 2488 1322 2536; x_wconf 89' lang='lat' dir='ltr'><strong>crura,</strong></span> <span class='ocrx_word' id='word_1_282' title='bbox 1353 2472 1587 2543; x_wconf 86' lang='lat' dir='ltr'><strong>itemque</strong></span> <span class='ocrx_word' id='word_1_283' title='bbox 1615 2472 1802 2528; x_wconf 86' lang='lat' dir='ltr'><strong>decem</strong></span> <span class='ocrx_word' id='word_1_284' title='bbox 1837 2475 2017 2528; x_wconf 80' lang='lat' dir='ltr'><strong>clavos</strong></span> <span class='ocrx_word' id='word_1_285' title='bbox 2051 2472 2194 2525; x_wconf 87' lang='lat' dir='ltr'><strong>inter</strong></span> 
     </span>
    </p>
   </div>
   <div class='ocr_carea' id='block_1_39' title="bbox 607 2563 2188 2636">
    <p class='ocr_par' dir='ltr' id='par_1_39' title="bbox 607 2563 2188 2636">
     <span class='ocr_line' id='line_1_39' title="bbox 607 2563 2188 2636; baseline -0.001 -20"><span class='ocrx_word' id='word_1_286' title='bbox 607 2564 836 2634; x_wconf 76' lang='lat' dir='ltr'><strong>ungulas</strong></span> <span class='ocrx_word' id='word_1_287' title='bbox 867 2576 919 2618; x_wconf 91' lang='lat' dir='ltr'><strong>et</strong></span> <span class='ocrx_word' id='word_1_288' title='bbox 959 2581 1228 2620; x_wconf 90' lang='lat' dir='ltr'><strong>carcerem</strong></span> <span class='ocrx_word' id='word_1_289' title='bbox 1276 2565 1436 2636; x_wconf 87' lang='lat' dir='ltr'><strong>jussit</strong></span> <span class='ocrx_word' id='word_1_290' title='bbox 1486 2566 1746 2634; x_wconf 79' lang='lat' dir='ltr'><strong>transﬁgi.</strong></span> <span class='ocrx_word' id='word_1_291' title='bbox 1776 2565 1978 2632; x_wconf 87' lang='lat' dir='ltr'><strong>Quibus</strong></span> <span class='ocrx_word' id='word_1_292' title='bbox 2013 2563 2188 2617; x_wconf 81' lang='lat' dir='ltr'><strong>divina</strong></span> 
     </span>
    </p>
   </div>
   <div class='ocr_carea' id='block_1_40' title="bbox 608 2652 2190 2723">
    <p class='ocr_par' dir='ltr' id='par_1_40' title="bbox 608 2652 2190 2723">
     <span class='ocr_line' id='line_1_40' title="bbox 608 2652 2190 2723; baseline 0 -19"><span class='ocrx_word' id='word_1_293' title='bbox 608 2654 944 2719; x_wconf 84' lang='lat' dir='ltr'><strong>preteetione</strong></span> <span class='ocrx_word' id='word_1_294' title='bbox 999 2655 1313 2722; x_wconf 85' lang='lat' dir='ltr'><strong>superatis,</strong></span> <span class='ocrx_word' id='word_1_295' title='bbox 1371 2654 1435 2706; x_wconf 89' lang='lat' dir='ltr'><strong>ad</strong></span> <span class='ocrx_word' id='word_1_296' title='bbox 1495 2653 1738 2708; x_wconf 90' lang='lat' dir='ltr'><strong>ultimum</strong></span> <span class='ocrx_word' id='word_1_297' title='bbox 1801 2654 1976 2723; x_wconf 81' lang='lat' dir='ltr'><strong>capite</strong></span> <span class='ocrx_word' id='word_1_298' title='bbox 2031 2652 2190 2722; x_wconf 89' lang='lat' dir='ltr'><strong>jussit</strong></span> 
     </span>
    </p>
   </div>
   <div class='ocr_carea' id='block_1_41' title="bbox 608 2730 2181 2814">
    <p class='ocr_par' dir='ltr' id='par_1_41' title="bbox 608 2730 2181 2814">
     <span class='ocr_line' id='line_1_41' title="bbox 608 2730 2181 2814; baseline 0.001 -20"><span class='ocrx_word' id='word_1_299' title='bbox 608 2743 804 2811; x_wconf 88' lang='lat' dir='ltr'><strong>plecti,</strong></span> <span class='ocrx_word' id='word_1_300' title='bbox 834 2752 888 2798; x_wconf 88' lang='lat' dir='ltr'><strong>et</strong></span> <span class='ocrx_word' id='word_1_301' title='bbox 915 2758 1110 2814; x_wconf 91' lang='lat' dir='ltr'><strong>corpus</strong></span> <span class='ocrx_word' id='word_1_302' title='bbox 1142 2730 1286 2799; x_wconf 72' lang='lat' dir='ltr'><strong>illius</strong></span> <span class='ocrx_word' id='word_1_303' title='bbox 1329 2756 1480 2798; x_wconf 87' lang='lat' dir='ltr'><strong>nocte</strong></span> <span class='ocrx_word' id='word_1_304' title='bbox 1521 2745 1572 2798; x_wconf 92' lang='lat' dir='ltr'><strong>in</strong></span> <span class='ocrx_word' id='word_1_305' title='bbox 1606 2745 1764 2798; x_wconf 86' lang='lat' dir='ltr'><strong>ﬂuvio</strong></span> <span class='ocrx_word' id='word_1_306' title='bbox 1791 2741 2181 2813; x_wconf 87' lang='lat' dir='ltr'><strong>subplumbari.</strong></span> 
     </span>
    </p>
   </div>
   <div class='ocr_carea' id='block_1_42' title="bbox 606 2835 2185 2904">
    <p class='ocr_par' dir='ltr' id='par_1_42' title="bbox 606 2835 2185 2904">
     <span class='ocr_line' id='line_1_42' title="bbox 606 2835 2185 2904; baseline -0.001 -17"><span class='ocrx_word' id='word_1_307' title='bbox 606 2840 1004 2902; x_wconf 85' lang='lat' dir='ltr'><strong>Amputatoquc</strong></span> <span class='ocrx_word' id='word_1_308' title='bbox 1048 2836 1246 2904; x_wconf 81' lang='lat' dir='ltr'><strong>capite,</strong></span> <span class='ocrx_word' id='word_1_309' title='bbox 1295 2837 1441 2890; x_wconf 89' lang='lat' dir='ltr'><strong>velut</strong></span> <span class='ocrx_word' id='word_1_310' title='bbox 1485 2837 1730 2889; x_wconf 81' lang='lat' dir='ltr'><strong>columba</strong></span> <span class='ocrx_word' id='word_1_311' title='bbox 1781 2835 2003 2889; x_wconf 88' lang='lat' dir='ltr'><strong>candida</strong></span> <span class='ocrx_word' id='word_1_312' title='bbox 2050 2835 2185 2886; x_wconf 83' lang='lat' dir='ltr'><strong>sicut</strong></span> 
     </span>
    </p>
   </div>
   <div class='ocr_carea' id='block_1_43' title="bbox 2305 2010 3379 2081">
    <p class='ocr_par' dir='ltr' id='par_1_43' title="bbox 2305 2010 3379 2081">
     <span class='ocr_line' id='line_1_43' title="bbox 2305 2010 3379 2081; baseline 0.005 -17"><span class='ocrx_word' id='word_1_313' title='bbox 2305 2010 2573 2066; x_wconf 90' lang='lat' dir='ltr'><strong>scissione</strong></span> <span class='ocrx_word' id='word_1_314' title='bbox 2614 2010 2928 2081; x_wconf 86' lang='lat' dir='ltr'><strong>martyrium</strong></span> <span class='ocrx_word' id='word_1_315' title='bbox 2971 2017 3379 2069; x_wconf 82' lang='lat' dir='ltr'><strong>consummavit.</strong></span> 
     </span>
    </p>
   </div>
   <div class='ocr_carea' id='block_1_44' title="bbox 2378 2138 3894 2206">
    <p class='ocr_par' dir='ltr' id='par_1_44' title="bbox 2378 2138 3894 2206">
     <span class='ocr_line' id='line_1_44' title="bbox 2378 2138 3894 2206; baseline 0.01 -14"><span class='ocrx_word' id='word_1_316' title='bbox 2378 2138 2574 2194; x_wconf 87' lang='lat' dir='ltr'><strong>Primis</strong></span> <span class='ocrx_word' id='word_1_317' title='bbox 2617 2138 2766 2195; x_wconf 87' lang='lat' dir='ltr'><strong>uncis</strong></span> <span class='ocrx_word' id='word_1_318' title='bbox 2809 2141 3013 2196; x_wconf 85' lang='lat' dir='ltr'><strong>inclusa</strong></span> <span class='ocrx_word' id='word_1_319' title='bbox 3055 2143 3107 2197; x_wconf 90' lang='lat' dir='ltr'><strong>in</strong></span> <span class='ocrx_word' id='word_1_320' title='bbox 3149 2159 3252 2198; x_wconf 85' lang='lat' dir='ltr'><strong>ms.</strong></span> <span class='ocrx_word' id='word_1_321' title='bbox 3296 2144 3540 2201; x_wconf 71' lang='lat' dir='ltr'><strong>Laztiensi</strong></span> <span class='ocrx_word' id='word_1_322' title='bbox 3585 2148 3692 2203; x_wconf 87' lang='lat' dir='ltr'><strong>hoc</strong></span> <span class='ocrx_word' id='word_1_323' title='bbox 3731 2152 3894 2206; x_wconf 82' lang='lat' dir='ltr'><strong>modo</strong></span> 
     </span>
    </p>
   </div>
   <div class='ocr_carea' id='block_1_45' title="bbox 2305 2230 3894 2308">
    <p class='ocr_par' dir='ltr' id='par_1_45' title="bbox 2305 2230 3894 2308">
     <span class='ocr_line' id='line_1_45' title="bbox 2305 2230 3894 2308; baseline 0.009 -24"><span class='ocrx_word' id='word_1_324' title='bbox 2305 2230 2526 2286; x_wconf 88' lang='lat' dir='ltr'><strong>brevius</strong></span> <span class='ocrx_word' id='word_1_325' title='bbox 2571 2233 2964 2289; x_wconf 86' lang='lat' dir='ltr'><strong>contrahuntur</strong></span> <span class='ocrx_word' id='word_1_326' title='bbox 3009 2253 3024 2290; x_wconf 87' lang='lat'><strong>:</strong></span> <span class='ocrx_word' id='word_1_327' title='bbox 3075 2236 3192 2303; x_wconf 90' lang='lat' dir='ltr'><strong>Quo</strong></span> <span class='ocrx_word' id='word_1_328' title='bbox 3237 2249 3507 2308; x_wconf 88' lang='lat' dir='ltr'><strong>comperto</strong></span> <span class='ocrx_word' id='word_1_329' title='bbox 3552 2241 3894 2299; x_wconf 80' lang='lat' dir='ltr'><strong>Rictiovarus</strong></span> 
     </span>
    </p>
   </div>
   <div class='ocr_carea' id='block_1_46' title="bbox 2303 2319 3892 2406">
    <p class='ocr_par' dir='ltr' id='par_1_46' title="bbox 2303 2319 3892 2406">
     <span class='ocr_line' id='line_1_46' title="bbox 2303 2319 3892 2406; baseline 0.011 -32"><span class='ocrx_word' id='word_1_330' title='bbox 2303 2319 2587 2391; x_wconf 76' lang='lat' dir='ltr'><strong>przefectus</strong></span> <span class='ocrx_word' id='word_1_331' title='bbox 2633 2326 2872 2380; x_wconf 87' lang='lat' dir='ltr'><strong>vinctum</strong></span> <span class='ocrx_word' id='word_1_332' title='bbox 2932 2326 2998 2380; x_wconf 90' lang='lat' dir='ltr'><strong>ad</strong></span> <span class='ocrx_word' id='word_1_333' title='bbox 3055 2341 3114 2382; x_wconf 88' lang='lat' dir='ltr'><strong>se</strong></span> <span class='ocrx_word' id='word_1_334' title='bbox 3169 2327 3324 2397; x_wconf 88' lang='lat' dir='ltr'><strong>jubet</strong></span> <span class='ocrx_word' id='word_1_335' title='bbox 3378 2330 3617 2398; x_wconf 90' lang='lat' dir='ltr'><strong>adduci,</strong></span> <span class='ocrx_word' id='word_1_336' title='bbox 3667 2346 3724 2390; x_wconf 90' lang='lat' dir='ltr'><strong>et</strong></span> <span class='ocrx_word' id='word_1_337' title='bbox 3774 2349 3892 2406; x_wconf 84' lang='lat' dir='ltr'><strong>post</strong></span> 
     </span>
    </p>
   </div>
   <div class='ocr_carea' id='block_1_47' title="bbox 2304 2415 3886 2487">
    <p class='ocr_par' dir='ltr' id='par_1_47' title="bbox 2304 2415 3886 2487">
     <span class='ocr_line' id='line_1_47' title="bbox 2304 2415 3886 2487; baseline 0.008 -21"><span class='ocrx_word' id='word_1_338' title='bbox 2304 2415 2452 2482; x_wconf 91' lang='lat' dir='ltr'><strong>plura</strong></span> <span class='ocrx_word' id='word_1_339' title='bbox 2498 2415 2760 2484; x_wconf 89' lang='lat' dir='ltr'><strong>supplicia</strong></span> <span class='ocrx_word' id='word_1_340' title='bbox 2811 2417 3085 2479; x_wconf 87' lang='lat' dir='ltr'><strong>carceris.</strong></span> <span class='ocrx_word' id='word_1_341' title='bbox 3125 2419 3496 2487; x_wconf 81' lang='lat' dir='ltr'><strong>vinculorum,</strong></span> <span class='ocrx_word' id='word_1_342' title='bbox 3542 2422 3886 2480; x_wconf 87' lang='lat' dir='ltr'><strong>diversorum</strong></span> 
     </span>
    </p>
   </div>
   <div class='ocr_carea' id='block_1_48' title="bbox 2301 2507 3892 2579">
    <p class='ocr_par' dir='ltr' id='par_1_48' title="bbox 2301 2507 3892 2579">
     <span class='ocr_line' id='line_1_48' title="bbox 2301 2507 3892 2579; baseline 0.006 -20"><span class='ocrx_word' id='word_1_343' title='bbox 2301 2507 2610 2573; x_wconf 88' lang='lat' dir='ltr'><strong>verberum,</strong></span> <span class='ocrx_word' id='word_1_344' title='bbox 2655 2507 2721 2561; x_wconf 91' lang='lat' dir='ltr'><strong>ad</strong></span> <span class='ocrx_word' id='word_1_345' title='bbox 2767 2519 3066 2563; x_wconf 81' lang='lat' dir='ltr'><strong>extremum</strong></span> <span class='ocrx_word' id='word_1_346' title='bbox 3112 2513 3285 2564; x_wconf 87' lang='lat' dir='ltr'><strong>oleum</strong></span> <span class='ocrx_word' id='word_1_347' title='bbox 3325 2512 3587 2579; x_wconf 87' lang='lat' dir='ltr'><strong>candens,</strong></span> <span class='ocrx_word' id='word_1_348' title='bbox 3626 2524 3738 2570; x_wconf 89' lang='lat' dir='ltr'><strong>etc.</strong></span> <span class='ocrx_word' id='word_1_349' title='bbox 3790 2517 3892 2570; x_wconf 73' lang='lat' dir='ltr'><strong>lte-</strong></span> 
     </span>
    </p>
   </div>
   <div class='ocr_carea' id='block_1_49' title="bbox 2297 2597 3890 2680">
    <p class='ocr_par' dir='ltr' id='par_1_49' title="bbox 2297 2597 3890 2680">
     <span class='ocr_line' id='line_1_49' title="bbox 2297 2597 3890 2680; baseline 0.009 -29"><span class='ocrx_word' id='word_1_350' title='bbox 2297 2597 2439 2665; x_wconf 81' lang='lat' dir='ltr'><strong>liqua</strong></span> <span class='ocrx_word' id='word_1_351' title='bbox 2482 2598 2552 2653; x_wconf 90' lang='lat' dir='ltr'><strong>de</strong></span> <span class='ocrx_word' id='word_1_352' title='bbox 2588 2598 2896 2654; x_wconf 87' lang='lat' dir='ltr'><strong>inventione</strong></span> <span class='ocrx_word' id='word_1_353' title='bbox 2936 2601 3176 2670; x_wconf 87' lang='lat' dir='ltr'><strong>corporis</strong></span> <span class='ocrx_word' id='word_1_354' title='bbox 3208 2604 3454 2658; x_wconf 88' lang='lat' dir='ltr'><strong>similiter</strong></span> <span class='ocrx_word' id='word_1_355' title='bbox 3493 2607 3644 2662; x_wconf 86' lang='lat' dir='ltr'><strong>uncis</strong></span> <span class='ocrx_word' id='word_1_356' title='bbox 3678 2609 3890 2680; x_wconf 82' lang='lat' dir='ltr'><strong>signata</strong></span> 
     </span>
    </p>
   </div>
   <div class='ocr_carea' id='block_1_50' title="bbox 2297 2693 2991 2751">
    <p class='ocr_par' dir='ltr' id='par_1_50' title="bbox 2297 2693 2991 2751">
     <span class='ocr_line' id='line_1_50' title="bbox 2297 2693 2991 2751; baseline 0.01 -7"><span class='ocrx_word' id='word_1_357' title='bbox 2297 2693 2491 2746; x_wconf 87' lang='lat' dir='ltr'><strong>desunt</strong></span> <span class='ocrx_word' id='word_1_358' title='bbox 2533 2694 2584 2747; x_wconf 92' lang='lat' dir='ltr'><strong>in</strong></span> <span class='ocrx_word' id='word_1_359' title='bbox 2630 2695 2991 2751; x_wconf 86' lang='lat' dir='ltr'><strong>Atrebatensi.</strong></span> 
     </span>
    </p>
   </div>
   <div class='ocr_carea' id='block_1_51' title="bbox 2317 2781 3889 2865">
    <p class='ocr_par' dir='ltr' id='par_1_51' title="bbox 2317 2781 3889 2865">
     <span class='ocr_line' id='line_1_51' title="bbox 2317 2781 3889 2865; baseline 0.012 -32"><span class='ocrx_word' id='word_1_360' title='bbox 2317 2857 2323 2863; x_wconf 71' lang='lat'><em>_</em></span> <span class='ocrx_word' id='word_1_361' title='bbox 2555 2783 2737 2865; x_wconf 77' lang='lat' dir='ltr'><strong>Natale</strong></span> <span class='ocrx_word' id='word_1_362' title='bbox 2866 2786 3104 2852; x_wconf 89' lang='lat' dir='ltr'><strong>Quintini</strong></span> <span class='ocrx_word' id='word_1_363' title='bbox 3139 2788 3246 2865; x_wconf 70' lang='lat' dir='ltr'><strong>[C..</strong></span> <span class='ocrx_word' id='word_1_364' title='bbox 3270 2789 3459 2861; x_wconf 91' lang='lat' dir='ltr'><strong>quinti]</strong></span> <span class='ocrx_word' id='word_1_365' title='bbox 3490 2792 3762 2865; x_wconf 83' lang='lat' dir='ltr'><strong>Martyris,</strong></span> <span class='ocrx_word' id='word_1_366' title='bbox 3794 2797 3889 2852; x_wconf 79' lang='lat' dir='ltr'><strong>Fe-</strong></span> 
     </span>
    </p>
   </div>
   <div class='ocr_carea' id='block_1_52' title="bbox 2295 2854 3880 2926">
    <p class='ocr_par' dir='ltr' id='par_1_52' title="bbox 2295 2854 3880 2926">
     <span class='ocr_line' id='line_1_52' title="bbox 2295 2854 3880 2926; baseline 0.011 -20"><span class='ocrx_word' id='word_1_367' title='bbox 2295 2854 2427 2917; x_wconf 90' lang='lat' dir='ltr'><strong>licis,</strong></span> <span class='ocrx_word' id='word_1_368' title='bbox 2462 2855 2646 2926; x_wconf 81' lang='lat' dir='ltr'><strong>Donati</strong></span> <span class='ocrx_word' id='word_1_369' title='bbox 2678 2858 2983 2926; x_wconf 86' lang='lat' dir='ltr'><strong>etaliorum</strong></span> <span class='ocrx_word' id='word_1_370' title='bbox 3017 2854 3197 2926; x_wconf 66' lang='lat' dir='ltr'><strong>v:gsnti</strong></span> <span class='ocrx_word' id='word_1_371' title='bbox 3229 2854 3458 2915; x_wconf 41' lang='lat' dir='ltr'><strong>novem.’</strong></span> <span class='ocrx_word' id='word_1_372' title='bbox 3496 2863 3558 2916; x_wconf 82' lang='grc' dir='ltr'><strong>Β.</strong></span> <span class='ocrx_word' id='word_1_373' title='bbox 3596 2854 3654 2920; x_wconf 79' lang='grc' dir='ltr'><strong>Ιιῖ</strong></span> <span class='ocrx_word' id='word_1_374' title='bbox 3703 2854 3880 2923; x_wconf 75' lang='lat' dir='ltr'><strong>Mace-</strong></span> 
     </span>
    </p>
   </div>
   <div class='ocr_carea' id='block_1_53' title="bbox 609 2917 3625 2996">
    <p class='ocr_par' dir='ltr' id='par_1_53' title="bbox 609 2917 3625 2996">
     <span class='ocr_line' id='line_1_53' title="bbox 609 2917 3625 2996; baseline 0.004 -19"><span class='ocrx_word' id='word_1_375' title='bbox 609 2923 695 2977; x_wconf 74' lang='lat' dir='ltr'><strong>nix</strong></span> <span class='ocrx_word' id='word_1_376' title='bbox 744 2939 868 2977; x_wconf 82' lang='lat' dir='ltr'><strong>mox</strong></span> <span class='ocrx_word' id='word_1_377' title='bbox 911 2925 1022 2978; x_wconf 89' lang='lat' dir='ltr'><strong>visa</strong></span> <span class='ocrx_word' id='word_1_378' title='bbox 1051 2936 1132 2980; x_wconf 92' lang='lat' dir='ltr'><strong>est</strong></span> <span class='ocrx_word' id='word_1_379' title='bbox 1179 2926 1244 2980; x_wconf 88' lang='lat' dir='ltr'><strong>de</strong></span> <span class='ocrx_word' id='word_1_380' title='bbox 1274 2927 1411 2980; x_wconf 86' lang='lat' dir='ltr'><strong>collo</strong></span> <span class='ocrx_word' id='word_1_381' title='bbox 1443 2926 1560 2995; x_wconf 82' lang='lat' dir='ltr'><strong>ejus</strong></span> <span class='ocrx_word' id='word_1_382' title='bbox 1589 2927 1734 2981; x_wconf 79' lang='lat' dir='ltr'><strong>exire</strong></span> <span class='ocrx_word' id='word_1_383' title='bbox 1758 2964 1777 2994; x_wconf 85' lang='lat'><strong>,</strong></span> <span class='ocrx_word' id='word_1_384' title='bbox 1824 2936 1878 2980; x_wconf 90' lang='lat' dir='ltr'><strong>et</strong></span> <span class='ocrx_word' id='word_1_385' title='bbox 1909 2926 2184 2979; x_wconf 79' lang='lat' dir='ltr'><strong>liberrimo</strong></span> <span class='ocrx_word' id='word_1_386' title='bbox 2215 2917 2258 2976; x_wconf 83' lang='lat' dir='ltr'><strong><em>C</em></strong></span> <span class='ocrx_word' id='word_1_387' title='bbox 2291 2925 2450 2978; x_wconf 88' lang='lat' dir='ltr'><strong>donia</strong></span> <span class='ocrx_word' id='word_1_388' title='bbox 2479 2925 2576 2979; x_wconf 89' lang='lat' dir='ltr'><strong>SS.</strong></span> <span class='ocrx_word' id='word_1_389' title='bbox 2615 2925 2819 2986; x_wconf 75' lang='lat' dir='ltr'><strong>Vitalis.</strong></span> <span class='ocrx_word' id='word_1_390' title='bbox 2850 2927 3012 2996; x_wconf 79' lang='lat' dir='ltr'><strong>Petri,</strong></span> <span class='ocrx_word' id='word_1_391' title='bbox 3047 2917 3362 2992; x_wconf 79' lang='lat' dir='ltr'><strong>Crescentii,</strong></span> <span class='ocrx_word' id='word_1_392' title='bbox 3391 2917 3625 2990; x_wconf 15' lang='lat' dir='ltr'><strong>Alteri-i7.</strong></span> 
     </span>
    </p>
   </div>
   <div class='ocr_carea' id='block_1_54' title="bbox 616 3079 1775 3104">
    <p class='ocr_par' dir='ltr' id='par_1_54' title="bbox 616 3079 1775 3104">
     <span class='ocr_line' id='line_1_54' title="bbox 616 3079 1775 3104; baseline 0 -9"><span class='ocrx_word' id='word_1_393' title='bbox 616 3079 1775 3104; x_wconf 55' lang='lat'><strong>———-—-———_—_—__—_‘</strong></span> 
     </span>
    </p>
   </div>
   <div class='ocr_carea' id='block_1_55' title="bbox 1781 3087 3857 3121">
    <p class='ocr_par' dir='ltr' id='par_1_55' title="bbox 1781 3087 3857 3121">
     <span class='ocr_line' id='line_1_55' title="bbox 1781 3087 3857 3121; baseline 0 -20"><span class='ocrx_word' id='word_1_394' title='bbox 1781 3087 3857 3121; x_wconf 67' lang='lat'><strong>.__—______—_______</strong></span> 
     </span>
    </p>
   </div>
   <div class='ocr_carea' id='block_1_56' title="bbox 1888 3203 2580 3288">
    <p class='ocr_par' dir='ltr' id='par_1_56' title="bbox 1888 3203 2580 3288">
     <span class='ocr_line' id='line_1_56' title="bbox 1888 3203 2580 3288; baseline -0.01 0"><span class='ocrx_word' id='word_1_395' title='bbox 1888 3203 2580 3288; x_wconf 79' lang='lat' dir='ltr'><strong>NOVEMBER.</strong></span> 
     </span>
    </p>
   </div>
   <div class='ocr_carea' id='block_1_57' title="bbox 1850 3379 2584 3440">
    <p class='ocr_par' dir='ltr' id='par_1_57' title="bbox 1850 3379 2584 3440">
     <span class='ocr_line' id='line_1_57' title="bbox 1850 3379 2584 3440; baseline 0.004 -6"><span class='ocrx_word' id='word_1_396' title='bbox 1850 3379 2076 3437; x_wconf 86' lang='lat' dir='ltr'><strong>EDlTlO</strong></span> <span class='ocrx_word' id='word_1_397' title='bbox 2113 3382 2584 3440; x_wconf 74' lang='lat' dir='ltr'><strong>COLONIENSIS.</strong></span> 
     </span>
    </p>
   </div>
   <div class='ocr_carea' id='block_1_58' title="bbox 1191 3475 1583 3544">
    <p class='ocr_par' dir='ltr' id='par_1_58' title="bbox 1191 3475 1583 3544">
     <span class='ocr_line' id='line_1_58' title="bbox 1191 3475 1583 3544; baseline -0.005 -12"><span class='ocrx_word' id='word_1_398' title='bbox 1191 3475 1583 3544; x_wconf 72' lang='lat' dir='ltr'><strong>NOVEMBER,</strong></span> 
     </span>
    </p>
   </div>
   <div class='ocr_carea' id='block_1_59' title="bbox 983 3569 1812 3634">
    <p class='ocr_par' dir='ltr' id='par_1_59' title="bbox 983 3569 1812 3634">
     <span class='ocr_line' id='line_1_59' title="bbox 983 3569 1812 3634; baseline -0.004 -10"><span class='ocrx_word' id='word_1_399' title='bbox 983 3572 1149 3625; x_wconf 80' lang='lat' dir='ltr'><strong>Habet</strong></span> <span class='ocrx_word' id='word_1_400' title='bbox 1177 3573 1284 3624; x_wconf 77' lang='lat' dir='ltr'><strong>dies</strong></span> <span class='ocrx_word' id='word_1_401' title='bbox 1317 3587 1443 3634; x_wconf 79' lang='lat' dir='ltr'><strong>xxx,</strong></span> <span class='ocrx_word' id='word_1_402' title='bbox 1475 3569 1649 3622; x_wconf 86' lang='lat' dir='ltr'><strong>lunam</strong></span> <span class='ocrx_word' id='word_1_403' title='bbox 1685 3584 1812 3622; x_wconf 82' lang='lat' dir='ltr'><strong>xxx.</strong></span> 
     </span>
    </p>
   </div>
   <div class='ocr_carea' id='block_1_60' title="bbox 675 3661 2193 3720">
    <p class='ocr_par' dir='ltr' id='par_1_60' title="bbox 675 3661 2193 3720">
     <span class='ocr_line' id='line_1_60' title="bbox 675 3661 2193 3720; baseline -0.003 -1"><span class='ocrx_word' id='word_1_404' title='bbox 675 3664 739 3719; x_wconf 86' lang='lat' dir='ltr'><strong>D.</strong></span> <span class='ocrx_word' id='word_1_405' title='bbox 766 3661 1004 3720; x_wconf 72' lang='lat' dir='ltr'><strong>KALEND.</strong></span> <span class='ocrx_word' id='word_1_406' title='bbox 1029 3665 1272 3718; x_wconf 72' lang='lat' dir='ltr'><strong>Novum.</strong></span> <span class='ocrx_word' id='word_1_407' title='bbox 1291 3694 1360 3702; x_wconf 95' lang='lat'><strong>—</strong></span> <span class='ocrx_word' id='word_1_408' title='bbox 1387 3663 1665 3716; x_wconf 80' lang='lat' dir='ltr'><strong>Festivitas</strong></span> <span class='ocrx_word' id='word_1_409' title='bbox 1693 3663 1942 3715; x_wconf 89' lang='lat' dir='ltr'><strong>Omnium</strong></span> <span class='ocrx_word' id='word_1_410' title='bbox 1975 3662 2193 3718; x_wconf 84' lang='lat' dir='ltr'><strong>Sancto-</strong></span> 
     </span>
    </p>
   </div>
   <div class='ocr_carea' id='block_1_61' title="bbox 602 3752 2190 3824">
    <p class='ocr_par' dir='ltr' id='par_1_61' title="bbox 602 3752 2190 3824">
     <span class='ocr_line' id='line_1_61' title="bbox 602 3752 2190 3824; baseline -0.003 -14"><span class='ocrx_word' id='word_1_411' title='bbox 602 3773 740 3811; x_wconf 92' lang='lat' dir='ltr'><strong>rum.</strong></span> <span class='ocrx_word' id='word_1_412' title='bbox 776 3755 994 3810; x_wconf 87' lang='lat' dir='ltr'><strong>Petente</strong></span> <span class='ocrx_word' id='word_1_413' title='bbox 1022 3772 1250 3824; x_wconf 89' lang='lat' dir='ltr'><strong>namque</strong></span> <span class='ocrx_word' id='word_1_414' title='bbox 1280 3771 1410 3823; x_wconf 83' lang='lat' dir='ltr'><strong>papa</strong></span> <span class='ocrx_word' id='word_1_415' title='bbox 1454 3753 1722 3807; x_wconf 78' lang='lat' dir='ltr'><strong>llonilacio</strong></span> <span class='ocrx_word' id='word_1_416' title='bbox 1747 3794 1761 3816; x_wconf 90' lang='lat'><strong>,</strong></span> <span class='ocrx_word' id='word_1_417' title='bbox 1790 3753 1952 3820; x_wconf 88' lang='lat' dir='ltr'><strong>jussit</strong></span> <span class='ocrx_word' id='word_1_418' title='bbox 1984 3752 2190 3807; x_wconf 76' lang='lat' dir='ltr'><strong>Phoras</strong></span> 
     </span>
    </p>
   </div>
   <div class='ocr_carea' id='block_1_62' title="bbox 607 3828 2184 3916">
    <p class='ocr_par' dir='ltr' id='par_1_62' title="bbox 607 3828 2184 3916">
     <span class='ocr_line' id='line_1_62' title="bbox 607 3828 2184 3916; baseline -0.003 -16"><span class='ocrx_word' id='word_1_419' title='bbox 607 3849 896 3916; x_wconf 90' lang='lat' dir='ltr'><strong>imperator</strong></span> <span class='ocrx_word' id='word_1_420' title='bbox 925 3849 972 3899; x_wconf 91' lang='lat' dir='ltr'><strong>in</strong></span> <span class='ocrx_word' id='word_1_421' title='bbox 1000 3847 1164 3900; x_wconf 85' lang='lat' dir='ltr'><strong>veteri</strong></span> <span class='ocrx_word' id='word_1_422' title='bbox 1198 3847 1318 3898; x_wconf 81' lang='lat' dir='ltr'><strong>fano</strong></span> <span class='ocrx_word' id='word_1_423' title='bbox 1340 3889 1354 3912; x_wconf 90' lang='lat'><strong>,</strong></span> <span class='ocrx_word' id='word_1_424' title='bbox 1397 3828 1536 3912; x_wconf 68' lang='lat' dir='ltr'><strong>quod</strong></span> <span class='ocrx_word' id='word_1_425' title='bbox 1571 3842 1841 3896; x_wconf 83' lang='lat' dir='ltr'><strong>Pantheon</strong></span> <span class='ocrx_word' id='word_1_426' title='bbox 1875 3843 2184 3906; x_wconf 84' lang='lat' dir='ltr'><strong>vocabatur,</strong></span> 
     </span>
    </p>
   </div>
   <div class='ocr_carea' id='block_1_63' title="bbox 601 3937 2184 4005">
    <p class='ocr_par' dir='ltr' id='par_1_63' title="bbox 601 3937 2184 4005">
     <span class='ocr_line' id='line_1_63' title="bbox 601 3937 2184 4005; baseline -0.002 -13"><span class='ocrx_word' id='word_1_427' title='bbox 601 3951 652 3992; x_wconf 90' lang='lat' dir='ltr'><strong>et</strong></span> <span class='ocrx_word' id='word_1_428' title='bbox 681 3954 710 3992; x_wconf 89' lang='lat' dir='ltr'><strong>a</strong></span> <span class='ocrx_word' id='word_1_429' title='bbox 740 3939 1035 3993; x_wconf 88' lang='lat' dir='ltr'><strong>Domitiano</strong></span> <span class='ocrx_word' id='word_1_430' title='bbox 1067 3941 1211 4005; x_wconf 87' lang='lat' dir='ltr'><strong>prius</strong></span> <span class='ocrx_word' id='word_1_431' title='bbox 1252 3939 1446 3992; x_wconf 81' lang='lat' dir='ltr'><strong>factum</strong></span> <span class='ocrx_word' id='word_1_432' title='bbox 1476 3947 1587 3993; x_wconf 88' lang='lat' dir='ltr'><strong>erat</strong></span> <span class='ocrx_word' id='word_1_433' title='bbox 1609 3979 1624 4004; x_wconf 91' lang='lat'><strong>,</strong></span> <span class='ocrx_word' id='word_1_434' title='bbox 1654 3937 1841 3992; x_wconf 87' lang='lat' dir='ltr'><strong>ablatis</strong></span> <span class='ocrx_word' id='word_1_435' title='bbox 1876 3937 2184 3990; x_wconf 69' lang='lat' dir='ltr'><strong>idololatria:</strong></span> 
     </span>
    </p>
   </div>
   <div class='ocr_carea' id='block_1_64' title="bbox 599 4029 2183 4100">
    <p class='ocr_par' dir='ltr' id='par_1_64' title="bbox 599 4029 2183 4100">
     <span class='ocr_line' id='line_1_64' title="bbox 599 4029 2183 4100; baseline -0.001 -17"><span class='ocrx_word' id='word_1_436' title='bbox 599 4031 864 4098; x_wconf 83' lang='lat' dir='ltr'><strong>sordibus,</strong></span> <span class='ocrx_word' id='word_1_437' title='bbox 894 4033 1180 4088; x_wconf 86' lang='lat' dir='ltr'><strong>ecclesiam</strong></span> <span class='ocrx_word' id='word_1_438' title='bbox 1214 4032 1380 4086; x_wconf 74' lang='lat' dir='ltr'><strong>beatte</strong></span> <span class='ocrx_word' id='word_1_439' title='bbox 1409 4047 1621 4100; x_wconf 85' lang='lat' dir='ltr'><strong>semper</strong></span> <span class='ocrx_word' id='word_1_440' title='bbox 1651 4031 1868 4100; x_wconf 78' lang='lat' dir='ltr'><strong>virginis</strong></span> <span class='ocrx_word' id='word_1_441' title='bbox 1899 4029 2098 4095; x_wconf 66' lang='lat' dir='ltr'><strong>Marias,</strong></span> <span class='ocrx_word' id='word_1_442' title='bbox 2131 4039 2183 4082; x_wconf 92' lang='lat' dir='ltr'><strong>et</strong></span> 
     </span>
    </p>
   </div>
   <div class='ocr_carea' id='block_1_65' title="bbox 2303 3478 3881 3550">
    <p class='ocr_par' dir='ltr' id='par_1_65' title="bbox 2303 3478 3881 3550">
     <span class='ocr_line' id='line_1_65' title="bbox 2303 3478 3881 3550; baseline 0.008 -18"><span class='ocrx_word' id='word_1_443' title='bbox 2303 3479 2537 3533; x_wconf 87' lang='lat' dir='ltr'><strong>omnium</strong></span> <span class='ocrx_word' id='word_1_444' title='bbox 2573 3478 2681 3532; x_wconf 91' lang='lat' dir='ltr'><strong>ﬁeri</strong></span> <span class='ocrx_word' id='word_1_445' title='bbox 2715 3486 3048 3549; x_wconf 86' lang='lat' dir='ltr'><strong>martyrum,</strong></span> <span class='ocrx_word' id='word_1_446' title='bbox 3101 3490 3157 3536; x_wconf 91' lang='lat' dir='ltr'><strong>ut</strong></span> <span class='ocrx_word' id='word_1_447' title='bbox 3205 3481 3291 3537; x_wconf 91' lang='lat' dir='ltr'><strong>ubi</strong></span> <span class='ocrx_word' id='word_1_448' title='bbox 3341 3487 3613 3550; x_wconf 87' lang='lat' dir='ltr'><strong>quondam</strong></span> <span class='ocrx_word' id='word_1_449' title='bbox 3653 3503 3881 3544; x_wconf 83' lang='lat' dir='ltr'><strong>omnium</strong></span> 
     </span>
    </p>
   </div>
   <div class='ocr_carea' id='block_1_66' title="bbox 2303 3571 3880 3644">
    <p class='ocr_par' dir='ltr' id='par_1_66' title="bbox 2303 3571 3880 3644">
     <span class='ocr_line' id='line_1_66' title="bbox 2303 3571 3880 3644; baseline 0.008 -20"><span class='ocrx_word' id='word_1_450' title='bbox 2303 3587 2406 3624; x_wconf 91' lang='lat' dir='ltr'><strong>non</strong></span> <span class='ocrx_word' id='word_1_451' title='bbox 2427 3575 2671 3636; x_wconf 88' lang='lat' dir='ltr'><strong>deorum,</strong></span> <span class='ocrx_word' id='word_1_452' title='bbox 2701 3571 2792 3625; x_wconf 90' lang='lat' dir='ltr'><strong>sed</strong></span> <span class='ocrx_word' id='word_1_453' title='bbox 2814 3571 3118 3626; x_wconf 74' lang='lat' dir='ltr'><strong>dmmouum</strong></span> <span class='ocrx_word' id='word_1_454' title='bbox 3140 3573 3315 3628; x_wconf 87' lang='lat' dir='ltr'><strong>cultus</strong></span> <span class='ocrx_word' id='word_1_455' title='bbox 3333 3576 3613 3644; x_wconf 82' lang='lat' dir='ltr'><strong>agebatur,</strong></span> <span class='ocrx_word' id='word_1_456' title='bbox 3643 3579 3715 3634; x_wconf 90' lang='lat' dir='ltr'><strong>ibi</strong></span> <span class='ocrx_word' id='word_1_457' title='bbox 3735 3580 3880 3636; x_wconf 81' lang='lat' dir='ltr'><strong>dein-</strong></span> 
     </span>
    </p>
   </div>
   <div class='ocr_carea' id='block_1_67' title="bbox 2299 3662 3881 3739">
    <p class='ocr_par' dir='ltr' id='par_1_67' title="bbox 2299 3662 3881 3739">
     <span class='ocr_line' id='line_1_67' title="bbox 2299 3662 3881 3739; baseline 0.007 -25"><span class='ocrx_word' id='word_1_458' title='bbox 2299 3676 2428 3728; x_wconf 86' lang='lat' dir='ltr'><strong>ceps</strong></span> <span class='ocrx_word' id='word_1_459' title='bbox 2473 3662 2711 3714; x_wconf 91' lang='lat' dir='ltr'><strong>omnium</strong></span> <span class='ocrx_word' id='word_1_460' title='bbox 2762 3663 2911 3716; x_wconf 88' lang='lat' dir='ltr'><strong>ﬁeret</strong></span> <span class='ocrx_word' id='word_1_461' title='bbox 2951 3665 3203 3718; x_wconf 90' lang='lat' dir='ltr'><strong>memoria</strong></span> <span class='ocrx_word' id='word_1_462' title='bbox 3245 3677 3546 3721; x_wconf 89' lang='lat' dir='ltr'><strong>sanctorum</strong></span> <span class='ocrx_word' id='word_1_463' title='bbox 3594 3689 3605 3722; x_wconf 95' lang='lat'>:</span> <span class='ocrx_word' id='word_1_464' title='bbox 3650 3686 3769 3739; x_wconf 74' lang='lat' dir='ltr'><strong>qua:</strong></span> <span class='ocrx_word' id='word_1_465' title='bbox 3817 3675 3881 3725; x_wconf 77' lang='lat' dir='ltr'><strong>ali</strong></span> 
     </span>
    </p>
   </div>
   <div class='ocr_carea' id='block_1_68' title="bbox 2299 3752 3877 3822">
    <p class='ocr_par' dir='ltr' id='par_1_68' title="bbox 2299 3752 3877 3822">
     <span class='ocr_line' id='line_1_68' title="bbox 2299 3752 3877 3822; baseline 0.005 -17"><span class='ocrx_word' id='word_1_466' title='bbox 2299 3753 2392 3805; x_wconf 93' lang='lat' dir='ltr'><strong>illo</strong></span> <span class='ocrx_word' id='word_1_467' title='bbox 2423 3765 2664 3821; x_wconf 87' lang='lat' dir='ltr'><strong>tempore</strong></span> <span class='ocrx_word' id='word_1_468' title='bbox 2695 3753 2743 3806; x_wconf 91' lang='lat' dir='ltr'><strong>in</strong></span> <span class='ocrx_word' id='word_1_469' title='bbox 2777 3752 3022 3808; x_wconf 84' lang='lat' dir='ltr'><strong>Kalendis</strong></span> <span class='ocrx_word' id='word_1_470' title='bbox 3067 3754 3403 3822; x_wconf 82' lang='lat' dir='ltr'><strong>Novembris,</strong></span> <span class='ocrx_word' id='word_1_471' title='bbox 3453 3758 3504 3811; x_wconf 91' lang='lat' dir='ltr'><strong>in</strong></span> <span class='ocrx_word' id='word_1_472' title='bbox 3557 3761 3686 3814; x_wconf 87' lang='lat' dir='ltr'><strong>urbe</strong></span> <span class='ocrx_word' id='word_1_473' title='bbox 3717 3761 3877 3815; x_wconf 82' lang='lat' dir='ltr'><strong>Roma</strong></span> 
     </span>
    </p>
   </div>
   <div class='ocr_carea' id='block_1_69' title="bbox 2299 3846 3876 3919">
    <p class='ocr_par' dir='ltr' id='par_1_69' title="bbox 2299 3846 3876 3919">
     <span class='ocr_line' id='line_1_69' title="bbox 2299 3846 3876 3919; baseline 0.007 -22"><span class='ocrx_word' id='word_1_474' title='bbox 2299 3846 2526 3900; x_wconf 83' lang='lat' dir='ltr'><strong>celebris</strong></span> <span class='ocrx_word' id='word_1_475' title='bbox 2554 3855 2606 3898; x_wconf 91' lang='lat' dir='ltr'><strong>et</strong></span> <span class='ocrx_word' id='word_1_476' title='bbox 2637 3846 2902 3913; x_wconf 81' lang='lat' dir='ltr'><strong>generalis</strong></span> <span class='ocrx_word' id='word_1_477' title='bbox 2933 3847 3102 3915; x_wconf 81' lang='lat' dir='ltr'><strong>agitur</strong></span> <span class='ocrx_word' id='word_1_478' title='bbox 3125 3887 3142 3914; x_wconf 92' lang='lat'><strong>,</strong></span> <span class='ocrx_word' id='word_1_479' title='bbox 3191 3849 3282 3903; x_wconf 89' lang='lat' dir='ltr'><strong>sed</strong></span> <span class='ocrx_word' id='word_1_480' title='bbox 3313 3853 3361 3902; x_wconf 92' lang='lat' dir='ltr'><strong>in</strong></span> <span class='ocrx_word' id='word_1_481' title='bbox 3395 3850 3598 3919; x_wconf 84' lang='lat' dir='ltr'><strong>Galliis,</strong></span> <span class='ocrx_word' id='word_1_482' title='bbox 3629 3867 3876 3908; x_wconf 87' lang='lat' dir='ltr'><strong>monente</strong></span> 
     </span>
    </p>
   </div>
   <div class='ocr_carea' id='block_1_70' title="bbox 2293 3937 3877 4012">
    <p class='ocr_par' dir='ltr' id='par_1_70' title="bbox 2293 3937 3877 4012">
     <span class='ocr_line' id='line_1_70' title="bbox 2293 3937 3877 4012; baseline 0.009 -25"><span class='ocrx_word' id='word_1_483' title='bbox 2293 3947 2492 3989; x_wconf 73' lang='lat' dir='ltr'><strong>sancta:</strong></span> <span class='ocrx_word' id='word_1_484' title='bbox 2540 3937 2927 3991; x_wconf 82' lang='lat' dir='ltr'><strong>recordationis</strong></span> <span class='ocrx_word' id='word_1_485' title='bbox 2977 3938 3237 4006; x_wconf 73' lang='lat' dir='ltr'><strong>Gregorio</strong></span> <span class='ocrx_word' id='word_1_486' title='bbox 3288 3942 3556 4010; x_wconf 90' lang='lat' dir='ltr'><strong>pontiﬁce,</strong></span> <span class='ocrx_word' id='word_1_487' title='bbox 3612 3945 3877 4012; x_wconf 77' lang='lat' dir='ltr'><strong>piissimus</strong></span> 
     </span>
    </p>
   </div>
   <div class='ocr_carea' id='block_1_71' title="bbox 2292 4026 3875 4106">
    <p class='ocr_par' dir='ltr' id='par_1_71' title="bbox 2292 4026 3875 4106">
     <span class='ocr_line' id='line_1_71' title="bbox 2292 4026 3875 4106; baseline 0.007 -27"><span class='ocrx_word' id='word_1_488' title='bbox 2292 4026 2592 4081; x_wconf 87' lang='lat' dir='ltr'><strong>Ludovicus</strong></span> <span class='ocrx_word' id='word_1_489' title='bbox 2641 4029 2930 4096; x_wconf 90' lang='lat' dir='ltr'><strong>imperator</strong></span> <span class='ocrx_word' id='word_1_490' title='bbox 2978 4030 3226 4084; x_wconf 89' lang='lat' dir='ltr'><strong>omnibus</strong></span> <span class='ocrx_word' id='word_1_491' title='bbox 3272 4034 3416 4101; x_wconf 79' lang='lat' dir='ltr'><strong>regni</strong></span> <span class='ocrx_word' id='word_1_492' title='bbox 3446 4035 3528 4088; x_wconf 86' lang='lat' dir='ltr'><strong>sui</strong></span> <span class='ocrx_word' id='word_1_493' title='bbox 3573 4045 3626 4089; x_wconf 88' lang='lat' dir='ltr'><strong>et</strong></span> <span class='ocrx_word' id='word_1_494' title='bbox 3670 4036 3875 4106; x_wconf 86' lang='lat' dir='ltr'><strong>imperii</strong></span> 
     </span>
    </p>
   </div>
   <div class='ocr_carea' id='block_1_72' title="bbox 1803 4139 2575 4196">
    <p class='ocr_par' dir='ltr' id='par_1_72' title="bbox 1803 4139 2575 4196">
     <span class='ocr_line' id='line_1_72' title="bbox 1803 4139 2575 4196; baseline -0.004 -1"><span class='ocrx_word' id='word_1_495' title='bbox 1803 4141 2027 4196; x_wconf 85' lang='lat' dir='ltr'><strong>EDITIO</strong></span> <span class='ocrx_word' id='word_1_496' title='bbox 2069 4139 2575 4194; x_wconf 75' lang='lat' dir='ltr'><strong>BOLLANDIANA.</strong></span> 
     </span>
    </p>
   </div>
   <div class='ocr_carea' id='block_1_73' title="bbox 650 4232 3877 4312">
    <p class='ocr_par' dir='ltr' id='par_1_73' title="bbox 650 4232 3877 4312">
     <span class='ocr_line' id='line_1_73' title="bbox 650 4232 3877 4312; baseline 0.002 -24"><span class='ocrx_word' id='word_1_497' title='bbox 650 4239 726 4290; x_wconf 79' lang='grc'><strong>,1.</strong></span> <span class='ocrx_word' id='word_1_498' title='bbox 761 4267 830 4277; x_wconf 93' lang='grc'><strong>-</strong></span> <span class='ocrx_word' id='word_1_499' title='bbox 858 4237 1145 4291; x_wconf 73' lang='lat' dir='ltr'><strong>Kaua-ants.</strong></span> <span class='ocrx_word' id='word_1_500' title='bbox 1181 4236 1460 4291; x_wconf 86' lang='lat' dir='ltr'><strong>Festivitas</strong></span> <span class='ocrx_word' id='word_1_501' title='bbox 1488 4238 1724 4290; x_wconf 91' lang='lat' dir='ltr'><strong>omnium</strong></span> <span class='ocrx_word' id='word_1_502' title='bbox 1753 4236 2092 4290; x_wconf 86' lang='lat' dir='ltr'><strong>Sanetorum.</strong></span> <span class='ocrx_word' id='word_1_503' title='bbox 2125 4235 2188 4288; x_wconf 78' lang='lat' dir='ltr'><strong>Et</strong></span> <span class='ocrx_word' id='word_1_504' title='bbox 2221 4237 2265 4294; x_wconf 91' lang='lat' dir='ltr'><strong>D</strong></span> <span class='ocrx_word' id='word_1_505' title='bbox 2293 4241 2345 4286; x_wconf 89' lang='lat' dir='ltr'><strong>et</strong></span> <span class='ocrx_word' id='word_1_506' title='bbox 2372 4247 2533 4286; x_wconf 83' lang='lat' dir='ltr'><strong>canes</strong></span> <span class='ocrx_word' id='word_1_507' title='bbox 2579 4232 2786 4287; x_wconf 82' lang='lat' dir='ltr'><strong>feroces</strong></span> <span class='ocrx_word' id='word_1_508' title='bbox 2833 4232 3110 4287; x_wconf 88' lang='lat' dir='ltr'><strong>duodecim</strong></span> <span class='ocrx_word' id='word_1_509' title='bbox 3159 4249 3277 4288; x_wconf 91' lang='lat' dir='ltr'><strong>cum</strong></span> <span class='ocrx_word' id='word_1_510' title='bbox 3308 4251 3373 4290; x_wconf 91' lang='lat' dir='ltr'><strong>eo</strong></span> <span class='ocrx_word' id='word_1_511' title='bbox 3414 4237 3740 4294; x_wconf 87' lang='lat' dir='ltr'><strong>incluserunt</strong></span> <span class='ocrx_word' id='word_1_512' title='bbox 3785 4258 3877 4312; x_wconf 85' lang='lat' dir='ltr'><strong>per</strong></span> 
     </span>
    </p>
   </div>
   <div class='ocr_carea' id='block_1_74' title="bbox 599 4328 2185 4397">
    <p class='ocr_par' dir='ltr' id='par_1_74' title="bbox 599 4328 2185 4397">
     <span class='ocr_line' id='line_1_74' title="bbox 599 4328 2185 4397; baseline -0.001 -17"><span class='ocrx_word' id='word_1_513' title='bbox 599 4329 651 4381; x_wconf 87' lang='lat' dir='ltr'><strong>in</strong></span> <span class='ocrx_word' id='word_1_514' title='bbox 682 4328 872 4382; x_wconf 85' lang='lat' dir='ltr'><strong>Castro</strong></span> <span class='ocrx_word' id='word_1_515' title='bbox 906 4330 1104 4382; x_wconf 86' lang='lat' dir='ltr'><strong>[)iveun</strong></span> <span class='ocrx_word' id='word_1_516' title='bbox 1154 4331 1326 4381; x_wconf 88' lang='lat' dir='ltr'><strong>natale</strong></span> <span class='ocrx_word' id='word_1_517' title='bbox 1357 4331 1412 4384; x_wconf 92' lang='lat' dir='ltr'><strong>S.</strong></span> <span class='ocrx_word' id='word_1_518' title='bbox 1465 4330 1678 4395; x_wconf 72' lang='lat' dir='ltr'><strong>Benigui</strong></span> <span class='ocrx_word' id='word_1_519' title='bbox 1719 4328 2034 4397; x_wconf 83' lang='lat' dir='ltr'><strong>presbyteri,</strong></span> <span class='ocrx_word' id='word_1_520' title='bbox 2099 4328 2185 4394; x_wconf 85' lang='lat' dir='ltr'><strong>qui</strong></span> 
     </span>
    </p>
   </div>
   <div class='ocr_carea' id='block_1_75' title="bbox 602 4417 2190 4488">
    <p class='ocr_par' dir='ltr' id='par_1_75' title="bbox 602 4417 2190 4488">
     <span class='ocr_line' id='line_1_75' title="bbox 602 4417 2190 4488; baseline -0.002 -16"><span class='ocrx_word' id='word_1_521' title='bbox 602 4434 722 4472; x_wconf 89' lang='lat' dir='ltr'><strong>cum</strong></span> <span class='ocrx_word' id='word_1_522' title='bbox 758 4418 1032 4472; x_wconf 81' lang='lat' dir='ltr'><strong>Andochio</strong></span> <span class='ocrx_word' id='word_1_523' title='bbox 1056 4424 1489 4487; x_wconf 57' lang='lat' dir='ltr'><strong>crunpresliytero</strong></span> <span class='ocrx_word' id='word_1_524' title='bbox 1519 4431 1572 4472; x_wconf 89' lang='lat' dir='ltr'><strong>et</strong></span> <span class='ocrx_word' id='word_1_525' title='bbox 1611 4419 1781 4488; x_wconf 87' lang='lat' dir='ltr'><strong>Tyrso</strong></span> <span class='ocrx_word' id='word_1_526' title='bbox 1805 4419 2030 4472; x_wconf 59' lang='lat' dir='ltr'><strong>deiectio</strong></span> <span class='ocrx_word' id='word_1_527' title='bbox 2061 4417 2190 4470; x_wconf 84' lang='lat' dir='ltr'><strong>mis-</strong></span> 
     </span>
    </p>
   </div>
   <div class='ocr_carea' id='block_1_76' title="bbox 605 4509 2183 4577">
    <p class='ocr_par' dir='ltr' id='par_1_76' title="bbox 605 4509 2183 4577">
     <span class='ocr_line' id='line_1_76' title="bbox 605 4509 2183 4577; baseline -0.001 -15"><span class='ocrx_word' id='word_1_528' title='bbox 605 4525 696 4562; x_wconf 90' lang='lat' dir='ltr'><strong>sus</strong></span> <span class='ocrx_word' id='word_1_529' title='bbox 725 4519 806 4564; x_wconf 87' lang='lat' dir='ltr'><strong>est</strong></span> <span class='ocrx_word' id='word_1_530' title='bbox 829 4525 855 4562; x_wconf 89' lang='lat' dir='ltr'><strong>a</strong></span> <span class='ocrx_word' id='word_1_531' title='bbox 887 4511 943 4562; x_wconf 85' lang='lat' dir='ltr'><strong>S.</strong></span> <span class='ocrx_word' id='word_1_532' title='bbox 979 4512 1231 4577; x_wconf 74' lang='lat' dir='ltr'><strong>episeopo</strong></span> <span class='ocrx_word' id='word_1_533' title='bbox 1266 4510 1557 4577; x_wconf 78' lang='lat' dir='ltr'><strong>l‘olycarpo</strong></span> <span class='ocrx_word' id='word_1_534' title='bbox 1587 4509 1654 4562; x_wconf 91' lang='lat' dir='ltr'><strong>ab</strong></span> <span class='ocrx_word' id='word_1_535' title='bbox 1696 4509 1915 4562; x_wconf 87' lang='lat' dir='ltr'><strong>Oriente</strong></span> <span class='ocrx_word' id='word_1_536' title='bbox 1958 4509 2183 4564; x_wconf 87' lang='lat' dir='ltr'><strong>Galliam</strong></span> 
     </span>
    </p>
   </div>
   <div class='ocr_carea' id='block_1_77' title="bbox 601 4601 2190 4671">
    <p class='ocr_par' dir='ltr' id='par_1_77' title="bbox 601 4601 2190 4671">
     <span class='ocr_line' id='line_1_77' title="bbox 601 4601 2190 4671; baseline 0 -17"><span class='ocrx_word' id='word_1_537' title='bbox 601 4610 839 4671; x_wconf 85' lang='lat' dir='ltr'><strong>tempore</strong></span> <span class='ocrx_word' id='word_1_538' title='bbox 885 4610 912 4637; x_wconf 67' lang='grc'>⁸</span> <span class='ocrx_word' id='word_1_539' title='bbox 943 4601 1238 4656; x_wconf 78' lang='lat' dir='ltr'><strong>Aureliani.</strong></span> <span class='ocrx_word' id='word_1_540' title='bbox 1272 4603 1370 4666; x_wconf 86' lang='lat' dir='ltr'><strong>Qui</strong></span> <span class='ocrx_word' id='word_1_541' title='bbox 1399 4601 1773 4669; x_wconf 65' lang='lat' dir='ltr'><strong>pra&#39;dicatione</strong></span> <span class='ocrx_word' id='word_1_542' title='bbox 1803 4601 1916 4668; x_wconf 79' lang='lat' dir='ltr'><strong>ejus</strong></span> <span class='ocrx_word' id='word_1_543' title='bbox 1948 4617 2190 4669; x_wconf 71' lang='lat' dir='ltr'><strong>comper-</strong></span> 
     </span>
    </p>
   </div>
   <div class='ocr_carea' id='block_1_78' title="bbox 605 4691 2185 4762">
    <p class='ocr_par' dir='ltr' id='par_1_78' title="bbox 605 4691 2185 4762">
     <span class='ocr_line' id='line_1_78' title="bbox 605 4691 2185 4762; baseline 0.001 -18"><span class='ocrx_word' id='word_1_544' title='bbox 605 4702 675 4752; x_wconf 88' lang='lat' dir='ltr'><strong>ta,</strong></span> <span class='ocrx_word' id='word_1_545' title='bbox 703 4691 728 4730; x_wconf 75' lang='grc' dir='ltr'><strong>ιι</strong></span> <span class='ocrx_word' id='word_1_546' title='bbox 763 4692 997 4746; x_wconf 86' lang='lat' dir='ltr'><strong>vinctum</strong></span> <span class='ocrx_word' id='word_1_547' title='bbox 1023 4708 1142 4746; x_wconf 89' lang='lat' dir='ltr'><strong>eum</strong></span> <span class='ocrx_word' id='word_1_548' title='bbox 1171 4702 1225 4746; x_wconf 91' lang='lat' dir='ltr'><strong>et</strong></span> <span class='ocrx_word' id='word_1_549' title='bbox 1268 4709 1462 4746; x_wconf 67' lang='lat' dir='ltr'><strong>cazsum</strong></span> <span class='ocrx_word' id='word_1_550' title='bbox 1501 4695 1565 4746; x_wconf 90' lang='lat' dir='ltr'><strong>ad</strong></span> <span class='ocrx_word' id='word_1_551' title='bbox 1609 4709 1667 4747; x_wconf 90' lang='lat' dir='ltr'><strong>se</strong></span> <span class='ocrx_word' id='word_1_552' title='bbox 1697 4693 1886 4746; x_wconf 85' lang='lat' dir='ltr'><strong>adduci</strong></span> <span class='ocrx_word' id='word_1_553' title='bbox 1919 4694 2185 4762; x_wconf 64' lang='lat' dir='ltr'><strong>przccejiiit:</strong></span> 
     </span>
    </p>
   </div>
   <div class='ocr_carea' id='block_1_79' title="bbox 599 4784 2192 4854">
    <p class='ocr_par' dir='ltr' id='par_1_79' title="bbox 599 4784 2192 4854">
     <span class='ocr_line' id='line_1_79' title="bbox 599 4784 2192 4854; baseline 0.001 -18"><span class='ocrx_word' id='word_1_554' title='bbox 599 4795 650 4837; x_wconf 88' lang='lat' dir='ltr'><strong>et</strong></span> <span class='ocrx_word' id='word_1_555' title='bbox 675 4799 908 4848; x_wconf 87' lang='lat' dir='ltr'><strong>rursum,</strong></span> <span class='ocrx_word' id='word_1_556' title='bbox 957 4784 1135 4837; x_wconf 89' lang='lat' dir='ltr'><strong>audita</strong></span> <span class='ocrx_word' id='word_1_557' title='bbox 1175 4800 1480 4838; x_wconf 87' lang='lat' dir='ltr'><strong>sermonum</strong></span> <span class='ocrx_word' id='word_1_558' title='bbox 1521 4785 1635 4854; x_wconf 90' lang='lat' dir='ltr'><strong>ejus</strong></span> <span class='ocrx_word' id='word_1_559' title='bbox 1661 4786 1983 4848; x_wconf 84' lang='lat' dir='ltr'><strong>constantia,</strong></span> <span class='ocrx_word' id='word_1_560' title='bbox 2014 4787 2192 4838; x_wconf 81' lang='lat' dir='ltr'><strong>nervis</strong></span> 
     </span>
    </p>
   </div>
   <div class='ocr_carea' id='block_1_80' title="bbox 602 4877 2190 4945">
    <p class='ocr_par' dir='ltr' id='par_1_80' title="bbox 602 4877 2190 4945">
     <span class='ocr_line' id='line_1_80' title="bbox 602 4877 2190 4945; baseline 0 -15"><span class='ocrx_word' id='word_1_561' title='bbox 602 4877 906 4932; x_wconf 87' lang='lat' dir='ltr'><strong>durissimis</strong></span> <span class='ocrx_word' id='word_1_562' title='bbox 935 4891 1055 4931; x_wconf 89' lang='lat' dir='ltr'><strong>eum</strong></span> <span class='ocrx_word' id='word_1_563' title='bbox 1087 4879 1220 4932; x_wconf 70' lang='lat' dir='ltr'><strong>credi</strong></span> <span class='ocrx_word' id='word_1_564' title='bbox 1263 4877 1405 4943; x_wconf 79' lang='lat' dir='ltr'><strong>fecit,</strong></span> <span class='ocrx_word' id='word_1_565' title='bbox 1437 4889 1490 4933; x_wconf 89' lang='lat' dir='ltr'><strong>et</strong></span> <span class='ocrx_word' id='word_1_566' title='bbox 1515 4879 1770 4932; x_wconf 88' lang='lat' dir='ltr'><strong>Terentio</strong></span> <span class='ocrx_word' id='word_1_567' title='bbox 1818 4877 2000 4932; x_wconf 87' lang='lat' dir='ltr'><strong>comiti</strong></span> <span class='ocrx_word' id='word_1_568' title='bbox 2031 4891 2190 4945; x_wconf 86' lang='lat' dir='ltr'><strong>supe-</strong></span> 
     </span>
    </p>
   </div>
   <div class='ocr_carea' id='block_1_81' title="bbox 599 4967 2176 5035">
    <p class='ocr_par' dir='ltr' id='par_1_81' title="bbox 599 4967 2176 5035">
     <span class='ocr_line' id='line_1_81' title="bbox 599 4967 2176 5035; baseline 0 -14"><span class='ocrx_word' id='word_1_569' title='bbox 599 4967 822 5021; x_wconf 86' lang='lat' dir='ltr'><strong>randum</strong></span> <span class='ocrx_word' id='word_1_570' title='bbox 866 4967 1100 5021; x_wconf 89' lang='lat' dir='ltr'><strong>tradidit.</strong></span> <span class='ocrx_word' id='word_1_571' title='bbox 1127 4970 1168 5021; x_wconf 88' lang='lat' dir='ltr'><strong>A</strong></span> <span class='ocrx_word' id='word_1_572' title='bbox 1196 4984 1300 5035; x_wconf 88' lang='lat' dir='ltr'><strong>quo</strong></span> <span class='ocrx_word' id='word_1_573' title='bbox 1325 4969 1390 5021; x_wconf 89' lang='lat' dir='ltr'><strong>ad</strong></span> <span class='ocrx_word' id='word_1_574' title='bbox 1424 4969 1684 5023; x_wconf 86' lang='lat' dir='ltr'><strong>Irochleas</strong></span> <span class='ocrx_word' id='word_1_575' title='bbox 1712 4980 1965 5023; x_wconf 86' lang='lat' dir='ltr'><strong>extensus</strong></span> <span class='ocrx_word' id='word_1_576' title='bbox 1993 4979 2046 5022; x_wconf 91' lang='lat' dir='ltr'><strong>et</strong></span> <span class='ocrx_word' id='word_1_577' title='bbox 2068 4983 2176 5021; x_wconf 75' lang='lat' dir='ltr'><strong>etc-</strong></span> 
     </span>
    </p>
   </div>
   <div class='ocr_carea' id='block_1_82' title="bbox 599 5058 2178 5129">
    <p class='ocr_par' dir='ltr' id='par_1_82' title="bbox 599 5058 2178 5129">
     <span class='ocr_line' id='line_1_82' title="bbox 599 5058 2178 5129; baseline 0.001 -19"><span class='ocrx_word' id='word_1_578' title='bbox 599 5073 690 5110; x_wconf 87' lang='lat' dir='ltr'><strong>sus</strong></span> <span class='ocrx_word' id='word_1_579' title='bbox 746 5073 808 5111; x_wconf 90' lang='lat' dir='ltr'><strong>ac</strong></span> <span class='ocrx_word' id='word_1_580' title='bbox 854 5073 1065 5112; x_wconf 90' lang='lat' dir='ltr'><strong>rursum</strong></span> <span class='ocrx_word' id='word_1_581' title='bbox 1121 5058 1321 5113; x_wconf 89' lang='lat' dir='ltr'><strong>carceri</strong></span> <span class='ocrx_word' id='word_1_582' title='bbox 1381 5061 1710 5129; x_wconf 89' lang='lat' dir='ltr'><strong>mancipatus</strong></span> <span class='ocrx_word' id='word_1_583' title='bbox 1743 5101 1759 5125; x_wconf 90' lang='lat'><strong>,</strong></span> <span class='ocrx_word' id='word_1_584' title='bbox 1833 5076 1988 5114; x_wconf 89' lang='lat' dir='ltr'><strong>mane</strong></span> <span class='ocrx_word' id='word_1_585' title='bbox 2041 5060 2178 5113; x_wconf 87' lang='lat' dir='ltr'><strong>idola</strong></span> 
     </span>
    </p>
   </div>
   <div class='ocr_carea' id='block_1_83' title="bbox 598 5146 2180 5216">
    <p class='ocr_par' dir='ltr' id='par_1_83' title="bbox 598 5146 2180 5216">
     <span class='ocr_line' id='line_1_83' title="bbox 598 5146 2180 5216; baseline 0 -13"><span class='ocrx_word' id='word_1_586' title='bbox 598 5146 798 5203; x_wconf 84' lang='lat' dir='ltr'><strong>orando</strong></span> <span class='ocrx_word' id='word_1_587' title='bbox 843 5150 1129 5216; x_wconf 78' lang='lat' dir='ltr'><strong>destruxit,</strong></span> <span class='ocrx_word' id='word_1_588' title='bbox 1175 5162 1226 5204; x_wconf 92' lang='lat' dir='ltr'><strong>et</strong></span> <span class='ocrx_word' id='word_1_589' title='bbox 1271 5151 1523 5206; x_wconf 88' lang='lat' dir='ltr'><strong>reduetus</strong></span> <span class='ocrx_word' id='word_1_590' title='bbox 1549 5161 1629 5206; x_wconf 89' lang='lat' dir='ltr'><strong>est</strong></span> <span class='ocrx_word' id='word_1_591' title='bbox 1685 5153 1735 5206; x_wconf 89' lang='lat' dir='ltr'><strong>in</strong></span> <span class='ocrx_word' id='word_1_592' title='bbox 1767 5167 2059 5206; x_wconf 86' lang='lat' dir='ltr'><strong>carcerem.</strong></span> <span class='ocrx_word' id='word_1_593' title='bbox 2087 5151 2180 5206; x_wconf 88' lang='lat' dir='ltr'><strong>Cui</strong></span> 
     </span>
    </p>
   </div>
   <div class='ocr_carea' id='block_1_84' title="bbox 598 5241 2179 5308">
    <p class='ocr_par' dir='ltr' id='par_1_84' title="bbox 598 5241 2179 5308">
     <span class='ocr_line' id='line_1_84' title="bbox 598 5241 2179 5308; baseline 0.001 -14"><span class='ocrx_word' id='word_1_594' title='bbox 598 5241 815 5296; x_wconf 70' lang='lat' dir='ltr'><strong>siihulas</strong></span> <span class='ocrx_word' id='word_1_595' title='bbox 845 5243 1029 5297; x_wconf 88' lang='lat' dir='ltr'><strong>decem</strong></span> <span class='ocrx_word' id='word_1_596' title='bbox 1059 5244 1294 5298; x_wconf 88' lang='lat' dir='ltr'><strong>calentes</strong></span> <span class='ocrx_word' id='word_1_597' title='bbox 1326 5244 1376 5296; x_wconf 91' lang='lat' dir='ltr'><strong>in</strong></span> <span class='ocrx_word' id='word_1_598' title='bbox 1416 5243 1661 5297; x_wconf 89' lang='lat' dir='ltr'><strong>manibus</strong></span> <span class='ocrx_word' id='word_1_599' title='bbox 1700 5247 1950 5308; x_wconf 81' lang='lat' dir='ltr'><strong>ﬁxerunt,</strong></span> <span class='ocrx_word' id='word_1_600' title='bbox 1983 5252 2036 5296; x_wconf 92' lang='lat' dir='ltr'><strong>et</strong></span> <span class='ocrx_word' id='word_1_601' title='bbox 2059 5258 2179 5296; x_wconf 89' lang='lat' dir='ltr'><strong>eum</strong></span> 
     </span>
    </p>
   </div>
   <div class='ocr_carea' id='block_1_85' title="bbox 598 5332 2177 5403">
    <p class='ocr_par' dir='ltr' id='par_1_85' title="bbox 598 5332 2177 5403">
     <span class='ocr_line' id='line_1_85' title="bbox 598 5332 2177 5403; baseline 0.001 -19"><span class='ocrx_word' id='word_1_602' title='bbox 598 5332 812 5399; x_wconf 86' lang='lat' dir='ltr'><strong>plumbo</strong></span> <span class='ocrx_word' id='word_1_603' title='bbox 844 5335 1069 5388; x_wconf 92' lang='lat' dir='ltr'><strong>remisso</strong></span> <span class='ocrx_word' id='word_1_604' title='bbox 1102 5334 1262 5403; x_wconf 80' lang='lat' dir='ltr'><strong>pedes</strong></span> <span class='ocrx_word' id='word_1_605' title='bbox 1292 5335 1343 5388; x_wconf 93' lang='lat' dir='ltr'><strong>in</strong></span> <span class='ocrx_word' id='word_1_606' title='bbox 1389 5334 1561 5402; x_wconf 85' lang='lat' dir='ltr'><strong>lapide</strong></span> <span class='ocrx_word' id='word_1_607' title='bbox 1605 5337 1873 5402; x_wconf 79' lang='lat' dir='ltr'><strong>perforato</strong></span> <span class='ocrx_word' id='word_1_608' title='bbox 1925 5333 2177 5396; x_wconf 77' lang='lat' dir='ltr'><strong>ﬁxerunt,</strong></span> 
     </span>
    </p>
   </div>
   <div class='ocr_carea' id='block_1_86' title="bbox 2301 4322 3875 4393">
    <p class='ocr_par' dir='ltr' id='par_1_86' title="bbox 2301 4322 3875 4393">
     <span class='ocr_line' id='line_1_86' title="bbox 2301 4322 3875 4393; baseline 0.008 -20"><span class='ocrx_word' id='word_1_609' title='bbox 2301 4337 2392 4374; x_wconf 69' lang='lat' dir='ltr'><strong>sex</strong></span> <span class='ocrx_word' id='word_1_610' title='bbox 2425 4323 2559 4376; x_wconf 90' lang='lat' dir='ltr'><strong>dies.</strong></span> <span class='ocrx_word' id='word_1_611' title='bbox 2591 4322 2655 4375; x_wconf 84' lang='lat' dir='ltr'><strong>Et</strong></span> <span class='ocrx_word' id='word_1_612' title='bbox 2682 4323 2810 4375; x_wconf 89' lang='lat' dir='ltr'><strong>aluit</strong></span> <span class='ocrx_word' id='word_1_613' title='bbox 2840 4339 2958 4376; x_wconf 88' lang='lat' dir='ltr'><strong>eum</strong></span> <span class='ocrx_word' id='word_1_614' title='bbox 2986 4324 3206 4391; x_wconf 80' lang='lat' dir='ltr'><strong>angelus</strong></span> <span class='ocrx_word' id='word_1_615' title='bbox 3238 4341 3370 4393; x_wconf 86' lang='lat' dir='ltr'><strong>pane</strong></span> <span class='ocrx_word' id='word_1_616' title='bbox 3399 4327 3624 4388; x_wconf 65' lang='lat' dir='ltr'><strong>caelesti.</strong></span> <span class='ocrx_word' id='word_1_617' title='bbox 3657 4330 3875 4384; x_wconf 89' lang='lat' dir='ltr'><strong>subulas</strong></span> 
     </span>
    </p>
   </div>
   <div class='ocr_carea' id='block_1_87' title="bbox 2294 4414 3876 4483">
    <p class='ocr_par' dir='ltr' id='par_1_87' title="bbox 2294 4414 3876 4483">
     <span class='ocr_line' id='line_1_87' title="bbox 2294 4414 3876 4483; baseline 0.006 -20"><span class='ocrx_word' id='word_1_618' title='bbox 2294 4414 2533 4478; x_wconf 84' lang='lat' dir='ltr'><strong>abstulit,</strong></span> <span class='ocrx_word' id='word_1_619' title='bbox 2578 4423 2631 4467; x_wconf 91' lang='lat' dir='ltr'><strong>et</strong></span> <span class='ocrx_word' id='word_1_620' title='bbox 2679 4429 2800 4467; x_wconf 90' lang='lat' dir='ltr'><strong>eum</strong></span> <span class='ocrx_word' id='word_1_621' title='bbox 2860 4414 2926 4466; x_wconf 88' lang='lat' dir='ltr'><strong>de</strong></span> <span class='ocrx_word' id='word_1_622' title='bbox 2957 4414 3173 4481; x_wconf 86' lang='lat' dir='ltr'><strong>plumbo</strong></span> <span class='ocrx_word' id='word_1_623' title='bbox 3203 4430 3263 4468; x_wconf 89' lang='lat' dir='ltr'><strong>ac</strong></span> <span class='ocrx_word' id='word_1_624' title='bbox 3318 4415 3457 4470; x_wconf 78' lang='lat' dir='ltr'><strong>ferro</strong></span> <span class='ocrx_word' id='word_1_625' title='bbox 3492 4418 3704 4483; x_wconf 86' lang='lat' dir='ltr'><strong>eripuit.</strong></span> <span class='ocrx_word' id='word_1_626' title='bbox 3753 4420 3876 4476; x_wconf 85' lang='lat' dir='ltr'><strong>Post</strong></span> 
     </span>
    </p>
   </div>
   <div class='ocr_carea' id='block_1_88' title="bbox 2295 4501 3871 4570">
    <p class='ocr_par' dir='ltr' id='par_1_88' title="bbox 2295 4501 3871 4570">
     <span class='ocr_line' id='line_1_88' title="bbox 2295 4501 3871 4570; baseline 0.008 -17"><span class='ocrx_word' id='word_1_627' title='bbox 2295 4503 2416 4566; x_wconf 87' lang='lat' dir='ltr'><strong>hoc,</strong></span> <span class='ocrx_word' id='word_1_628' title='bbox 2443 4503 2640 4556; x_wconf 78' lang='lat' dir='ltr'><strong>collum</strong></span> <span class='ocrx_word' id='word_1_629' title='bbox 2669 4501 2784 4570; x_wconf 78' lang='lat' dir='ltr'><strong>ejus</strong></span> <span class='ocrx_word' id='word_1_630' title='bbox 2810 4516 2958 4556; x_wconf 76' lang='lat' dir='ltr'><strong>veme</strong></span> <span class='ocrx_word' id='word_1_631' title='bbox 2989 4507 3164 4558; x_wconf 90' lang='lat' dir='ltr'><strong>lerrco</strong></span> <span class='ocrx_word' id='word_1_632' title='bbox 3203 4505 3348 4559; x_wconf 93' lang='lat' dir='ltr'><strong>tundi</strong></span> <span class='ocrx_word' id='word_1_633' title='bbox 3395 4520 3455 4560; x_wconf 91' lang='lat' dir='ltr'><strong>ac</strong></span> <span class='ocrx_word' id='word_1_634' title='bbox 3497 4508 3673 4563; x_wconf 83' lang='lat' dir='ltr'><strong>lancea</strong></span> <span class='ocrx_word' id='word_1_635' title='bbox 3713 4509 3871 4564; x_wconf 76' lang='lat' dir='ltr'><strong>forari</strong></span> 
     </span>
    </p>
   </div>
   <div class='ocr_carea' id='block_1_89' title="bbox 2288 4594 3869 4662">
    <p class='ocr_par' dir='ltr' id='par_1_89' title="bbox 2288 4594 3869 4662">
     <span class='ocr_line' id='line_1_89' title="bbox 2288 4594 3869 4662; baseline 0.007 -19"><span class='ocrx_word' id='word_1_636' title='bbox 2288 4595 2523 4662; x_wconf 82' lang='lat' dir='ltr'><strong>jnl-etur.</strong></span> <span class='ocrx_word' id='word_1_637' title='bbox 2557 4598 2674 4660; x_wconf 86' lang='lat' dir='ltr'><strong>Quo</strong></span> <span class='ocrx_word' id='word_1_638' title='bbox 2716 4597 2852 4649; x_wconf 79' lang='lat' dir='ltr'><strong>laeto</strong></span> <span class='ocrx_word' id='word_1_639' title='bbox 2889 4594 3132 4650; x_wconf 90' lang='lat' dir='ltr'><strong>columba</strong></span> <span class='ocrx_word' id='word_1_640' title='bbox 3175 4597 3325 4650; x_wconf 88' lang='lat' dir='ltr'><strong>nivea</strong></span> <span class='ocrx_word' id='word_1_641' title='bbox 3368 4597 3432 4651; x_wconf 89' lang='lat' dir='ltr'><strong>de</strong></span> <span class='ocrx_word' id='word_1_642' title='bbox 3462 4613 3673 4652; x_wconf 86' lang='lat' dir='ltr'><strong>carcere</strong></span> <span class='ocrx_word' id='word_1_643' title='bbox 3717 4603 3869 4654; x_wconf 80' lang='lat' dir='ltr'><strong>Chri-</strong></span> 
     </span>
    </p>
   </div>
   <div class='ocr_carea' id='block_1_90' title="bbox 2295 4687 3871 4754">
    <p class='ocr_par' dir='ltr' id='par_1_90' title="bbox 2295 4687 3871 4754">
     <span class='ocr_line' id='line_1_90' title="bbox 2295 4687 3871 4754; baseline 0.004 -15"><span class='ocrx_word' id='word_1_644' title='bbox 2295 4688 2482 4740; x_wconf 79' lang='lat' dir='ltr'><strong>stlanis</strong></span> <span class='ocrx_word' id='word_1_645' title='bbox 2511 4687 2890 4754; x_wconf 86' lang='lat' dir='ltr'><strong>aspicientibus</strong></span> <span class='ocrx_word' id='word_1_646' title='bbox 2922 4687 2988 4739; x_wconf 91' lang='lat' dir='ltr'><strong>ad</strong></span> <span class='ocrx_word' id='word_1_647' title='bbox 3020 4687 3184 4741; x_wconf 66' lang='lat' dir='ltr'><strong>coslos</strong></span> <span class='ocrx_word' id='word_1_648' title='bbox 3227 4687 3486 4752; x_wconf 87' lang='lat' dir='ltr'><strong>ascendit,</strong></span> <span class='ocrx_word' id='word_1_649' title='bbox 3509 4699 3563 4743; x_wconf 91' lang='lat' dir='ltr'><strong>et</strong></span> <span class='ocrx_word' id='word_1_650' title='bbox 3591 4691 3724 4744; x_wconf 90' lang='lat' dir='ltr'><strong>odor</strong></span> <span class='ocrx_word' id='word_1_651' title='bbox 3756 4707 3871 4746; x_wconf 81' lang='lat' dir='ltr'><strong>sua-</strong></span> 
     </span>
    </p>
   </div>
   <div class='ocr_carea' id='block_1_91' title="bbox 2300 4778 3875 4844">
    <p class='ocr_par' dir='ltr' id='par_1_91' title="bbox 2300 4778 3875 4844">
     <span class='ocr_line' id='line_1_91' title="bbox 2300 4778 3875 4844; baseline 0.005 -16"><span class='ocrx_word' id='word_1_652' title='bbox 2300 4779 2550 4830; x_wconf 53' lang='lat' dir='ltr'><strong>vissimus</strong></span> <span class='ocrx_word' id='word_1_653' title='bbox 2605 4779 2754 4843; x_wconf 89' lang='lat' dir='ltr'><strong>quasi</strong></span> <span class='ocrx_word' id='word_1_654' title='bbox 2817 4778 3044 4844; x_wconf 87' lang='lat' dir='ltr'><strong>paradisi</strong></span> <span class='ocrx_word' id='word_1_655' title='bbox 3098 4789 3314 4832; x_wconf 88' lang='lat' dir='ltr'><strong>secutus</strong></span> <span class='ocrx_word' id='word_1_656' title='bbox 3356 4788 3457 4833; x_wconf 89' lang='lat' dir='ltr'><strong>est.</strong></span> <span class='ocrx_word' id='word_1_657' title='bbox 3512 4780 3875 4836; x_wconf 80' lang='lat' dir='ltr'><strong>Descendente</strong></span> 
     </span>
    </p>
   </div>
   <div class='ocr_carea' id='block_1_92' title="bbox 2303 4867 3878 4936">
    <p class='ocr_par' dir='ltr' id='par_1_92' title="bbox 2303 4867 3878 4936">
     <span class='ocr_line' id='line_1_92' title="bbox 2303 4867 3878 4936; baseline 0.002 -13"><span class='ocrx_word' id='word_1_658' title='bbox 2303 4869 2592 4923; x_wconf 83' lang='lat' dir='ltr'><strong>Aureliano</strong></span> <span class='ocrx_word' id='word_1_659' title='bbox 2620 4884 2646 4920; x_wconf 88' lang='lat' dir='ltr'><strong>a</strong></span> <span class='ocrx_word' id='word_1_660' title='bbox 2690 4868 2830 4934; x_wconf 90' lang='lat' dir='ltr'><strong>loco,</strong></span> <span class='ocrx_word' id='word_1_661' title='bbox 2880 4868 3187 4936; x_wconf 88' lang='lat' dir='ltr'><strong>supervenit</strong></span> <span class='ocrx_word' id='word_1_662' title='bbox 3219 4867 3282 4923; x_wconf 89' lang='grc' dir='ltr'><strong>Β.</strong></span> <span class='ocrx_word' id='word_1_663' title='bbox 3327 4869 3581 4933; x_wconf 87' lang='lat' dir='ltr'><strong>Leonilla,</strong></span> <span class='ocrx_word' id='word_1_664' title='bbox 3612 4883 3664 4925; x_wconf 90' lang='lat' dir='ltr'><strong>et</strong></span> <span class='ocrx_word' id='word_1_665' title='bbox 3692 4875 3878 4926; x_wconf 79' lang='lat' dir='ltr'><strong>condi-</strong></span> 
     </span>
    </p>
   </div>
   <div class='ocr_carea' id='block_1_93' title="bbox 2299 4960 3874 5030">
    <p class='ocr_par' dir='ltr' id='par_1_93' title="bbox 2299 4960 3874 5030">
     <span class='ocr_line' id='line_1_93' title="bbox 2299 4960 3874 5030; baseline 0.003 -17"><span class='ocrx_word' id='word_1_666' title='bbox 2299 4970 2406 5013; x_wconf 89' lang='lat' dir='ltr'><strong>tum</strong></span> <span class='ocrx_word' id='word_1_667' title='bbox 2441 4961 2773 5014; x_wconf 84' lang='lat' dir='ltr'><strong>aromatibus</strong></span> <span class='ocrx_word' id='word_1_668' title='bbox 2819 4976 3011 5026; x_wconf 90' lang='lat' dir='ltr'><strong>corpus</strong></span> <span class='ocrx_word' id='word_1_669' title='bbox 3067 4961 3224 5030; x_wconf 84' lang='lat' dir='ltr'><strong>longe</strong></span> <span class='ocrx_word' id='word_1_670' title='bbox 3273 4960 3342 5014; x_wconf 89' lang='lat' dir='ltr'><strong>ab</strong></span> <span class='ocrx_word' id='word_1_671' title='bbox 3390 4963 3504 5030; x_wconf 76' lang='lat' dir='ltr'><strong>ipso</strong></span> <span class='ocrx_word' id='word_1_672' title='bbox 3550 4976 3770 5018; x_wconf 84' lang='lat' dir='ltr'><strong>carcere</strong></span> <span class='ocrx_word' id='word_1_673' title='bbox 3791 4981 3874 5018; x_wconf 84' lang='lat' dir='ltr'><strong>se-</strong></span> 
     </span>
    </p>
   </div>
   <div class='ocr_carea' id='block_1_94' title="bbox 2293 5053 2498 5121">
    <p class='ocr_par' dir='ltr' id='par_1_94' title="bbox 2293 5053 2498 5121">
     <span class='ocr_line' id='line_1_94' title="bbox 2293 5053 2498 5121; baseline 0.034 -18"><span class='ocrx_word' id='word_1_674' title='bbox 2293 5053 2498 5121; x_wconf 86' lang='lat' dir='ltr'><strong>pelivit.</strong></span> 
     </span>
    </p>
   </div>
   <div class='ocr_carea' id='block_1_95' title="bbox 2371 5148 3873 5206">
    <p class='ocr_par' dir='ltr' id='par_1_95' title="bbox 2371 5148 3873 5206">
     <span class='ocr_line' id='line_1_95' title="bbox 2371 5148 3873 5206; baseline 0 -2"><span class='ocrx_word' id='word_1_675' title='bbox 2371 5151 2572 5206; x_wconf 84' lang='lat' dir='ltr'><strong>Eodem</strong></span> <span class='ocrx_word' id='word_1_676' title='bbox 2604 5150 2689 5205; x_wconf 88' lang='lat' dir='ltr'><strong>die</strong></span> <span class='ocrx_word' id='word_1_677' title='bbox 2740 5151 2928 5204; x_wconf 81' lang='lat' dir='ltr'><strong>natalis</strong></span> <span class='ocrx_word' id='word_1_678' title='bbox 2959 5149 3014 5204; x_wconf 90' lang='lat' dir='ltr'><strong>S.</strong></span> <span class='ocrx_word' id='word_1_679' title='bbox 3049 5149 3276 5204; x_wconf 69' lang='lat' dir='ltr'><strong>Caesarei</strong></span> <span class='ocrx_word' id='word_1_680' title='bbox 3318 5150 3526 5203; x_wconf 87' lang='lat' dir='ltr'><strong>diaconi</strong></span> <span class='ocrx_word' id='word_1_681' title='bbox 3574 5157 3626 5204; x_wconf 90' lang='lat' dir='ltr'><strong>et</strong></span> <span class='ocrx_word' id='word_1_682' title='bbox 3681 5148 3873 5204; x_wconf 81' lang='lat' dir='ltr'><strong>Juliani</strong></span> 
     </span>
    </p>
   </div>
   <div class='ocr_carea' id='block_1_96' title="bbox 2294 5239 3870 5313">
    <p class='ocr_par' dir='ltr' id='par_1_96' title="bbox 2294 5239 3870 5313">
     <span class='ocr_line' id='line_1_96' title="bbox 2294 5239 3870 5313; baseline -0.001 -17"><span class='ocrx_word' id='word_1_683' title='bbox 2294 5243 2590 5313; x_wconf 82' lang='lat' dir='ltr'><strong>presbyteri</strong></span> <span class='ocrx_word' id='word_1_684' title='bbox 2636 5241 2948 5310; x_wconf 83' lang='lat' dir='ltr'><strong>(Hactenus</strong></span> <span class='ocrx_word' id='word_1_685' title='bbox 2996 5240 3132 5312; x_wconf 83' lang='lat' dir='ltr'><strong>A.);</strong></span> <span class='ocrx_word' id='word_1_686' title='bbox 3179 5241 3267 5310; x_wconf 87' lang='lat' dir='ltr'><strong>qui</strong></span> <span class='ocrx_word' id='word_1_687' title='bbox 3317 5242 3557 5294; x_wconf 85' lang='lat' dir='ltr'><strong>videlicet</strong></span> <span class='ocrx_word' id='word_1_688' title='bbox 3606 5239 3870 5294; x_wconf 69' lang='lat' dir='ltr'><strong>Cmsarius</strong></span> 
     </span>
    </p>
   </div>
   <div class='ocr_carea' id='block_1_97' title="bbox 2295 5333 3867 5404">
    <p class='ocr_par' dir='ltr' id='par_1_97' title="bbox 2295 5333 3867 5404">
     <span class='ocr_line' id='line_1_97' title="bbox 2295 5333 3867 5404; baseline -0.001 -15"><span class='ocrx_word' id='word_1_689' title='bbox 2295 5345 2534 5404; x_wconf 89' lang='lat' dir='ltr'><strong>tempore</strong></span> <span class='ocrx_word' id='word_1_690' title='bbox 2567 5348 2590 5375; x_wconf 76' lang='grc' dir='ltr'><strong>ο</strong></span> <span class='ocrx_word' id='word_1_691' title='bbox 2623 5334 2829 5390; x_wconf 88' lang='lat' dir='ltr'><strong>Claudii</strong></span> <span class='ocrx_word' id='word_1_692' title='bbox 2867 5334 3090 5389; x_wconf 86' lang='lat' dir='ltr'><strong>veniens</strong></span> <span class='ocrx_word' id='word_1_693' title='bbox 3137 5349 3203 5390; x_wconf 79' lang='lat' dir='ltr'><strong>ex</strong></span> <span class='ocrx_word' id='word_1_694' title='bbox 3231 5333 3405 5389; x_wconf 85' lang='lat' dir='ltr'><strong>Africa</strong></span> <span class='ocrx_word' id='word_1_695' title='bbox 3434 5336 3498 5387; x_wconf 90' lang='lat' dir='ltr'><strong>ad</strong></span> <span class='ocrx_word' id='word_1_696' title='bbox 3530 5334 3867 5388; x_wconf 84' lang='lat' dir='ltr'><strong>Terracinam</strong></span> 
     </span>
    </p>
   </div>
   <div class='ocr_carea' id='block_1_98' title="bbox 1994 5423 2466 5481">
    <p class='ocr_par' dir='ltr' id='par_1_98' title="bbox 1994 5423 2466 5481">
     <span class='ocr_line' id='line_1_98' title="bbox 1994 5423 2466 5481; baseline 0.004 -2"><span class='ocrx_word' id='word_1_697' title='bbox 1994 5423 2197 5479; x_wconf 83' lang='lat' dir='ltr'><strong>SMITH</strong></span> <span class='ocrx_word' id='word_1_698' title='bbox 2235 5423 2466 5481; x_wconf 71' lang='lat' dir='ltr'><strong>NOT/E.</strong></span> 
     </span>
    </p>
   </div>
   <div class='ocr_carea' id='block_1_99' title="bbox 668 5511 2178 5579">
    <p class='ocr_par' dir='ltr' id='par_1_99' title="bbox 668 5511 2178 5579">
     <span class='ocr_line' id='line_1_99' title="bbox 668 5511 2178 5579; baseline 0.005 -17"><span class='ocrx_word' id='word_1_699' title='bbox 668 5518 695 5579; x_wconf 58' lang='grc' dir='ltr'><strong>σε</strong></span> <span class='ocrx_word' id='word_1_700' title='bbox 723 5511 1006 5565; x_wconf 81' lang='lat' dir='ltr'><strong>Aureliani.</strong></span> <span class='ocrx_word' id='word_1_701' title='bbox 1041 5512 1189 5566; x_wconf 79' lang='lat' dir='ltr'><strong>l‘assi</strong></span> <span class='ocrx_word' id='word_1_702' title='bbox 1221 5521 1346 5567; x_wconf 89' lang='lat' dir='ltr'><strong>sunt</strong></span> <span class='ocrx_word' id='word_1_703' title='bbox 1385 5514 1562 5579; x_wconf 90' lang='lat' dir='ltr'><strong>potius</strong></span> <span class='ocrx_word' id='word_1_704' title='bbox 1603 5514 1701 5567; x_wconf 90' lang='lat' dir='ltr'><strong>sub</strong></span> <span class='ocrx_word' id='word_1_705' title='bbox 1731 5514 1911 5569; x_wconf 84' lang='lat' dir='ltr'><strong>Marco</strong></span> <span class='ocrx_word' id='word_1_706' title='bbox 1937 5517 2178 5572; x_wconf 81' lang='lat' dir='ltr'><strong>Aurelio.</strong></span> 
     </span>
    </p>
   </div>
   <div class='ocr_carea' id='block_1_100' title="bbox 600 5577 2181 5658">
    <p class='ocr_par' dir='ltr' id='par_1_100' title="bbox 600 5577 2181 5658">
     <span class='ocr_line' id='line_1_100' title="bbox 600 5577 2181 5658; baseline 0.009 -29"><span class='ocrx_word' id='word_1_707' title='bbox 600 5577 709 5656; x_wconf 82' lang='lat' dir='ltr'><strong>Qui</strong></span> <span class='ocrx_word' id='word_1_708' title='bbox 732 5583 872 5635; x_wconf 89' lang='lat' dir='ltr'><strong>enim</strong></span> <span class='ocrx_word' id='word_1_709' title='bbox 907 5583 1019 5658; x_wconf 82' lang='lat' dir='ltr'><strong>ﬁeri</strong></span> <span class='ocrx_word' id='word_1_710' title='bbox 1051 5596 1225 5648; x_wconf 86' lang='lat' dir='ltr'><strong>potest</strong></span> <span class='ocrx_word' id='word_1_711' title='bbox 1254 5595 1304 5637; x_wconf 90' lang='lat' dir='ltr'><strong>ut</strong></span> <span class='ocrx_word' id='word_1_712' title='bbox 1330 5577 1642 5658; x_wconf 76' lang='lat' dir='ltr'><strong>discipulus</strong></span> <span class='ocrx_word' id='word_1_713' title='bbox 1684 5585 1959 5657; x_wconf 81' lang='lat' dir='ltr'><strong>Polycarpi</strong></span> <span class='ocrx_word' id='word_1_714' title='bbox 1995 5602 2181 5658; x_wconf 85' lang='lat' dir='ltr'><strong>perve-</strong></span> 
     </span>
    </p>
   </div>
   <div class='ocr_carea' id='block_1_101' title="bbox 601 5654 1629 5722">
    <p class='ocr_par' dir='ltr' id='par_1_101' title="bbox 601 5654 1629 5722">
     <span class='ocr_line' id='line_1_101' title="bbox 601 5654 1629 5722; baseline 0.007 -21"><span class='ocrx_word' id='word_1_715' title='bbox 601 5654 923 5722; x_wconf 74' lang='lat' dir='ltr'><strong>nerit__usque</strong></span> <span class='ocrx_word' id='word_1_716' title='bbox 951 5654 1016 5705; x_wconf 90' lang='lat' dir='ltr'><strong>ad</strong></span> <span class='ocrx_word' id='word_1_717' title='bbox 1049 5662 1286 5722; x_wconf 88' lang='lat' dir='ltr'><strong>tempora</strong></span> <span class='ocrx_word' id='word_1_718' title='bbox 1314 5654 1629 5708; x_wconf 77' lang='lat' dir='ltr'><strong>Aureliani?</strong></span> 
     </span>
    </p>
   </div>
   <div class='ocr_carea' id='block_1_102' title="bbox 603 5716 2181 5846">
    <p class='ocr_par' dir='ltr' id='par_1_102' title="bbox 603 5716 2181 5846">
     <span class='ocr_line' id='line_1_102' title="bbox 603 5716 2181 5846; baseline 0.008 -76"><span class='ocrx_word' id='word_1_719' title='bbox 603 5716 700 5846; x_wconf 60' lang='lat' dir='ltr'><strong>&quot;sb</strong></span> <span class='ocrx_word' id='word_1_720' title='bbox 728 5716 899 5846; x_wconf 45' lang='grc' dir='ltr'><strong>ξῗτὶρῧ</strong></span> <span class='ocrx_word' id='word_1_721' title='bbox 931 5716 1173 5792; x_wconf 69' lang='lat' dir='ltr'><strong>vinctum,</strong></span> <span class='ocrx_word' id='word_1_722' title='bbox 1204 5735 1309 5780; x_wconf 90' lang='lat' dir='ltr'><strong>etc.</strong></span> <span class='ocrx_word' id='word_1_723' title='bbox 1345 5765 1359 5790; x_wconf 85' lang='lat'><strong>,</strong></span> <span class='ocrx_word' id='word_1_724' title='bbox 1413 5740 1584 5795; x_wconf 82' lang='lat' dir='ltr'><strong>usque</strong></span> <span class='ocrx_word' id='word_1_725' title='bbox 1630 5726 1696 5780; x_wconf 84' lang='lat' dir='ltr'><strong>ad</strong></span> <span class='ocrx_word' id='word_1_726' title='bbox 1736 5726 1856 5781; x_wconf 70' lang='lat' dir='ltr'><strong>Post</strong></span> <span class='ocrx_word' id='word_1_727' title='bbox 1902 5729 1997 5782; x_wconf 77' lang='lat' dir='ltr'><strong>hoc</strong></span> <span class='ocrx_word' id='word_1_728' title='bbox 2023 5769 2037 5797; x_wconf 87' lang='lat'><strong>,</strong></span> <span class='ocrx_word' id='word_1_729' title='bbox 2073 5744 2181 5784; x_wconf 89' lang='lat' dir='ltr'><strong>om.</strong></span> 
     </span>
     <span class='ocr_line' id='line_1_103' title="bbox 641 5806 920 5846; baseline 0 0"><span class='ocrx_word' id='word_1_730' title='bbox 641 5807 656 5846; x_wconf 86' lang='lat' dir='ltr'><strong>t</strong></span> <span class='ocrx_word' id='word_1_731' title='bbox 692 5829 705 5844; x_wconf 92' lang='lat'><strong>.</strong></span> <span class='ocrx_word' id='word_1_732' title='bbox 733 5833 750 5846; x_wconf 92' lang='lat'><strong>.</strong></span> <span class='ocrx_word' id='word_1_733' title='bbox 806 5806 863 5846; x_wconf 87' lang='lat' dir='ltr'><strong>re</strong></span> <span class='ocrx_word' id='word_1_734' title='bbox 905 5829 920 5846; x_wconf 92' lang='lat'><strong>.</strong></span> 
     </span>
    </p>
   </div>
   <div class='ocr_carea' id='block_1_103' title="bbox 641 5806 920 5847">
    <p class='ocr_par' dir='ltr' id='par_1_103' title="bbox 641 5806 920 5847">
     <span class='ocr_line' id='line_1_104' title="bbox 641 5806 920 5847; baseline 0 -1"><span class='ocrx_word' id='word_1_735' title='bbox 641 5806 705 5846; x_wconf 75' lang='lat' dir='ltr'><strong>is.</strong></span> <span class='ocrx_word' id='word_1_736' title='bbox 733 5806 920 5847; x_wconf 67' lang='grc' dir='ltr'><strong>Λῐῒευ.</strong></span> 
     </span>
    </p>
   </div>
   <div class='ocr_carea' id='block_1_104' title="bbox 2369 5511 3870 5582">
    <p class='ocr_par' dir='ltr' id='par_1_104' title="bbox 2369 5511 3870 5582">
     <span class='ocr_line' id='line_1_105' title="bbox 2369 5511 3870 5582; baseline -0.005 -9"><span class='ocrx_word' id='word_1_737' title='bbox 2369 5531 2390 5558; x_wconf 75' lang='grc' dir='ltr'><strong>ο</strong></span> <span class='ocrx_word' id='word_1_738' title='bbox 2426 5519 2650 5573; x_wconf 81' lang='lat' dir='ltr'><strong>Clamlii.</strong></span> <span class='ocrx_word' id='word_1_739' title='bbox 2680 5517 2950 5571; x_wconf 57' lang='lat' dir='ltr'><strong>Caesarius</strong></span> <span class='ocrx_word' id='word_1_740' title='bbox 2971 5531 3099 5570; x_wconf 89' lang='lat' dir='ltr'><strong>vero</strong></span> <span class='ocrx_word' id='word_1_741' title='bbox 3158 5531 3258 5570; x_wconf 89' lang='lat' dir='ltr'><strong>non</strong></span> <span class='ocrx_word' id='word_1_742' title='bbox 3291 5516 3390 5569; x_wconf 85' lang='lat' dir='ltr'><strong>sub</strong></span> <span class='ocrx_word' id='word_1_743' title='bbox 3429 5511 3650 5567; x_wconf 88' lang='lat' dir='ltr'><strong>Claudio</strong></span> <span class='ocrx_word' id='word_1_744' title='bbox 3691 5529 3870 5582; x_wconf 79' lang='lat' dir='ltr'><strong>passus</strong></span> 
     </span>
    </p>
   </div>
   <div class='ocr_carea' id='block_1_105' title="bbox 2291 5587 3868 5644">
    <p class='ocr_par' dir='ltr' id='par_1_105' title="bbox 2291 5587 3868 5644">
     <span class='ocr_line' id='line_1_106' title="bbox 2291 5587 3868 5644; baseline -0.003 -1"><span class='ocrx_word' id='word_1_745' title='bbox 2291 5602 2416 5644; x_wconf 90' lang='lat' dir='ltr'><strong>cst:</strong></span> <span class='ocrx_word' id='word_1_746' title='bbox 2447 5591 2668 5643; x_wconf 86' lang='lat' dir='ltr'><strong>Constat</strong></span> <span class='ocrx_word' id='word_1_747' title='bbox 2697 5591 2840 5642; x_wconf 86' lang='lat' dir='ltr'><strong>enim</strong></span> <span class='ocrx_word' id='word_1_748' title='bbox 2895 5603 2957 5639; x_wconf 77' lang='lat' dir='ltr'><strong>ex</strong></span> <span class='ocrx_word' id='word_1_749' title='bbox 3012 5587 3154 5641; x_wconf 89' lang='lat' dir='ltr'><strong>Actis</strong></span> <span class='ocrx_word' id='word_1_750' title='bbox 3203 5587 3299 5641; x_wconf 88' lang='lat' dir='ltr'><strong>SS.</strong></span> <span class='ocrx_word' id='word_1_751' title='bbox 3353 5587 3506 5638; x_wconf 78' lang='lat' dir='ltr'><strong>Nerei</strong></span> <span class='ocrx_word' id='word_1_752' title='bbox 3548 5594 3599 5636; x_wconf 77' lang='lat' dir='ltr'><strong>et</strong></span> <span class='ocrx_word' id='word_1_753' title='bbox 3656 5587 3868 5638; x_wconf 76' lang='lat' dir='ltr'><strong>Achillei</strong></span> 
     </span>
    </p>
   </div>
   <div class='ocr_carea' id='block_1_106' title="bbox 2290 5656 3868 5728">
    <p class='ocr_par' dir='ltr' id='par_1_106' title="bbox 2290 5656 3868 5728">
     <span class='ocr_line' id='line_1_107' title="bbox 2290 5656 3868 5728; baseline -0.006 -15"><span class='ocrx_word' id='word_1_754' title='bbox 2290 5662 2429 5728; x_wconf 89' lang='lat' dir='ltr'><strong>quod</strong></span> <span class='ocrx_word' id='word_1_755' title='bbox 2467 5659 2750 5713; x_wconf 68' lang='lat' dir='ltr'><strong>Domitillae</strong></span> <span class='ocrx_word' id='word_1_756' title='bbox 2774 5667 2825 5711; x_wconf 88' lang='lat' dir='ltr'><strong>et</strong></span> <span class='ocrx_word' id='word_1_757' title='bbox 2856 5657 3119 5710; x_wconf 85' lang='lat' dir='ltr'><strong>sociarum</strong></span> <span class='ocrx_word' id='word_1_758' title='bbox 3146 5672 3369 5724; x_wconf 82' lang='lat' dir='ltr'><strong>corpora</strong></span> <span class='ocrx_word' id='word_1_759' title='bbox 3404 5656 3692 5728; x_wconf 66' lang='lat' dir='ltr'><strong>sepulturae.</strong></span> <span class='ocrx_word' id='word_1_760' title='bbox 3723 5672 3868 5707; x_wconf 87' lang='lat' dir='ltr'><strong>man-</strong></span> 
     </span>
    </p>
   </div>
   <div class='ocr_carea' id='block_1_107' title="bbox 2293 5724 3868 5796">
    <p class='ocr_par' dir='ltr' id='par_1_107' title="bbox 2293 5724 3868 5796">
     <span class='ocr_line' id='line_1_108' title="bbox 2293 5724 3868 5796; baseline -0.003 -13"><span class='ocrx_word' id='word_1_761' title='bbox 2293 5724 2735 5796; x_wconf 78' lang='lat' dir='ltr'><strong>daverit&#39;l‘rajani</strong></span> <span class='ocrx_word' id='word_1_762' title='bbox 2772 5729 3119 5792; x_wconf 85' lang='lat' dir='ltr'><strong>temporibus.</strong></span> <span class='ocrx_word' id='word_1_763' title='bbox 3165 5728 3277 5793; x_wconf 88' lang='lat' dir='ltr'><strong>Qua</strong></span> <span class='ocrx_word' id='word_1_764' title='bbox 3311 5730 3515 5796; x_wconf 83' lang='lat' dir='ltr'><strong>ratione</strong></span> <span class='ocrx_word' id='word_1_765' title='bbox 3559 5724 3717 5791; x_wconf 78' lang='lat' dir='ltr'><strong>igitur</strong></span> <span class='ocrx_word' id='word_1_766' title='bbox 3757 5737 3868 5790; x_wconf 70' lang='lat' dir='ltr'><strong>post</strong></span> 
     </span>
    </p>
   </div>
   <div class='ocr_carea' id='block_1_108' title="bbox 2297 5795 3863 5868">
    <p class='ocr_par' dir='ltr' id='par_1_108' title="bbox 2297 5795 3863 5868">
     <span class='ocr_line' id='line_1_109' title="bbox 2297 5795 3863 5868; baseline -0.004 -13"><span class='ocrx_word' id='word_1_767' title='bbox 2297 5817 2466 5858; x_wconf 88' lang='lat' dir='ltr'><strong>annos</strong></span> <span class='ocrx_word' id='word_1_768' title='bbox 2490 5795 2702 5858; x_wconf 69' lang='lat' dir='ltr'><strong>contam</strong></span> <span class='ocrx_word' id='word_1_769' title='bbox 2734 5809 2785 5854; x_wconf 92' lang='lat' dir='ltr'><strong>ct</strong></span> <span class='ocrx_word' id='word_1_770' title='bbox 2823 5800 3154 5868; x_wconf 81' lang='lat' dir='ltr'><strong>septuaginta</strong></span> <span class='ocrx_word' id='word_1_771' title='bbox 3198 5799 3296 5855; x_wconf 87' lang='lat' dir='ltr'><strong>sub</strong></span> <span class='ocrx_word' id='word_1_772' title='bbox 3334 5795 3551 5853; x_wconf 86' lang='lat' dir='ltr'><strong>Claudio</strong></span> <span class='ocrx_word' id='word_1_773' title='bbox 3579 5797 3746 5866; x_wconf 86' lang='lat' dir='ltr'><strong>potuit</strong></span> <span class='ocrx_word' id='word_1_774' title='bbox 3772 5810 3863 5850; x_wconf 83' lang='lat' dir='ltr'><strong>co-</strong></span> 
     </span>
    </p>
   </div>
  </div>
