4110 6460
198 342 333 398 {089

1325 346 1515 402 SECT.
1560 347 1622 402 li.
1667 378 1732 388 —
1775 349 2332 408 MAHTYROLUGIA.

3314 359 3448 417 1030

1447 457 1673 512 EDl'ilO
1711 460 2175 517 COLONIENSIS.

195 548 460 618 episcOpis
484 549 959 610 consentientibus,
1002 551 1188 604 statuit
1217 561 1271 606 ut
1299 552 1606 608 solemniter
1633 554 1779 608 feSti-
1806 563 1852 619 Α
1886 566 1990 610 tem
2023 559 2172 612 beata
2205 557 2467 622 Leonilla,
2517 567 2572 612 et
2610 559 2881 614 conditum
2913 561 3237 617 aromatibus
3261 577 3455 634 corpus

195 643 332 695 vitas
377 641 623 695 Omnium
671 640 987 696 Sanetorutn
1042 645 1093 697 in
1137 645 1351 712 prtel'ata
1393 645 1479 699 die
1503 645 1772 699 annuatim

197 746 455 800 perpetuo
502 741 768 800 ageretur.
823 734 992 801 Quam
1050 745 1289 791 sanctam
1343 737 1774 792 constitutionem

195 829 462 883 rcverenti
495 829 673 882 animo
711 832 948 897 suscepit
987 831 1158 883 omnis
1191 830 1447 884 Ecclesia.
1501 832 1553 884 lu
1598 841 1776 884 castro

198 921 415 972 ilivioue
465 919 640 972 natale
684 920 855 972 sancti
909 920 1125 988 Benigni
1171 921 1482 990 presbyteri,
1527 922 1614 988 qui
1653 935 1772 974 cum

194 1009 460 1061 Antiocho
491 1011 949 1079 comprcsbytero,
991 1020 1042 1063 et
1091 1010 1261 1077 Tyrso
1313 1011 1538 1063 diacono
1582 1012 1773 1064 missus

192 1111 277 1153 est
308 1115 336 1152 a
365 1113 549 1154 sancto
584 1101 878 1168 Polj'carpo
904 1105 969 1154 ab
997 1103 1210 1155 (triente
1251 1103 1299 1155 in
1332 1103 1590 1156 Galliam:
1625 1104 1774 1171 cujus

192 1190 574 1256 prwdicatione
596 1205 774 1244 comes
796 1191 1076 1245 Terentius
1101 1201 1369 1260 comperta
1393 1195 1626 1246 vinctum
1651 1210 1771 1247 eum

187 1293 244 1334 et
272 1296 464 1334 etesnm
497 1284 559 1334 ad
585 1298 641 1335 se
671 1283 859 1336 adduci
902 1284 1186 1351 prtecepit;
1236 1292 1291 1337 et
1338 1298 1546 1336 rursum
1594 1284 1772 1337 audita

191 1387 496 1427 sermonum
539 1373 654 1442 cjus
703 1379 1019 1436 constantia,
1075 1375 1254 1428 nervis
1299 1375 1594 1428 durissimis
1640 1373 1774 1427 caedi

188 1467 335 1522 fecit.
371 1467 494 1520 Post
528 1471 641 1522 haec
686 1469 749 1522 ad
801 1469 1063 1524 trochleas
1110 1481 1361 1525 extensus
1401 1479 1454 1524 et
1500 1483 1689 1534 caesus,
1723 1479 1775 1525 et

190 1573 401 1611 rursum
432 1561 629 1612 carceri
663 1561 990 1627 mancipatus
1015 1601 1028 1623 ,
1081 1577 1238 1614 mane
1280 1561 1416 1613 idola
1449 1563 1652 1615 orando
1680 1561 1774 1616 (le-

186 1650 400 1711 struxit,
435 1660 485 1701 et
514 1650 759 1702 reductus
791 1659 871 1702 cst
901 1648 952 1702 in
983 1664 1286 1702 carcerem:
1325 1649 1407 1702 cui
1438 1651 1653 1704 sulmlas
1680 1652 1773 1706 de-

185 1756 305 1792 eem
338 1741 572 1793 calentes
601 1741 650 1793 in
684 1741 929 1794 manibus
972 1741 1291 1805 inlixerunt,
1324 1750 1376 1794 ct
1405 1756 1523 1795 cum
1557 1741 1772 1810 plumbo

183 1834 415 1888 remisso
449 1835 608 1902 pedes
640 1835 692 1889 in
729 1835 902 1902 lapide
941 1835 1210 1903 perforato
1242 1834 1497 1898 ﬁxerunt,
1531 1845 1583 1888 et
1611 1849 1771 1889 canes

1879 660 1981 699 non
2013 648 2166 717 longe
2193 649 2258 702 ab
2290 650 2403 716 ipso
2431 663 2645 703 carcere
2688 651 2950 716 sepelivit.
2992 650 3123 706 Item
3149 663 3452 710 sanctorum

1876 736 2093 793 Cazsarii
2125 740 2349 802 diaconi,
2382 749 2434 793 et
2463 739 2654 795 Juliani
2688 743 3019 810 presbyteri;
3044 747 3153 816 qui,
3185 747 3456 818 videlicet,

1875 827 2136 881 Caesarius
2167 838 2404 897 tempore
2429 830 2629 883 Claudii
2663 833 2876 886 veniens
2906 849 2969 888 ex
3013 836 3191 890 Africa
3221 837 3286 890 ad
3315 837 3454 892 Ter-

1878 919 2110 973 racinam
2139 919 2441 988 Campaniae
2466 921 2756 986 civitatem,
2779 923 2906 976 dum
2933 934 3114 978 contra
3146 927 3452 982 idololatras

1876 1014 2254 1080 proclamaret,
2291 1014 2341 1066 in
2378 1013 2587 1080 publico
2621 1025 2794 1068 tentus
2825 1026 2905 1069 est
2947 1032 2974 1069 a
3019 1016 3252 1071 Firmino
3282 1021 3458 1085 ponti-

1879 1105 1995 1168 tice,
2026 1113 2077 1156 et
2104 1103 2155 1156 in
2185 1104 2476 1156 custodiam
2511 1105 2776 1166 reclusus;
2807 1106 2895 1159 tibi
2919 1106 3104 1160 diebus
3136 1109 3312 1162 multis
3344 1125 3454 1164 ma-

1874 1204 2109 1260 ceratus,
2137 1194 2327 1248 deinde
2360 1194 2582 1248 traditus
2612 1206 2694 1247 est
2727 1195 2946 1248 Leontio
2985 1198 3251 1250 consulari
3293 1195 3456 1251 Cam-

1877 1285 2076 1352 partite:
2114 1301 2268 1354 quem
2303 1287 2386 1340 ille
2415 1302 2534 1340 cum
2569 1288 2744 1340 verbis
2773 1303 3026 1357 superare
3051 1292 3315 1360 nequiret,
3343 1291 3457 1360 jus-

1874 1377 1940 1429 sit
1970 1378 2200 1430 vinctum
2232 1390 2356 1431 ante
2384 1391 2694 1444 carpentum
2736 1394 2887 1433 suum
2913 1381 3109 1434 ducere
3141 1382 3312 1449 ligatis
3343 1396 3455 1436 ma-

1875 1469 2032 1520 nibus
2065 1472 2259 1521 nudum
2290 1484 2457 1536 usque
2485 1471 2548 1522 ad
2593 1470 2843 1538 templum
2876 1471 3155 1538 Apollinis.
3189 1473 3304 1539 Quo
3332 1487 3451 1526 cum

1885 1561 2234 1625 pervenisset,
2268 1559 2331 1610 ad
2364 1561 2656 1611 orationem
2703 1561 2816 1626 ejus
2855 1563 3056 1614 corruit
3087 1564 3366 1630 templum,
3400 1572 3455 1617 et

1873 1650 2066 1702 oetitlit
2107 1649 2408 1716 pontificem
2461 1648 2778 1702 Firmiuum.
2827 1652 2950 1705 Post
3002 1653 3101 1706 hoc
3149 1654 3389 1706 I‘CCIUSUS
3422 1668 3452 1706 a

1873 1738 2105 1792 Luxurio
2139 1741 2186 1791 in
2219 1754 2437 1793 caret-re
2485 1741 2654 1806 primo
2703 1740 2965 1807 civitatis,
3020 1741 3120 1794 fuit
3157 1743 3227 1795 ibi
3256 1758 3452 1796 annum

1874 1845 2032 1882 unum
2061 1839 2115 1883 et
2139 1843 2416 1890 mensem;
2470 1829 2662 1883 deinde
2701 1831 2924 1884 eductus
2964 1832 3013 1884 itt
3047 1831 3224 1885 forum
3268 1833 3334 1886 ab
3364 1847 3450 1897 eo,

179 1927 462 1981 duodecim
516 1929 719 1982 feroces
761 1929 1092 1982 incluserunt
1131 1944 1247 1980 cum
1288 1943 1351 1981 eo
1386 1943 1477 1994 per
1507 1943 1597 1980 sex
1630 1927 1761 1980 dies.
1797 1937 1842 1995 Β
1874 1920 1998 1973 dum
2028 1931 2223 1977 oraret.
2267 1920 2471 1973 coelesti
2503 1931 2582 1973 est
2614 1920 2813 1972 lumine
2861 1920 3237 1988 circumdatus,
3282 1923 3349 1975 ita
3399 1932 3454 1976 ut

186 2018 252 2071 Et
281 2018 499 2084 angelus
532 2017 706 2071 attulit
736 2033 921 2084 panem
950 2019 1223 2072 caelestem
1249 2018 1318 2081 ei,
1342 2019 1558 2072 subulas
1579 2017 1763 2072 abstu-

183 2107 268 2171 lit,
299 2119 351 2161 et
380 2124 498 2161 eum
527 2109 593 2162 de
625 2110 840 2177 plumbo
868 2124 931 2162 ac
961 2110 1099 2163 ferro
1124 2109 1340 2175 eripuit.
1367 2111 1492 2163 Post
1525 2111 1624 2163 hoc
1654 2110 1768 2163 col-

187 2199 299 2251 ium
326 2199 441 2267 ejus
473 2211 622 2253 recte
651 2199 826 2253 ferreo
860 2201 1005 2252 tuudi
1049 2199 1318 2269 prmcepit,
1349 2207 1403 2254 et
1428 2214 1618 2267 corpus
1647 2214 1762 2266 ejus

185 2293 370 2348 lancea
401 2295 676 2362 perforari.
702 2296 818 2361 Quo
847 2294 984 2348 iacto
1011 2294 1253 2348 columba
1279 2292 1430 2347 nivea
1460 2290 1526 2344 de
1548 2304 1763 2345 carcere

179 2381 500 2437 Christianis
531 2384 909 2452 aspicientibus
948 2385 1012 2436 ad
1058 2383 1220 2438 cmlos
1249 2381 1516 2446 ascendit,
1551 2389 1604 2432 et
1634 2380 1767 2434 odor

179 2475 535 2529 suavissimus
563 2476 711 2545 quasi
739 2475 805 2530 de
833 2475 1077 2544 paradiso
1106 2484 1320 2529 secutus
1349 2483 1452 2528 est.
1495 2471 1646 2526 Venit
1672 2486 1767 2523 au-

1872 2013 1986 2076 ipse
2019 2012 2269 2064 Leontius
2302 2012 2562 2075 crederet,
2593 2025 2645 2065 et
2676 2011 2962 2065 Ca'sarium
2998 2013 3084 2080 qui
3115 2023 3228 2067 erat
3255 2013 3446 2075 nudus,

1871 2121 1967 2161 sua
1997 2104 2276 2174 chlamyde
2307 2105 2547 2157 indueret
2573 2115 2625 2156 t'l
2659 2104 3034 2168 baptizaretur,
3078 2119 3140 2158 ac
3178 2120 3370 2173 corpus
3397 2115 3451 2159 et

1870 2196 2182 2265 sanguinem
2212 2194 2416 2248 Domini
2449 2196 2713 2261 accipeiet
2733 2193 2798 2248 de
2827 2209 2980 2248 manu
3007 2193 3200 2249 Juliaui
3231 2197 3450 2265 presby-

1874 2289 1994 2341 teri.
2027 2286 2134 2340 Nec
2183 2301 2353 2350 mora,
2386 2285 2522 2339 dicta
2554 2302 2713 2353 super
2743 2301 2864 2339 eum
2909 2287 3183 2352 oratione,
3233 2289 3450 2344 tradidit

1869 2375 2136 2444 Spiritum,
2173 2376 2323 2430 tertia
2353 2375 2611 2429 Kalendas
2645 2375 2980 2431 Novembris.
3010 2376 3157 2430 Tunc
3185 2377 3447 2433 Luxurius

1867 2468 2025 2536 jussit
2045 2467 2309 2520 .Iulianum
2334 2475 2386 2521 et
2413 2465 2700 2521 Caesarium
2731 2467 2866 2521 mitti
2896 2466 2948 2520 in
2980 2481 3211 2536 saccum,
3239 2478 3290 2522 et
3314 2485 3448 2538 pra:-

1404 2563 1630 2617 EDlTlO
1670 2556 2167 2615 BOLLANDIANA.
2255 2587 2258 2590 —

177 2658 483 2726 Campania:
529 2658 816 2721 civitatem,
863 2655 986 2709 dum
1011 2667 1191 2709 contra
1218 2654 1522 2709 idololatras
1555 2653 1760 2720 procla-

182 2758 376 2814 maret,
412 2751 462 2800 in
500 2749 708 2815 publico
741 2754 914 2800 tentus
945 2755 1027 2798 est
1063 2763 1091 2797 a
1139 2745 1375 2798 Firmino
1405 2744 1672 2812 pontifice,
1708 2750 1761 2796 et

180 2843 234 2895 in
268 2839 557 2895 custodiam
585 2839 862 2893 reclusus:
895 2837 981 2891 ubi
1012 2837 1196 2891 diebus
1233 2835 1412 2890 multis
1440 2843 1755 2901 maceratus,

180 2931 374 2986 deinde
423 2930 646 2984 traditus
703 2941 784 2985 est
850 2929 1067 2982 Leontio
1123 2927 1386 2982 consulari
1432 2925 1755 2993 Campanize.

179 3025 348 3092 Quem
379 3023 466 3076 ille
496 3037 615 3075 cum
647 3022 821 3075 verbis
861 3033 1119 3087 superare
1168 3019 1432 3087 nequiret,
1463 3015 1624 3085 jussit
1644 3013 1759 3068 vin-

177 3123 324 3168 ctum
356 3123 477 3167 ante
524 3119 831 3179 carpentum
884 3110 1026 3175 duri,
1060 3110 1230 3176 ligatis
1279 3107 1522 3160 manibus
1560 3104 1754 3158 nudum

177 3218 348 3272 usque
387 3203 452 3256 ad
485 3201 736 3268 templum
767 3200 1044 3270 Apollinis.
1071 3199 1186 3265 Quo
1213 3213 1333 3252 cum
1365 3199 1753 3264 pervenissent,

176 3299 243 3350 ad
275 3297 568 3350 orationem
597 3293 714 3364 ejus
741 3294 940 3348 corruit
982 3292 1235 3360 templum
1270 3299 1322 3344 et
1350 3289 1543 3344 occidit
1587 3287 1757 3356 ponti-

1864 2651 2002 2703 rium
2035 2648 2169 2700 mitti
2202 2646 2254 2699 in
2299 2661 2514 2701 saccum
2568 2656 2620 2701 et
2669 2646 2984 2714 prmcipitari
3043 2648 3092 2700 in
3144 2664 3308 2702 mare.
3344 2651 3442 2716 Qui

1865 2739 2053 2792 eodem
2087 2738 2171 2790 die
2203 2736 2387 2804 rejecti
2419 2738 2484 2790 ad
2519 2739 2663 2790 littus
2708 2746 2762 2790 et
2797 2739 2991 2804 sepulti
3034 2748 3158 2792 sunt
3189 2741 3254 2794 ab
3280 2751 3304 2776 η
3336 2741 3442 2794 Eu-

1864 2828 2010 2882 sebio
2040 2843 2197 2881 servo
2230 2828 2320 2880 Dei
2362 2828 2514 2896 juxta
2547 2829 2728 2880 urbem
2784 2829 3141 2883 Terracinam.
3193 2831 3258 2883 Et
3301 2832 3440 2885 idem

1865 2917 2125 2972 Eusebius
2157 2927 2337 2986 postea
2385 2918 2700 2987 martyrium
2748 2933 2934 2989 passus
2975 2928 3058 2974 est
3102 2935 3221 2974 cum
3268 2921 3444 2978 Felice

1864 3014 2195 3080 presbytero.

1933 3101 2133 3156 Eodem
2152 3101 2237 3173 [L.
2261 3117 2360 3154 om.
2386 3103 2599 3169 eodem,
2621 3101 2742 3173 etc.]
2765 3103 2851 3158 die
2869 3103 3128 3172 depositio
3150 3102 3176 3142 ι’
3200 3104 3440 3160 Severini

1862 3193 2106 3247 tnonachi
2138 3193 2204 3248 de
2235 3194 2513 3247 Tiburtina
2541 3193 2771 3248 civitate.

1933 3283 2121 3336 Florus
2169 3284 2223 3338 in
2250 3283 2315 3338 A.
2365 3295 2417 3338 et
2474 3284 2578 3338 T.:
2631 3283 2748 3350 ipso
2794 3285 2880 3338 die
2933 3285 3106 3351 passio
3135 3294 3438 3340 sanctorum

178 3390 331 3443 tinem
383 3388 696 3442 Firminum.
745 3388 870 3440 Post
913 3386 1015 3439 hoc
1067 3385 1305 3438 reclusus
1353 3383 1403 3436 iu
1430 3394 1696 3434 carcerem
1729 3396 1756 3431 a
1785 3372 1829 3432 C
1865 3383 2153 3444 martyrum
2207 3374 2476 3428 Eus‘tachii
2525 3384 2580 3428 et
2626 3374 2806 3429 uxoris
2845 3373 2962 3443 ejus
3009 3374 3346 3442 Theospidis,
3385 3386 3440 3432 et

181 3480 416 3532 Luxurio
463 3480 634 3547 primo
663 3477 910 3542 civitatis,
945 3476 1042 3531 fuit
1087 3476 1156 3530 ibi
1197 3490 1394 3528 annum
1439 3482 1492 3526 et
1520 3485 1754 3525 mensem

170 3585 362 3623 unum.
399 3569 596 3624 Deinde
625 3570 848 3623 eductus
898 3570 947 3621 in
992 3567 1125 3633 foro,
1169 3582 1195 3618 a
1230 3567 1359 3629 Deo,
1406 3579 1523 3616 cum
1555 3573 1751 3624 oraret,

168 3666 382 3719 caelesti
413 3675 492 3717 est
547 3664 664 3716 luce
699 3661 1077 3725 circumdatus,
1129 3668 1184 3711 ut
1216 3659 1326 3723 ipSe
1361 3656 1610 3711 Leontius
1639 3668 1754 3706 cre-

173 3756 353 3817 deret,
384 3752 674 3806 C:esarium
702 3753 787 3819 qui
817 3761 932 3804 erat
963 3749 1134 3803 nudus
1176 3763 1267 3802 sua
1301 3745 1582 3812 chlamyde
1611 3753 1755 3811 tege-

173 3854 278 3907 ret,
309 3844 690 3911 baptizaretur,
720 3856 913 3910 corpus
950 3851 1002 3894 et
1033 3839 1342 3907 sanguinem
1371 3835 1578 3888 Domini
1615 3832 1748 3886 acci-

173 3947 327 4004 peret
372 3936 438 3986 de
470 3949 627 3987 manu
670 3932 863 3986 Juliani
896 3930 1187 4001 presbyteri
1221 3947 1232 3980 :
1282 3940 1378 3980 nec
1410 3940 1578 3988 tnora,
1610 3924 1751 3976 dicta

169 4043 338 4093 super
370 4042 490 4078 cuin
535 4026 795 4089 Oratione,
856 4021 1071 4075 tradidit
1111 4020 1354 4088 spiritum
1408 4033 1460 4069 ιιι
1491 4014 1755 4068 Kalendas

168 4119 508 4174 Novembris.
537 4119 686 4172 Tunc
710 4117 970 4171 Luxurius
991 4114 1149 4184 jussit
1186 4113 1457 4169 Julianum
1491 4119 1542 4163 et
1571 4108 1752 4160 Caesa-

1862 3465 2317 3533 liliorum,Agapiti
2349 3476 2401 3518 et
2429 3465 2742 3533 Tlieosjiidis
2769 3483 2780 3517 :
2826 3467 2912 3533 qui
2949 3475 3184 3533 tempore
3216 3467 3436 3520 Adriani

1858 3555 2218 3623 imperatoris,
2251 3572 2369 3610 cum
2404 3556 2608 3608 nollent
2636 3555 2936 3609 sacrilicare
2962 3556 3086 3620 diis,
3122 3555 3267 3608 missi
3300 3557 3436 3623 pari-

1860 3655 1938 3699 ter
1969 3647 2019 3699 iu
2052 3645 2237 3700 bovem
2277 3648 2486 3716 igneum
2522 3647 2625 3713 igni
2657 3646 2898 3699 succensi
2931 3655 3073 3699 sunt.
3101 3645 3152 3698 in
3184 3661 3281 3698 ms.
3321 3647 3434 3701 La:-

1857 3743 2015 3795 tiensi
2043 3755 2309 3809 ponuntur
2337 3744 2447 3796 hare
2471 3745 2556 3796 die
2585 3742 2846 3811 sequenti.

1931 3833 1994 3886 A.
2028 3833 2089 3888 Τ.
2120 3875 2131 3890 .
2169 3834 2366 3888 Ευιίι-ῐιι
2400 3835 2483 3886 die
2507 3835 2780 3886 translatio
2827 3831 3065 3898 corporis
3093 3830 3146 3884 S.
3195 3841 3218 3870 ο
3251 3831 3432 3885 Audo-

1861 3903 1992 3956 mari
2040 3903 2269 3970 epiSt’Opi
2304 3915 2355 3959 et
2402 3903 2741 3956 confessoris.
2787 3903 2847 3954 'l'.
2879 3943 2894 3966 ,
2949 3903 3064 3959 Ipso
3123 3901 3209 3953 die
3261 3904 3434 3956 natale

1861 3974 1916 4026 S.
1946 3974 2181 4028 Remedii
2207 3975 2439 4041 episcopi
2464 3984 2517 4026 et
2541 3975 2878 4026 cont’essiiris.
2905 3970 2964 4023 ν.
2985 3971 3067 4032 C.,
3096 3971 3318 4041 Pictavis
3340 3972 3434 4024 de-

1863 4044 2056 4095 dicatio
2097 4047 2325 4098 basilicae
2356 4040 2411 4099 S.
2441 4042 2464 4078 ἀ
2503 4045 2681 4095 llilarii
2725 4043 2956 4108 episcopi
2987 4051 3039 4092 et
3086 4040 3428 4094 confessoris.

1866 4113 1924 4169 Β.
1955 4153 1970 4178 ,
2004 4115 2065 4167 Ει
2095 4116 2215 4168 alibi
2246 4115 2505 4184 depositio
2541 4122 2564 4149 ο
2589 4111 2856 4166 Eustachii
2897 4110 3076 4165 militis
3116 4125 3236 4164 cum
3268 4126 3432 4167 uxore

1571 4197 1776 4252 Sill'l'li
1815 4199 2040 4254 NOTAE.

171 4297 354 4353 ronari
373 4296 395 4348 ?
417 4295 469 4348 Si
504 4308 628 4348 vero
651 4295 715 4347 de
737 4293 957 4347 Claudio
985 4292 1194 4344 Nerone
1218 4286 1615 4354 intelligendum
1648 4297 1749 4355 est,

169 4382 358 4423 rursus
387 4368 541 4418 etiam
571 4375 753 4432 patens
790 4379 939 4416 error
983 4359 1421 4432 deprehenditur,
1449 4371 1567 4409 cum
1593 4359 1752 4425 longe

169 4449 301 4490 ante
369 4428 652 4502 'l‘rajanum
727 4428 1102 4500 imjeratorcm
1177 4430 1316 4482 Nero
1365 4428 1430 4478 sit
1484 4437 1743 4481 mortuus.

170 4512 440 4562 BAROMUS
475 4509 524 4558 in
550 4503 720 4558 Notis.

249 4589 274 4612 ι·
310 4576 573 4628 Eusebius.
603 4578 673 4628 De
699 4577 796 4626 hoc
823 4582 875 4625 et
897 4574 956 4628 S.
1002 4569 1175 4624 Felice
1206 4567 1321 4620 vide
1368 4565 1505 4618 intra
1537 4567 1678 4620 diem
1711 4567 1744 4621 5

176 4647 337 4715 hujus
371 4648 584 4697 tut-usis.
905 4713 914 4715 _
975 4712 984 4715 _
1200 4709 1209 4715 _
1547 4706 1603 4715 __

255 4706 280 4753 ἶ)
313 4717 542 4770 Seti'rmi
581 4715 862 4766 Conditum
905 4712 1126 4763 habetur
1163 4709 1280 4774 ejus
1309 4719 1501 4772 corpus
1547 4706 1745 4760 Tibure

173 4789 244 4842 ad
270 4787 327 4840 S.
363 4786 650 4849 Laurentii,
695 4793 750 4836 ut
785 4783 898 4850 ejus
929 4781 1164 4834 ecclesiae
1196 4786 1375 4832 vetera
1406 4787 1742 4830 monumenta

177 4859 504 4927 signiﬁcant.
536 4856 733 4927 Battus.
767 4856 816 4906 in
844 4853 1014 4927 Notis.
1205 4918 1216 4927 ι
1336 4915 1366 4927 Π.
1549 4915 1560 4927 _
1603 4914 1636 4927 Δ.

253 4915 276 4967 ἒ
306 4927 604 4979 Audomari.
636 4925 707 4978 De
739 4922 1105 4984 translatione,
1137 4918 1219 4971 vel
1262 4915 1433 4984 potius
1487 4915 1744 4969 relatione

145 5002 216 5052 S.
267 4999 550 5050 Audomari
610 4995 798 5063 legitur
845 4994 896 5046 iit
938 4989 1224 5065 Mabillonii
1272 4992 1390 5040 Act.
1436 4987 1578 5065 item
1616 5001 1739 5064 srec.

145 5085 213 5123 ιιι
243 5113 254 5131 ,
274 5077 405 5134 part.
435 5081 471 5129 t,
503 5058 708 5134 p.125:
737 5065 900 5134 Facta
922 5070 1194 5134 estautem
1215 5060 1327 5134 limo
1346 5058 1616 5134 translatio
1632 5058 1744 5134 sive

168 5127 366 5193 relatio
398 5127 536 5189 anno
563 5133 686 5188 845.
716 5133 846 5188 Cum
880 5134 1018 5185 enim
1057 5133 1202 5198 llugo
1227 5127 1742 5198 abbas_Sithiuen_sis

168 5211 234 5263 S.
300 5206 587 5261 Audomari
642 5219 835 5273 corpus
892 5195 1204 5256 Vermandis
1271 5197 1335 5248 ad
1509 5195 1741 5261 Quintini

165 5277 562 5332 monasterium
590 5268 801 5329 deferre
850 5275 896 5325 vi
925 5284 1200 5340 aggressus
1221 5277 1320 5331 est,
1367 5268 1744 5340 villamusque

168 5351 408 5417 Lisburg
434 5348 647 5401 nomine
663 5360 782 5399 cum
809 5358 902 5417 sua
936 5335 1274 5417 multitudine
1297 5339 1589 5417 deportavit
1613 5353 1624 5388 :
1648 5335 1744 5389 sed

165 5437 302 5473 cum
359 5407 578 5472 uvlterius
631 5414 874 5485 progredi
919 5413 1118 5479 vetletj,
1154 5409 1446 5485 multitudo
1499 5407 1744 5485 universa

159 5505 373 5556 corpus
402 5503 430 5539 a
483 5476 645 5540 terra'
671 5476 849 5538 levare
895 5497 998 5556 non
1029 5476 1210 5556 valuit.
1241 5479 1296 5532 Β.
1326 5479 1481 5556 igitur
1528 5476 1740 5556 Eolqui-

167 5548 290 5615 nus'
310 5559 590 5626 episcopus
622 5555 942 5628 Sitliiuensis
967 5567 1087 5606 cum
1128 5551 1239 5605 suis
1263 5549 1496 5610 veniens,
1524 5548 1741 5628 thesau-

163 5647 299 5687 rum
332 5619 827 5695 i'tluurreportavit,
857 5631 910 5677 et
953 5635 1264 5695 praecavens
1303 5632 1369 5695 ne
1417 5619 1744 5695 parilihmodo

165 5715 378 5768 corpus
417 5687 713 5768 auferretur
755 5687 991 5768 sanctum
1023 5737 1038 5755 ,
1084 5691 1210 5744 illud
1252 5689 1302 5743 in
1357 5689 1526 5768 insula
1570 5687 1742 5742 Sithitt

169 5759 335 5837 iuxta
357 5783 549 5835 corpus
572 5766 629 5820 Β.
667 5766 858 5820 ltertini
885 5764 982 5820 sub
1012 5771 1152 5816 terra
1184 5759 1496 5816 recondidit.

1931 4292 1957 4331 ἀ
1991 4294 2200 4347 Hilarii.
2256 4293 2420 4346 llodie
2452 4287 2726 4342 translatio
2757 4285 2908 4354 hujus
2939 4285 3242 4350 angelorum
3271 4284 3424 4337 mini-

1857 4365 2022 4419 sterio
2061 4365 2194 4418 facta
2225 4375 2326 4425 est,
2361 4380 2387 4415 a
2422 4363 2585 4415 veteri
2629 4358 2938 4412 menaSIerii
2972 4356 3261 4408 suburbani
3293 4365 3426 4408 tem-

1859 4437 1961 4502 plo,
1999 4437 2061 4487 ad
2096 4449 2283 4488 novam
2317 4433 2587 4485 basilicam
2638 4428 2877 4482 urbicam
2908 4441 3064 4496 quam
3110 4426 3427 4502 Tredelinus

1783 4501 1830 4560 D
1856 4498 2019 4558 abbas
2041 4514 2302 4568 erexerat,
2335 4505 2588 4570 episcOpo
2631 4507 2908 4563 Spectante
2935 4506 2991 4570 et
3032 4506 3295 4562 stupente.
3334 4498 3425 4563 qui

1847 4577 2199 4631 dedicationis
2231 4566 2410 4640 tempti
2443 4571 2702 4644 absolutis
2732 4566 3030 4629 solemniis,
3061 4578 3178 4644 post
3203 4573 3422 4644 noctur-

1848 4663 1942 4699 nas
1977 4663 2159 4711 preces
2204 4635 2394 4712 quibus
2439 4657 2556 4695 cum
2590 4641 2863 4712 abhate_et
2905 4635 3421 4712 monachisinsiste-

1849 4703 2183 4782 bat,'corpus
2221 4703 2526 4766 'transl'erre
2566 4709 2793 4782 eveteri
2845 4717 2948 4782 situ
2998 4705 3081 4782 ad_
3117 4703 3418 4782 ordinatum

1845 4774 2136 4840 sacrarium
2167 4785 2451 4836 statuebat.
2485 4779 2800 4835 Celebratur
2842 4777 2956 4828 hinc
2986 4777 3172 4829 eadem
3199 4774 3420 4827 transla-

1848 4859 1918 4910 tio
1949 4859 2015 4907 26
2045 4854 2206 4907 Jun-ii.

1923 4936 1944 4962 ε
1978 4923 2258 4977 Eustachii.
2319 4918 2631 4974 Eustacltius
2687 4925 2800 4971 erat
2856 4915 2957 4967 dux
3011 4914 3314 4977 exercitus,
3365 4925 3420 4967 et

1845 4996 1966 5048 dum
1994 4995 2205 5063 gentilis
2235 4993 2350 5057 fuit,
2376 4990 2658 5063 vocabatur
2684 4986 2962 5063 Placidus;
2989 4999 3205 5063 egresso
3235 4995 3415 5063 autem

1845 5069 1895 5120 ei
1928 5053 2608 5128 ailvveuandumapparuit
2634 5059 2684 5111 in
2729 5057 2869 5111 cervi
2922 5056 3172 5110 cornibus
3216 5053 3419 5128 cingi-8

1844 5138 2092 5190 Crucit‘txi
2125 5174 2143 5200 ,
2199 5143 2254 5187 et
2317 5127 2545 5200 insenuit
2599 5143 2698 5200 vox
2726 5128 2990 5200 quaedam,
3038 5135 3097 5200 ut
3143 5127 3418 5200 accederet

1843 5209 1906 5260 ad
1960 5195 2383 5260 Christianorum
2434 5195 2762 5254 sacerdotem
2809 5205 2863 5250 et
2909 5196 3276 5262 baptizaretur,
3325 5195 3417 5260 ju-

1843 5279 1992 5332 bens.
2026 5276 2168 5331 Uxor
2206 5273 2365 5328 etiam
2419 5273 2469 5324 in
2500 5267 2698 5324 somnis
2729 5269 2927 5321 visione
2950 5266 3214 5318 admonita
3243 5271 3325 5318 est
3361 5271 3421 5316 ut

1842 5364 1961 5401 cum
1995 5347 2185 5400 marito
2239 5345 2332 5396 liat
2359 5340 2647 5413 Christina.
2673 5339 2944 5393 Venerunt
2974 5337 3151 5413 _igitttr
3187 5333 3411 5413 duobus

1843 5419 1967 5471 titiis
2007 5418 2071 5470 ad
2133 5415 2388 5469 Joannem
2447 5411 2812 5483 sacerdotem,
2866 5408 3216 5483 et_b_aptiza_ti
3286 5411 3412 5482 sunt

1842 5503 2051 5542 omnes.
2085 5485 2311 5538 Proinde
2356 5492 2514 5552 pesta
2542 5481 2712 5548 gravis
2748 5476 3014 5554 Eustachii
3046 5475 3298 5554 {amittam
3331 5475 3412 5552 iu-

1844 5561 1996 5625 vasit,
2020 5571 2246 5622 eumque
2275 5543 2518 5607 orn-uibus
2539 5543 2760 5625 quorum
2788 5557 2901 5625 erat
2929 5545 3204 5625 dominus,
3235 5543 3412 5625 homi-

1844 5614 1996 5685 nibus
2020 5614 2218 5681 scilicet
2245 5634 2298 5680 et
2333 5614 2608 5691 jumentis,
2631 5618 2895 5685 spoliavit.
2923 5616 3096 5693 Quam
3126 5614 3404 5693 calamita-

1845 5684 1949 5755 tem
2007 5714 2109 5754 non
2166 5684 2482 5758 sustinens;
2531 5692 2778 5764 exsulare
2820 5687 3002 5742 statuit
3066 5694 3121 5740 et
3168 5684 3411 5764 clam_in

1844 5752 2128 5844 Eéyptum
2157 5782 2277 5824 cum
2301 5764 2407 5821 suis
2432 5752 2710 5834 proﬁcisci.
2741 5759 2872 5815 Cum
2895 5767 3069 5814 autem
3095 5769 3126 5812 ο
3169 5753 3286 5811 navi
3312 5752 3411 5810 de-
