4110 6456
735 326 862 379 ίξὶὶιί

1470 320 1670 375 BED/E
1717 318 2166 372 VliNlilHlllLlS
2206 316 2355 370 OI‘P.
2399 312 2571 369 PARS
2612 312 2699 367 IV.
2742 342 2810 353 —
2852 309 3231 368 lllSTORlC.\.

3852 294 3964 348 illi?)

1978 426 2205 481 EDITIO
2244 422 2708 481 COLUNIEDSIS.

726 528 929 597 cipitari
962 527 1011 579 in
1037 524 1189 578 mari.
1220 522 1315 588 Qui
1346 522 1533 577 eodem
1563 520 1650 574 die
1676 520 1861 589 rejecti
1890 528 2014 572 sunt
2039 518 2104 572 ad
2136 518 2303 580 littus,
2334 520 2382 575 Α
2414 512 2807 578 misericordia,
2837 512 3037 578 studio,
3070 511 3361 579 vigilantia,
3393 519 3559 580 atque
3588 509 3849 565 omnibus
3871 512 3980 575 Opti.

727 632 778 675 et
808 618 998 687 scpulti
1028 618 1094 670 ab
1126 614 1355 669 Eusebio
1386 614 1601 667 homine
1633 613 1749 677 Dei,
1780 613 1921 665 iuxta
1949 612 2135 665 urbem
2165 608 2301 664 Ter-

728 711 985 773 racinam,
1015 716 1069 761 et
1099 706 1236 761 idem
1271 705 1531 759 Eusebius
1564 716 1743 773 postea
1778 702 2085 773 martyrium
2115 716 2303 771 passus

722 812 803 855 est
831 818 950 855 cum
985 800 1161 853 Felice
1189 798 1524 867 presbytero.
1554 794 1621 847 Et
1647 795 1908 861 depositio
1939 793 2108 847 sancti
2142 792 2305 847 Seve-

722 892 821 947 rini
852 888 1097 945 monachi
1142 890 1209 943 de
1234 886 1525 956 'l‘yburtina
1554 884 1788 949 civitate,
1821 893 1874 938 et
1902 892 2099 937 sancta:
2126 881 2304 935 Maria:

722 987 993 1042 martvris.

796 1005 805 1040 l
844 1002 857 1039 ι
900 1002 993 1041 ris.

796 1002 954 1133 ἑὴν
989 1078 1117 1131 Non.
1153 1076 1395 1129 Novum.
1423 1102 1491 1113 ——
1518 1073 1702 1127 Natale
1732 1070 1900 1123 sancti
1928 1064 2181 1123 Victorini
2216 1066 2303 1118 Pi-

690 1159 1010 1227 'ctavicnsis
1033 1170 1289 1237 episcopi,
1322 1167 1408 1235 qui
1443 1166 1807 1236 persecutione
1835 1159 2141 1216 Diocletiani
2162 1174 2304 1212 mar-

722 1269 858 1336 tyrio
887 1274 1169 1319 coronatus
1205 1272 1306 1317 est.
1351 1260 1504 1329 Apud
1550 1258 1845 1313 Laoditiam
1876 1256 2013 1310 beati
2039 1252 2300 1309 Theodoti

717 1356 975 1425 episcopi,
1009 1354 1106 1408 viri
1135 1368 1239 1407 non
1269 1352 1443 1406 solum
1473 1350 1670 1412 verbis,
1703 1348 1797 1402 sed
1833 1355 1887 1401 et
1924 1346 2082 1402 rebus
2109 1353 2164 1400 et
2185 1344 2297 1400 vir-

721 1448 921 1500 tutibus
952 1445 1143 1499 ornati.
1182 1444 1274 1498 llic
1305 1452 1418 1496 arte
1446 1440 1682 1495 medicus
1711 1439 1809 1493 fuit
1834 1439 2074 1507 quidem,
2106 1436 2201 1492 sed
2229 1436 2295 1491 ad

716 1538 1013 1590 animarum
1047 1550 1075 1587 a
1108 1534 1335 1587 Domino
1365 1532 1652 1584 translatus
1688 1540 1769 1583 est
1799 1528 2140 1594 medicinam,
2174 1540 2299 1581 vere

716 1625 1171 1697 incomparabilis,
1202 1625 1293 1693 qui
1323 1638 1483 1691 super
1513 1634 1867 1690 omnespene
1898 1619 2141 1675 homines
2171 1618 2296 1685 fide,

2410 610 2508 663 mis
2536 607 2956 663 institutionibus
2977 606 3184 659 claruit.
3212 605 3263 659 In
3295 604 3594 673 Scripturis
3623 618 3848 674 quoque
3869 604 3981 657 divi-

2409 700 2490 755 nis
2520 699 2790 754 laboribus
2816 697 3263 766 quamplurimum
3288 697 3475 767 gessit,
3506 696 3745 765 quievit,
3772 698 3979 763 sepultas

2408 790 2461 844 in
2488 797 2766 845 senectute
2794 787 2952 842 bona.
2984 788 3114 842 Item
3147 787 3317 841 sancti
3348 788 3622 842 Ambrosii
3654 787 3867 842 abbatis
3886 802 3979 840 mo-

2409 876 2630 933 nasterii
2662 876 3014 947 Agaunensis.
3048 874 3264 929 Viennae
3294 878 3464 931 sancti
3508 876 3731 946 Georgii
3763 875 3977 943 ejusdem

2416 968 2559 1023 urbis
2589 967 2848 1037 episcopi.
2885 967 2939 1020 ln
2971 967 3149 1021 Africa
3177 977 3480 1023 sanctorum
3510 968 3717 1032 Publii,
3754 967 3975 1032 Victoris,

2415 1059 2702 1124 llcrmetis,
2737 1058 2873 1112 Justi
2900 1067 2952 1112 et
2984 1058 3182 1128 Papiae.

2482 1151 2544 1205 F.
2574 1152 2638 1206 Ill
2666 1152 2799 1205 Non.
2832 1151 3071 1205 NOVEIB.
3090 1150 3357 1206 —Natale
3378 1152 3546 1205 sancti
3571 1151 3763 1217 Quarti
3785 1161 3979 1220 aposto-

2410 1245 2580 1298 lorum
2611 1242 2875 1311 discipuli.
2916 1241 3065 1310 Apud
3097 1242 3392 1296 Caesaream
3419 1242 3783 1311 Cappadocia
3816 1242 3973 1295 natale

2406 1346 2713 1391 sanctorum
2742 1345 3033 1406 martyrum
3060 1335 3333 1402 Germani,
3357 1335 3665 1404 Theophili,
3697 1336 3912 1390 Caesarii
3935 1348 3978 1388 et

2411 1430 2617 1492 Vitalis,
2651 1429 2741 1498 qui
2769 1430 2969 1497 optime
2998 1427 3256 1482 duxerunt
3289 1428 3602 1498 martyrium
3631 1427 3735 1480 sub
3767 1427 3983 1481 Deciana.

2409 1525 2802 1593 persecutione.
2857 1525 3082 1578 Vienna:
3132 1523 3298 1577 sancti
3353 1523 3539 1577 Domni
3590 1521 3835 1592 episcopi
3880 1523 3979 1590 glo-

2407 1616 2557 1670 riosi.
2580 1614 2780 1671 Eodem
2811 1616 2897 1671 die
2923 1616 3183 1686 depositio
3210 1618 3374 1669 sancti
3401 1614 3636 1670 Pirmiuii
3666 1615 3905 1684 episcopi
3937 1623 3981 1667 et

1916 1728 2145 1782 EDITIO
2184 1725 2692 1783 BOLLANDIANA.

714 1838 771 1882 et
799 1826 1006 1880 duobus
1046 1825 1192 1879 filiis.
1222 1824 1438 1893 Parisiis
1464 1822 1678 1876 civitate
1710 1820 1883 1893 natale
1911 1820 1970 1875 S.
1999 1829 2025 1856 λ
2071 1820 2301 1893 Marcelli

723 1898 959 1963 episcopi
990 1905 1043 1947 et
1084 1891 1423 1949 conifesmiris.
1457 1894 1657 1947 Eodem
1688 1892 1775 1963 die
1822 1891 2142 1963 Cenomanis
2170 1892 2303 1963 civi-

714 1978 819 2021 tate
846 1961 1020 2019 natale
1053 1966 1111 2021 S.
1142 1964 1167 2000 ι’
1205 1964 1446 2017 Domnoli
1474 1962 1709 2033 episcopi
1734 1971 1787 2016 et
1811 1961 2157 2017 confessoris.
2187 1961 2304 2029 Ipso

713 2039 800 2091 die
828 2038 1003 2089 natale
1032 2038 1088 2090 S.
1118 2048 1139 2074 ο
1169 2034 1398 2104 Vigoris.

783 2156 837 2209 2.
868 2188 939 2198 --
969 2156 1031 2210 IV
1055 2154 1260 2211 NonAs.
1294 2153 1457 2209 Vacat
1488 2152 1665 2209 Baeda.

784 2274 845 2327 Β.
878 2272 943 2324 V.
976 2271 1035 2325 C.
1076 2312 1092 2337 ,
1136 2270 1407 2325 Dedicatio
1438 2269 1667 2324 basilicae
1710 2269 1810 2323 SS.
1840 2274 1866 2312 «ι
1897 2266 2058 2331 Sixti,
2112 2267 2291 2338 liypoo

708 2344 785 2399 liti
818 2353 872 2397 et
916 2342 1204 2395 Laurentii.
1250 2340 1313 2394 D.
1339 2382 1354 2405 ,
1397 2340 1643 2394 Laodicia
1670 2352 1694 2379 ε
1734 2339 1991 2393 Theodoti
2032 2340 2288 2405 episcopi,

711 2415 799 2482 qui
830 2423 945 2468 arte
967 2412 1207 2465 medicus
1255 2410 1367 2482 fuit.
1409 2416 1471 2464 A.
1505 2410 1564 2463 L.
1590 2450 1605 2475 ,
1634 2409 1694 2482 _ln
1728 2409 1901 2482 Africa
1945 2410 2118 2482 natale
2167 2424 2291 2462 san.

706 2479 915 2537 ctornm
950 2483 1205 2546 Victoris,
1240 2481 1502 2535 llcrmetis
1545 2490 1597 2534 et
1623 2480 1781 2534 Justi.
1830 2482 1895 2534 A.
1934 2520 1949 2544 ,
1986 2479 2180 2532 Eodem
2209 2481 2295 2533 die

709 2555 936 2609 ειονςιιίο
966 2552 1204 2621 corporis
1230 2552 1288 2606 S.
1317 2551 1511 2605 Bertini
1556 2551 1779 2604 abbatis.
1816 2550 1931 2615 Ipso
1963 2550 2049 2602 die
2070 2566 2289 2621 memo-

707 2624 783 2678 ria
814 2620 1468 2679 fideliumdefunctorum
1521 2622 1841 2684 celebratur,
1870 2636 1901 2673 a
1952 2622 2009 2673 Β.
2057 2620 2281 2673 0dilone

2408 1817 2774 1872 Cluniacensis
2806 1818 3033 1874 crenobii
3064 1820 3254 1876 abbate
3281 1835 3421 1875 anno
3459 1821 3549 1875 Dei
3590 1820 3792 1875 Christi
3824 1821 3976 1875 mille°

2410 1890 2545 1941 simo
2566 1889 2797 1942 secundo
2820 1890 3010 1944 devote
3033 1890 3289 1945 instituta.
3310 1892 3398 1953 T..
3417 1892 3879 1946 Commemoratio
3897 1907 3974 1945 so-

2416 1959 2607 2012 lemnis
2653 1961 2890 2013 omnium
2949 1961 3180 2015 fidelium
3236 1962 3625 2015 defunctorum.
3677 1962 3745 2015 Τ.
3801 1961 3975 2025 B.,ln

2415 2030 2590 2081 Africa
2623 2031 2800 2098 passio
2830 2030 2929 2085 SS.
2961 2031 3199 2096 Poriliani
3224 2072 3238 2095 ,
3273 2032 3516 2095 VictOris,
3546 2032 3806 2096 Ermetis,
3829 2031 3973 2095 Justi,

2408 2098 2621 2172 HUIUS.
2677 2110 2743 2172 et
2789 2101 2958 2169 Papiae
3018 2100 3117 2172 [Τ.
3166 2120 3276 2167 om,
3331 2113 3385 2157 et
3438 2101 3680 2172 Papim].
3739 2102 3859 2169 Ipso
3903 2104 3975 2153 die

2401 2166 2419 2203 ί
2443 2170 2499 2222 S.
2526 2169 2747 2223 Lattteni
2770 2166 2995 2224 abbatis.
3019 2166 3093 2225 Et
3116 2183 3140 2218 ε
3162 2166 3387 2227 elevatio
3412 2183 3465 2227 ct
3484 2166 3837 2229 transl-atiovS.
3865 2172 3975 2228 Ber-

2400 2239 2492 2292 lini
2521 2242 2729 2295 abbatis
2758 2251 2810 2295 et
2841 2242 3189 2297 confessoris.

2469 2370 2523 2425 5.
2553 2402 2621 2411 —
2643 2370 2704 2426 Ill
2733 2372 2931 2427 Nonus.
2957 2373 3121 2428 Vacat
3154 2374 3330 2429 Baeda.

2473 2482 2532 2535 ll.
2568 2482 2769 2555 V._C.,7
2798 2483 2851 2536 In
2882 2481 3124 2555 Caesarea
3168 2484 3509 2555 Cappadociae
3554 2482 3664 2554 [B.,
3703 2485 3755 2536 in
3784 2483 3974 2555 Africa]

2401 2551 2672 2617 Germani,
2732 2554 3037 2620 Theolihili,
3089 2554 3327 2620 Giesarii,
3377 2551 3579 2607 Vitalis‘.
3636 2555 3781 2608 Alibi
3806 2551 3974 2621 passi}

2388 2621 2443 2675 S.
2482 2626 2761 2689 Agricolae.
2810 2625 2894 2691 B.,
2928 2624 2991 2678 Et
3036 2627 3213 2694 passio
3239 2624 3294 2680 S.
3324 2625 3531 2690 Panuli,
3557 2627 3645 2692 qui
3675 2642 3871 2694 passus
3896 2639 3973 2679 εει

2099 2711 2310 2766 SMITH
2353 2708 2582 2767 NOTAE.

707 2811 1022 2873 scendisset,
1047 2808 1326 2862 nauclerus
1363 2807 1621 2861 barbarus
1666 2808 1716 2860 in
1748 2805 2075 2872 Theopistcn
2109 2806 2293 2874 injecit

708 2896 897 2934 manus
922 2920 937 2943 ,
961 2890 1014 2933 et
1048 2893 1163 2930 eam
1198 2892 1292 2943 pro
1317 2877 1562 2931 mercede
1608 2877 1959 2945 navigationis
2006 2876 2290 2945 Eustachio

708 2952 925 3003 abstulit
954 2968 967 3010 ;
1000 2958 1053 3000 et
1078 2950 1201 3000 dum
1251 2956 1392 3000 recta
1444 2947 1523 2999 via
1568 2944 1883 3000 Eustachius
1912 2948 1963 2998 in
1995 2944 2286 3014 [Egyptmn

709 3022 975 3083 tenderet,
997 3022 1128 3070 duos
1148 3017 1306 3070 etiam
1329 3017 1505 3070 amisit
1538 3020 1670 3071 filios
1694 3057 1708 3081 ,
1742 3017 1971 3069 alterum
2002 3018 2171 3078 leone.
2204 3021 2286 3072 al-

714 3103 880 3143 terum
910 3090 1032 3153 lupo
1061 3087 1357 3141 abducente
1388 3102 1403 3139 :
1433 3104 1566 3153 quos
1598 3098 1773 3141 tamen
1797 3085 2042 3154 agricolte
2069 3090 2281 3154 quidam

2403 2820 2484 2861 tus
2514 2806 2772 2861 Domnulo
2800 2804 3021 2868 tribuit,
3070 2803 3357 2872 scribitque
3390 2817 3508 2855 cum
3540 2810 3784 2868 tempore
3815 2802 3970 2856 Chlo—

2403 2879 2659 2931 thacharii
2694 2878 2832 2945 regis
2854 2874 2992 2943 apud
3040 2874 3293 2945 Parisios
3321 2872 3383 2924 ad
3432 2874 3542 2927 basi
3570 2874 3705 2925 icam
3818 2874 3967 2945 μυ.

2400 2950 2554 3002 rentii
2584 2948 2728 3017 gregi
2758 2942 3123 3017 itionasterjali
3166 2944 3468 3017 praefuisse.
3489 2946 3643 2996 Auno
3676 2943 3785 2997 567
3818 2942 3969 3017 Dum-

2397 3022 2549 3073 nolus
2587 3013 2702 3072 'in'
2753 3017 2955 3084 synodo
3014 3014 3306 3069 Turonensi
3365 3028 3399 3066 tt
3459 3014 3770 3066 ittVt‘lIiltll’.
3824 3013 3967 3068 Juxta

2397 3087 2714 3143 llenschenii
2755 3087 3016 3140 calculum
3048 3087 3098 3137 in
3129 3102 3225 3138 suo
3268 3084 3460 3152 praevio
3490 3088 3881 3138 commentario
3908 3088 3966 3137 ad

707 3176 775 3214 ex
829 3174 920 3213 ore
969 3156 1251 3231 bestiarum
1294 3157 1518 3231 intactos
1545 3153 1855 3231 liberarunt,
1871 3166 1940 3231 _et
1976 3153 2119 3231 apud
2146 3159 2288 3225 ipsos
2316 3166 2362 3231 ρ
2394 3166 2520 3214 Acta
2546 3160 2603 3231 ξ.
2634 3157 3033 3231 υοωιιριίῄοὺίἱι
3065 3155 3448 3231 annohcircitcr
3473 3153 3597 3231 ῥὶς-ί.

706 3233 967 3282 aluerunt.
1004 3228 1128 3281 Post
1169 3229 1262 3281 bas
1292 3228 1481 3281 multas
1509 3228 1838 3282 calamitates
1868 3228 2188 3282 Eustachius
2216 3232 2282 3284 ad

706 3300 937 3363 inopiam
980 3300 1251 3361 redactus,
1298 3299 1481 3352 labore
1530 3313 1628 3352 suo
1678 3298 1920 3352 victitare
1957 3299 2282 3366 cogebatur;

704 3386 824 3424 cum
855 3380 1030 3423 autem
1055 3371 1363 3422 servitutem
1390 3370 1497 3436 jam
1528 3370 1616 3423 diu
1654 3372 1977 3434 pertulisset,
2010 3370 2077 3422 ab
2110 3368 2174 3423 iis
2196 3371 2283 3438 qui

712 3442 780 3493 ab
816 3440 1136 3507 imperatore
1167 3438 1395 3507 Trajano
1442 3438 1507 3491 ad
1552 3454 1672 3491 cum
1725 3437 2091 3507 inquirendum
2138 3437 2283 3495 missi

707 3520 831 3563 sunt
858 3510 1066 3579 agnitus
1087 3517 1206 3561 est:
1237 3524 1333 3561 nec
1360 3510 1564 3563 minore
1592 3509 1783 3576 gaudio
1806 3511 1872 3561 ab
1902 3510 2286 3576 exploratori--

705 3583 800 3632 bus
825 3581 1065 3633 inventus
1093 3589 1192 3640 est,
1218 3594 1376 3645 quam
1402 3580 1467 3631 ab
1490 3579 1606 3647 ipso
1632 3582 1954 3646 imperatore
1980 3588 2241 3647 exceptus
2267 3598 2279 3632 :

707 3652 1028 3716 etquoniam
1060 3650 1365 3712 imperatori
1392 3665 1526 3715 opus
1552 3659 1695 3703 esset
1722 3651 1988 3703 exercitus
2012 3652 2091 3703 sui
2125 3652 2279 3715 duce,

704 3723 768 3772 ad
802 3722 1072 3786 pristinam
1099 3719 1406 3786 dignitatem
1436 3718 1705 3772 restitutus
1738 3729 1836 3772 est.
1867 3720 1933 3772 Et
1963 3728 2020 3772 ut
2045 3721 2109 3773 ad
2138 3735 2284 3774 sum-

709 3806 848 3842 mam
875 3789 1175 3843 felicitatem
1202 3789 1502 3855 attingeret,
1531 3792 1743 3857 agnovit
1765 3805 2005 3855 uxorem,
2032 3805 2149 3859 quae
2177 3806 2281 3844 non

705 3870 787 3912 est
816 3862 1007 3912 violata
1041 3873 1070 3911 a
1114 3859 1361 3923 barbaro,
1397 3867 1455 3911 ut
1503 3869 1621 3927 pote
1655 3875 1813 3927 quem
1857 3860 2032 3912 divina
2080 3859 2279 3929 justitia

707 3941 977 3995 persecuta
1008 3938 1125 3983 est:
1157 3937 1211 3981 et
1234 3929 1369 3981 iilios
1396 3931 1575 3995 etiam,
1611 3931 1699 3991 qui
1726 3933 1775 3983 in
1811 3931 2000 3984 eodem
2043 3932 2281 3985 exercitu

705 4000 791 4053 cui
820 4001 931 4067 ipse
957 4001 1059 4052 dux
1088 4011 1199 4051 erat
1242 4000 1552 4054 militabant.
1604 3999 1734 4054 Cum
1764 4001 1903 4053 enim
1931 4001 2015 4053 die
2055 4004 2280 4068 quadam

709 4068 848 4122 inter
877 4086 934 4122 se
959 4068 1184 4138 juvenes
1213 4070 1281 4122 de
1313 4070 1635 4134 parentibus,
1683 4080 1737 4123 et
1774 4072 1839 4124 de
1872 4072 1936 4123 iis
1966 4086 2082 4139 qua:
2116 4072 2164 4123 in
2199 4072 2278 4124 iu-

704 4140 865 4211 lantia
890 4141 985 4192 sibi
1014 4139 1334 4201 acciderant,
1356 4140 1680 4211 retulissent,
1707 4142 1842 4193 alter
1873 4142 2096 4193 alterum
2124 4156 2279 4211 agno-

702 4210 798 4273 vit,
850 4220 901 4262 et
951 4226 1068 4262 cum
1112 4210 1297 4263 eadem
1349 4210 1633 4264 Eustachio
1680 4212 2033 4277 aperuissent,
2081 4210 2277 4279 gaudio

703 4295 810 4346 quo
851 4282 1019 4344 potuit
1054 4291 1218 4344 pater,
1250 4294 1342 4333 eos
1363 4289 1445 4333 est
1488 4282 1784 4345 amplexus.
1817 4281 1944 4335 Post
1970 4283 2081 4334 haec
2102 4292 2276 4335 autem

705 4350 926 4419 Romam
970 4350 1126 4401 rediit
1179 4349 1366 4410 victor,
1396 4350 1523 4415 ubi,
1572 4350 1799 4418 Trajano
1852 4351 1961 4418 jam
2006 4351 2276 4419 defuncto,

704 4418 965 4469 Adrianus
993 4400 1267 4484 imperium
1296 4400 1791 4486 suscepissetysed
1814 4400 2276 4476 cum-noliiithiui:
2307 4400 2357 4459 D

706 4499 1002 4554 peratnrem
1054 4504 1147 4555 pro
1187 4487 1403 4541 victoria
1456 4491 1611 4541 idolis
1650 4492 2065 4544 sacrificaturum
2112 4496 2279 4546 conii-

705 4558 825 4621 tari,
862 4560 1146 4626 imperator
1184 4561 1231 4612 ei
1274 4560 1485 4624 quidem
1538 4562 1760 4627 primmn
1814 4563 2032 4614 abstulit
2087 4579 2280 4619 munus

704 4628 927 4700 ducendi
959 4630 1242 4692 exercitus,
1273 4630 1464 4683 deinde
1491 4645 1609 4683 cum
1643 4631 1763 4683 filiis
1793 4638 1845 4684 et
1886 4633 2112 4700 conjuge
2154 4650 2279 4688 eum

703 4697 815 4751 sisti
843 4698 1001 4767 jussit
1030 4713 1209 4772 coram
1241 4701 1508 4772 tribunali,
1541 4700 1731 4754 deinde
1760 4704 1919 4754 mittit
1950 4697 2013 4755 ad
2052 4697 2277 4772 bestias,

701 4784 819 4835 qua:
847 4772 962 4841 illus
1010 4770 1287 4822 inviolatos
1325 4771 1676 4841 dimiserunt;
1709 4772 1939 4841 denique
1994 4774 2043 4825 in
2088 4770 2279 4828 bovem

700 4840 1318 4961 gneumbinflammatum
1348 4840 1601 4910 conjecit.
1632 4842 1826 4896 Status
1859 4840 1987 4897 tom.
2018 4844 2103 4910 Vl,
2129 4847 2216 4900 die
2246 4846 2280 4897 2

747 4924 896 4961 ονθιη
944 4949 956 4961 .

747 4924 956 4962 ονθιηι).

773 4984 797 5009 ιι
824 4978 1085 5056 Marcelli.
1113 4980 1171 5034 S.
1191 4980 1448 5056 Marcelli
1473 4981 1642 5056 Vitam
1674 4997 1702 5056 a
1736 4982 2279 5056 Forttinatoiprcsby-

701 5051 1095 5122 teroscriptam
1126 5050 1287 5105 refert
1333 5052 1624 5106 Suriusdie
1668 5054 1689 5105 1
1738 5056 1998 5110 Novemb.
2025 5050 2279 5122 Sepultus

694 5130 774 5173 est
826 5120 877 5171 in
937 5122 1160 5173 ecclesia
1210 5122 1510 5176 suburbana
1542 5163 1555 5185 ,
1591 5137 1750 5189 qnam
1814 5120 2110 5178 Lariuoius
2155 5137 2279 5181 tunc

698 5206 799 5241 ιιτιη
814 5191 957 5256 poris
986 5191 1345 5245 cathedralem
1365 5192 1523 5245 fuisse
1546 5194 1837 5258 contendit,
1855 5194 2059 5248 Valesio
2082 5205 2134 5249 et
2160 5198 2278 5252 aliis

696 5260 1134 5335 t'tfclutllnflliijus.
1169 5263 1352 5335 Sancti
1385 5263 1631 5315 antistitis
1660 5278 1851 5330 corpus
1892 5265 2014 5320 itide
2044 5268 2093 5319 in
2115 5271 2278 5335 majo-

697 5347 805 5380 rem
840 5333 1120 5384 ecclesiam
1166 5334 1473 5385 translatum
1499 5342 1600 5396 est,
1633 5336 1717 5386 tibi
1749 5335 1799 5386 in
1845 5334 2100 5388 ditissima
2125 5333 2275 5392 theCa

695 5411 1019 5475 asservatur.
1056 5402 1276 5475 Ponitur
1320 5420 1491 5457 nouus
1538 5405 1860 5460 Parisiorum
1904 5406 2189 5475 episcopus
2220 5410 2276 5462 in

697 5469 725 5518 ἰ
740 5471 830 5523 ab.
860 5471 1111 5524 Democh.

738 5608 746 5616 _
776 5542 1099 5616 b_Uomuoli.
1130 5542 1222 5596 llic
1252 5544 1443 5597 colitur
1476 5544 1540 5597 16
1586 5545 1725 5598 Maii.
1752 5546 1892 5599 Obiit
1922 5561 2048 5600 vero
2082 5547 2276 5602 Kalen-

811 5611 1134 5675 Decembris,
1162 5626 1217 5666 ut
1251 5624 1394 5681 patet
1421 5630 1485 5669 ex
1514 5616 1629 5680 ejus
1661 5616 1806 5670 Actis
1828 5620 1964 5681 apud
1998 5624 2126 5670 Acta
2170 5618 2269 5675 SS.

700 5675 783 5759 die
803 5682 911 5759 _tb’_
947 5683 1063 5734 Maii
1100 5675 1276 5759 editis.
1328 5685 1486 5759 _Greg.
1543 5675 1740 5759 'l’urnn.
1774 5687 1822 5739 in
1857 5675 1993 5739 llist.
2030 5686 2220 5742 Franc.
2251 5727 2265 5750 ,

702 5758 770 5812 VI,
803 5750 857 5811 7,
885 5750 1013 5805 duos
1042 5754 1377 5809 solummodo
1409 5750 1776 5826 supraviginti
1807 5774 1974 5812 annos
2000 5760 2275 5829 cpiscopu-

2481 3242 2501 3268 ο
2549 3229 2772 3301 Vigoris.
2798 3228 3163 3301 Qui-tempore
3189 3224 3507 3301 Gliildeberti
3526 3223 3868 3301 Francorum
3890 3241 3966 3280 re-

2391 3302 2470 3370 gis
2504 3294 2750 3368 parentes
2779 3297 3060 3370 nobilitate
3090 3306 3144 3351 et
3169 3296 3495 3370 _fide_claros
3525 3294 3711 3349 habuit
3736 3312 3750 3348 :
3780 3296 3832 3349 in
3863 3312 3967 3349 mo-

2393 3365 2633 3425 nasterio
2683 3370 2741 3424 S.
2777 3368 2987 3421 Vedasti
3023 3365 3211 3420 litteris
3258 3367 3513 3420 educatus
3561 3374 3684 3429 est;
3740 3380 3870 3431 opes
3922 3377 3966 3419 et

2397 3451 2642 3507 parentes
2688 3439 2993 3506 relinquens
3036 3436 3360 3491 lledeverum
3414 3436 3716 3490 Baiocensis
3746 3437 3964 3506 regionis

2391 3514 2565 3563 vicum
2597 3510 2864 3575 pert'enit,
2906 3508 2991 3561 ubi
3032 3522 3165 3575 pene
3187 3522 3373 3561 omnes
3417 3507 3792 3572 prtedicatione
3818 3548 3833 3567 ,
3861 3523 3965 3559 ser-

2394 3584 2564 3649 pentis
2594 3582 2853 3648 ejo'ctione
2878 3620 2891 3642 ,
2938 3578 3129 3631 mortui
3172 3577 3563 3649 resttscitatitine
3610 3579 3675 3629 ad
3703 3576 3963 3630 Christum

2392 3646 2678 3706 coiivertit.
2714 3651 2845 3703 llinc
2875 3656 3085 3702 mortuo
3114 3649 3171 3701 S.
3206 3646 3429 3701 l’atritio
3466 3647 3737 3701 Baiocensi
3764 3650 3966 3715 epist-o-

2392 3736 2479 3789 po,
2508 3723 2575 3775 ab
2605 3721 2850 3775 omnibus
2876 3729 3138 3787 expetitus
3175 3718 3328 3785 Vigor
3366 3720 3415 3772 in
3457 3716 3570 3786 ejus
3606 3718 3779 3789 locum
3809 3718 3965 3789 suffe-

2391 3788 2509 3845 Ctus
2555 3802 2655 3846 est.
2689 3791 2789 3858 Qui
2832 3805 2951 3842 cum
2980 3789 3044 3842 ad
3084 3789 3497 3841 concinnandam
3530 3802 3633 3841 uno
3659 3788 3907 3841 milliaria
3937 3804 3962 3839 a

2391 3864 2681 3915 civitatein
2730 3872 2961 3914 montem
3007 3860 3258 3914 Phanium
3309 3860 3424 3923 iret,
3470 3859 3535 3912 ab
3566 3860 3754 3911 illCUlls
3794 3863 3966 3909 adhuc

2393 3933 2673 4001 gullllliblls
2700 3975 2713 3997 ,
2761 3930 2847 3998 qui
2876 3940 3101 3983 statuam
3130 3930 3360 4001 mulieris
3386 3928 3687 3982 iadorabant
3711 3968 3727 3990 ,
3771 3928 3966 3995 ejectus

2390 4000 2490 4056 est.
2521 4006 2669 4067 Quod
2697 4017 2815 4055 cum
2862 4002 3128 4055 retulisset
3168 4000 3523 4061 Ghildeberto,
3556 4014 3673 4051 mox
3697 4015 3787 4050 rex
3818 4014 3967 4050 mon-

2392 4080 2497 4126 tem
2530 4074 2674 4126 illum
2727 4074 2977 4139 episcoiio
3035 4071 3405 4138 possidendum
3455 4069 3687 4139 tradidit.
3727 4070 3784 4121 S.
3838 4085 3965 4123 vero

2387 4146 2605 4196 antistes
2637 4138 2781 4196 illum
2814 4142 3071 4210 purgavit,
3111 4140 3237 4193 inibi
3262 4140 3537 4193 ecclesiam
3564 4138 3841 4191 aedificavit
3870 4181 3883 4201 ,
3915 4153 3962 4191 et

2389 4224 2622 4268 montem
2654 4213 2937 4265 Gbrismati
2962 4211 3265 4279 appellavit,
3295 4212 3467 4277 ibique
3495 4212 3734 4271 sepultus
3756 4220 3838 4263 est
3870 4210 3960 4261 de-

2389 4284 2618 4336 functus.
2647 4285 2842 4336 Sumus
2872 4292 2999 4335 tum.
3040 4283 3120 4336 γι.
3153 4283 3307 4351 Ἠεοτ
3337 4283 3428 4347 fuit
3457 4280 3693 4333 decimus
3720 4282 3961 4333 Baiocen-

2388 4356 2463 4407 sis
2491 4356 2789 4421 episcopus.

2456 4424 2480 4459 α
2507 4420 2767 4477 sumne
2799 4423 2948 4477 Sixto
2974 4421 3143 4489 agitur
3164 4421 3249 4476 die
3273 4420 3304 4475 6
3331 4421 3570 4491 Augusti,
3591 4420 3660 4475 de
3683 4420 3958 4490 Hippolyto

2383 4494 2467 4547 die
2504 4494 2565 4546 15
2593 4499 2657 4548 de
2687 4496 2967 4548 Laurentio
2995 4497 3078 4545 die
3108 4500 3187 4546 l0.

2462 4574 2484 4599 ι’
2515 4566 2760 4617 Theodoti
2823 4564 3125 4629 Theodotus
3164 4562 3429 4630 Stephano
3473 4561 3729 4615 successit
3772 4561 3956 4614 Laeti;-

2382 4650 2491 4689 cea:
2516 4676 2530 4699 ,
2560 4635 2835 4690 medicina:
2866 4636 3248 4702 peritissimus:
3283 4635 3441 4685 horno
3469 4634 3675 4685 exiinia:
3718 4632 3914 4702 human
3938 4663 3957 4669 -

2386 4706 2509 4758 tatis
2532 4719 2583 4758 et
2612 4700 2931 4760 sinceritatis
2958 4705 3139 4757 animi.
3167 4705 3356 4757 Eusss.
3393 4704 3523 4755 llist.
3551 4704 3693 4755 Eccl.
3722 4719 3837 4764 ,vn,
3864 4700 3957 4751 5:.

2462 4776 2478 4813 τ
2507 4775 2743 4830 Lauteni.
2777 4776 2995 4828 Abbatis
3027 4776 3348 4839 Aiduensis;
3381 4777 3468 4842 qui
3506 4775 3769 4826 Laurentii
3802 4774 3957 4824 abba-

2386 4846 2452 4900 tis
2485 4848 2790 4915 magistcrio
2820 4862 2945 4899 usus
2979 4847 3139 4899 fuisse
3168 4846 3377 4907 dicitur,
3420 4844 3613 4915 deinde
3644 4845 3693 4893 in
3718 4858 3953 4915 ercmum

2382 4931 2440 4970 se
2468 4918 2853 4984 recepisse,ubi
2873 4928 3200 4984 septuaginta
3226 4914 3600 4967 ttionachuruttt
3629 4914 3955 4975 Ctenobium,

2384 4990 2657 5042 Sicstense
2686 4987 2906 5049 dictum,
2932 4986 3308 5039 construxerit.
3356 4986 3538 5037 Pomea
3563 4992 3841 5036 crescente
3864 5000 3957 5034 nu-

2384 5074 2535 5111 mero
2580 5059 3009 5125 discipulorum,
3070 5057 3211 5109 aliud
3268 5056 3953 5125 omnubiuutquadraginta

2384 5124 2765 5181 monachorum
2796 5127 3031 5181 erexisse
3059 5129 3108 5179 in
3133 5129 3247 5180 loco
3270 5126 3357 5193 qui
3378 5124 3717 5179 Maximiacus
3742 5124 3954 5177 dicitur.

2382 5203 2565 5251 Annos
2593 5210 2746 5251 natus
2777 5200 3001 5264 amplius
3029 5197 3403 5264 quinquaginta
3449 5199 3513 5247 ab
3556 5197 3805 5249 Amantio
3846 5198 3953 5260 epi-

2381 5284 2544 5335 scopo
2570 5274 2845 5337 presbyter
2868 5269 3142 5320 ordinatus
3176 5277 3273 5320 est.
3312 5265 3625 5319 l’haradteus
3655 5266 3774 5337 ejus
3794 5266 3955 5317 disci-

2384 5342 2537 5405 pulus
2572 5335 2643 5393 ex
2675 5335 2977 5392 obedientia
3006 5354 3064 5391 se
3103 5338 3153 5389 in
3182 5338 3457 5390 ardentem
3490 5351 3669 5404 rogum
3703 5335 3953 5401 injerisse

2382 5412 2564 5463 fertur.
2600 5412 2655 5463 S.
2684 5410 2951 5464 Lautenus
2979 5408 3167 5461 colitur
3188 5410 3239 5459 in
3261 5416 3464 5461 vetusto
3494 5405 3764 5459 Breviario
3795 5405 3951 5456 Van.-

2379 5480 2621 5533 soletano
2670 5481 2752 5533 die
2803 5494 2909 5532 xxv
2960 5478 3258 5545 Septemb.,
3312 5480 3382 5530 uti
3414 5486 3468 5530 et
3518 5479 3567 5528 in
3594 5475 3952 5528 Cluniacensi.

2378 5552 2421 5602 A
2474 5550 2717 5604 Ferrario
2757 5566 2880 5604 vero
2928 5553 2979 5603 in
3026 5549 3194 5603 Gatal.
3247 5548 3479 5617 generali
3534 5546 3689 5617 hodie
3733 5546 3951 5603 colitur.

2378 5620 2463 5687 qui
2504 5630 2558 5673 et
2590 5624 2663 5675 ait
2702 5638 2894 5690 corpus
2927 5624 3042 5688 ejus
3089 5616 3270 5673 l’olinii
3318 5623 3369 5672 in
3412 5616 3708 5686 Burgundia
3743 5618 3952 5683 requie-

2377 5706 2549 5745 SCCt'e.

2463 5765 2486 5801 ε
2517 5760 2761 5815 Elcvatio.
2795 5762 2865 5815 De
2891 5760 3173 5817 S.Dcrtino
3196 5775 3355 5831 supra
3379 5758 3496 5816 vide
3513 5758 3646 5813 Non.
3675 5757 3946 5813 Scotcmb.

2326 5856 2329 5859 γ
2383 5844 2411 5855 οι
