4110 6470
318 332 452 387 {30.1

1461 326 1652 378 SECT.
1699 324 1761 379 ΙΙ.
1805 354 1871 364 --
1913 322 2467 378 διλητγηωιυοιλ.

3447 322 3581 379 HM

1598 440 1827 494 EBlTlO
1868 436 2329 493 CULONIENSIS.

316 562 657 623 confessoris,
687 568 735 611 et
755 556 923 610 sancti
953 556 1206 625 llugberti
1237 555 1889 624 episcOpieteonfessoris.
1924 561 1969 618 Α
1998 553 2152 623 gorii,
2224 550 2523 621 Porphyrii,
2581 550 2842 615 Amantis,
2906 552 3198 619 Saturnini,
3272 552 3585 610 Victoriam.

390 656 455 709 G.
510 654 658 706 Pam.
707 650 844 705 Nox.
894 649 1136 703 Novum.
1190 675 1261 688 ———
1312 649 1462 717 Apud
1518 647 1898 703 Alexandriam

310 743 457 797 beati
503 742 659 797 llierii
695 740 1009 809 presbyteri,
1056 738 1152 791 viri
1204 737 1341 791 acris
1371 736 1589 806 ingenii.
1636 737 1690 790 In
1732 736 1899 790 Callia

318 834 531 889 civitate
585 831 857 886 Bbedonis
914 830 1089 883 natale
1156 831 1323 882 sancti
1387 814 1617 881 Amantii
1669 826 1900 895 episcopi

319 936 372 979 et
401 926 742 989 confessoris,
778 922 930 991 cujus
956 922 1058 975 vita
1090 921 1369 975 sanctitate
1400 930 1450 973 et
1491 918 1764 973 miraculis
1807 934 1903 973 ex-

296 1017 451 1070 stitit
493 1016 741 1083 gloriosa.
772 1012 1161 1081 Augustuduno
1212 1010 1350 1064 beati
1384 1009 1590 1063 Proculi
1643 1009 1895 1076 episcOpi.

299 1108 375 1175 ,ln
433 1107 615 1161 Galliis
666 1105 923 1159 Biturieas
966 1102 1233 1169 depositio
1280 1101 1419 1154 beati
1462 1098 1696 1153 lllusoris
1752 1098 1902 1167 pueri

316 1208 372 1254 et
397 1197 740 1254 confessoris.
774 1196 828 1250 In
857 1195 1031 1251 Africa
1059 1193 1237 1249 natale
1268 1192 1453 1257 Primi,
1487 1191 1736 1254 Caesaris,
1768 1189 1905 1243 Gre-

2076 642 2140 696 A.
2176 641 2305 695 Nos.
2338 641 2575 696 Novum.
2624 669 2692 680 —-
2742 642 3014 696 Zacharize
3063 646 3374 711 propheta),
3424 650 3587 712 patris

2005 737 2227 791 Joannis
2278 735 2547 804 Baptistae.
2601 734 2652 787 lu
2696 734 2987 790 Terracina
3033 732 3337 804 Campania:
3374 737 3589 792 civitate

2008 826 2181 878 natale
2212 834 2516 878 sanctorum
2550 823 2740 877 Felicis
2769 826 3099 894 presbyteri,
3132 833 3185 879 et
3215 824 3427 880 Eusebii
3469 842 3583 880 mo-

2008 913 2183 974 nachi,
2215 913 2545 981 temporibus
2565 913 2767 967 Claudii
2793 914 3149 982 imperatoris.
3174 914 3296 982 Qui,
3321 916 3585 983 videlicet,

2008 1004 2271 1059 Eusebius
2296 1019 2416 1057 cum
2448 1004 2733 1072 sepelisset
2771 1014 2985 1059 sanctos
3015 1014 3296 1074 martyres,
3322 1005 3587 1059 lulianum

2010 1106 2065 1151 et
2094 1096 2407 1160 Ctesarium,
2459 1105 2513 1149 et
2559 1095 2623 1148 ad
2670 1094 2910 1163 sepulcra
2960 1110 3144 1150 eorum
3191 1111 3348 1150 orans
3395 1097 3591 1152 multos

2011 1198 2351 1242 converteret
2376 1187 2441 1241 ad
2480 1188 2660 1252 fidem,
2703 1201 2838 1257 quos
2871 1186 3015 1242 Felix
3048 1187 3324 1258 presbyter
3354 1188 3594 1258 baptiza-

1540 1279 1765 1333 EDITIO
1809 1276 2319 1332 BOLLANDIANA.

316 1384 417 1437 sub
445 1380 655 1435 Herode
687 1393 826 1448 rege.
864 1378 949 1439 D.,
985 1375 1217 1448 {Quarti
1248 1372 1904 1448 dissipuliapostolorum.

314 1450 644 1519 Cappadocia
678 1442 1273 1519 [na—rlyrlllliﬁt'flnalli,
1317 1442 1619 1519 Theophili,
1668 1442 1904 1519 Cmsarii,

319 1514 534 1577 Vita-lis:
577 1522 663 1585 qui
696 1514 832 1573 sunt
862 1520 960 1571 sub
989 1518 1211 1570 Deciana
1244 1514 1612 1581 persecutione
1646 1514 1908 1585 martyri-

314 1594 441 1648 zati.
476 1600 539 1646 A.
573 1581 635 1644 Τ.
671 1590 756 1651 L.,
787 1589 841 1641 ln
870 1588 1046 1660 Africa
1070 1586 1269 1660 _natale
1300 1592 1601 1660 sanctorum
1618 1581 1910 1660 _Ger_mani,

317 1662 620 1729 Theophili,
653 1670 704 1713 et
734 1650 937 1711 V'italis.
970 1655 1171 1729 Eodem
1218 1653 1303 1729 die
1458 1650 1494 1729 b_
1534 1653 1750 1729 lluberti
1802 1650 1913 1729 epi-

2013 1372 2258 1425 nolentos
2290 1372 2542 1440 prmcepit
2572 1373 2754 1426 dicens
2776 1390 2787 1425 :
2813 1373 3087 1439 Absistlte,
3120 1388 3153 1427 ο
3174 1374 3589 1443 segnes,procui

2012 1476 2041 1513 a
2076 1462 2299 1525 tumulo,
2332 1477 2397 1515 ne
2439 1472 2624 1516 sancto
2674 1463 2764 1517 Dei
2795 1463 3033 1518 molestia
3081 1464 3352 1519 afleratur.
3387 1466 3592 1530 Quibus

2018 1552 2211 1604 amotis
2278 1562 2564 1605 tremorem
2641 1552 2802 1606 ullum
2871 1554 3122 1620 deinceps
3184 1568 3288 1608 non
3355 1569 3593 1611 sensere.

2018 1640 2288 1710 Scriptum
2342 1643 2393 1695 in
2429 1643 2562 1697 libro
2592 1642 2967 1698 Miraculorum
3000 1644 3241 1713 Gregorii
3268 1645 3594 1701 Turonensis

316 1722 485 1798 θεομῖ
520 1740 573 1784 (λι
608 1722 965 1801 confessoris.
1010 1725 1309 1801 interponit
1360 1724 1439 1801 bis
1476 1722 1570 1801 L._:
1626 1724 1685 1775 Et
1717 1723 1911 1801 passio
1948 1727 1987 1784 B
2018 1735 2275 1801 epicopi.

317 1806 377 1857 8.
417 1792 687 1871 Ἀετὶρηιςι)
730 1792 1304 1871 virginis.T.,_primt_i
1360 1796 1499 1856 loco,
1548 1792 1904 1871 lia’c_lialiet:

331 1861 515 1927 Passio
530 1871 639 1941 88.
672 1877 694 1905 ο
728 1861 986 1941 Valentini
1016 1876 1070 1920 et
1112 1861 1294 1917 Hilarii
1326 1872 1642 1941 martyrum.
1678 1862 1795 1941 Ij‘Sf)
1824 1861 1909 1941 die

317 1944 496 2011 passio
517 1940 541 1977 ἀ
562 1938 1030 2011 innumerabilium
1056 1946 1371 2005 martyrum,
1394 1930 1481 2002 qui
1504 1932 1644 2002 passi
1669 1940 1787 1985 sunt
1811 1930 1910 1983 sub

319 2010 542 2067 Datiano
569 2010 815 2081 praeside.

390 2140 446 2196 4.
470 2169 541 2182 -—
564 2139 605 2194 ll
640 2138 839 2192 Nonas.
871 2134 1033 2189 Vacat
1066 2132 1237 2187 Beda.

393 2252 581 2306 Florus
612 2252 661 2304 in
692 2250 755 2303 A.
790 2248 855 2302 Τ.
888 2247 988 2302 L.:
1018 2249 1040 2275 ε
1076 2246 1333 2299 Bituricas
1358 2244 1621 2312 depositio
1651 2244 1708 2298 8.
1741 2243 1910 2298 Lu~o-

329 2352 404 2401 ris
435 2346 606 2416 pueri,
639 2343 724 2412 qui
759 2342 896 2395 films
921 2339 1197 2409 cujusdam
1225 2338 1487 2393 senatoris
1512 2337 1676 2391 fertur
1702 2337 1751 2389 in
1782 2334 1907 2388 Gal-

328 2436 412 2491 liis
435 2437 725 2504 migrasse:
758 2433 822 2485 ad
850 2430 1002 2501 cujus
1028 2428 1331 2498 sepulcrum
1356 2428 1413 2483 8.
1439 2426 1735 2482 Germanus
1762 2422 1913 2477 Pari-

318 2527 479 2581 siacae
526 2525 670 2578 urbis
718 2524 1031 2592 episcopus,
1091 2521 1214 2575 dum
1259 2519 1486 2589 quadam
1534 2518 1651 2573 vice
1708 2516 1914 2587 vigilias

319 2617 640 2680 eelebraret,
672 2622 725 2668 et
750 2614 865 2682 ejus
890 2611 1071 2667 clerici
1097 2610 1267 2679 longa:
1295 2606 1543 2662 stationis
1567 2607 1747 2661 labore
1766 2604 1912 2668 lassi,

321 2708 475 2775 quasi
501 2721 596 2774 pro
615 2705 796 2773 aliquo
821 2702 1141 2758 revelamine
1166 2716 1224 2757 se
1244 2715 1406 2769 super
1423 2701 1727 2768 sepulcrum
1745 2698 1915 2753 saneti

322 2800 515 2855 defixis
543 2798 785 2852 ulnarum
828 2796 1173 2866 compagibus
1221 2802 1607 2857 sustentarent,
1647 2792 1790 2847 illico
1832 2805 1915 2845 tu-

333 2891 512 2945 mulus
563 2892 732 2945 sancti
792 2889 1120 2944 confessoris
1170 2886 1514 2942 contremuit.
1574 2884 1722 2941 Unde
1779 2885 1916 2939 idem

332 2983 571 3052 pontifex
599 2994 829 3038 tremore
860 2980 1200 3052 perterritus,
1246 2978 1483 3034 amoveri
1512 2978 1742 3047 desuper
1768 2991 1914 3032 som-

2090 1828 2144 1877 B.
2404 1825 2596 1901 _C.,_ln
2629 1825 2806 1901 Africa
2839 1828 3022 1901 Primii
3054 1828 3159 1901 [Γ.
3209 1844 3343 1901 om._
3367 1828 3595 1901 Primii],

2014 1895 2228 1948 Cmsarii
2402 1895 2465 1948 T.
2512 1896 2569 1949 C.
2604 1914 2704 1979 om.
2737 1898 3017 2021 Cat-sariik.
3041 1895 3283 1968 G'regori,
3316 1895 3595 2023 Porphyrii

2015 1965 2127 2023 IC..
2179 1967 2349 2023 Gern.
2402 1965 2729 2023 Porohvrnl:
2769 1978 2822 2021 et
2866 1985 2917 2021 tn
3006 1984 3131 2023 terea
3176 1972 3439 2023 Domnmt.
3544 2009 3595 2023 ..

2015 1965 2127 2035 16.,
2179 1967 2349 2030 Gerii,
2400 1965 2729 2037 Porphyrii]:
2769 1978 2822 2021 et
2866 1969 2917 2021 in
2959 1965 3439 2023 Nicma'Domnini.
3495 1965 3595 2034 1).,

2019 2034 2338 2108 Alexandria
2395 2034 2442 2108 ΐᾼ
2474 2034 2634 2108 Περί-εἰ
2685 2034 3012 2108 presbyteri,
3059 2041 3165 2091 vita
3211 2039 3507 2106 purissimi,
3539 2041 3592 2093 in

2017 2106 2608 2177 Scripturisrnobiliter
2663 2106 2876 2163 eruditi.
2948 2110 3011 2161 A.
3065 2108 3170 2173 T.,
3228 2114 3400 2177 primo
3448 2111 3592 2163 loco:

2021 2175 2573 2245 Lngdunodepositio
2598 2178 2653 2232 S.
2677 2180 2700 2216 ε
2735 2178 2945 2232 Genesii
2977 2179 3209 2245 episc0pi
3232 2175 3293 2231 'et
3321 2179 3594 2233 confesso-

2019 2248 2099 2317 ris
2119 2255 2172 2299 et
2200 2247 2257 2300 S.
2289 2243 2315 2281 ιι
2364 2248 2569 2311 Quarti.
2600 2248 2973 2317 Augustiduno
3003 2250 3061 2305 8.
3109 2243 3315 2302 Proculi
3340 2250 3596 2317 episcopi,

2016 2316 2433 2386 quipOstremus
2474 2318 2618 2370 solus
2648 2329 2700 2371 et
2733 2321 2904 2386 primo
2935 2321 3050 2373 loco
3084 2318 3305 2373 habetur
3337 2320 3387 2372 in
3419 2319 3480 2373 L.
3508 2319 3593 2383 Β..

2019 2385 2261 2459 ltedonis
2280 2386 2540 2459 depositio
2568 2389 2623 2459 S.
2660 2385 2884 2443 Amandi
2906 2389 3162 2459 episcopi.
3181 2388 3270 2457 T.,
3300 2399 3419 2459 post
3448 2403 3594 2444 mar-

2030 2467 2174 2527 tyres
2198 2458 2372 2522 Afros,
2415 2468 2466 2510 et
2502 2455 2515 2493 ὶ
2552 2458 2803 2514 Amantii.

2090 2547 2144 2603 5.
2170 2576 2239 2585 —
2263 2546 2445 2600 NONIS.
2480 2545 2534 2601 In
2567 2547 2849 2601 Terracina
2893 2549 3197 2617 Campania:
3239 2548 3472 2615 civitate,
3506 2563 3598 2602 na-

2025 2636 2131 2691 tale
2159 2638 2257 2691 SS.
2292 2636 2482 2691 Felicis
2517 2639 2809 2708 presbyteri
2840 2648 2896 2692 et
2927 2638 3138 2693 Eusebii
3169 2639 3437 2705 monachi,
3469 2648 3594 2694 tem-

2020 2743 2149 2797 pore
2176 2729 2377 2782 Claudii
2408 2730 2742 2796 imperatoris
2790 2730 3092 2801 (fluensque
3146 2748 3240 2784 ms.
3298 2731 3467 2799 Atr.);
3509 2733 3600 2799 qui

2024 2821 2271 2874 videlicet
2315 2822 2571 2876 Eusebius
2619 2837 2737 2876 cum
2782 2822 3057 2891 St-pelisset
3087 2834 3300 2876 sanetos
3341 2833 3602 2892 martyres

2028 2909 2042 2962 i
2080 2910 2345 2966 lulianum
2376 2922 2429 2967 et
2458 2913 2765 2977 Caesarium,
2799 2924 2852 2967 et
2878 2914 2942 2967 ad
2968 2914 3207 2982 sepulcra
3235 2928 3417 2967 eorum
3445 2928 3603 2966 orans

2029 3020 2091 3059 ac
2118 3006 2368 3075 jejnnans
2398 3006 2594 3061 multos
2620 3018 2953 3062 converteret
2983 3006 3047 3061 ad
3078 3007 3257 3073 fidem,
3286 3021 3417 3075 quos
3458 3007 3604 3061 Felix

1020 3140 1021 3157 χ
1719 3092 1925 3148 SMITII
1967 3093 2194 3151 NOT/E.

1020 3140 1021 3157 η
1719 3096 1925 3148 SlillTll
1967 3096 2056 3150 ΝΟ
2180 3136 2194 3150 .

411 3192 437 3218 ⁸
460 3184 666 3249 Quarti.
695 3186 769 3241 De
794 3200 899 3255 quo
922 3186 1116 3241 Paulus
1146 3185 1210 3239 ad
1242 3185 1397 3238 Rom.
1420 3198 1471 3238 c.
1502 3199 1608 3238 xvi.
1644 3186 1792 3240 lfunc
1816 3189 1914 3243 Be-
1945 3192 1988 3253 C
2026 3096 2379 3244 Bibeovam
2405 3196 2534 3241 tom.
2564 3188 2623 3250 ll,
2658 3203 2709 3255 p.
2744 3186 2848 3239 426
2876 3196 2927 3241 ct
2953 3188 3077 3241 427.
3108 3187 3162 3242 ln
3196 3187 3392 3243 Labbei
3424 3199 3601 3246 autem

325 3256 453 3311 ritbi
512 3258 766 3311 Ecclesiae
807 3257 1114 3325 episcopum
1165 3258 1342 3309 datum
1392 3270 1511 3325 esse
1543 3256 1702 3309 tradit
1744 3257 1911 3311 Doro-

325 3329 485 3451 ‘tjheus
528 3329 579 3448 ip
609 3323 1020 3397 sinopsi,’idque
1047 3343 1111 3382 ex
1140 3323 1411 3395 llippolyti
1458 3325 1639 3379 libello
1675 3327 1741 3381 de
1770 3344 1913 3381 Lxxtt

366 3412 532 3451 tscmu
563 3413 625 3450 IS.

366 3397 625 3463 iscipulis.

402 3472 431 3511 1ο
478 3467 709 3521 Huberti.
772 3466 885 3521 Filii
928 3465 1201 3522 Bertrandi
1242 3466 1393 3519 ducis
1445 3466 1761 3531 Aquitaniae.
1820 3468 1914 3522 llic

326 3550 549 3607 prepter
579 3540 787 3592 Ehroini
833 3538 1163 3607 tyrannidem
1196 3537 1247 3589 in
1288 3536 1617 3607 Austrasiam
1648 3551 1705 3590 se
1736 3548 1913 3591 trans-

330 3606 453 3661 tulit
495 3608 561 3662 ad
616 3606 898 3676 Pipinutn,
940 3622 1166 3675 cumque
1220 3607 1272 3660 in
1310 3606 1605 3671 Tungrensi
1667 3612 1914 3673 parochia

328 3680 506 3733 adhuc
538 3694 771 3747 paganus
803 3690 1125 3739 versaretur,
1174 3677 1270 3745 ipsi
1304 3677 1515 3729 venanti
1550 3678 1687 3729 inter
1715 3694 1912 3731 cornua

333 3751 479 3802 cervi
512 3748 757 3802 Christus
790 3752 1052 3816 apparuit,
1083 3763 1203 3801 eum
1230 3748 1295 3799 ad
1320 3750 1627 3815 episcopum
1658 3748 1913 3800 Lamber-

331 3832 443 3871 tum
489 3821 723 3873 mittens.
767 3822 865 3885 Qui
912 3820 1139 3886 benigne
1192 3832 1312 3871 eum
1356 3820 1578 3884 recepit,
1626 3818 1674 3868 in
1707 3819 1807 3871 title
1838 3820 1917 3871 in-

329 3891 527 3943 struxit
548 3901 600 3944 ct
628 3891 935 3958 baptizavit.
964 3889 1165 3943 Deinde
1198 3886 1416 3939 Romam
1451 3887 1594 3939 vadit
1625 3886 1911 3958 ilttlterttts,

331 3962 419 4013 ubi
446 3960 567 4012 dum
594 3957 897 4025 aliquandiu
928 3961 1142 4022 mansit,
1174 3958 1486 4011 Lambertus
1514 3958 1581 4009 ab
1621 3957 1795 4023 impiis
1828 3959 1913 4012 in-

334 4030 592 4083 Ierfcctus
650 4039 752 4093 est,
800 4040 852 4081 ct
908 4030 1125 4099 Sergius
1159 4042 1289 4096 papa
1324 4027 1589 4099 nolentem
1622 4028 1915 4099 llubertum

331 4109 613 4153 consecrat
647 4099 914 4153 Lamberti
960 4096 1363 4162 successorem;
1416 4097 1555 4164 quod
1614 4096 1805 4149 factum
1836 4108 1918 4152 est

332 4185 477 4221 anno
510 4170 634 4224 098.
668 4173 820 4222 Anno
846 4184 971 4225 vero
1002 4173 1102 4221 7H)
1125 4184 1318 4235 corpus
1362 4169 1417 4220 8.
1454 4167 1723 4220 Lamberti
1754 4179 1804 4221 et
1835 4184 1916 4222 se-

332 4244 457 4293 dem
485 4239 845 4307 episcotialem
896 4257 958 4295 ex
1002 4238 1249 4306 Trajecto
1297 4239 1361 4290 ad
1409 4239 1631 4302 Mosam,
1663 4238 1914 4292 Leoditnn

336 4311 624 4363 transtulit.
678 4309 821 4365 Obiit
875 4322 1049 4364 autem
1116 4308 1270 4361 Forte
1326 4310 1463 4361 inter
1520 4309 1810 4361 Lovanium
1866 4318 1920 4363 et

341 4382 643 4435 Bruxetlam
688 4396 828 4433 anno
881 4382 1014 4443 750,
1072 4380 1162 4433 sed
1214 4380 1451 4444 sepultus
1502 4389 1584 4431 est
1632 4378 1814 4432 Leodii
1867 4380 1917 4433 in

335 4450 562 4504 ecclesia
612 4451 670 4503 B.
735 4453 912 4509 Petri.
958 4453 1106 4520 juxta
1146 4450 1310 4502 altare
1363 4449 1418 4502 S.
1470 4448 1665 4501 Albini.
1728 4452 1919 4503 Sontes

336 4522 518 4574 hodie.

2019 3264 2202 3312 eodem
2237 3270 2399 3320 tomn,
2436 3275 2485 3325 p.
2512 3260 2632 3319 705',
2658 3260 2705 3308 in
2738 3258 3045 3327 llagiologio
3070 3258 3495 3314 France-Galliae
3516 3277 3607 3318 re-

2018 3332 2211 3384 Cttiillll‘
2241 3333 2296 3383 S.
2334 3330 2500 3382 Lusor
2528 3329 2613 3381 die
2646 3344 2659 3379 ι
2685 3329 3020 3381 Novembris.

2095 3399 2112 3437 ί
2157 3401 2341 3453 llierii.
2369 3401 2473 3453 Seu
2502 3398 2673 3464 potius
2706 3398 2880 3469 Pierii.
2914 3399 3266 3467 Hieronymus
3295 3399 3348 3453 in
3363 3401 3606 3469 catalogo

2017 3484 2113 3522 suo
2158 3473 2351 3537 Script.
2414 3470 2613 3521 Eccles.
2666 3469 2733 3522 de
2786 3468 2885 3520 hoc
2938 3471 3013 3521 sic
3067 3469 3276 3522 scribit:
3329 3488 3346 3521 ι
3397 3470 3604 3526 Pierius

2018 3542 2394 3594 Alexandrina?
2421 3538 2669 3592 Ecclesia:
2704 3538 2999 3608 presbyter,
3030 3540 3127 3592 sub
3156 3537 3291 3592 Caro
3318 3549 3372 3593 et
3400 3541 3605 3597 Diocle-

2020 3613 2161 3662 tiano
2193 3610 2615 3679 principibus,eo
2632 3618 2866 3675 tempore
2894 3620 2999 3676 quo
3027 3610 3271 3663 eatndem
3307 3612 3593 3665 Ecclesiam

2017 3681 2265 3734 'lheonas
2296 3683 2574 3748 episcopus
2609 3685 2841 3746 regebat,
2876 3679 3253 3733 ﬂorentissime
3299 3682 3477 3734 docuit
3505 3697 3601 3748 po-

2019 3753 2189 3818 pulos,
2218 3760 2270 3805 ct
2303 3754 2351 3801 in
2398 3761 2595 3802 tantam
2628 3751 2887 3801 settnoiiis
2914 3751 3356 3817 tltversorutnquc
3402 3761 3597 3805 tracta-
3630 3804 3633 3809 λ

2020 3830 2190 3884 tuum,
2215 3821 2301 3889 qui
2335 3836 2501 3889 nsque
2535 3821 2691 3873 hodie
2723 3829 2951 3882 exstant,
2976 3822 3135 3889 ivcnit
3168 3822 3508 3889 elegantiam,
3541 3833 3599 3875 ut

2016 3888 2274 3957 Origenes
2345 3888 2523 3959 junior
2588 3898 2883 3943 vocaretur.
2956 3888 3180 3943 Constat
3249 3888 3388 3945 hunc
3453 3892 3601 3947 Mirm

2018 3964 2312 4026 ἀσκήσεως,
2367 3971 2420 4014 et
2466 3961 2814 4028 appetiturem
2861 3959 3170 4013 voluntaria:
3226 3963 3551 4028 paupertatis
3585 4003 3601 4027 ,

2018 4033 2539 4098 scientissimumqne
2585 4030 2877 4083 dialecticae
2932 4041 2985 4083 et
3022 4030 3300 4083 rhetorica:
3349 4031 3500 4093 artis,
3547 4043 3603 4087 et

2021 4111 2141 4168 post
2190 4103 2611 4169 persecutionem
2665 4115 2821 4152 omne
2851 4100 2973 4152 vita:
3017 4115 3126 4152 sua:
3159 4108 3366 4167 tempus
3419 4099 3602 4157 Roma:

2022 4172 2186 4224 fuisse
2217 4182 2505 4225 versatum.
2543 4170 2708 4237 llnjus
2737 4181 2816 4224 est
2860 4170 3195 4236 longissimus
3242 4179 3492 4224 tractatus
3549 4174 3601 4226 in

2020 4244 2331 4311 prophetam
2360 4242 2514 4302 Osce,
2543 4256 2697 4308 quem
2724 4245 2772 4293 in
2796 4241 3071 4307 pervigilio
3104 4241 3317 4293 Pascha:
3340 4242 3597 4309 habitum,

2020 4313 2130 4378 ipse
2163 4328 2337 4365 sermo
2367 4312 2717 4365 demonstrat.
2782 4328 2800 4361 ι
2857 4311 3006 4363 lluuc
3046 4311 3305 4364 Eusebius
3358 4311 3408 4364 in
3458 4312 3602 4367 llist.

2023 4381 2168 4436 Eccl.
2204 4398 2295 4445 vit,
2328 4380 2416 4445 5:2,
2451 4383 2630 4435 laudat
2657 4384 2790 4436 inter
2815 4381 2954 4435 viros
2984 4381 3373 4435 ecclesiasticos
3401 4382 3491 4451 qui
3509 4398 3601 4437 sua

2021 4462 2177 4505 a'tate
2209 4453 2521 4505 ﬂetuerunt.

2099 4530 2122 4565 ε
2155 4522 2373 4575 Cenesii.
2417 4522 2511 4574 llic
2552 4521 2715 4576 abbas
2738 4521 2833 4574 fuit
2860 4519 3131 4575 Palatinus
3157 4535 3249 4575 seu
3283 4519 3603 4585 CaSIrensis,

417 4602 437 4627 ε
490 4591 760 4646 Valentini.
817 4591 913 4658 Qui
970 4591 1022 4644 in
1076 4589 1449 4660 persecutione
1498 4586 1919 4660 Maximianiob
1952 4566 2480 4660 Darchicapellanus
2522 4593 2808 4646 Cblodovei
2864 4590 2903 4645 ll
2959 4592 3116 4658 regis,
3161 4566 3611 4657 cleemosynarius

338 4660 535 4714 Christi
571 4664 725 4717 fidem
751 4678 869 4715 cum
900 4662 1010 4713 saxi
1044 4662 1273 4727 poudcre
1319 4660 1368 4711 in
1402 4658 1637 4711 Tiberim
1669 4658 1922 4726 pr:rcipi-

343 4733 459 4796 tati,
486 4745 536 4785 et
570 4735 689 4788 inde
735 4737 801 4785 ab
837 4734 1024 4800 angelo
1078 4730 1332 4783 divinitus
1361 4728 1550 4796 erepti,
1582 4731 1793 4781 demum
1828 4736 1920 4781 ab-

344 4803 530 4856 scissis
579 4804 878 4858 cervicibus
933 4816 1181 4855 coronam
1243 4801 1483 4869 martyrii
1550 4807 1917 4867 perceperunt.

345 4873 621 4928 Banomus
644 4874 693 4926 in
718 4874 988 4941 Martyrol.

415 4941 442 4980 ἀ
474 4935 954 4997 Ιηηηηιεναὸίιὶἁηι.
984 4940 1043 4994 lii
1076 4938 1235 4994 etiam
1264 4935 1439 4991 Massa
1466 4936 1685 4990 candida
1713 4952 1922 4993 nuncu-

342 5024 574 5084 pantnr;
605 5015 671 5067 de
697 5014 800 5084 (μήῗ
827 5028 888 5084 uj
910 5026 1074 5084 supra
1094 5014 1264 5084 agitur
1286 5023 1407 5084 sxw
1434 5012 1566 5084 Aug.

423 5092 447 5121 ο
473 5077 746 5137 Bituricus.
774 5083 828 5136 ln
862 5077 1077 5136 Dolensi
1108 5077 1321 5147 Bttnrigi
1351 5078 1558 5130 termini
1592 5078 1708 5130 vico
1738 5077 1921 5147 beatus

351 5153 543 5218 Lusor,
570 5154 817 5208 Leucadii
844 5152 1108 5205 senatoris
1132 5146 1291 5211 filius.
1312 5150 1549 5215 sepultus
1574 5156 1675 5212 est,
1708 5151 1793 5213 qui
1819 5146 1923 5200 fer-

352 5234 439 5277 tur
469 5226 521 5277 in
543 5226 677 5277 albis
700 5230 957 5293 migrasse
983 5236 1011 5274 a
1039 5222 1256 5293 saeculo.
1292 5219 1545 5293 visuntur
1571 5218 1731 5293 etiam
1783 5231 1921 5293 nunc

353 5294 407 5347 in
458 5305 642 5364 crypta
674 5288 1016 5364 suliierranea
1045 5292 1285 5364 ecclesia:
1315 5290 1414 5344 SS.
1458 5289 1707 5364 Stephani
1737 5298 1789 5342 et
1824 5288 1924 5364 Sa-

353 5359 568 5418 turnini
608 5365 872 5431 Dolensis,
918 5363 1025 5415 duo
1067 5360 1308 5427 sepulcra
1361 5360 1715 5412 vetustissima
1756 5359 1926 5431 _variis

352 5435 537 5503 ﬁguris
566 5436 834 5497 decorata,
858 5427 917 5485 in
943 5446 1164 5500 quorum
1197 5443 1300 5503 uno
1330 5434 1721 5503 marmoreas.
1756 5427 1928 5503 Lusor

351 5498 595 5574 sepultus
626 5505 788 5560 fuisse
812 5498 1030 5566 dicitur,
1051 5510 1104 5555 et
1132 5504 1181 5553 in
1207 5502 1373 5574 altero
1400 5499 1622 5574 lapideo
1635 5498 1929 5574 Leucadius

353 5569 471 5643 ejus
520 5586 687 5643 pater.
748 5576 803 5629 ln
855 5574 1088 5628 editione
1139 5586 1233 5624 sua
1281 5570 1532 5643 Breviarii
1591 5569 1932 5643 Bituricensis

356 5640 424 5699 υ.
459 5640 729 5700 Rolandus
752 5646 947 5699 llebert
971 5657 1161 5695 nomen
1194 5645 1249 5695 8.
1279 5640 1514 5703 Lusoris,
1544 5647 1757 5705 tresque
1780 5641 1845 5691 de
1868 5656 1933 5691 eo

356 5717 586 5770 insertas
612 5716 861 5771 lectiones
882 5713 1155 5781 expuuxit,
1185 5712 1277 5765 sed
1307 5710 1591 5781 immerito.
1629 5711 1701 5763 De
1744 5710 1801 5781 _S.
1832 5710 1936 5781 Lug

356 5800 484 5842 sore
519 5786 633 5841 vide
666 5786 824 5854 Creg.
858 5779 1055 5838 Turon.
1088 5784 1152 5837 de
1177 5783 1325 5838 Glor.
1359 5783 1501 5834 cotif.
1545 5780 1634 5847 97,
1658 5791 1711 5835 ct
1743 5779 1937 5835 Labbci

2026 4679 2124 4731 pne
2158 4667 2351 4731 regium
2372 4662 2428 4715 S.
2464 4662 2739 4721 Balbildis,
2777 4664 3107 4726 postmodum
3134 4660 3468 4727 Lugdunensi
3505 4662 3605 4717 Ec-

2024 4733 2201 4786 clesia:
2249 4732 2682 4799 archiepiscopus
2712 4731 2885 4782 datus.
2924 4731 3019 4782 llic
3068 4742 3190 4782 ante
3224 4731 3454 4797 reginam
3503 4732 3602 4785 de-

2022 4801 2232 4855 functus
2264 4803 2313 4854 in
2347 4803 2459 4867 ipso
2489 4799 2603 4869 ejus
2633 4800 2775 4852 obitu
2799 4815 2916 4853 cum
2942 4815 3127 4867 magna
3148 4801 3192 4851 ei
3226 4802 3341 4852 luce
3367 4812 3484 4853 eum
3508 4817 3605 4855 an-

2022 4872 2156 4941 gelis
2184 4872 2445 4940 apparuit,
2472 4883 2526 4923 et
2564 4872 2629 4923 ad
2659 4872 2986 4941 mansionem
3011 4880 3278 4938 perpetuae.
3316 4870 3455 4941 pacis
3485 4886 3604 4925 eam

2027 4940 2293 5009 perduxit.
2318 4941 2413 4993 Cui
2440 4942 2697 4994 successit
2728 4940 3090 4995 Landebertus
3119 4941 3281 4993 abbas
3324 4940 3607 4993 Fontanel-

2028 5013 2189 5065 lensis
2247 5012 2495 5064 Ecclesia:
2526 5026 2664 5064 anno
2712 5011 2837 5065 678.
2875 5011 3003 5064 \‘ide
3038 5010 3205 5062 Vitam
3236 5010 3291 5063 S.
3329 5010 3602 5065 Baltltildis

2029 5084 2164 5148 apud
2191 5081 2457 5135 Mabillon.
2488 5096 2609 5133 sa'c.
2644 5096 2695 5135 ll.
2728 5083 2846 5134 Act.
2881 5082 3034 5141 Bern,
3077 5092 3129 5133 et
3153 5082 3452 5133 Chronicon
3484 5080 3605 5136 Vir-

2029 5153 2265 5205 dunense
2296 5157 2345 5204 in
2378 5151 2542 5205 Labb.
2572 5150 2611 5203 B
2636 5153 2704 5205 bl.
2740 5152 2894 5216 Nov.,
2931 5161 3058 5205 tom.
3094 5152 3132 5217 ι,
3170 5168 3219 5219 p.
3252 5152 3372 5204 102.

2100 5221 2126 5257 ιι
2154 5223 2357 5287 Quarti.
2383 5222 2454 5274 De
2480 5223 2578 5275 hoc
2612 5221 2777 5291 pridie
2798 5223 2992 5288 agitur.

2109 5291 2124 5328 ί
2156 5294 2400 5344 Amantit‘.
2433 5290 2623 5358 llujus
2647 5293 2813 5345 \‘itam
2860 5293 2996 5362 apud
3029 5291 3240 5346 Snrium
3274 5301 3401 5344 tom.
3438 5290 3503 5344 Vl
3536 5291 3612 5346 le-

2032 5376 2155 5432 gas;
2187 5371 2242 5413 at
2271 5376 2387 5432 eam
2417 5364 2697 5430 perfectius
2725 5363 2889 5415 edidi
2918 5364 3176 5416 Labbreus
3208 5364 3257 5415 in
3285 5363 3420 5415 Bibl.
3449 5362 3609 5426 Nov.,

2036 5431 2164 5485 totn.
2192 5432 2253 5484 ll.
2288 5431 2446 5498 Greg.
2479 5433 2678 5485 Turon.
2712 5434 2764 5486 in
2797 5433 2929 5486 Vitis
2960 5433 3195 5495 Patrum,
3220 5447 3335 5501 cap.
3369 5432 3424 5496 4,
3451 5433 3615 5487 tradit

2035 5501 2153 5570 ejus
2184 5517 2375 5570 corpus
2401 5502 2710 5555 translatum
2736 5505 2896 5557 fuisse
2917 5520 2944 5555 a
2979 5505 3036 5558 8.
3067 5503 3350 5570 Quintiano
3370 5502 3458 5572 qui
3480 5503 3527 5557 ei
3553 5505 3608 5559 in

2040 5572 2368 5626 ltuthcttensi
2397 5573 2702 5640 cpiSCopatu
2732 5574 3010 5628 successit.

2116 5648 2128 5693 l
2169 5642 2438 5696 lulianum
2485 5652 2533 5695 et
2559 5642 2857 5698 Cwsarium.
2909 5643 2983 5701 De
3028 5643 3109 5699 his
3139 5643 3387 5714 superius
3416 5643 3534 5699 vide
3561 5640 3612 5694 in

2045 5713 2293 5770 Kalendis
2320 5714 2474 5782 hujus
2498 5718 2718 5770 mensis.
