4110 6458
280 352 421 413 ΜΟἹ

1430 346 1629 404 SECT.
1668 345 1733 400 ll.
1773 374 1842 384 ——
1879 338 2444 397 MARTYROLOGIA.

3421 340 3558 395 1038

1557 456 1783 511 EDlTlO
1820 452 2284 509 COLONIENSIS.

285 577 542 633 Achilleae
573 574 837 645 episcopi,
872 570 1196 635 eruditione,
1230 568 1356 635 ﬁde,
1388 570 1793 624 conversatione
1816 578 1867 621 et
1892 550 1942 605 Α
1969 572 2093 617 runt
2122 563 2187 617 ad
2217 562 2375 616 lidem
2406 561 2621 616 Christi.
2673 560 2802 616 Post
2835 562 2951 616 dies
2989 572 3166 618 autem
3198 564 3549 636 quadraginta

286 670 526 724 moribus
556 666 798 737 insignis.
834 666 962 720 Item
994 662 1131 733 apud
1158 663 1469 717 Perusinam
1504 660 1665 715 Italiae
1686 660 1870 713 urbem

290 763 465 816 sancti
514 759 822 816 Herculiani
867 757 1127 826 episcopi,
1174 766 1226 811 et
1259 756 1425 809 sancti
1459 755 1753 816 Amaranti,
1782 754 1872 822 qui

285 855 425 923 apud
475 853 783 907 Albiensem
830 850 1017 905 urbem
1064 850 1435 918 martyrizatus
1466 856 1567 901 est.
1600 845 1872 913 Depositio

283 945 625 1000 Willibrordi
657 943 916 1013 episc0pi,
954 943 1022 997 de
1063 953 1220 1012 gente
1267 942 1585 1010 Anglorum,
1618 940 1716 993 viri
1743 955 1872 994 san-

286 1040 533 1105 ctissimi,
577 1048 632 1093 et
672 1038 1055 1091 miraculorum
1100 1037 1267 1105 gratia
1312 1035 1597 1089 admodum
1628 1034 1869 1103 insignis,

282 1131 371 1197 qui
399 1144 427 1182 a
461 1128 647 1199 Sergio
676 1143 810 1197 papa
838 1126 1021 1182 Romae
1050 1127 1327 1180 ordinatus
1358 1135 1458 1191 est,
1493 1136 1544 1179 et
1573 1126 1626 1179 in
1649 1124 1873 1180 Germa-

283 1221 427 1273 niam
458 1219 522 1272 ad
556 1218 949 1288 praedicandum
977 1217 1297 1283 destinatus,
1327 1216 1634 1285 ibidemque
1665 1216 1874 1285 requie-

282 1310 379 1364 vit.
415 1311 544 1364 Item
574 1309 743 1363 sancti
771 1308 888 1362 Ruﬁ
913 1307 1166 1363 Metensis
1184 1308 1427 1375 episcopi
1449 1316 1501 1361 et
1526 1291 1869 1371 confessoris,

276 1399 376 1469 qui
408 1399 692 1452 translatus
722 1410 802 1451 est
832 1413 861 1451 a
895 1396 1143 1465 praedicta
1170 1396 1319 1460 urbe,
1346 1396 1714 1450 consentiente
1738 1395 1873 1448 Dru—

273 1508 422 1561 «gone
463 1491 724 1559 praesule,
769 1491 820 1543 in
850 1489 1279 1544 Vormatiensem
1330 1503 1549 1557 pagum,
1604 1487 1657 1541 in
1691 1488 1871 1541 villam

271 1600 402 1654 qua:
434 1592 653 1639 vocatur
688 1582 1032 1647 Olernheim,
1077 1579 1410 1647 temporibus
1456 1578 1655 1633 Lotarii
1700 1579 1874 1647 impe-

278 1676 500 1741 ratoris,
534 1684 589 1729 et
620 1672 875 1727 Ludovici
909 1674 1084 1742 regis;
1136 1671 1225 1725 ubi
1269 1671 1428 1726 etiam
1478 1670 1733 1724 sanctitas
1760 1669 1874 1738 ejus

286 1766 468 1820 multis
513 1763 795 1817 virtutibus
844 1762 1052 1816 claruit.
1104 1761 1158 1815 lu
1208 1761 1387 1816 Africa
1437 1760 1613 1815 natale
1658 1758 1870 1831 Rogati,

280 1855 499 1910 DOuali.
1358 1921 1361 1925 4

350 1946 418 2000 D.
450 1946 510 1999 Vl
542 1945 661 1999 lous
699 1944 941 1999 Novum.
989 1973 1059 1984 —
1102 1942 1294 1997 Romae
1344 1942 1521 1997 natale
1562 1950 1867 1996 sanctorum

280 2048 605 2108 martyrum,
630 2038 857 2102 Claudii,
882 2037 1190 2101 Nicostrati,
1216 2036 1616 2107 Sympltoriani,
1642 2034 1869 2090 Castorii

277 2142 335 2186 et
376 2131 676 2199 Simplicii,
726 2130 817 2199 qui
864 2139 1102 2199 tempore
1142 2127 1456 2183 Diocletiani
1502 2127 1724 2193 Augusti
1775 2142 1870 2196 pro

274 2223 478 2277 Christi
510 2222 725 2275 nomine
754 2220 895 2289 passi
929 2230 1071 2286 sunt,
1112 2234 1178 2274 eo
1205 2217 1346 2287 quod
1382 2218 1582 2271 nollent
1610 2217 1738 2271 deos
1770 2232 1866 2285 pa-

275 2329 536 2383 ganorum
568 2313 765 2368 colere.
783 2312 914 2367 Nam
938 2326 1059 2366 cum
1081 2320 1261 2365 essent
1282 2310 1515 2378 insignes
1534 2308 1787 2374 artiﬁces,
1816 2316 1872 2362 et

279 2408 336 2461 in
369 2406 631 2475 lapidibus
658 2403 975 2458 marmoreis
1006 2401 1261 2470 imagines
1291 2400 1535 2467 sculpere
1562 2412 1723 2467 super
1752 2412 1869 2450 om-

283 2515 382 2553 nes
411 2498 642 2552 artiﬁces
681 2498 856 2567 regios
895 2504 1152 2558 nossent,
1193 2502 1248 2548 et
1290 2493 1422 2547 artis
1463 2507 1649 2547 eorum
1682 2491 1867 2559 peritia

280 2591 511 2643 multum
556 2588 863 2657 imperatori
913 2586 1220 2657 placuisset,
1273 2595 1448 2638 tamen
1494 2582 1869 2637 accusantibus

284 2697 379 2737 eos
415 2680 764 2750 philosophis,
796 2693 862 2734 eo
890 2679 1028 2747 quod
1062 2678 1221 2731 lalsos
1260 2676 1392 2729 deos
1422 2675 1647 2729 adorare
1679 2687 1870 2727 renue-

281 2784 426 2838 rant,
451 2774 607 2840 jussit
630 2787 722 2827 eos
750 2771 1106 2826 Diocletianus
1136 2768 1324 2823 loculis
1351 2768 1612 2836 plumbeis
1635 2767 1867 2819 inclusos

277 2877 473 2915 omnes
505 2862 836 2929 praecipitare
860 2859 911 2911 in
944 2858 1182 2912 ﬂuvium.
1218 2858 1411 2913 Passus
1432 2867 1513 2912 est
1540 2866 1717 2909 autem
1746 2870 1867 2909 cum

278 2955 365 3010 eis
388 2965 440 3010 et
466 2954 794 3023 Simplicius,
834 2967 988 3021 quem
1018 2967 1048 3004 a
1084 2951 1392 3020 gentilitatis
1437 2950 1541 3004 ritu
1583 2957 1865 3003 converte-

1901 1907 1950 1969 B

1975 655 2127 719 duos,
2164 654 2306 709 venit
2329 654 2542 724 quidam
2571 653 2883 709 Nicodemus
2907 655 3259 723 Christianus,
3285 656 3339 713 εἰ
3364 659 3560 715 levavit

1975 761 2093 799 cum
2129 746 2256 814 ipsis
2282 745 2468 801 loculis
2497 760 2718 814 corpora
2750 757 3063 819 martyrum,
3108 760 3161 804 et
3191 751 3241 804 in
3274 752 3436 809 domo
3463 769 3559 807 sua

1977 846 2269 899 honoriﬁce
2301 846 2491 913 posuit.
2545 845 2691 899 Passi
2739 856 2862 900 sunt
2891 858 3067 901 autem
3102 859 3251 904 sexta
3302 850 3420 904 ldus
3451 850 3561 904 Nn-

1976 936 2233 990 vembris.
2264 935 2382 1004 Ipso
2413 937 2498 989 die
2527 936 2700 989 natale
2730 946 3033 991 sanctorum
3065 938 3300 1005 Quatuor
3323 940 3558 994 Corona-

1982 1035 2177 1091 torum,
2220 1025 2270 1080 id
2303 1037 2403 1091 est,
2436 1026 2642 1089 Severi,
2673 1026 2946 1081 Severiani
2969 1068 2985 1092 ,
3031 1028 3359 1097 Carpopltori
3387 1039 3440 1084 et
3474 1032 3562 1082 \‘i-

1976 1118 2190 1173 ctorini.
2223 1117 2283 1170 lli
2315 1133 2434 1172 cum
2468 1118 2861 1186 impellerentur
2900 1120 2966 1172 ad
3007 1120 3445 1186 sacrificandum,
3478 1138 3562 1175 re-

1976 1208 2233 1261 luctantes
2254 1250 2266 1271 ,
2300 1223 2400 1263 nec
2430 1210 2646 1263 omnino
2671 1223 2990 1263 consensum
3025 1210 3201 1279 impiis
3234 1211 3557 1278 praebentes,

1976 1299 2322 1366 perstiterunt
2370 1299 2419 1353 in
2469 1299 2590 1353 ﬁde.
2640 1300 2945 1353 Nuntiatum
2997 1312 3078 1357 est
3122 1304 3220 1355 hoc
3248 1302 3558 1370 imperatori

1975 1391 2345 1447 Diocletiano:
2389 1408 2523 1460 quos
2570 1393 2710 1448 illico
2748 1393 2909 1462 jussit
2949 1404 3004 1447 ttt
3047 1405 3169 1449 ante
3214 1395 3559 1450 simulacrum

1979 1483 2208 1549 Asclepii
2250 1484 2441 1537 ictibus
2480 1485 2868 1552 plutnbatarntn
2900 1488 3022 1540 czcsi
3064 1488 3387 1555 deﬁcerent;
3429 1505 3562 1557 quo-

1976 1587 2091 1625 rum
2121 1586 2343 1641 corpora
2369 1573 2528 1641 jussit
2558 1574 2608 1625 in
2638 1575 2807 1640 platea
2838 1576 3058 1630 canibus
3084 1578 3294 1646 jactari,
3326 1595 3441 1646 qua:
3468 1579 3558 1647 ja-

1974 1675 2198 1718 cuerunt
2226 1664 2296 1717 ibi
2335 1664 2524 1718 diebus
2572 1666 2804 1734 quinque
2855 1667 3039 1720 illatsa.
3089 1671 3237 1721 'l'ttnc
3272 1668 3561 1723 Christiani

1973 1768 2261 1824 venerunt,
2291 1769 2345 1815 et
2370 1760 2591 1815 collccla
2638 1775 2861 1829 corpora
2908 1762 3255 1829 sepelierunt.
3294 1761 3381 1816 Vta
3412 1761 3568 1816 Lavi-

1975 1866 2131 1917 cana,
2165 1853 2417 1907 milliario
2442 1853 2510 1906 ab
2543 1854 2673 1908 urbe
2703 1855 2880 1919 tertio,
2915 1854 2964 1907 in
2997 1856 3240 1908 areuario
3261 1855 3412 1923 juxta
3441 1870 3566 1909 cor-

1980 1958 2103 2011 pora
2130 1954 2435 1998 Sanctorum
2466 1957 2758 2015 martyrum
2789 1944 3015 2011 Claudii,
3050 1946 3328 2001 Nicostrati
3354 1987 3369 2012 ,
3414 1947 3557 2003 Sitn-

1977 2033 2247 2103 pltOtiani,
2267 2035 2494 2090 Castorii
2516 2046 2568 2090 et
2588 2034 2865 2104 Simplicii.
2888 2037 3012 2091 Post
3033 2037 3165 2090 duos
3192 2047 3365 2093 tamen
3392 2054 3561 2092 annos

1976 2127 2241 2194 passionis
2272 2127 2457 2180 horum
2484 2126 2717 2196 quinque
2744 2136 3057 2198 martyrum,
3082 2142 3201 2181 cum
3228 2129 3440 2183 nomina
3468 2146 3561 2183 eo-

1975 2234 2091 2273 rum
2123 2219 2341 2274 minime
2375 2221 2754 2287 reperirentur,
2795 2221 2981 2274 statuit
3021 2221 3207 2275 beatus
3238 2221 3558 2276 Melcltiades

1975 2310 2254 2379 episcopus
2279 2320 2332 2364 ut
2353 2310 2746 2364 anniversarios
2771 2311 3007 2378 Quatuor
3036 2309 3419 2365 Coronatorum
3443 2311 3558 2365 dies

1974 2402 2074 2456 sub
2104 2401 2410 2456 nominibus
2440 2411 2745 2456 sanctorum
2775 2402 3007 2472 quinque
3040 2412 3327 2472 martyrum
3354 2404 3561 2457 recole-

1975 2499 2142 2545 retur.
2176 2492 2655 2548 intercurrentibus
2695 2504 2869 2549 tamen
2900 2495 3073 2560 annis,
3121 2496 3331 2549 cuidam
3375 2506 3560 2551 sancto

1971 2583 2090 2637 viro
2118 2583 2278 2638 etiam
2331 2585 2549 2639 nomina
2596 2600 2780 2638 eorum
2827 2586 3058 2640 revelata
3097 2595 3239 2641 sunt.
3275 2586 3557 2642 Festivitas

1973 2688 2123 2738 vero,
2152 2683 2207 2728 ut
2237 2672 2409 2730 fuerat
2434 2687 2651 2740 statuta,
2680 2677 2906 2731 celebris
2934 2679 2985 2731 in
3014 2678 3236 2731 aliorutn
3264 2687 3552 2749 martyrum

1976 2765 2264 2821 festivitate
2292 2768 2604 2836 permansit,
2635 2785 2698 2823 ac
2728 2770 2872 2823 locus
2900 2770 3137 2838 Quatuor
3175 2771 3556 2824 Coronatorum

1975 2858 2193 2914 nomine
2222 2862 2464 2929 insignis.
2504 2861 2704 2915 Eodem
2733 2861 2819 2916 die
2846 2863 3279 2918 commemoratio
3309 2863 3552 2918 Omnium

1973 2949 2311 3006 Sanctorum.

1521 3060 1752 3114 EDlTlO
1792 3057 2293 3115 BOLLANDIANA.

275 3191 336 3236 et
362 3180 608 3235 Belsamt.
639 3178 729 3245 A.,
759 3177 880 3247 Ipso
922 3175 1007 3230 die
1029 3174 1203 3230 natale
1233 3174 1292 3230 S.
1318 3174 1345 3203 ⁸³
1378 3172 1707 3227 Willibrordi
1727 3186 1861 3227 con-
1887 3168 1935 3230 C
1965 3173 2240 3238 cederent,
2265 3172 2401 3241 jussi
2431 3184 2554 3227 sunt
2586 3175 2636 3227 in
2668 3173 2845 3228 medio
2882 3176 3012 3229 mari
3058 3177 3355 3245 prmeipites
3384 3174 3543 3250 (Ιπἰά

280 3252 519 3307 fessoris.

359 3347 409 3400 8.
442 3375 511 3386 ——
540 3345 605 3398 Vl
637 3344 775 3398 lous.
809 3344 992 3397 Romae
1020 3348 1324 3394 sanctorum
1356 3338 1594 3405 Quatuor
1623 3338 1863 3393 Corona-

283 3448 462 3491 torum
494 3453 507 3489 :
536 3436 767 3503 Claudii,
800 3434 1105 3499 Nicostrati,
1134 3430 1537 3502 Symphoriaui,
1566 3429 1790 3484 Castorii
1813 3439 1866 3483 et

277 3528 567 3596 Simplicii.

360 3621 550 3675 Florus
580 3622 632 3673 in
664 3619 727 3674 Τ.
764 3620 998 3687 priorum
1030 3616 1246 3671 nomina
1276 3616 1351 3671 sic
1380 3616 1672 3684 interpoait
1703 3633 1716 3668 :
1765 3614 1862 3669 Se-

283 3711 423 3776 veri,
472 3710 769 3775 Severiaui,
805 3709 1087 3770 Victorini,
1144 3708 1492 3777 Carpopltori,
1527 3719 1581 3763 et
1631 3708 1862 3763 aliorum

284 3802 545 3869 quinque,
573 3799 799 3867 Claudii,
828 3810 957 3861 etc.,
985 3798 1176 3854 deinde
1199 3797 1301 3852 hoc
1324 3798 1554 3867 elogium
1597 3798 1864 3867 subjungit

290 3893 346 3946 in
378 3895 442 3945 A.
474 3890 538 3944 Τ.
570 3888 784 3955 L.:Qui
815 3889 941 3943 dum
971 3901 1196 3957 corpora
1221 3888 1318 3943 SS.
1352 3887 1727 3957 Tranquillini,
1771 3903 1862 3957 pa-

291 3982 390 4036 tris
420 3982 579 4035 Marci
611 3989 664 4034 et
694 3979 1052 4042 Marcelliani,
1102 3987 1159 4034 et
1186 3978 1311 4032 Ζοεθ
1344 3978 1526 4032 uxoris
1569 3977 1864 4033 Nicostrati

294 4086 391 4140 per
418 4086 547 4126 oras
576 4069 805 4124 ﬂuminis
835 4070 1070 4123 Tiberini
1105 4070 1458 4139 inquirerent,
1490 4086 1517 4121 a
1551 4079 1866 4140 persecuto-

293 4164 443 4217 ribus
476 4162 605 4216 teuti
654 4171 779 4215 sunt
828 4172 883 4214 et
930 4163 995 4214 ad
1044 4162 1193 4215 urbis
1244 4161 1557 4230 prmfectum
1606 4162 1865 4231 perducti.

292 4251 443 4321 [Erat
490 4264 664 4306 autem
708 4250 868 4320 judex
905 4251 1187 4317 Fabianus,
1229 4252 1317 4320 qui
1362 4267 1457 4306 eos
1496 4253 1739 4307 hortatus
1784 4263 1870 4308 est

290 4346 359 4397 ad
387 4343 829 4408 sacriﬁcandum;
863 4351 917 4396 et
957 4359 1048 4411 per
1077 4343 1260 4396 decem
1298 4342 1417 4397 dies
1459 4342 1600 4396 misit
1645 4344 1709 4398 ad
1740 4359 1864 4410 eos,

292 4446 345 4490 et
374 4436 647 4490 blanditiis
697 4451 859 4505 agens
892 4436 943 4488 in
988 4435 1134 4489 nullo
1175 4433 1382 4502 penitus
1414 4436 1582 4502 potuit
1625 4452 1865 4489 commo-

298 4543 436 4581 vere.
468 4527 618 4582 Tunc
663 4527 787 4582 fecit
813 4527 878 4579 de
908 4526 990 4579 his
1018 4527 1408 4596 suggestionem
1441 4526 1861 4594 imperatoribus

1977 4508 2109 4591 istis.
2124 4526 2307 4567 eorum
2338 4525 2546 4596 quoque
2576 4514 2828 4592 memoria
2864 4515 3060 4580 pariter
3092 4518 3181 4566 ﬁat
3228 4532 3239 4565 :

299 4618 624 4673 Diocletiano
652 4629 705 4672 et
751 4617 1110 4671 Maximiano:
1144 4618 1231 4685 qui
1259 4616 1537 4686 jusserunt
1576 4634 1669 4673 eos
1715 4624 1870 4674 tertio

294 4712 549 4780 torqueri,
583 4727 810 4782 cumque
838 4711 980 4764 nulla
1036 4710 1243 4764 ratione
1279 4710 1554 4764 tormentis
1603 4713 1868 4779 compulsi

1970 3264 2253 3320 lmmensis
2282 3266 2461 3335 itaque
2482 3266 2669 3320 arctati
2702 3267 3047 3335 ponderibus,
3083 3268 3252 3338 pelagi
3290 3270 3541 3327 fluctith

1970 3356 2079 3410 dati
2109 3366 2251 3410 sunt.
2304 3357 2371 3410 Et
2402 3356 2453 3410 in
2503 3356 2621 3411 loco
2665 3358 2861 3411 mundo
2912 3357 3050 3411 inter
3096 3372 3263 3426 aquas
3295 3374 3544 3414 coronam

1971 3448 2213 3519 martyrii
2243 3450 2605 3505 celebrarunt.
2636 3450 2903 3518 Scriptum
2936 3452 2987 3503 iu
3017 3448 3195 3505 Gestis
3223 3451 3278 3507 S.
3308 3453 3336 3492 ι)
3381 3452 3546 3506 δεῦεν

1971 3540 2148 3593 stiani.
2202 3541 2580 3596 Verumtamen
2638 3544 2703 3597 A.
2751 3544 2800 3595 in
2851 3542 3127 3611 principio,
3172 3544 3545 3598 contractius:

1970 3632 2067 3697 Qui
2120 3630 2218 3685 sub
2269 3631 2502 3687 Fabiano
2548 3633 2724 3701 judice
2774 3633 3080 3702 jubentibus
3129 3634 3448 3689 Maximiano
3493 3616 3565 3691 et

1974 3723 2300 3777 Diocletiano
2349 3723 2758 3791 imperatoribus
2813 3724 2937 3778 torti
2977 3735 3031 3780 et
3085 3725 3135 3779 in
3193 3725 3325 3779 mari
3385 3724 3547 3780 mersi

1972 3824 2116 3867 sunt.
2176 3814 2261 3879 L.,
2316 3818 2657 3880 contractius,
2690 3816 2740 3871 in
2795 3818 2971 3872 medio
3024 3818 3141 3873 loco
3189 3820 3339 3873 uncis
3382 3818 3544 3874 inclu‘

1972 3921 2154 3959 surum
2182 3924 2194 3959 :
2226 3906 2323 3972 Qui
2373 3909 2528 3961 tertio
2559 3908 2702 3972 torti,
2736 3923 2855 3962 cum
2884 3912 3127 3977 superari
3172 3925 3275 3964 non
3309 3921 3549 3980 possent.

1974 3996 2267 4060 immensis,
2298 4007 2401 4051 etc.

2043 4084 2390 4155 Subjungitur
2422 4089 2472 4140 in
2506 4090 2567 4142 A.
2598 4107 2613 4143 ε
2646 4091 2882 4155 Quatuor
2905 4090 3290 4145 Coronatomrn
3324 4090 3540 4147 nomina

1971 4166 2095 4227 sunt
2124 4157 2279 4208 haec:
2333 4170 2354 4196 ο
2408 4160 2656 4226 Severus,
2709 4161 3054 4227 Sevcttanus,
3114 4162 3442 4225 ViC‘OrillllS,
3489 4177 3545 4217 et

1970 4225 2347 4300 Carpophorns
2374 4244 2389 4281 :
2424 4225 2650 4296 quorum
2680 4233 2793 4285 dies
2825 4235 3013 4285 natalis
3044 4225 3138 4300 per
3168 4235 3423 4287 incuriam
3452 4248 3550 4287 ue-

1969 4298 2193 4364 glectus,
2228 4300 2445 4351 tuinime
2475 4301 2694 4368 reperiri
2731 4312 2933 4367 poterat
2979 4320 2991 4355 :
3027 4298 3147 4356 ideo
3179 4313 3430 4356 statutum
3464 4315 3550 4357 est

1971 4368 2130 4442 ut_in
2183 4384 2365 4442 eorum
2415 4372 2661 4442 ecclesia,
2710 4372 2898 4426 horum
2952 4374 3183 4442 quinque
3233 4384 3546 4428 sanctorum

1973 4437 2059 4509 qui
2093 4441 2143 4492 in
2189 4440 2350 4491 missa
2385 4441 2670 4494 recitantur
2718 4444 2906 4495 natalis
2952 4437 3271 4509 celebretur,
3324 4455 3379 4497 ttt
3424 4459 3545 4498 eum

3292 4516 3384 4567 sed
3432 4517 3548 4567 itast:

1978 4579 2186 4647 mutila,
2217 4590 2270 4633 et
2313 4582 2556 4644 confusa,
2588 4585 2724 4635 sicut
2772 4579 3009 4648 apparet,
3043 4599 3146 4636 non
3181 4583 3437 4635 audemus
3481 4602 3545 4637 ex

1978 4650 2132 4703 unius
2159 4667 2258 4704 ms.
2293 4649 2393 4702 ﬁde
2423 4654 2715 4705 attribuere
2744 4651 2919 4705 Floro.
2957 4654 3014 4705 Β.
3033 4690 3049 4714 ,
3078 4653 3131 4705 In
3160 4653 3334 4706 Africa
3366 4655 3544 4707 natale

1976 4718 2074 4773 SS.
2108 4720 2292 4783 Primi,
2323 4720 2594 4786 Macltatii,
2625 4720 2784 4787 Justi,
2812 4724 3058 4776 Amandi.

1688 4823 1890 4879 SMlTll
1932 4827 2155 4887 NUTA}.

379 4936 405 4964 "
443 4930 784 4985 Willibrordi.
835 4930 910 4984 De
955 4930 1054 4984 hoe
1095 4928 1212 4984 vide
1252 4942 1409 4997 supra
1453 4930 1587 4985 llist.
1624 4932 1768 4988 Eccl.
1813 4952 1861 4999 γ,

297 5003 383 5064 ιι),
416 5003 500 5056 H.

368 5081 397 5121 b
428 5072 734 5127 Sebastiani.
788 5071 890 5125 Sed
925 5071 975 5123 lti
1025 5070 1221 5123 diversi
1265 5078 1392 5124 sunt
1431 5072 1497 5124 ab
1546 5072 1608 5123 iis
1639 5085 1864 5139 quorum

296 5145 530 5213 martyrii
582 5144 757 5213 series,
796 5142 1138 5213 narraturdin
1189 5143 1333 5193 Actis
1375 5142 1671 5195 Sebastiani
1727 5146 1865 5211 apud

297 5211 606 5267 Bollandutn
640 5227 707 5265 xx
736 5212 969 5265 Januarii
1003 5211 1180 5270 editis.
1228 5220 1282 5265 et
1311 5214 1397 5279 qui
1428 5225 1584 5277 supra
1618 5214 1867 5267 coluntur

296 5299 373 5335 vti
403 5284 545 5336 Julii.
578 5283 886 5349 Simplicius
916 5281 1056 5336 enim
1101 5281 1285 5333 nullihi
1335 5286 1596 5347 reperitur
1627 5286 1674 5333 in
1721 5288 1865 5337 Actis

298 5355 619 5418 Sebastiani,
669 5363 723 5406 et
766 5355 974 5404 diversa
1006 5356 1136 5404 Acta
1188 5354 1236 5402 itt
1270 5352 1515 5404 omnibus
1545 5353 1860 5421 Martyrolo-

296 5426 397 5491 giis
429 5425 694 5493 leguntur.
729 5423 788 5475 lli
824 5426 964 5475 enim
997 5435 1185 5475 omnes
1214 5432 1363 5474 erant
1386 5425 1616 5491 insignes
1639 5424 1687 5475 in
1719 5441 1863 5478 tuar-

298 5495 537 5547 moribus
564 5495 869 5559 sculpendis
899 5494 1152 5555 artiﬁces,
1204 5504 1254 5545 et
1286 5493 1711 5561 Sympltorianns
1760 5512 1864 5548 co-

297 5579 415 5616 rum
444 5574 559 5617 erat
593 5563 867 5631 magister,
899 5571 953 5615 et
979 5578 1043 5614 eo
1068 5562 1208 5629 quod
1238 5563 1436 5629 lingere
1461 5564 1618 5616 deum
1671 5564 1863 5619 Aiseu-

294 5634 495 5702 lapium
525 5644 580 5688 et
623 5632 785 5687 falsos
812 5635 942 5685 deos
980 5633 1207 5702 adorare
1255 5644 1559 5697 reuueraut,
1597 5635 1768 5701 primo
1810 5638 1861 5690 in

296 5717 567 5758 carcerem
597 5704 764 5777 missi,
785 5701 1014 5777 _dein_de_
1036 5701 1581 5777 scorpionibusucwsi;
1631 5709 1863 5777 denique

1976 4954 2240 5018 castratos
2277 4945 2365 5015 qui
2397 4962 2462 5000 vn
2490 4946 2613 5001 Julii
2641 4946 2907 5018 coluntur,
2937 4946 3151 5003 fuerunt
3182 4948 3544 5018 primiScrinii.

1975 5015 2253 5090 tiastoritts
2290 5029 2405 5070 erat
2451 5017 2730 5090 Nicostrati
2780 5017 2965 5084 frater,
3017 5030 3071 5072 et
3115 5015 3543 5090 Sy'mphorianus

1974 5084 2175 5159 gaudii
2204 5087 2363 5149 ﬁlius,
2398 5103 2495 5141 nec
2522 5089 2822 5153 Simplicius
2851 5104 2973 5143 cum
3001 5092 3078 5143 eis
3107 5084 3294 5159 passus
3318 5101 3420 5154 est,
3446 5096 3542 5145 sed

1978 5154 2304 5229 Victorinus.
2341 5162 2484 5212 l'etr.
2518 5160 2583 5211 de
2612 5159 2785 5212 Natal.
2818 5162 3048 5214 artiﬁces
3077 5154 3175 5214 tios
3220 5162 3357 5229 apud
3401 5164 3540 5217 Pan-

1977 5226 2192 5298 noniam
2245 5243 2426 5294 passos
2474 5229 2679 5293 scribit,
2714 5230 2801 5282 alii
2830 5245 2956 5298 vero
3004 5246 3188 5285 Omnes
3217 5226 3310 5286 eos
3358 5231 3540 5286 Ronne

1976 5297 2286 5363 martyrium
2321 5298 2694 5363 adimplevisse
2724 5297 3003 5354 testantur.
3448 5342 3453 5349 .

2047 5369 2068 5396 ο
2102 5367 2337 5439 Severus.
2376 5369 2480 5421 llos
2528 5372 2833 5422 sacriﬁcare
2885 5378 3137 5439 negantes
3183 5371 3540 5427 Diocletianus

1974 5434 2302 5507 illicojussit
2344 5450 2400 5491 ιιι
2440 5453 2563 5493 ante
2610 5434 2977 5493 simulacrum'
3004 5444 3292 5507 Aiscnlapti
3347 5443 3537 5497 ictibus

1973 5506 2362 5579 plumbntarum
2402 5510 2521 5562 caesi
2554 5510 2874 5575 deficerent;
2905 5527 3128 5579 quorum
3159 5506 3376 5565 collecta
3420 5528 3542 5569 cor-

1975 5578 2363 5653 pora__sepulta_
2412 5590 2532 5631 sunt
2586 5583 2665 5633 \ia
2713 5578 2993 5653 Lavicana,
3026 5584 3076 5634 itt
3102 5585 3346 5653 areuario
3385 5581 3537 5653 juxta

1971 5646 2267 5724 glandium,
2304 5648 2686 5724 Nicostratum,
2713 5652 3184 5722 Sytnphorianutn,
3214 5646 3536 5720 Castortuttr,

1972 5717 2329 5787 Simplicium.
2363 5720 2494 5772 Ano.

296 5777 351 5829 in
404 5789 553 5829 mare
585 5772 884 5843 praecipites
909 5772 1017 5826 dati
1048 5782 1192 5826 sunt.
1238 5773 1342 5826 Sed
1382 5774 1635 5830 Claudius
1679 5786 1732 5831 et
1772 5772 1862 5831 Ni-
1981 5843 1987 5855 ⁸

737 5866 1001 5925 Parnm.
1036 5865 1244 5927 XCIV.

3037 5880 3113 5937 35
