  <div class='ocr_page' id='page_1' title='image "/cluster/home/n/w/nwhite01/storage/ocr_20150623/94/umn.31951002477387e/555.png"; bbox 0 0 4110 6458; ppageno 0'>
   <div class='ocr_carea' id='block_1_1' title="bbox 598 304 734 358">
    <p class='ocr_par' dir='ltr' id='par_1_1' title="bbox 598 304 734 358">
     <span class='ocr_line' id='line_1_1' title="bbox 598 304 734 358; baseline 0.007 -1"><span class='ocrx_word' id='word_1_1' title='bbox 598 304 734 358; x_wconf 77' lang='grc' dir='ltr'><strong>ΙΟὨ</strong></span> 
     </span>
    </p>
   </div>
   <div class='ocr_carea' id='block_1_2' title="bbox 1344 308 3099 369">
    <p class='ocr_par' dir='ltr' id='par_1_2' title="bbox 1344 308 3099 369">
     <span class='ocr_line' id='line_1_2' title="bbox 1344 308 3099 369; baseline 0.002 -6"><span class='ocrx_word' id='word_1_2' title='bbox 1344 308 1539 364; x_wconf 70' lang='grc' dir='ltr'><strong>ΒΕΒΕ</strong></span> <span class='ocrx_word' id='word_1_3' title='bbox 1582 308 2031 369; x_wconf 75' lang='lat' dir='ltr'><strong>VENERABILIS</strong></span> <span class='ocrx_word' id='word_1_4' title='bbox 2068 311 2216 368; x_wconf 71' lang='lat' dir='ltr'><strong>OPP.</strong></span> <span class='ocrx_word' id='word_1_5' title='bbox 2264 309 2439 366; x_wconf 80' lang='lat' dir='ltr'><strong>PARS</strong></span> <span class='ocrx_word' id='word_1_6' title='bbox 2480 309 2569 364; x_wconf 94' lang='lat' dir='ltr'><strong>lV.</strong></span> <span class='ocrx_word' id='word_1_7' title='bbox 2610 337 2680 350; x_wconf 91' lang='lat'><strong><em>—</em></strong></span> <span class='ocrx_word' id='word_1_8' title='bbox 2718 308 3099 367; x_wconf 76' lang='lat' dir='ltr'><strong>lliSTORlCA.</strong></span> 
     </span>
    </p>
   </div>
   <div class='ocr_carea' id='block_1_3' title="bbox 3760 306 3896 363">
    <p class='ocr_par' dir='ltr' id='par_1_3' title="bbox 3760 306 3896 363">
     <span class='ocr_line' id='line_1_3' title="bbox 3760 306 3896 363; baseline 0.022 -3"><span class='ocrx_word' id='word_1_9' title='bbox 3760 306 3896 363; x_wconf 70' lang='lat'><strong>“00</strong></span> 
     </span>
    </p>
   </div>
   <div class='ocr_carea' id='block_1_4' title="bbox 1857 420 2600 479">
    <p class='ocr_par' dir='ltr' id='par_1_4' title="bbox 1857 420 2600 479">
     <span class='ocr_line' id='line_1_4' title="bbox 1857 420 2600 479; baseline -0.003 -2"><span class='ocrx_word' id='word_1_10' title='bbox 1857 422 2086 479; x_wconf 83' lang='lat' dir='ltr'><strong>EDITIO</strong></span> <span class='ocrx_word' id='word_1_11' title='bbox 2127 420 2600 477; x_wconf 77' lang='lat' dir='ltr'><strong>COLONIENSIS.</strong></span> 
     </span>
    </p>
   </div>
   <div class='ocr_carea' id='block_1_5' title="bbox 677 510 3887 589">
    <p class='ocr_par' dir='ltr' id='par_1_5' title="bbox 677 510 3887 589">
     <span class='ocr_line' id='line_1_5' title="bbox 677 510 3887 589; baseline 0.002 -23"><span class='ocrx_word' id='word_1_12' title='bbox 677 513 740 566; x_wconf 85' lang='grc' dir='ltr'>Ε.</span> <span class='ocrx_word' id='word_1_13' title='bbox 773 512 811 565; x_wconf 83' lang='lat' dir='ltr'><strong>V</strong></span> <span class='ocrx_word' id='word_1_14' title='bbox 845 510 961 565; x_wconf 81' lang='lat' dir='ltr'><strong>lous</strong></span> <span class='ocrx_word' id='word_1_15' title='bbox 987 510 1226 566; x_wconf 68' lang='lat' dir='ltr'><strong>Novus.</strong></span> <span class='ocrx_word' id='word_1_16' title='bbox 1259 542 1327 556; x_wconf 74' lang='grc' dir='ltr'><strong>σ-</strong></span> <span class='ocrx_word' id='word_1_17' title='bbox 1357 512 1540 569; x_wconf 83' lang='lat' dir='ltr'><strong>Natale</strong></span> <span class='ocrx_word' id='word_1_18' title='bbox 1574 515 1709 569; x_wconf 97' lang='lat' dir='ltr'><strong>beati</strong></span> <span class='ocrx_word' id='word_1_19' title='bbox 1739 515 2002 570; x_wconf 80' lang='lat' dir='ltr'><strong>Theodori</strong></span> <span class='ocrx_word' id='word_1_20' title='bbox 2034 530 2177 569; x_wconf 88' lang='lat' dir='ltr'><strong>mar-</strong></span> <span class='ocrx_word' id='word_1_21' title='bbox 2210 520 2258 578; x_wconf 77' lang='grc' dir='ltr'>Α</span> <span class='ocrx_word' id='word_1_22' title='bbox 2287 514 2433 566; x_wconf 84' lang='lat' dir='ltr'><strong>ribus</strong></span> <span class='ocrx_word' id='word_1_23' title='bbox 2459 513 2818 582; x_wconf 89' lang='lat' dir='ltr'><strong>apostolorum</strong></span> <span class='ocrx_word' id='word_1_24' title='bbox 2840 556 2853 579; x_wconf 93' lang='lat'><strong>,</strong></span> <span class='ocrx_word' id='word_1_25' title='bbox 2888 514 3085 583; x_wconf 81' lang='lat' dir='ltr'><strong>primus</strong></span> <span class='ocrx_word' id='word_1_26' title='bbox 3120 513 3217 584; x_wconf 91' lang='lat' dir='ltr'><strong>ipsi</strong></span> <span class='ocrx_word' id='word_1_27' title='bbox 3269 514 3385 569; x_wconf 84' lang='lat' dir='ltr'><strong>urbi</strong></span> <span class='ocrx_word' id='word_1_28' title='bbox 3436 515 3747 570; x_wconf 72' lang='lat' dir='ltr'><strong>destinatur</strong></span> <span class='ocrx_word' id='word_1_29' title='bbox 3775 520 3887 589; x_wconf 88' lang='lat' dir='ltr'><strong>epi-</strong></span> 
     </span>
    </p>
   </div>
   <div class='ocr_carea' id='block_1_6' title="bbox 599 603 2184 676">
    <p class='ocr_par' dir='ltr' id='par_1_6' title="bbox 599 603 2184 676">
     <span class='ocr_line' id='line_1_6' title="bbox 599 603 2184 676; baseline -0.001 -16"><span class='ocrx_word' id='word_1_30' title='bbox 599 603 757 676; x_wconf 83' lang='lat' dir='ltr'><strong>tyris,</strong></span> <span class='ocrx_word' id='word_1_31' title='bbox 790 614 1031 672; x_wconf 86' lang='lat' dir='ltr'><strong>tempore</strong></span> <span class='ocrx_word' id='word_1_32' title='bbox 1056 604 1356 657; x_wconf 76' lang='lat' dir='ltr'><strong>Maximiani</strong></span> <span class='ocrx_word' id='word_1_33' title='bbox 1389 614 1443 659; x_wconf 87' lang='lat' dir='ltr'><strong>et</strong></span> <span class='ocrx_word' id='word_1_34' title='bbox 1471 605 1739 660; x_wconf 80' lang='lat' dir='ltr'><strong>Maximini</strong></span> <span class='ocrx_word' id='word_1_35' title='bbox 1782 606 2184 675; x_wconf 84' lang='lat' dir='ltr'><strong>imperatorum.</strong></span> 
     </span>
    </p>
   </div>
   <div class='ocr_carea' id='block_1_7' title="bbox 599 696 2184 767">
    <p class='ocr_par' dir='ltr' id='par_1_7' title="bbox 599 696 2184 767">
     <span class='ocr_line' id='line_1_7' title="bbox 599 696 2184 767; baseline -0.001 -18"><span class='ocrx_word' id='word_1_36' title='bbox 599 696 698 763; x_wconf 79' lang='lat' dir='ltr'><strong>Qui</strong></span> <span class='ocrx_word' id='word_1_37' title='bbox 729 712 846 750; x_wconf 91' lang='lat' dir='ltr'><strong>cttm</strong></span> <span class='ocrx_word' id='word_1_38' title='bbox 887 705 1028 749; x_wconf 83' lang='lat' dir='ltr'><strong>esset</strong></span> <span class='ocrx_word' id='word_1_39' title='bbox 1065 696 1218 749; x_wconf 89' lang='lat' dir='ltr'><strong>miles</strong></span> <span class='ocrx_word' id='word_1_40' title='bbox 1259 696 1358 749; x_wconf 86' lang='lat' dir='ltr'><strong>sub</strong></span> <span class='ocrx_word' id='word_1_41' title='bbox 1392 697 1594 767; x_wconf 78' lang='lat' dir='ltr'><strong>Bryclia</strong></span> <span class='ocrx_word' id='word_1_42' title='bbox 1627 697 1911 767; x_wconf 66' lang='lat' dir='ltr'><strong>praeposito</strong></span> <span class='ocrx_word' id='word_1_43' title='bbox 1940 696 2184 766; x_wconf 81' lang='lat' dir='ltr'><strong>legionis,</strong></span> 
     </span>
    </p>
   </div>
   <div class='ocr_carea' id='block_1_8' title="bbox 601 786 2185 857">
    <p class='ocr_par' dir='ltr' id='par_1_8' title="bbox 601 786 2185 857">
     <span class='ocr_line' id='line_1_8' title="bbox 601 786 2185 857; baseline -0.001 -16"><span class='ocrx_word' id='word_1_44' title='bbox 601 789 795 841; x_wconf 76' lang='lat' dir='ltr'><strong>missus</strong></span> <span class='ocrx_word' id='word_1_45' title='bbox 829 796 908 841; x_wconf 89' lang='lat' dir='ltr'><strong>est</strong></span> <span class='ocrx_word' id='word_1_46' title='bbox 936 786 986 839; x_wconf 88' lang='lat' dir='ltr'><strong>in</strong></span> <span class='ocrx_word' id='word_1_47' title='bbox 1018 801 1310 853; x_wconf 88' lang='lat' dir='ltr'><strong>carcerem,</strong></span> <span class='ocrx_word' id='word_1_48' title='bbox 1360 787 1674 857; x_wconf 84' lang='lat' dir='ltr'><strong>signatoque</strong></span> <span class='ocrx_word' id='word_1_49' title='bbox 1717 790 1854 841; x_wconf 92' lang='lat' dir='ltr'><strong>ostio</strong></span> <span class='ocrx_word' id='word_1_50' title='bbox 1886 788 1955 842; x_wconf 91' lang='lat' dir='ltr'><strong>ibi</strong></span> <span class='ocrx_word' id='word_1_51' title='bbox 2005 787 2185 840; x_wconf 88' lang='lat' dir='ltr'><strong>divina</strong></span> 
     </span>
    </p>
   </div>
   <div class='ocr_carea' id='block_1_9' title="bbox 598 878 2189 949">
    <p class='ocr_par' dir='ltr' id='par_1_9' title="bbox 598 878 2189 949">
     <span class='ocr_line' id='line_1_9' title="bbox 598 878 2189 949; baseline 0.001 -19"><span class='ocrx_word' id='word_1_52' title='bbox 598 878 902 933; x_wconf 76' lang='lat' dir='ltr'><strong>visitatioue</strong></span> <span class='ocrx_word' id='word_1_53' title='bbox 950 879 1280 933; x_wconf 84' lang='lat' dir='ltr'><strong>consolatur.</strong></span> <span class='ocrx_word' id='word_1_54' title='bbox 1334 879 1462 934; x_wconf 82' lang='lat' dir='ltr'><strong>Post</strong></span> <span class='ocrx_word' id='word_1_55' title='bbox 1512 880 1715 949; x_wconf 80' lang='lat' dir='ltr'><strong>aliquot</strong></span> <span class='ocrx_word' id='word_1_56' title='bbox 1764 880 1877 933; x_wconf 90' lang='lat' dir='ltr'><strong>dies</strong></span> <span class='ocrx_word' id='word_1_57' title='bbox 1928 878 2189 932; x_wconf 89' lang='lat' dir='ltr'><strong>adductus</strong></span> 
     </span>
    </p>
   </div>
   <div class='ocr_carea' id='block_1_10' title="bbox 596 969 2186 1041">
    <p class='ocr_par' dir='ltr' id='par_1_10' title="bbox 596 969 2186 1041">
     <span class='ocr_line' id='line_1_10' title="bbox 596 969 2186 1041; baseline 0 -18"><span class='ocrx_word' id='word_1_58' title='bbox 596 971 787 1023; x_wconf 92' lang='lat' dir='ltr'><strong>iterum</strong></span> <span class='ocrx_word' id='word_1_59' title='bbox 821 979 942 1022; x_wconf 90' lang='lat' dir='ltr'><strong>ante</strong></span> <span class='ocrx_word' id='word_1_60' title='bbox 975 969 1279 1038; x_wconf 64' lang='lat' dir='ltr'><strong>praesidem,</strong></span> <span class='ocrx_word' id='word_1_61' title='bbox 1308 985 1597 1040; x_wconf 85' lang='lat' dir='ltr'><strong>suspensus</strong></span> <span class='ocrx_word' id='word_1_62' title='bbox 1621 981 1702 1025; x_wconf 88' lang='lat' dir='ltr'><strong>est</strong></span> <span class='ocrx_word' id='word_1_63' title='bbox 1735 972 1785 1024; x_wconf 93' lang='lat' dir='ltr'><strong>in</strong></span> <span class='ocrx_word' id='word_1_64' title='bbox 1816 971 1982 1041; x_wconf 84' lang='lat' dir='ltr'><strong>ligno,</strong></span> <span class='ocrx_word' id='word_1_65' title='bbox 2014 981 2067 1025; x_wconf 92' lang='lat' dir='ltr'><strong>et</strong></span> <span class='ocrx_word' id='word_1_66' title='bbox 2092 986 2186 1023; x_wconf 85' lang='lat' dir='ltr'><strong>nn-</strong></span> 
     </span>
    </p>
   </div>
   <div class='ocr_carea' id='block_1_11' title="bbox 595 1060 2187 1130">
    <p class='ocr_par' dir='ltr' id='par_1_11' title="bbox 595 1060 2187 1130">
     <span class='ocr_line' id='line_1_11' title="bbox 595 1060 2187 1130; baseline 0.003 -19"><span class='ocrx_word' id='word_1_67' title='bbox 595 1061 733 1128; x_wconf 79' lang='lat' dir='ltr'><strong>gulis</strong></span> <span class='ocrx_word' id='word_1_68' title='bbox 761 1060 948 1114; x_wconf 77' lang='lat' dir='ltr'><strong>ferreis</strong></span> <span class='ocrx_word' id='word_1_69' title='bbox 988 1062 1153 1114; x_wconf 87' lang='lat' dir='ltr'><strong>latera</strong></span> <span class='ocrx_word' id='word_1_70' title='bbox 1199 1062 1316 1130; x_wconf 86' lang='lat' dir='ltr'><strong>ejus</strong></span> <span class='ocrx_word' id='word_1_71' title='bbox 1363 1078 1504 1125; x_wconf 85' lang='lat' dir='ltr'><strong>rasa,</strong></span> <span class='ocrx_word' id='word_1_72' title='bbox 1556 1077 1831 1130; x_wconf 79' lang='lat' dir='ltr'><strong>quousque</strong></span> <span class='ocrx_word' id='word_1_73' title='bbox 1862 1073 2026 1116; x_wconf 61' lang='lat' dir='ltr'><strong>costae</strong></span> <span class='ocrx_word' id='word_1_74' title='bbox 2071 1064 2187 1130; x_wconf 89' lang='lat' dir='ltr'><strong>ejus</strong></span> 
     </span>
    </p>
   </div>
   <div class='ocr_carea' id='block_1_12' title="bbox 597 1151 2185 1221">
    <p class='ocr_par' dir='ltr' id='par_1_12' title="bbox 597 1151 2185 1221">
     <span class='ocr_line' id='line_1_12' title="bbox 597 1151 2185 1221; baseline 0.001 -20"><span class='ocrx_word' id='word_1_75' title='bbox 597 1154 957 1217; x_wconf 81' lang='lat' dir='ltr'><strong>nudarentur;</strong></span> <span class='ocrx_word' id='word_1_76' title='bbox 988 1152 1181 1206; x_wconf 85' lang='lat' dir='ltr'><strong>deinde</strong></span> <span class='ocrx_word' id='word_1_77' title='bbox 1222 1151 1466 1206; x_wconf 80' lang='lat' dir='ltr'><strong>manilius</strong></span> <span class='ocrx_word' id='word_1_78' title='bbox 1512 1160 1631 1220; x_wconf 66' lang='lat' dir='ltr'><strong>post</strong></span> <span class='ocrx_word' id='word_1_79' title='bbox 1672 1163 1873 1221; x_wconf 86' lang='lat' dir='ltr'><strong>tergum</strong></span> <span class='ocrx_word' id='word_1_80' title='bbox 1902 1151 2094 1219; x_wconf 79' lang='lat' dir='ltr'><strong>ligatis,</strong></span> <span class='ocrx_word' id='word_1_81' title='bbox 2134 1151 2185 1204; x_wconf 93' lang='lat' dir='ltr'><strong>in</strong></span> 
     </span>
    </p>
   </div>
   <div class='ocr_carea' id='block_1_13' title="bbox 594 1242 2186 1313">
    <p class='ocr_par' dir='ltr' id='par_1_13' title="bbox 594 1242 2186 1313">
     <span class='ocr_line' id='line_1_13' title="bbox 594 1242 2186 1313; baseline 0 -18"><span class='ocrx_word' id='word_1_82' title='bbox 594 1246 773 1297; x_wconf 79' lang='lat' dir='ltr'><strong>focum</strong></span> <span class='ocrx_word' id='word_1_83' title='bbox 807 1244 1001 1297; x_wconf 91' lang='lat' dir='ltr'><strong>missus</strong></span> <span class='ocrx_word' id='word_1_84' title='bbox 1041 1253 1142 1305; x_wconf 88' lang='lat' dir='ltr'><strong>est,</strong></span> <span class='ocrx_word' id='word_1_85' title='bbox 1194 1253 1248 1298; x_wconf 87' lang='lat' dir='ltr'><strong>et</strong></span> <span class='ocrx_word' id='word_1_86' title='bbox 1294 1243 1736 1313; x_wconf 86' lang='lat' dir='ltr'><strong>circumspiciens</strong></span> <span class='ocrx_word' id='word_1_87' title='bbox 1784 1243 1914 1295; x_wconf 82' lang='lat' dir='ltr'><strong>vidit</strong></span> <span class='ocrx_word' id='word_1_88' title='bbox 1953 1243 2004 1296; x_wconf 93' lang='lat' dir='ltr'><strong>iu</strong></span> <span class='ocrx_word' id='word_1_89' title='bbox 2036 1242 2186 1295; x_wconf 87' lang='lat' dir='ltr'><strong>turba</strong></span> 
     </span>
    </p>
   </div>
   <div class='ocr_carea' id='block_1_14' title="bbox 593 1334 2186 1406">
    <p class='ocr_par' dir='ltr' id='par_1_14' title="bbox 593 1334 2186 1406">
     <span class='ocr_line' id='line_1_14' title="bbox 593 1334 2186 1406; baseline -0.001 -17"><span class='ocrx_word' id='word_1_90' title='bbox 593 1336 977 1405; x_wconf 85' lang='lat' dir='ltr'><strong>lacrymantem</strong></span> <span class='ocrx_word' id='word_1_91' title='bbox 1008 1336 1314 1391; x_wconf 89' lang='lat' dir='ltr'><strong>Cleonicum</strong></span> <span class='ocrx_word' id='word_1_92' title='bbox 1341 1380 1354 1403; x_wconf 88' lang='lat'><strong>,</strong></span> <span class='ocrx_word' id='word_1_93' title='bbox 1406 1337 1495 1406; x_wconf 85' lang='lat' dir='ltr'><strong>qui</strong></span> <span class='ocrx_word' id='word_1_94' title='bbox 1528 1352 1646 1389; x_wconf 90' lang='lat' dir='ltr'><strong>cum</strong></span> <span class='ocrx_word' id='word_1_95' title='bbox 1678 1351 1743 1390; x_wconf 90' lang='lat' dir='ltr'><strong>eo</strong></span> <span class='ocrx_word' id='word_1_96' title='bbox 1784 1346 1899 1405; x_wconf 88' lang='lat' dir='ltr'><strong>tyro</strong></span> <span class='ocrx_word' id='word_1_97' title='bbox 1930 1334 2186 1388; x_wconf 85' lang='lat' dir='ltr'><strong>adduetus</strong></span> 
     </span>
    </p>
   </div>
   <div class='ocr_carea' id='block_1_15' title="bbox 594 1425 2184 1494">
    <p class='ocr_par' dir='ltr' id='par_1_15' title="bbox 594 1425 2184 1494">
     <span class='ocr_line' id='line_1_15' title="bbox 594 1425 2184 1494; baseline -0.002 -14"><span class='ocrx_word' id='word_1_98' title='bbox 594 1425 790 1494; x_wconf 70' lang='lat' dir='ltr'><strong>fuerat,</strong></span> <span class='ocrx_word' id='word_1_99' title='bbox 842 1436 892 1481; x_wconf 91' lang='lat' dir='ltr'><strong>et</strong></span> <span class='ocrx_word' id='word_1_100' title='bbox 925 1426 1231 1481; x_wconf 77' lang='lat' dir='ltr'><strong>exclamans</strong></span> <span class='ocrx_word' id='word_1_101' title='bbox 1278 1426 1412 1481; x_wconf 86' lang='lat' dir='ltr'><strong>dixit</strong></span> <span class='ocrx_word' id='word_1_102' title='bbox 1447 1443 1461 1482; x_wconf 92' lang='lat'><strong>:</strong></span> <span class='ocrx_word' id='word_1_103' title='bbox 1510 1426 1759 1480; x_wconf 82' lang='lat' dir='ltr'><strong>Cleonice</strong></span> <span class='ocrx_word' id='word_1_104' title='bbox 1782 1467 1797 1493; x_wconf 89' lang='lat'><strong>,</strong></span> <span class='ocrx_word' id='word_1_105' title='bbox 1838 1434 2085 1493; x_wconf 82' lang='lat' dir='ltr'><strong>ex5pccto</strong></span> <span class='ocrx_word' id='word_1_106' title='bbox 2114 1434 2184 1489; x_wconf 87' lang='lat' dir='ltr'><strong>te,</strong></span> 
     </span>
    </p>
   </div>
   <div class='ocr_carea' id='block_1_16' title="bbox 595 1518 2186 1591">
    <p class='ocr_par' dir='ltr' id='par_1_16' title="bbox 595 1518 2186 1591">
     <span class='ocr_line' id='line_1_16' title="bbox 595 1518 2186 1591; baseline -0.002 -16"><span class='ocrx_word' id='word_1_107' title='bbox 595 1524 785 1576; x_wconf 81' lang='lat' dir='ltr'><strong>festina</strong></span> <span class='ocrx_word' id='word_1_108' title='bbox 817 1531 870 1577; x_wconf 91' lang='lat' dir='ltr'><strong>et</strong></span> <span class='ocrx_word' id='word_1_109' title='bbox 899 1536 1122 1590; x_wconf 86' lang='lat' dir='ltr'><strong>sequere</strong></span> <span class='ocrx_word' id='word_1_110' title='bbox 1152 1537 1255 1576; x_wconf 89' lang='lat' dir='ltr'><strong>me.</strong></span> <span class='ocrx_word' id='word_1_111' title='bbox 1286 1520 1353 1574; x_wconf 87' lang='lat' dir='ltr'><strong>Et</strong></span> <span class='ocrx_word' id='word_1_112' title='bbox 1378 1536 1495 1576; x_wconf 91' lang='lat' dir='ltr'><strong>cum</strong></span> <span class='ocrx_word' id='word_1_113' title='bbox 1513 1521 1624 1591; x_wconf 92' lang='lat' dir='ltr'><strong>jam</strong></span> <span class='ocrx_word' id='word_1_114' title='bbox 1654 1520 1984 1574; x_wconf 83' lang='lat' dir='ltr'><strong>ﬂammarum</strong></span> <span class='ocrx_word' id='word_1_115' title='bbox 2016 1518 2186 1587; x_wconf 73' lang='lat' dir='ltr'><strong>glolis</strong></span> 
     </span>
    </p>
   </div>
   <div class='ocr_carea' id='block_1_17' title="bbox 597 1610 2181 1683">
    <p class='ocr_par' dir='ltr' id='par_1_17' title="bbox 597 1610 2181 1683">
     <span class='ocr_line' id='line_1_17' title="bbox 597 1610 2181 1683; baseline -0.002 -18"><span class='ocrx_word' id='word_1_116' title='bbox 597 1613 837 1681; x_wconf 81' lang='lat' dir='ltr'><strong>undique</strong></span> <span class='ocrx_word' id='word_1_117' title='bbox 865 1613 1152 1667; x_wconf 86' lang='lat' dir='ltr'><strong>vallaretur</strong></span> <span class='ocrx_word' id='word_1_118' title='bbox 1182 1613 1372 1666; x_wconf 91' lang='lat' dir='ltr'><strong>beatus</strong></span> <span class='ocrx_word' id='word_1_119' title='bbox 1420 1622 1642 1683; x_wconf 85' lang='lat' dir='ltr'><strong>martyr,</strong></span> <span class='ocrx_word' id='word_1_120' title='bbox 1694 1613 1987 1665; x_wconf 78' lang='lat' dir='ltr'><strong>orationem</strong></span> <span class='ocrx_word' id='word_1_121' title='bbox 2030 1610 2181 1674; x_wconf 82' lang='lat' dir='ltr'><strong>fudit,</strong></span> 
     </span>
    </p>
   </div>
   <div class='ocr_carea' id='block_1_18' title="bbox 597 1703 2186 1771">
    <p class='ocr_par' dir='ltr' id='par_1_18' title="bbox 597 1703 2186 1771">
     <span class='ocr_line' id='line_1_18' title="bbox 597 1703 2186 1771; baseline -0.001 -15"><span class='ocrx_word' id='word_1_122' title='bbox 597 1704 821 1758; x_wconf 83' lang='lat' dir='ltr'><strong>laudans</strong></span> <span class='ocrx_word' id='word_1_123' title='bbox 848 1704 1078 1764; x_wconf 76' lang='lat' dir='ltr'><strong>Patrem.</strong></span> <span class='ocrx_word' id='word_1_124' title='bbox 1108 1712 1162 1757; x_wconf 90' lang='lat' dir='ltr'><strong>et</strong></span> <span class='ocrx_word' id='word_1_125' title='bbox 1194 1703 1389 1757; x_wconf 85' lang='lat' dir='ltr'><strong>Filium</strong></span> <span class='ocrx_word' id='word_1_126' title='bbox 1416 1718 1478 1758; x_wconf 91' lang='lat' dir='ltr'><strong>ac</strong></span> <span class='ocrx_word' id='word_1_127' title='bbox 1501 1704 1754 1771; x_wconf 87' lang='lat' dir='ltr'><strong>Spiritum</strong></span> <span class='ocrx_word' id='word_1_128' title='bbox 1786 1713 2049 1768; x_wconf 77' lang='lat' dir='ltr'><strong>sant-tum,</strong></span> <span class='ocrx_word' id='word_1_129' title='bbox 2084 1705 2186 1755; x_wconf 89' lang='lat' dir='ltr'><strong>sic-</strong></span> 
     </span>
    </p>
   </div>
   <div class='ocr_carea' id='block_1_19' title="bbox 599 1794 2183 1861">
    <p class='ocr_par' dir='ltr' id='par_1_19' title="bbox 599 1794 2183 1861">
     <span class='ocr_line' id='line_1_19' title="bbox 599 1794 2183 1861; baseline 0 -15"><span class='ocrx_word' id='word_1_130' title='bbox 599 1811 702 1861; x_wconf 77' lang='lat' dir='ltr'><strong>que</strong></span> <span class='ocrx_word' id='word_1_131' title='bbox 736 1804 974 1848; x_wconf 90' lang='lat' dir='ltr'><strong>sanctam</strong></span> <span class='ocrx_word' id='word_1_132' title='bbox 1003 1796 1231 1848; x_wconf 90' lang='lat' dir='ltr'><strong>animam</strong></span> <span class='ocrx_word' id='word_1_133' title='bbox 1273 1794 1491 1849; x_wconf 80' lang='lat' dir='ltr'><strong>Christo</strong></span> <span class='ocrx_word' id='word_1_134' title='bbox 1522 1794 1773 1849; x_wconf 86' lang='lat' dir='ltr'><strong>reddidit.</strong></span> <span class='ocrx_word' id='word_1_135' title='bbox 1802 1795 2055 1859; x_wconf 48' lang='lat' dir='ltr'><strong>Quasdam</strong></span> <span class='ocrx_word' id='word_1_136' title='bbox 2086 1810 2183 1846; x_wconf 87' lang='lat' dir='ltr'><strong>att-</strong></span> 
     </span>
    </p>
   </div>
   <div class='ocr_carea' id='block_1_20' title="bbox 2288 620 2502 673">
    <p class='ocr_par' dir='ltr' id='par_1_20' title="bbox 2288 620 2502 673">
     <span class='ocr_line' id='line_1_20' title="bbox 2288 620 2502 673; baseline 0 -14"><span class='ocrx_word' id='word_1_137' title='bbox 2288 620 2502 673; x_wconf 54' lang='lat' dir='ltr'><strong>Scopas.</strong></span> 
     </span>
    </p>
   </div>
   <div class='ocr_carea' id='block_1_21' title="bbox 2358 696 3886 771">
    <p class='ocr_par' dir='ltr' id='par_1_21' title="bbox 2358 696 3886 771">
     <span class='ocr_line' id='line_1_21' title="bbox 2358 696 3886 771; baseline 0.003 -20"><span class='ocrx_word' id='word_1_138' title='bbox 2358 696 2416 751; x_wconf 80' lang='lat' dir='ltr'><strong>F.</strong></span> <span class='ocrx_word' id='word_1_139' title='bbox 2455 697 2517 750; x_wconf 88' lang='lat' dir='ltr'><strong>IV</strong></span> <span class='ocrx_word' id='word_1_140' title='bbox 2567 697 2685 751; x_wconf 78' lang='lat' dir='ltr'><strong>locs</strong></span> <span class='ocrx_word' id='word_1_141' title='bbox 2727 698 2964 752; x_wconf 73' lang='lat' dir='ltr'><strong>Novum.</strong></span> <span class='ocrx_word' id='word_1_142' title='bbox 2998 730 3065 737; x_wconf 97' lang='lat'><strong>—</strong></span> <span class='ocrx_word' id='word_1_143' title='bbox 3105 700 3159 753; x_wconf 86' lang='lat' dir='ltr'><strong>in</strong></span> <span class='ocrx_word' id='word_1_144' title='bbox 3192 700 3460 753; x_wconf 74' lang='lat' dir='ltr'><strong>territorio</strong></span> <span class='ocrx_word' id='word_1_145' title='bbox 3502 702 3761 771; x_wconf 83' lang='lat' dir='ltr'><strong>Agatcnsi</strong></span> <span class='ocrx_word' id='word_1_146' title='bbox 3795 718 3886 755; x_wconf 84' lang='lat' dir='ltr'><strong>na-</strong></span> 
     </span>
    </p>
   </div>
   <div class='ocr_carea' id='block_1_22' title="bbox 2300 789 3883 859">
    <p class='ocr_par' dir='ltr' id='par_1_22' title="bbox 2300 789 3883 859">
     <span class='ocr_line' id='line_1_22' title="bbox 2300 789 3883 859; baseline 0.003 -18"><span class='ocrx_word' id='word_1_147' title='bbox 2300 789 2407 841; x_wconf 89' lang='lat' dir='ltr'><strong>tale</strong></span> <span class='ocrx_word' id='word_1_148' title='bbox 2453 800 2755 843; x_wconf 75' lang='lat' dir='ltr'><strong>sanctoxum</strong></span> <span class='ocrx_word' id='word_1_149' title='bbox 2807 798 3094 859; x_wconf 79' lang='lat' dir='ltr'><strong>martyrum</strong></span> <span class='ocrx_word' id='word_1_150' title='bbox 3135 792 3372 857; x_wconf 85' lang='lat' dir='ltr'><strong>Tiberii,</strong></span> <span class='ocrx_word' id='word_1_151' title='bbox 3418 793 3647 847; x_wconf 79' lang='lat' dir='ltr'><strong>ModeSti</strong></span> <span class='ocrx_word' id='word_1_152' title='bbox 3677 804 3735 847; x_wconf 88' lang='lat' dir='ltr'><strong>et.</strong></span> <span class='ocrx_word' id='word_1_153' title='bbox 3762 794 3883 848; x_wconf 86' lang='lat' dir='ltr'><strong>Flo-</strong></span> 
     </span>
    </p>
   </div>
   <div class='ocr_carea' id='block_1_23' title="bbox 2294 878 3881 947">
    <p class='ocr_par' dir='ltr' id='par_1_23' title="bbox 2294 878 3881 947">
     <span class='ocr_line' id='line_1_23' title="bbox 2294 878 3881 947; baseline 0.004 -18"><span class='ocrx_word' id='word_1_154' title='bbox 2294 878 2503 940; x_wconf 74' lang='lat' dir='ltr'><strong>rentize,</strong></span> <span class='ocrx_word' id='word_1_155' title='bbox 2532 880 2618 947; x_wconf 87' lang='lat' dir='ltr'><strong>qui</strong></span> <span class='ocrx_word' id='word_1_156' title='bbox 2660 888 2898 947; x_wconf 89' lang='lat' dir='ltr'><strong>tempore</strong></span> <span class='ocrx_word' id='word_1_157' title='bbox 2923 879 3234 934; x_wconf 88' lang='lat' dir='ltr'><strong>Diocletiani</strong></span> <span class='ocrx_word' id='word_1_158' title='bbox 3265 883 3741 937; x_wconf 87' lang='lat' dir='ltr'><strong>variistormentis</strong></span> <span class='ocrx_word' id='word_1_159' title='bbox 3766 901 3881 936; x_wconf 79' lang='lat' dir='ltr'><strong>crn-</strong></span> 
     </span>
    </p>
   </div>
   <div class='ocr_carea' id='block_1_24' title="bbox 2294 968 3877 1039">
    <p class='ocr_par' dir='ltr' id='par_1_24' title="bbox 2294 968 3877 1039">
     <span class='ocr_line' id='line_1_24' title="bbox 2294 968 3877 1039; baseline 0.006 -18"><span class='ocrx_word' id='word_1_160' title='bbox 2294 968 2415 1021; x_wconf 86' lang='lat' dir='ltr'><strong>ciati</strong></span> <span class='ocrx_word' id='word_1_161' title='bbox 2446 972 2758 1039; x_wconf 87' lang='lat' dir='ltr'><strong>martyrium</strong></span> <span class='ocrx_word' id='word_1_162' title='bbox 2787 972 3202 1038; x_wconf 71' lang='lat' dir='ltr'><strong>compleverunt.</strong></span> <span class='ocrx_word' id='word_1_163' title='bbox 3225 973 3424 1028; x_wconf 86' lang='lat' dir='ltr'><strong>Eodem</strong></span> <span class='ocrx_word' id='word_1_164' title='bbox 3450 976 3538 1030; x_wconf 87' lang='lat' dir='ltr'><strong>die</strong></span> <span class='ocrx_word' id='word_1_165' title='bbox 3560 979 3732 1030; x_wconf 85' lang='lat' dir='ltr'><strong>sancti</strong></span> <span class='ocrx_word' id='word_1_166' title='bbox 3754 978 3877 1030; x_wconf 61' lang='lat' dir='ltr'><strong>Elar-</strong></span> 
     </span>
    </p>
   </div>
   <div class='ocr_carea' id='block_1_25' title="bbox 2303 1060 3873 1135">
    <p class='ocr_par' dir='ltr' id='par_1_25' title="bbox 2303 1060 3873 1135">
     <span class='ocr_line' id='line_1_25' title="bbox 2303 1060 3873 1135; baseline 0.005 -24"><span class='ocrx_word' id='word_1_167' title='bbox 2303 1060 2397 1111; x_wconf 89' lang='lat' dir='ltr'><strong>tini</strong></span> <span class='ocrx_word' id='word_1_168' title='bbox 2446 1076 2613 1128; x_wconf 50' lang='lat' dir='ltr'><strong>popae,</strong></span> <span class='ocrx_word' id='word_1_169' title='bbox 2661 1064 2748 1127; x_wconf 89' lang='lat' dir='ltr'><strong>qui</strong></span> <span class='ocrx_word' id='word_1_170' title='bbox 2782 1061 2850 1115; x_wconf 91' lang='lat' dir='ltr'><strong>ob</strong></span> <span class='ocrx_word' id='word_1_171' title='bbox 2896 1061 3053 1116; x_wconf 82' lang='lat' dir='ltr'><strong>ﬁdem</strong></span> <span class='ocrx_word' id='word_1_172' title='bbox 3081 1064 3392 1117; x_wconf 83' lang='lat' dir='ltr'><strong>catholicam</strong></span> <span class='ocrx_word' id='word_1_173' title='bbox 3441 1066 3509 1118; x_wconf 89' lang='lat' dir='ltr'><strong>ab</strong></span> <span class='ocrx_word' id='word_1_174' title='bbox 3554 1067 3873 1135; x_wconf 81' lang='lat' dir='ltr'><strong>imperatore</strong></span> 
     </span>
    </p>
   </div>
   <div class='ocr_carea' id='block_1_26' title="bbox 2294 1150 3873 1218">
    <p class='ocr_par' dir='ltr' id='par_1_26' title="bbox 2294 1150 3873 1218">
     <span class='ocr_line' id='line_1_26' title="bbox 2294 1150 3873 1218; baseline 0.006 -16"><span class='ocrx_word' id='word_1_175' title='bbox 2294 1150 2606 1203; x_wconf 84' lang='lat' dir='ltr'><strong>Constantio</strong></span> <span class='ocrx_word' id='word_1_176' title='bbox 2654 1150 2934 1217; x_wconf 76' lang='lat' dir='ltr'><strong>liznretico,</strong></span> <span class='ocrx_word' id='word_1_177' title='bbox 2972 1169 3063 1218; x_wconf 87' lang='lat' dir='ltr'><strong>per</strong></span> <span class='ocrx_word' id='word_1_178' title='bbox 3102 1153 3441 1207; x_wconf 84' lang='lat' dir='ltr'><strong>Theodorum</strong></span> <span class='ocrx_word' id='word_1_179' title='bbox 3470 1156 3765 1211; x_wconf 81' lang='lat' dir='ltr'><strong>exarcbum</strong></span> <span class='ocrx_word' id='word_1_180' title='bbox 3809 1159 3873 1212; x_wconf 76' lang='lat' dir='ltr'><strong>de</strong></span> 
     </span>
    </p>
   </div>
   <div class='ocr_carea' id='block_1_27' title="bbox 2291 1241 3870 1313">
    <p class='ocr_par' dir='ltr' id='par_1_27' title="bbox 2291 1241 3870 1313">
     <span class='ocr_line' id='line_1_27' title="bbox 2291 1241 3870 1313; baseline 0.008 -22"><span class='ocrx_word' id='word_1_181' title='bbox 2291 1241 2513 1293; x_wconf 72' lang='lat' dir='ltr'><strong>ecclesia</strong></span> <span class='ocrx_word' id='word_1_182' title='bbox 2547 1250 2726 1307; x_wconf 68' lang='lat' dir='ltr'><strong>raptus</strong></span> <span class='ocrx_word' id='word_1_183' title='bbox 2748 1282 2760 1305; x_wconf 92' lang='lat'><strong>,</strong></span> <span class='ocrx_word' id='word_1_184' title='bbox 2796 1255 2858 1295; x_wconf 91' lang='lat' dir='ltr'><strong>ac</strong></span> <span class='ocrx_word' id='word_1_185' title='bbox 2889 1244 3175 1308; x_wconf 87' lang='lat' dir='ltr'><strong>productus</strong></span> <span class='ocrx_word' id='word_1_186' title='bbox 3212 1244 3719 1313; x_wconf 88' lang='lat' dir='ltr'><strong>Constantinopolim</strong></span> <span class='ocrx_word' id='word_1_187' title='bbox 3742 1291 3756 1312; x_wconf 90' lang='lat'><strong>,</strong></span> <span class='ocrx_word' id='word_1_188' title='bbox 3786 1264 3870 1303; x_wconf 85' lang='lat' dir='ltr'><strong>re-</strong></span> 
     </span>
    </p>
   </div>
   <div class='ocr_carea' id='block_1_28' title="bbox 2291 1330 3871 1405">
    <p class='ocr_par' dir='ltr' id='par_1_28' title="bbox 2291 1330 3871 1405">
     <span class='ocr_line' id='line_1_28' title="bbox 2291 1330 3871 1405; baseline 0.006 -22"><span class='ocrx_word' id='word_1_189' title='bbox 2291 1330 2495 1400; x_wconf 68' lang='lat' dir='ltr'><strong>legttur</strong></span> <span class='ocrx_word' id='word_1_190' title='bbox 2514 1330 2650 1398; x_wconf 88' lang='lat' dir='ltr'><strong>apud</strong></span> <span class='ocrx_word' id='word_1_191' title='bbox 2674 1330 2998 1384; x_wconf 87' lang='lat' dir='ltr'><strong>Chcrsonam</strong></span> <span class='ocrx_word' id='word_1_192' title='bbox 3027 1331 3198 1402; x_wconf 63' lang='lat' dir='ltr'><strong>Lycia:</strong></span> <span class='ocrx_word' id='word_1_193' title='bbox 3228 1335 3534 1402; x_wconf 58' lang='lat' dir='ltr'><strong>provincia,</strong></span> <span class='ocrx_word' id='word_1_194' title='bbox 3569 1337 3871 1405; x_wconf 87' lang='lat' dir='ltr'><strong>ibidemque</strong></span> 
     </span>
    </p>
   </div>
   <div class='ocr_carea' id='block_1_29' title="bbox 2288 1422 3867 1498">
    <p class='ocr_par' dir='ltr' id='par_1_29' title="bbox 2288 1422 3867 1498">
     <span class='ocr_line' id='line_1_29' title="bbox 2288 1422 3867 1498; baseline 0.004 -24"><span class='ocrx_word' id='word_1_195' title='bbox 2288 1422 2450 1474; x_wconf 89' lang='lat' dir='ltr'><strong>vitam</strong></span> <span class='ocrx_word' id='word_1_196' title='bbox 2485 1422 2674 1485; x_wconf 77' lang='lat' dir='ltr'><strong>liuivil,</strong></span> <span class='ocrx_word' id='word_1_197' title='bbox 2718 1422 2895 1475; x_wconf 89' lang='lat' dir='ltr'><strong>multis</strong></span> <span class='ocrx_word' id='word_1_198' title='bbox 2944 1424 2995 1475; x_wconf 90' lang='lat' dir='ltr'><strong>in</strong></span> <span class='ocrx_word' id='word_1_199' title='bbox 3044 1424 3230 1478; x_wconf 90' lang='lat' dir='ltr'><strong>eodem</strong></span> <span class='ocrx_word' id='word_1_200' title='bbox 3274 1426 3389 1479; x_wconf 93' lang='lat' dir='ltr'><strong>loco</strong></span> <span class='ocrx_word' id='word_1_201' title='bbox 3421 1427 3673 1481; x_wconf 88' lang='lat' dir='ltr'><strong>virtutum</strong></span> <span class='ocrx_word' id='word_1_202' title='bbox 3703 1430 3867 1498; x_wconf 79' lang='lat' dir='ltr'><strong>signis</strong></span> 
     </span>
    </p>
   </div>
   <div class='ocr_carea' id='block_1_30' title="bbox 2293 1514 3866 1587">
    <p class='ocr_par' dir='ltr' id='par_1_30' title="bbox 2293 1514 3866 1587">
     <span class='ocr_line' id='line_1_30' title="bbox 2293 1514 3866 1587; baseline 0.006 -21"><span class='ocrx_word' id='word_1_203' title='bbox 2293 1528 2457 1582; x_wconf 91' lang='lat' dir='ltr'><strong>usque</strong></span> <span class='ocrx_word' id='word_1_204' title='bbox 2491 1514 2649 1567; x_wconf 83' lang='lat' dir='ltr'><strong>hodie</strong></span> <span class='ocrx_word' id='word_1_205' title='bbox 2677 1514 2968 1583; x_wconf 76' lang='lat' dir='ltr'><strong>refulgens.</strong></span> <span class='ocrx_word' id='word_1_206' title='bbox 2994 1514 3176 1570; x_wconf 63' lang='lat' dir='ltr'><strong>Romae</strong></span> <span class='ocrx_word' id='word_1_207' title='bbox 3197 1516 3457 1587; x_wconf 86' lang='lat' dir='ltr'><strong>depositio</strong></span> <span class='ocrx_word' id='word_1_208' title='bbox 3483 1520 3653 1574; x_wconf 86' lang='lat' dir='ltr'><strong>sancti</strong></span> <span class='ocrx_word' id='word_1_209' title='bbox 3679 1522 3866 1576; x_wconf 82' lang='lat' dir='ltr'><strong>Leonis</strong></span> 
     </span>
    </p>
   </div>
   <div class='ocr_carea' id='block_1_31' title="bbox 2289 1603 3861 1681">
    <p class='ocr_par' dir='ltr' id='par_1_31' title="bbox 2289 1603 3861 1681">
     <span class='ocr_line' id='line_1_31' title="bbox 2289 1603 3861 1681; baseline 0.008 -26"><span class='ocrx_word' id='word_1_210' title='bbox 2289 1605 2543 1673; x_wconf 76' lang='lat' dir='ltr'><strong>episcopi.</strong></span> <span class='ocrx_word' id='word_1_211' title='bbox 2576 1605 2628 1657; x_wconf 92' lang='lat' dir='ltr'><strong>In</strong></span> <span class='ocrx_word' id='word_1_212' title='bbox 2663 1603 2942 1658; x_wconf 65' lang='lat' dir='ltr'><strong>AntiOclda</strong></span> <span class='ocrx_word' id='word_1_213' title='bbox 2973 1607 3146 1659; x_wconf 80' lang='lat' dir='ltr'><strong>natale</strong></span> <span class='ocrx_word' id='word_1_214' title='bbox 3176 1606 3423 1662; x_wconf 79' lang='lat' dir='ltr'><strong>Demetrii</strong></span> <span class='ocrx_word' id='word_1_215' title='bbox 3453 1610 3706 1681; x_wconf 83' lang='lat' dir='ltr'><strong>episc0pi,</strong></span> <span class='ocrx_word' id='word_1_216' title='bbox 3735 1616 3861 1666; x_wconf 82' lang='lat' dir='ltr'><strong>Am-</strong></span> 
     </span>
    </p>
   </div>
   <div class='ocr_carea' id='block_1_32' title="bbox 2290 1694 3862 1771">
    <p class='ocr_par' dir='ltr' id='par_1_32' title="bbox 2290 1694 3862 1771">
     <span class='ocr_line' id='line_1_32' title="bbox 2290 1694 3862 1771; baseline 0.006 -22"><span class='ocrx_word' id='word_1_217' title='bbox 2290 1696 2421 1759; x_wconf 86' lang='lat' dir='ltr'><strong>nesi,</strong></span> <span class='ocrx_word' id='word_1_218' title='bbox 2455 1694 2723 1747; x_wconf 85' lang='lat' dir='ltr'><strong>Eustocliii</strong></span> <span class='ocrx_word' id='word_1_219' title='bbox 2753 1705 2805 1747; x_wconf 88' lang='lat' dir='ltr'><strong>et</strong></span> <span class='ocrx_word' id='word_1_220' title='bbox 2831 1697 3095 1749; x_wconf 89' lang='lat' dir='ltr'><strong>sociorum</strong></span> <span class='ocrx_word' id='word_1_221' title='bbox 3123 1698 3258 1765; x_wconf 88' lang='lat' dir='ltr'><strong>ejus.</strong></span> <span class='ocrx_word' id='word_1_222' title='bbox 3289 1699 3582 1754; x_wconf 86' lang='lat' dir='ltr'><strong>Aurelianis</strong></span> <span class='ocrx_word' id='word_1_223' title='bbox 3606 1703 3862 1771; x_wconf 68' lang='lat' dir='ltr'><strong>depo~itio</strong></span> 
     </span>
    </p>
   </div>
   <div class='ocr_carea' id='block_1_33' title="bbox 2290 1784 3017 1854">
    <p class='ocr_par' dir='ltr' id='par_1_33' title="bbox 2290 1784 3017 1854">
     <span class='ocr_line' id='line_1_33' title="bbox 2290 1784 3017 1854; baseline -0.006 -13"><span class='ocrx_word' id='word_1_224' title='bbox 2290 1787 2428 1842; x_wconf 86' lang='lat' dir='ltr'><strong>beati</strong></span> <span class='ocrx_word' id='word_1_225' title='bbox 2456 1784 2729 1838; x_wconf 83' lang='lat' dir='ltr'><strong>Monitoris</strong></span> <span class='ocrx_word' id='word_1_226' title='bbox 2761 1785 3017 1854; x_wconf 81' lang='lat' dir='ltr'><strong>episcopi.</strong></span> 
     </span>
    </p>
   </div>
   <div class='ocr_carea' id='block_1_34' title="bbox 599 1872 3862 1953">
    <p class='ocr_par' dir='ltr' id='par_1_34' title="bbox 599 1872 3862 1953">
     <span class='ocr_line' id='line_1_34' title="bbox 599 1872 3862 1953; baseline 0 -16"><span class='ocrx_word' id='word_1_227' title='bbox 599 1895 709 1939; x_wconf 88' lang='lat' dir='ltr'><strong>tem</strong></span> <span class='ocrx_word' id='word_1_228' title='bbox 739 1887 930 1940; x_wconf 90' lang='lat' dir='ltr'><strong>mulier</strong></span> <span class='ocrx_word' id='word_1_229' title='bbox 960 1884 1187 1939; x_wconf 89' lang='lat' dir='ltr'><strong>Eusebia</strong></span> <span class='ocrx_word' id='word_1_230' title='bbox 1219 1886 1454 1951; x_wconf 86' lang='lat' dir='ltr'><strong>nomine,</strong></span> <span class='ocrx_word' id='word_1_231' title='bbox 1496 1885 1708 1952; x_wconf 84' lang='lat' dir='ltr'><strong>collegit</strong></span> <span class='ocrx_word' id='word_1_232' title='bbox 1741 1899 1936 1953; x_wconf 85' lang='lat' dir='ltr'><strong>corpus</strong></span> <span class='ocrx_word' id='word_1_233' title='bbox 1966 1883 2101 1953; x_wconf 84' lang='lat' dir='ltr'><strong>ejus,</strong></span> <span class='ocrx_word' id='word_1_234' title='bbox 2133 1894 2187 1939; x_wconf 89' lang='lat' dir='ltr'><strong>et</strong></span> <span class='ocrx_word' id='word_1_235' title='bbox 2220 1872 2261 1930; x_wconf 83' lang='grc' dir='ltr'><strong><em>Β</em></strong></span> <span class='ocrx_word' id='word_1_236' title='bbox 2364 1874 2427 1929; x_wconf 83' lang='lat' dir='ltr'><strong>G.</strong></span> <span class='ocrx_word' id='word_1_237' title='bbox 2461 1875 2522 1928; x_wconf 89' lang='lat' dir='ltr'><strong>Ill</strong></span> <span class='ocrx_word' id='word_1_238' title='bbox 2559 1876 2676 1929; x_wconf 80' lang='lat' dir='ltr'><strong>inus</strong></span> <span class='ocrx_word' id='word_1_239' title='bbox 2712 1875 2954 1929; x_wconf 67' lang='lat' dir='ltr'><strong>Novum.</strong></span> <span class='ocrx_word' id='word_1_240' title='bbox 2992 1906 3059 1915; x_wconf 93' lang='lat'><strong>—</strong></span> <span class='ocrx_word' id='word_1_241' title='bbox 3091 1876 3143 1929; x_wconf 94' lang='lat' dir='ltr'><strong>ln</strong></span> <span class='ocrx_word' id='word_1_242' title='bbox 3185 1875 3348 1931; x_wconf 84' lang='lat' dir='ltr'><strong>Gallia</strong></span> <span class='ocrx_word' id='word_1_243' title='bbox 3390 1879 3615 1934; x_wconf 81' lang='lat' dir='ltr'><strong>Turonis</strong></span> <span class='ocrx_word' id='word_1_244' title='bbox 3656 1884 3862 1939; x_wconf 77' lang='lat' dir='ltr'><strong>civitate</strong></span> 
     </span>
    </p>
   </div>
   <div class='ocr_carea' id='block_1_35' title="bbox 595 1974 2182 2043">
    <p class='ocr_par' dir='ltr' id='par_1_35' title="bbox 595 1974 2182 2043">
     <span class='ocr_line' id='line_1_35' title="bbox 595 1974 2182 2043; baseline -0.002 -13"><span class='ocrx_word' id='word_1_245' title='bbox 595 1977 823 2031; x_wconf 82' lang='lat' dir='ltr'><strong>sindone</strong></span> <span class='ocrx_word' id='word_1_246' title='bbox 850 1977 1045 2030; x_wconf 86' lang='lat' dir='ltr'><strong>munda</strong></span> <span class='ocrx_word' id='word_1_247' title='bbox 1088 1976 1366 2030; x_wconf 86' lang='lat' dir='ltr'><strong>involvens</strong></span> <span class='ocrx_word' id='word_1_248' title='bbox 1410 1976 1678 2029; x_wconf 85' lang='lat' dir='ltr'><strong>transtulit</strong></span> <span class='ocrx_word' id='word_1_249' title='bbox 1709 1976 1759 2029; x_wconf 94' lang='lat' dir='ltr'><strong>in</strong></span> <span class='ocrx_word' id='word_1_250' title='bbox 1791 1974 2182 2043; x_wconf 81' lang='lat' dir='ltr'><strong>possessionem</strong></span> 
     </span>
    </p>
   </div>
   <div class='ocr_carea' id='block_1_36' title="bbox 594 2063 2183 2134">
    <p class='ocr_par' dir='ltr' id='par_1_36' title="bbox 594 2063 2183 2134">
     <span class='ocr_line' id='line_1_36' title="bbox 594 2063 2183 2134; baseline -0.003 -14"><span class='ocrx_word' id='word_1_251' title='bbox 594 2082 771 2131; x_wconf 82' lang='lat' dir='ltr'><strong>suam,</strong></span> <span class='ocrx_word' id='word_1_252' title='bbox 822 2067 873 2119; x_wconf 91' lang='lat' dir='ltr'><strong>in</strong></span> <span class='ocrx_word' id='word_1_253' title='bbox 921 2065 1093 2119; x_wconf 91' lang='lat' dir='ltr'><strong>locum</strong></span> <span class='ocrx_word' id='word_1_254' title='bbox 1142 2065 1463 2134; x_wconf 87' lang='lat' dir='ltr'><strong>appellatum</strong></span> <span class='ocrx_word' id='word_1_255' title='bbox 1500 2065 1757 2119; x_wconf 86' lang='lat' dir='ltr'><strong>Eucliata.</strong></span> <span class='ocrx_word' id='word_1_256' title='bbox 1792 2064 1944 2134; x_wconf 88' lang='lat' dir='ltr'><strong>Apud</strong></span> <span class='ocrx_word' id='word_1_257' title='bbox 1988 2063 2183 2117; x_wconf 84' lang='lat' dir='ltr'><strong>Bituri-</strong></span> 
     </span>
    </p>
   </div>
   <div class='ocr_carea' id='block_1_37' title="bbox 596 2156 2181 2227">
    <p class='ocr_par' dir='ltr' id='par_1_37' title="bbox 596 2156 2181 2227">
     <span class='ocr_line' id='line_1_37' title="bbox 596 2156 2181 2227; baseline -0.001 -16"><span class='ocrx_word' id='word_1_258' title='bbox 596 2171 686 2215; x_wconf 80' lang='lat' dir='ltr'><strong>cas</strong></span> <span class='ocrx_word' id='word_1_259' title='bbox 716 2159 884 2214; x_wconf 82' lang='lat' dir='ltr'><strong>sancti</strong></span> <span class='ocrx_word' id='word_1_260' title='bbox 916 2157 1169 2223; x_wconf 84' lang='lat' dir='ltr'><strong>Ursicini,</strong></span> <span class='ocrx_word' id='word_1_261' title='bbox 1203 2158 1289 2227; x_wconf 91' lang='lat' dir='ltr'><strong>qui</strong></span> <span class='ocrx_word' id='word_1_262' title='bbox 1317 2156 1498 2211; x_wconf 65' lang='lat' dir='ltr'><strong>Romae</strong></span> <span class='ocrx_word' id='word_1_263' title='bbox 1527 2157 1805 2212; x_wconf 91' lang='lat' dir='ltr'><strong>ordinatus</strong></span> <span class='ocrx_word' id='word_1_264' title='bbox 1837 2171 1865 2211; x_wconf 91' lang='lat' dir='ltr'><strong>a</strong></span> <span class='ocrx_word' id='word_1_265' title='bbox 1895 2170 2181 2211; x_wconf 84' lang='lat' dir='ltr'><strong>successo—</strong></span> 
     </span>
    </p>
   </div>
   <div class='ocr_carea' id='block_1_38' title="bbox 663 2337 1952 2409">
    <p class='ocr_par' dir='ltr' id='par_1_38' title="bbox 663 2337 1952 2409">
     <span class='ocr_line' id='line_1_38' title="bbox 663 2337 1952 2409; baseline 0 -18"><span class='ocrx_word' id='word_1_266' title='bbox 663 2342 717 2396; x_wconf 81' lang='lat'><strong>9.</strong></span> <span class='ocrx_word' id='word_1_267' title='bbox 741 2370 809 2381; x_wconf 86' lang='lat'><strong>-—</strong></span> <span class='ocrx_word' id='word_1_268' title='bbox 844 2341 883 2393; x_wconf 85' lang='lat' dir='ltr'><strong>V</strong></span> <span class='ocrx_word' id='word_1_269' title='bbox 916 2339 1057 2395; x_wconf 79' lang='lat' dir='ltr'><strong>Inus.</strong></span> <span class='ocrx_word' id='word_1_270' title='bbox 1083 2338 1269 2393; x_wconf 84' lang='lat' dir='ltr'><strong>Natale</strong></span> <span class='ocrx_word' id='word_1_271' title='bbox 1294 2337 1353 2394; x_wconf 91' lang='lat' dir='ltr'><strong>S.</strong></span> <span class='ocrx_word' id='word_1_272' title='bbox 1382 2338 1652 2393; x_wconf 83' lang='lat' dir='ltr'><strong>Theodori</strong></span> <span class='ocrx_word' id='word_1_273' title='bbox 1679 2338 1952 2409; x_wconf 84' lang='lat' dir='ltr'><strong>martyris.</strong></span> 
     </span>
    </p>
   </div>
   <div class='ocr_carea' id='block_1_39' title="bbox 665 2428 2185 2498">
    <p class='ocr_par' dir='ltr' id='par_1_39' title="bbox 665 2428 2185 2498">
     <span class='ocr_line' id='line_1_39' title="bbox 665 2428 2185 2498; baseline -0.003 -12"><span class='ocrx_word' id='word_1_274' title='bbox 665 2432 855 2486; x_wconf 76' lang='lat' dir='ltr'><strong>Florus</strong></span> <span class='ocrx_word' id='word_1_275' title='bbox 907 2431 958 2483; x_wconf 93' lang='lat' dir='ltr'><strong>in</strong></span> <span class='ocrx_word' id='word_1_276' title='bbox 990 2429 1054 2483; x_wconf 85' lang='grc' dir='ltr'><strong>Τ.</strong></span> <span class='ocrx_word' id='word_1_277' title='bbox 1099 2429 1421 2498; x_wconf 64' lang='lat' dir='ltr'><strong>praemittit:</strong></span> <span class='ocrx_word' id='word_1_278' title='bbox 1472 2429 1624 2498; x_wconf 84' lang='lat' dir='ltr'><strong>Apud</strong></span> <span class='ocrx_word' id='word_1_279' title='bbox 1673 2431 1952 2484; x_wconf 86' lang='lat' dir='ltr'><strong>Amaseam</strong></span> <span class='ocrx_word' id='word_1_280' title='bbox 2000 2428 2185 2483; x_wconf 86' lang='lat' dir='ltr'><strong>civita-</strong></span> 
     </span>
    </p>
   </div>
   <div class='ocr_carea' id='block_1_40' title="bbox 591 2520 2184 2591">
    <p class='ocr_par' dir='ltr' id='par_1_40' title="bbox 591 2520 2184 2591">
     <span class='ocr_line' id='line_1_40' title="bbox 591 2520 2184 2591; baseline -0.003 -14"><span class='ocrx_word' id='word_1_281' title='bbox 591 2534 725 2588; x_wconf 79' lang='lat' dir='ltr'><strong>tem,</strong></span> <span class='ocrx_word' id='word_1_282' title='bbox 757 2532 810 2577; x_wconf 89' lang='lat' dir='ltr'><strong>et</strong></span> <span class='ocrx_word' id='word_1_283' title='bbox 856 2521 1122 2576; x_wconf 89' lang='lat' dir='ltr'><strong>subnectit</strong></span> <span class='ocrx_word' id='word_1_284' title='bbox 1169 2520 1402 2591; x_wconf 80' lang='lat' dir='ltr'><strong>elogium</strong></span> <span class='ocrx_word' id='word_1_285' title='bbox 1454 2538 1466 2572; x_wconf 87' lang='lat'>:</span> <span class='ocrx_word' id='word_1_286' title='bbox 1521 2520 1621 2587; x_wconf 87' lang='lat' dir='ltr'><strong>Qui</strong></span> <span class='ocrx_word' id='word_1_287' title='bbox 1656 2521 1985 2589; x_wconf 82' lang='lat' dir='ltr'><strong>temporibus</strong></span> <span class='ocrx_word' id='word_1_288' title='bbox 2015 2521 2184 2574; x_wconf 80' lang='lat' dir='ltr'><strong>Maxi-</strong></span> 
     </span>
    </p>
   </div>
   <div class='ocr_carea' id='block_1_41' title="bbox 594 2610 2181 2679">
    <p class='ocr_par' dir='ltr' id='par_1_41' title="bbox 594 2610 2181 2679">
     <span class='ocr_line' id='line_1_41' title="bbox 594 2610 2181 2679; baseline -0.004 -10"><span class='ocrx_word' id='word_1_289' title='bbox 594 2613 755 2669; x_wconf 88' lang='lat' dir='ltr'><strong>miani</strong></span> <span class='ocrx_word' id='word_1_290' title='bbox 786 2620 837 2667; x_wconf 92' lang='lat' dir='ltr'><strong>et</strong></span> <span class='ocrx_word' id='word_1_291' title='bbox 860 2611 1073 2665; x_wconf 77' lang='lat' dir='ltr'><strong>Maximi</strong></span> <span class='ocrx_word' id='word_1_292' title='bbox 1104 2610 1522 2679; x_wconf 89' lang='lat' dir='ltr'><strong>imperatorum,</strong></span> <span class='ocrx_word' id='word_1_293' title='bbox 1552 2625 1646 2679; x_wconf 88' lang='lat' dir='ltr'><strong>pro</strong></span> <span class='ocrx_word' id='word_1_294' title='bbox 1674 2612 2010 2666; x_wconf 81' lang='lat' dir='ltr'><strong>confessione</strong></span> <span class='ocrx_word' id='word_1_295' title='bbox 2031 2610 2181 2665; x_wconf 86' lang='lat' dir='ltr'><strong>Chri-</strong></span> 
     </span>
    </p>
   </div>
   <div class='ocr_carea' id='block_1_42' title="bbox 594 2704 2176 2762">
    <p class='ocr_par' dir='ltr' id='par_1_42' title="bbox 594 2704 2176 2762">
     <span class='ocr_line' id='line_1_42' title="bbox 594 2704 2176 2762; baseline -0.005 0"><span class='ocrx_word' id='word_1_296' title='bbox 594 2708 782 2762; x_wconf 83' lang='lat' dir='ltr'><strong>stianae</strong></span> <span class='ocrx_word' id='word_1_297' title='bbox 830 2704 952 2760; x_wconf 90' lang='lat' dir='ltr'><strong>ﬁdei</strong></span> <span class='ocrx_word' id='word_1_298' title='bbox 984 2704 1191 2758; x_wconf 78' lang='lat' dir='ltr'><strong>fortiter</strong></span> <span class='ocrx_word' id='word_1_299' title='bbox 1218 2718 1387 2759; x_wconf 83' lang='lat' dir='ltr'><strong>caesus</strong></span> <span class='ocrx_word' id='word_1_300' title='bbox 1443 2718 1504 2756; x_wconf 91' lang='lat' dir='ltr'><strong>ac</strong></span> <span class='ocrx_word' id='word_1_301' title='bbox 1549 2704 1600 2757; x_wconf 93' lang='lat' dir='ltr'><strong>iu</strong></span> <span class='ocrx_word' id='word_1_302' title='bbox 1642 2718 1909 2759; x_wconf 89' lang='lat' dir='ltr'><strong>carcerem</strong></span> <span class='ocrx_word' id='word_1_303' title='bbox 1942 2704 2133 2757; x_wconf 80' lang='lat' dir='ltr'><strong>missus</strong></span> <span class='ocrx_word' id='word_1_304' title='bbox 2164 2720 2176 2754; x_wconf 93' lang='lat'>:</span> 
     </span>
    </p>
   </div>
   <div class='ocr_carea' id='block_1_43' title="bbox 599 2792 2180 2862">
    <p class='ocr_par' dir='ltr' id='par_1_43' title="bbox 599 2792 2180 2862">
     <span class='ocr_line' id='line_1_43' title="bbox 599 2792 2180 2862; baseline -0.003 -11"><span class='ocrx_word' id='word_1_305' title='bbox 599 2796 792 2851; x_wconf 88' lang='lat' dir='ltr'><strong>deinde</strong></span> <span class='ocrx_word' id='word_1_306' title='bbox 822 2795 1052 2850; x_wconf 91' lang='lat' dir='ltr'><strong>Domino</strong></span> <span class='ocrx_word' id='word_1_307' title='bbox 1077 2793 1354 2849; x_wconf 82' lang='lat' dir='ltr'><strong>Salvatore</strong></span> <span class='ocrx_word' id='word_1_308' title='bbox 1384 2792 1484 2847; x_wconf 91' lang='lat' dir='ltr'><strong>sibi</strong></span> <span class='ocrx_word' id='word_1_309' title='bbox 1516 2802 1806 2862; x_wconf 84' lang='lat' dir='ltr'><strong>apparente</strong></span> <span class='ocrx_word' id='word_1_310' title='bbox 1848 2803 1901 2847; x_wconf 90' lang='lat' dir='ltr'><strong>et</strong></span> <span class='ocrx_word' id='word_1_311' title='bbox 1932 2803 2180 2847; x_wconf 81' lang='lat' dir='ltr'><strong>monente</strong></span> 
     </span>
    </p>
   </div>
   <div class='ocr_carea' id='block_1_44' title="bbox 596 2882 2181 2951">
    <p class='ocr_par' dir='ltr' id='par_1_44' title="bbox 596 2882 2181 2951">
     <span class='ocr_line' id='line_1_44' title="bbox 596 2882 2181 2951; baseline -0.004 -10"><span class='ocrx_word' id='word_1_312' title='bbox 596 2899 654 2942; x_wconf 90' lang='lat' dir='ltr'><strong>ut</strong></span> <span class='ocrx_word' id='word_1_313' title='bbox 683 2894 996 2942; x_wconf 87' lang='lat' dir='ltr'><strong>constanter</strong></span> <span class='ocrx_word' id='word_1_314' title='bbox 1025 2893 1079 2939; x_wconf 91' lang='lat' dir='ltr'><strong>et</strong></span> <span class='ocrx_word' id='word_1_315' title='bbox 1108 2884 1336 2937; x_wconf 82' lang='lat' dir='ltr'><strong>viriliter</strong></span> <span class='ocrx_word' id='word_1_316' title='bbox 1364 2892 1566 2951; x_wconf 87' lang='lat' dir='ltr'><strong>ageret,</strong></span> <span class='ocrx_word' id='word_1_317' title='bbox 1612 2885 1873 2937; x_wconf 75' lang='lat' dir='ltr'><strong>relevatus</strong></span> <span class='ocrx_word' id='word_1_318' title='bbox 1912 2891 2016 2938; x_wconf 50' lang='grc' dir='ltr'><strong>εει.</strong></span> <span class='ocrx_word' id='word_1_319' title='bbox 2065 2882 2181 2937; x_wconf 85' lang='grc' dir='ltr'><strong>Νο-</strong></span> 
     </span>
    </p>
   </div>
   <div class='ocr_carea' id='block_1_45' title="bbox 601 2972 2176 3043">
    <p class='ocr_par' dir='ltr' id='par_1_45' title="bbox 601 2972 2176 3043">
     <span class='ocr_line' id='line_1_45' title="bbox 601 2972 2176 3043; baseline -0.003 -16"><span class='ocrx_word' id='word_1_320' title='bbox 601 2976 820 3031; x_wconf 88' lang='lat' dir='ltr'><strong>vissime</strong></span> <span class='ocrx_word' id='word_1_321' title='bbox 868 2982 1148 3043; x_wconf 89' lang='lat' dir='ltr'><strong>postquam</strong></span> <span class='ocrx_word' id='word_1_322' title='bbox 1200 2986 1493 3041; x_wconf 87' lang='lat' dir='ltr'><strong>suspensus</strong></span> <span class='ocrx_word' id='word_1_323' title='bbox 1541 2979 1623 3025; x_wconf 86' lang='lat' dir='ltr'><strong>est</strong></span> <span class='ocrx_word' id='word_1_324' title='bbox 1670 2972 1878 3040; x_wconf 91' lang='lat' dir='ltr'><strong>ungulis</strong></span> <span class='ocrx_word' id='word_1_325' title='bbox 1906 2987 2176 3038; x_wconf 81' lang='lat' dir='ltr'><strong>corrasus,</strong></span> 
     </span>
    </p>
   </div>
   <div class='ocr_carea' id='block_1_46' title="bbox 596 3062 2177 3133">
    <p class='ocr_par' dir='ltr' id='par_1_46' title="bbox 596 3062 2177 3133">
     <span class='ocr_line' id='line_1_46' title="bbox 596 3062 2177 3133; baseline -0.003 -12"><span class='ocrx_word' id='word_1_326' title='bbox 596 3067 668 3121; x_wconf 86' lang='lat' dir='ltr'><strong>ita</strong></span> <span class='ocrx_word' id='word_1_327' title='bbox 703 3073 760 3120; x_wconf 87' lang='lat' dir='ltr'><strong>ut</strong></span> <span class='ocrx_word' id='word_1_328' title='bbox 800 3066 915 3131; x_wconf 88' lang='lat' dir='ltr'><strong>ejus</strong></span> <span class='ocrx_word' id='word_1_329' title='bbox 946 3064 1196 3118; x_wconf 86' lang='lat' dir='ltr'><strong>interiora</strong></span> <span class='ocrx_word' id='word_1_330' title='bbox 1227 3062 1364 3116; x_wconf 90' lang='lat' dir='ltr'><strong>nuda</strong></span> <span class='ocrx_word' id='word_1_331' title='bbox 1394 3072 1730 3131; x_wconf 86' lang='lat' dir='ltr'><strong>apparerent,</strong></span> <span class='ocrx_word' id='word_1_332' title='bbox 1765 3064 1989 3117; x_wconf 88' lang='lat' dir='ltr'><strong>traditur</strong></span> <span class='ocrx_word' id='word_1_333' title='bbox 2040 3065 2177 3133; x_wconf 84' lang='lat' dir='ltr'><strong>igni-</strong></span> 
     </span>
    </p>
   </div>
   <div class='ocr_carea' id='block_1_47' title="bbox 599 3153 2177 3213">
    <p class='ocr_par' dir='ltr' id='par_1_47' title="bbox 599 3153 2177 3213">
     <span class='ocr_line' id='line_1_47' title="bbox 599 3153 2177 3213; baseline -0.002 -1"><span class='ocrx_word' id='word_1_334' title='bbox 599 3159 721 3213; x_wconf 81' lang='lat' dir='ltr'><strong>bus.</strong></span> <span class='ocrx_word' id='word_1_335' title='bbox 754 3155 982 3211; x_wconf 85' lang='lat' dir='ltr'><strong>Additur</strong></span> <span class='ocrx_word' id='word_1_336' title='bbox 1006 3154 1200 3208; x_wconf 87' lang='lat' dir='ltr'><strong>ibidem</strong></span> <span class='ocrx_word' id='word_1_337' title='bbox 1231 3171 1242 3207; x_wconf 91' lang='lat'><strong>:</strong></span> <span class='ocrx_word' id='word_1_338' title='bbox 1279 3153 1478 3208; x_wconf 88' lang='lat' dir='ltr'><strong>Eodem</strong></span> <span class='ocrx_word' id='word_1_339' title='bbox 1510 3153 1595 3208; x_wconf 91' lang='lat' dir='ltr'><strong>die</strong></span> <span class='ocrx_word' id='word_1_340' title='bbox 1622 3154 1883 3208; x_wconf 88' lang='lat' dir='ltr'><strong>Bituricas</strong></span> <span class='ocrx_word' id='word_1_341' title='bbox 1912 3156 1969 3208; x_wconf 91' lang='lat' dir='ltr'><strong>S.</strong></span> <span class='ocrx_word' id='word_1_342' title='bbox 2001 3159 2028 3187; x_wconf 76' lang='grc'>⁸</span> <span class='ocrx_word' id='word_1_343' title='bbox 2074 3154 2177 3210; x_wconf 88' lang='lat' dir='ltr'><strong>Ur-</strong></span> 
     </span>
    </p>
   </div>
   <div class='ocr_carea' id='block_1_48' title="bbox 600 3244 2179 3314">
    <p class='ocr_par' dir='ltr' id='par_1_48' title="bbox 600 3244 2179 3314">
     <span class='ocr_line' id='line_1_48' title="bbox 600 3244 2179 3314; baseline -0.004 -9"><span class='ocrx_word' id='word_1_344' title='bbox 600 3249 755 3305; x_wconf 74' lang='lat' dir='ltr'><strong>sicini</strong></span> <span class='ocrx_word' id='word_1_345' title='bbox 785 3246 1131 3311; x_wconf 83' lang='lat' dir='ltr'><strong>confessoris,</strong></span> <span class='ocrx_word' id='word_1_346' title='bbox 1166 3244 1253 3314; x_wconf 91' lang='lat' dir='ltr'><strong>qui</strong></span> <span class='ocrx_word' id='word_1_347' title='bbox 1286 3244 1469 3298; x_wconf 67' lang='lat' dir='ltr'><strong>Romae</strong></span> <span class='ocrx_word' id='word_1_348' title='bbox 1502 3244 1778 3298; x_wconf 90' lang='lat' dir='ltr'><strong>ordinatus</strong></span> <span class='ocrx_word' id='word_1_349' title='bbox 1825 3260 1854 3297; x_wconf 92' lang='lat' dir='ltr'><strong>a</strong></span> <span class='ocrx_word' id='word_1_350' title='bbox 1898 3260 2179 3300; x_wconf 89' lang='lat' dir='ltr'><strong>successo-</strong></span> 
     </span>
    </p>
   </div>
   <div class='ocr_carea' id='block_1_49' title="bbox 598 3337 2184 3410">
    <p class='ocr_par' dir='ltr' id='par_1_49' title="bbox 598 3337 2184 3410">
     <span class='ocr_line' id='line_1_49' title="bbox 598 3337 2184 3410; baseline -0.002 -14"><span class='ocrx_word' id='word_1_351' title='bbox 598 3343 748 3397; x_wconf 84' lang='lat' dir='ltr'><strong>ribus</strong></span> <span class='ocrx_word' id='word_1_352' title='bbox 793 3339 1184 3410; x_wconf 84' lang='lat' dir='ltr'><strong>apostolorum,</strong></span> <span class='ocrx_word' id='word_1_353' title='bbox 1242 3337 1445 3407; x_wconf 89' lang='lat' dir='ltr'><strong>primus</strong></span> <span class='ocrx_word' id='word_1_354' title='bbox 1489 3337 1665 3392; x_wconf 89' lang='lat' dir='ltr'><strong>eidem</strong></span> <span class='ocrx_word' id='word_1_355' title='bbox 1720 3337 1834 3392; x_wconf 87' lang='lat' dir='ltr'><strong>urbi</strong></span> <span class='ocrx_word' id='word_1_356' title='bbox 1883 3338 2184 3393; x_wconf 78' lang='lat' dir='ltr'><strong>deStioatur</strong></span> 
     </span>
    </p>
   </div>
   <div class='ocr_carea' id='block_1_50' title="bbox 598 3428 2180 3502">
    <p class='ocr_par' dir='ltr' id='par_1_50' title="bbox 598 3428 2180 3502">
     <span class='ocr_line' id='line_1_50' title="bbox 598 3428 2180 3502; baseline -0.004 -12"><span class='ocrx_word' id='word_1_357' title='bbox 598 3435 903 3502; x_wconf 83' lang='lat' dir='ltr'><strong>episc0piis.</strong></span> <span class='ocrx_word' id='word_1_358' title='bbox 934 3431 1126 3485; x_wconf 82' lang='lat' dir='ltr'><strong>Florus</strong></span> <span class='ocrx_word' id='word_1_359' title='bbox 1150 3430 1199 3482; x_wconf 91' lang='lat' dir='ltr'><strong>in</strong></span> <span class='ocrx_word' id='word_1_360' title='bbox 1233 3432 1295 3483; x_wconf 88' lang='lat' dir='ltr'><strong>A.</strong></span> <span class='ocrx_word' id='word_1_361' title='bbox 1327 3428 1388 3482; x_wconf 89' lang='grc' dir='ltr'><strong>Τ.</strong></span> <span class='ocrx_word' id='word_1_362' title='bbox 1420 3428 1480 3482; x_wconf 90' lang='lat' dir='ltr'><strong>L.</strong></span> <span class='ocrx_word' id='word_1_363' title='bbox 1510 3446 1524 3483; x_wconf 91' lang='lat'><strong>:</strong></span> <span class='ocrx_word' id='word_1_364' title='bbox 1566 3430 1763 3483; x_wconf 85' lang='lat' dir='ltr'><strong>Eodem</strong></span> <span class='ocrx_word' id='word_1_365' title='bbox 1794 3430 1880 3483; x_wconf 91' lang='lat' dir='ltr'><strong>die</strong></span> <span class='ocrx_word' id='word_1_366' title='bbox 1910 3431 1959 3483; x_wconf 92' lang='lat' dir='ltr'><strong>in</strong></span> <span class='ocrx_word' id='word_1_367' title='bbox 1992 3431 2180 3499; x_wconf 86' lang='lat' dir='ltr'><strong>Hispa-</strong></span> 
     </span>
    </p>
   </div>
   <div class='ocr_carea' id='block_1_51' title="bbox 601 3518 2177 3590">
    <p class='ocr_par' dir='ltr' id='par_1_51' title="bbox 601 3518 2177 3590">
     <span class='ocr_line' id='line_1_51' title="bbox 601 3518 2177 3590; baseline -0.003 -11"><span class='ocrx_word' id='word_1_368' title='bbox 601 3524 703 3579; x_wconf 84' lang='lat' dir='ltr'><strong>niis</strong></span> <span class='ocrx_word' id='word_1_369' title='bbox 729 3522 975 3579; x_wconf 85' lang='lat' dir='ltr'><strong>Corduba</strong></span> <span class='ocrx_word' id='word_1_370' title='bbox 1006 3521 1223 3575; x_wconf 82' lang='lat' dir='ltr'><strong>civitate</strong></span> <span class='ocrx_word' id='word_1_371' title='bbox 1253 3520 1434 3590; x_wconf 90' lang='lat' dir='ltr'><strong>passio</strong></span> <span class='ocrx_word' id='word_1_372' title='bbox 1476 3528 1785 3573; x_wconf 88' lang='lat' dir='ltr'><strong>sanctorum</strong></span> <span class='ocrx_word' id='word_1_373' title='bbox 1836 3518 2038 3586; x_wconf 88' lang='lat' dir='ltr'><strong>Fausti,</strong></span> <span class='ocrx_word' id='word_1_374' title='bbox 2088 3521 2177 3575; x_wconf 84' lang='lat' dir='ltr'><strong>Ja-</strong></span> 
     </span>
    </p>
   </div>
   <div class='ocr_carea' id='block_1_52' title="bbox 600 3609 2177 3681">
    <p class='ocr_par' dir='ltr' id='par_1_52' title="bbox 600 3609 2177 3681">
     <span class='ocr_line' id='line_1_52' title="bbox 600 3609 2177 3681; baseline -0.002 -11"><span class='ocrx_word' id='word_1_375' title='bbox 600 3614 773 3671; x_wconf 79' lang='lat' dir='ltr'><strong>nuarii</strong></span> <span class='ocrx_word' id='word_1_376' title='bbox 824 3623 881 3669; x_wconf 89' lang='lat' dir='ltr'><strong>et</strong></span> <span class='ocrx_word' id='word_1_377' title='bbox 927 3612 1212 3677; x_wconf 84' lang='lat' dir='ltr'><strong>Martialis,</strong></span> <span class='ocrx_word' id='word_1_378' title='bbox 1248 3610 1336 3680; x_wconf 94' lang='lat' dir='ltr'><strong>qui</strong></span> <span class='ocrx_word' id='word_1_379' title='bbox 1385 3609 1583 3678; x_wconf 88' lang='lat' dir='ltr'><strong>pariter</strong></span> <span class='ocrx_word' id='word_1_380' title='bbox 1632 3610 1685 3663; x_wconf 90' lang='lat' dir='ltr'><strong>in</strong></span> <span class='ocrx_word' id='word_1_381' title='bbox 1736 3611 1909 3679; x_wconf 80' lang='lat' dir='ltr'><strong>ignem</strong></span> <span class='ocrx_word' id='word_1_382' title='bbox 1954 3611 2177 3681; x_wconf 91' lang='lat' dir='ltr'><strong>projecti</strong></span> 
     </span>
    </p>
   </div>
   <div class='ocr_carea' id='block_1_53' title="bbox 602 3702 1511 3776">
    <p class='ocr_par' dir='ltr' id='par_1_53' title="bbox 602 3702 1511 3776">
     <span class='ocr_line' id='line_1_53' title="bbox 602 3702 1511 3776; baseline -0.009 -13"><span class='ocrx_word' id='word_1_383' title='bbox 602 3716 749 3773; x_wconf 82' lang='lat' dir='ltr'><strong>sunt,</strong></span> <span class='ocrx_word' id='word_1_384' title='bbox 778 3713 971 3776; x_wconf 79' lang='lat' dir='ltr'><strong>agente</strong></span> <span class='ocrx_word' id='word_1_385' title='bbox 1000 3704 1236 3773; x_wconf 82' lang='lat' dir='ltr'><strong>Eugenio</strong></span> <span class='ocrx_word' id='word_1_386' title='bbox 1267 3702 1511 3771; x_wconf 74' lang='lat' dir='ltr'><strong>prteside.</strong></span> 
     </span>
    </p>
   </div>
   <div class='ocr_carea' id='block_1_54' title="bbox 678 3791 2180 3864">
    <p class='ocr_par' dir='ltr' id='par_1_54' title="bbox 678 3791 2180 3864">
     <span class='ocr_line' id='line_1_54' title="bbox 678 3791 2180 3864; baseline -0.003 -10"><span class='ocrx_word' id='word_1_387' title='bbox 678 3800 740 3856; x_wconf 86' lang='lat' dir='ltr'><strong>B.</strong></span> <span class='ocrx_word' id='word_1_388' title='bbox 773 3798 864 3864; x_wconf 86' lang='lat' dir='ltr'><strong>V.,</strong></span> <span class='ocrx_word' id='word_1_389' title='bbox 915 3795 1189 3852; x_wconf 88' lang='lat' dir='ltr'><strong>Dedicatio</strong></span> <span class='ocrx_word' id='word_1_390' title='bbox 1218 3791 1246 3831; x_wconf 70' lang='grc' dir='ltr'><strong>ι)</strong></span> <span class='ocrx_word' id='word_1_391' title='bbox 1277 3794 1507 3849; x_wconf 83' lang='lat' dir='ltr'><strong>basilicae</strong></span> <span class='ocrx_word' id='word_1_392' title='bbox 1555 3792 1860 3849; x_wconf 89' lang='lat' dir='ltr'><strong>Salvatoris.</strong></span> <span class='ocrx_word' id='word_1_393' title='bbox 1899 3793 1958 3848; x_wconf 89' lang='lat' dir='ltr'><strong>V.</strong></span> <span class='ocrx_word' id='word_1_394' title='bbox 2011 3796 2074 3848; x_wconf 83' lang='lat' dir='ltr'><strong>A.</strong></span> <span class='ocrx_word' id='word_1_395' title='bbox 2117 3796 2180 3850; x_wconf 89' lang='lat' dir='ltr'><strong>T.</strong></span> 
     </span>
    </p>
   </div>
   <div class='ocr_carea' id='block_1_55' title="bbox 2288 1966 3861 2043">
    <p class='ocr_par' dir='ltr' id='par_1_55' title="bbox 2288 1966 3861 2043">
     <span class='ocr_line' id='line_1_55' title="bbox 2288 1966 3861 2043; baseline 0.004 -21"><span class='ocrx_word' id='word_1_396' title='bbox 2288 1966 2463 2022; x_wconf 85' lang='lat' dir='ltr'><strong>natale</strong></span> <span class='ocrx_word' id='word_1_397' title='bbox 2503 1966 2673 2021; x_wconf 86' lang='lat' dir='ltr'><strong>sancti</strong></span> <span class='ocrx_word' id='word_1_398' title='bbox 2723 1966 2931 2019; x_wconf 85' lang='lat' dir='ltr'><strong>Martini</strong></span> <span class='ocrx_word' id='word_1_399' title='bbox 2972 1968 3206 2035; x_wconf 79' lang='lat' dir='ltr'><strong>episcopi</strong></span> <span class='ocrx_word' id='word_1_400' title='bbox 3245 1978 3297 2023; x_wconf 88' lang='lat' dir='ltr'><strong>et</strong></span> <span class='ocrx_word' id='word_1_401' title='bbox 3327 1973 3664 2034; x_wconf 72' lang='lat' dir='ltr'><strong>confessoris,</strong></span> <span class='ocrx_word' id='word_1_402' title='bbox 3712 1975 3861 2043; x_wconf 88' lang='lat' dir='ltr'><strong>cujus</strong></span> 
     </span>
    </p>
   </div>
   <div class='ocr_carea' id='block_1_56' title="bbox 2288 2058 3858 2133">
    <p class='ocr_par' dir='ltr' id='par_1_56' title="bbox 2288 2058 3858 2133">
     <span class='ocr_line' id='line_1_56' title="bbox 2288 2058 3858 2133; baseline 0.002 -19"><span class='ocrx_word' id='word_1_403' title='bbox 2288 2060 2395 2114; x_wconf 87' lang='lat' dir='ltr'><strong>vita</strong></span> <span class='ocrx_word' id='word_1_404' title='bbox 2426 2068 2479 2114; x_wconf 90' lang='lat' dir='ltr'><strong>et</strong></span> <span class='ocrx_word' id='word_1_405' title='bbox 2511 2058 2749 2113; x_wconf 91' lang='lat' dir='ltr'><strong>doctrina</strong></span> <span class='ocrx_word' id='word_1_406' title='bbox 2782 2074 2875 2127; x_wconf 88' lang='lat' dir='ltr'><strong>per</strong></span> <span class='ocrx_word' id='word_1_407' title='bbox 2902 2059 3155 2115; x_wconf 59' lang='lat' dir='ltr'><strong>miracula</strong></span> <span class='ocrx_word' id='word_1_408' title='bbox 3194 2077 3310 2129; x_wconf 77' lang='lat' dir='ltr'><strong>qua:</strong></span> <span class='ocrx_word' id='word_1_409' title='bbox 3342 2063 3591 2117; x_wconf 79' lang='lat' dir='ltr'><strong>Dominus</strong></span> <span class='ocrx_word' id='word_1_410' title='bbox 3626 2082 3714 2133; x_wconf 87' lang='lat' dir='ltr'><strong>per</strong></span> <span class='ocrx_word' id='word_1_411' title='bbox 3741 2082 3858 2122; x_wconf 75' lang='grc' dir='ltr'>ευιιι</span> 
     </span>
    </p>
   </div>
   <div class='ocr_carea' id='block_1_57' title="bbox 2286 2149 3861 2219">
    <p class='ocr_par' dir='ltr' id='par_1_57' title="bbox 2286 2149 3861 2219">
     <span class='ocr_line' id='line_1_57' title="bbox 2286 2149 3861 2219; baseline 0.004 -14"><span class='ocrx_word' id='word_1_412' title='bbox 2286 2149 2432 2217; x_wconf 81' lang='lat' dir='ltr'><strong>fecit,</strong></span> <span class='ocrx_word' id='word_1_413' title='bbox 2465 2165 2598 2218; x_wconf 92' lang='lat' dir='ltr'><strong>pene</strong></span> <span class='ocrx_word' id='word_1_414' title='bbox 2628 2150 2875 2204; x_wconf 85' lang='lat' dir='ltr'><strong>omnibus</strong></span> <span class='ocrx_word' id='word_1_415' title='bbox 2906 2150 3148 2206; x_wconf 87' lang='lat' dir='ltr'><strong>ﬁdelibus</strong></span> <span class='ocrx_word' id='word_1_416' title='bbox 3172 2153 3366 2219; x_wconf 88' lang='lat' dir='ltr'><strong>claret;</strong></span> <span class='ocrx_word' id='word_1_417' title='bbox 3410 2169 3507 2209; x_wconf 90' lang='lat' dir='ltr'><strong>nec</strong></span> <span class='ocrx_word' id='word_1_418' title='bbox 3538 2171 3755 2212; x_wconf 86' lang='lat' dir='ltr'><strong>necesse</strong></span> <span class='ocrx_word' id='word_1_419' title='bbox 3784 2168 3861 2213; x_wconf 87' lang='lat' dir='ltr'><strong>est</strong></span> 
     </span>
    </p>
   </div>
   <div class='ocr_carea' id='block_1_58' title="bbox 1839 2239 2613 2302">
    <p class='ocr_par' dir='ltr' id='par_1_58' title="bbox 1839 2239 2613 2302">
     <span class='ocr_line' id='line_1_58' title="bbox 1839 2239 2613 2302; baseline -0.013 0"><span class='ocrx_word' id='word_1_420' title='bbox 1839 2247 2066 2302; x_wconf 83' lang='lat' dir='ltr'><strong>EDITIO</strong></span> <span class='ocrx_word' id='word_1_421' title='bbox 2108 2239 2613 2299; x_wconf 69' lang='lat' dir='ltr'><strong>BOLLANDIANA.</strong></span> 
     </span>
    </p>
   </div>
   <div class='ocr_carea' id='block_1_59' title="bbox 2290 2328 3861 2407">
    <p class='ocr_par' dir='ltr' id='par_1_59' title="bbox 2290 2328 3861 2407">
     <span class='ocr_line' id='line_1_59' title="bbox 2290 2328 3861 2407; baseline 0.003 -23"><span class='ocrx_word' id='word_1_422' title='bbox 2290 2331 2360 2407; x_wconf 28' lang='grc' dir='ltr'>Β...</span> <span class='ocrx_word' id='word_1_423' title='bbox 2498 2328 2699 2407; x_wconf 68' lang='lat' dir='ltr'><strong>Romm.</strong></span> <span class='ocrx_word' id='word_1_424' title='bbox 2732 2329 2816 2407; x_wconf 56' lang='grc' dir='ltr'><strong>μ,</strong></span> <span class='ocrx_word' id='word_1_425' title='bbox 2854 2331 3172 2407; x_wconf 61' lang='lat' dir='ltr'><strong>Sanctorum</strong></span> <span class='ocrx_word' id='word_1_426' title='bbox 3197 2332 3479 2407; x_wconf 62' lang='lat' dir='ltr'><strong>Clementis</strong></span> <span class='ocrx_word' id='word_1_427' title='bbox 3504 2344 3556 2388; x_wconf 89' lang='lat' dir='ltr'><strong>et</strong></span> <span class='ocrx_word' id='word_1_428' title='bbox 3578 2337 3861 2407; x_wconf 76' lang='lat' dir='ltr'><strong>Sympliro-</strong></span> 
     </span>
    </p>
   </div>
   <div class='ocr_carea' id='block_1_60' title="bbox 2292 2400 3861 2470">
    <p class='ocr_par' dir='ltr' id='par_1_60' title="bbox 2292 2400 3861 2470">
     <span class='ocr_line' id='line_1_60' title="bbox 2292 2400 3861 2470; baseline 0.005 -15"><span class='ocrx_word' id='word_1_429' title='bbox 2292 2401 2361 2455; x_wconf 88' lang='lat' dir='ltr'><strong>nii</strong></span> <span class='ocrx_word' id='word_1_430' title='bbox 2409 2400 2535 2470; x_wconf 66' lang='lat'><strong>[1].,</strong></span> <span class='ocrx_word' id='word_1_431' title='bbox 2580 2400 2996 2470; x_wconf 79' lang='lat' dir='ltr'><strong>Symplioriani].</strong></span> <span class='ocrx_word' id='word_1_432' title='bbox 3052 2401 3108 2453; x_wconf 84' lang='grc' dir='ltr'>Β.</span> <span class='ocrx_word' id='word_1_433' title='bbox 3147 2442 3164 2467; x_wconf 86' lang='grc'><em>,</em></span> <span class='ocrx_word' id='word_1_434' title='bbox 3214 2403 3267 2455; x_wconf 84' lang='grc' dir='ltr'><strong>1η</strong></span> <span class='ocrx_word' id='word_1_435' title='bbox 3323 2400 3633 2458; x_wconf 69' lang='lat' dir='ltr'><strong>Nicomedia</strong></span> <span class='ocrx_word' id='word_1_436' title='bbox 3687 2400 3861 2463; x_wconf 71' lang='lat' dir='ltr'><strong>natale</strong></span> 
     </span>
    </p>
   </div>
   <div class='ocr_carea' id='block_1_61' title="bbox 2292 2470 3860 2545">
    <p class='ocr_par' dir='ltr' id='par_1_61' title="bbox 2292 2470 3860 2545">
     <span class='ocr_line' id='line_1_61' title="bbox 2292 2470 3860 2545; baseline 0.006 -23"><span class='ocrx_word' id='word_1_437' title='bbox 2292 2477 2311 2545; x_wconf 70' lang='grc' dir='ltr'><strong><em>ξ</em></strong></span> <span class='ocrx_word' id='word_1_438' title='bbox 2346 2470 2606 2545; x_wconf 83' lang='lat' dir='ltr'><strong>Damiaui.</strong></span> <span class='ocrx_word' id='word_1_439' title='bbox 2644 2472 2698 2523; x_wconf 90' lang='lat' dir='ltr'><strong>In</strong></span> <span class='ocrx_word' id='word_1_440' title='bbox 2729 2471 2994 2545; x_wconf 77' lang='lat' dir='ltr'><strong>Hispaniis</strong></span> <span class='ocrx_word' id='word_1_441' title='bbox 3020 2471 3116 2545; x_wconf 84' lang='lat' dir='ltr'><strong>SS.</strong></span> <span class='ocrx_word' id='word_1_442' title='bbox 3140 2472 3330 2545; x_wconf 71' lang='lat' dir='ltr'><strong>Fausti</strong></span> <span class='ocrx_word' id='word_1_443' title='bbox 3372 2488 3421 2527; x_wconf 92' lang='lat' dir='ltr'><strong>et</strong></span> <span class='ocrx_word' id='word_1_444' title='bbox 3466 2477 3731 2530; x_wconf 80' lang='lat' dir='ltr'><strong>Martialis.</strong></span> <span class='ocrx_word' id='word_1_445' title='bbox 3769 2484 3860 2545; x_wconf 71' lang='grc' dir='ltr'><strong>Α..</strong></span> 
     </span>
    </p>
   </div>
   <div class='ocr_carea' id='block_1_62' title="bbox 2291 2536 3862 2615">
    <p class='ocr_par' dir='ltr' id='par_1_62' title="bbox 2291 2536 3862 2615">
     <span class='ocr_line' id='line_1_62' title="bbox 2291 2536 3862 2615; baseline 0.009 -26"><span class='ocrx_word' id='word_1_446' title='bbox 2291 2536 2409 2607; x_wconf 85' lang='lat' dir='ltr'><strong>Ipso</strong></span> <span class='ocrx_word' id='word_1_447' title='bbox 2428 2540 2548 2615; x_wconf 71' lang='lat' dir='ltr'><strong>_die__</strong></span> <span class='ocrx_word' id='word_1_448' title='bbox 2571 2546 2744 2615; x_wconf 78' lang='lat' dir='ltr'><strong>passio</strong></span> <span class='ocrx_word' id='word_1_449' title='bbox 2769 2536 2879 2615; x_wconf 21' lang='lat' dir='ltr'><strong>Si“</strong></span> <span class='ocrx_word' id='word_1_450' title='bbox 2918 2540 3153 2615; x_wconf 72' lang='lat' dir='ltr'><strong>itaguulll</strong></span> <span class='ocrx_word' id='word_1_451' title='bbox 3188 2546 3452 2611; x_wconf 81' lang='lat' dir='ltr'><strong>martyris.</strong></span> <span class='ocrx_word' id='word_1_452' title='bbox 3501 2545 3587 2609; x_wconf 86' lang='lat' dir='ltr'><strong>T.,</strong></span> <span class='ocrx_word' id='word_1_453' title='bbox 3624 2548 3737 2615; x_wconf 83' lang='lat' dir='ltr'><strong>Ipso</strong></span> <span class='ocrx_word' id='word_1_454' title='bbox 3773 2536 3862 2602; x_wconf 68' lang='lat' dir='ltr'><strong>die</strong></span> 
     </span>
    </p>
   </div>
   <div class='ocr_carea' id='block_1_63' title="bbox 2297 2610 3562 2679">
    <p class='ocr_par' dir='ltr' id='par_1_63' title="bbox 2297 2610 3562 2679">
     <span class='ocr_line' id='line_1_63' title="bbox 2297 2610 3562 2679; baseline 0.003 -15"><span class='ocrx_word' id='word_1_455' title='bbox 2297 2611 2489 2664; x_wconf 90' lang='lat' dir='ltr'><strong>natalis</strong></span> <span class='ocrx_word' id='word_1_456' title='bbox 2519 2611 2576 2663; x_wconf 88' lang='lat' dir='ltr'><strong>S.</strong></span> <span class='ocrx_word' id='word_1_457' title='bbox 2615 2619 2637 2645; x_wconf 78' lang='grc' dir='ltr'>ο</span> <span class='ocrx_word' id='word_1_458' title='bbox 2675 2610 2848 2663; x_wconf 74' lang='lat' dir='ltr'><strong>Vitolti</strong></span> <span class='ocrx_word' id='word_1_459' title='bbox 2881 2611 3111 2679; x_wconf 84' lang='lat' dir='ltr'><strong>episcopi</strong></span> <span class='ocrx_word' id='word_1_460' title='bbox 3144 2622 3194 2664; x_wconf 88' lang='lat' dir='ltr'><strong>ct</strong></span> <span class='ocrx_word' id='word_1_461' title='bbox 3226 2610 3562 2668; x_wconf 80' lang='lat' dir='ltr'><strong>contessoris.</strong></span> 
     </span>
    </p>
   </div>
   <div class='ocr_carea' id='block_1_64' title="bbox 2363 2740 3217 2797">
    <p class='ocr_par' dir='ltr' id='par_1_64' title="bbox 2363 2740 3217 2797">
     <span class='ocr_line' id='line_1_64' title="bbox 2363 2740 3217 2797; baseline 0.005 -4"><span class='ocrx_word' id='word_1_462' title='bbox 2363 2740 2447 2795; x_wconf 80' lang='grc'>10.</span> <span class='ocrx_word' id='word_1_463' title='bbox 2477 2771 2545 2780; x_wconf 90' lang='grc'><strong><em>-</em></strong></span> <span class='ocrx_word' id='word_1_464' title='bbox 2578 2740 2641 2794; x_wconf 85' lang='lat' dir='ltr'><strong>IV</strong></span> <span class='ocrx_word' id='word_1_465' title='bbox 2674 2741 2813 2795; x_wconf 80' lang='lat' dir='ltr'><strong>lous.</strong></span> <span class='ocrx_word' id='word_1_466' title='bbox 2850 2742 3013 2795; x_wconf 87' lang='lat' dir='ltr'><strong>Vacat</strong></span> <span class='ocrx_word' id='word_1_467' title='bbox 3042 2742 3217 2797; x_wconf 58' lang='lat' dir='ltr'><strong>Ba‘da.</strong></span> 
     </span>
    </p>
   </div>
   <div class='ocr_carea' id='block_1_65' title="bbox 2362 2831 3854 2906">
    <p class='ocr_par' dir='ltr' id='par_1_65' title="bbox 2362 2831 3854 2906">
     <span class='ocr_line' id='line_1_65' title="bbox 2362 2831 3854 2906; baseline 0.004 -21"><span class='ocrx_word' id='word_1_468' title='bbox 2362 2833 2425 2886; x_wconf 75' lang='grc' dir='ltr'>γ.</span> <span class='ocrx_word' id='word_1_469' title='bbox 2458 2833 2543 2898; x_wconf 73' lang='grc'><strong>(3.,</strong></span> <span class='ocrx_word' id='word_1_470' title='bbox 2594 2831 2650 2885; x_wconf 90' lang='lat' dir='ltr'><strong>lu</strong></span> <span class='ocrx_word' id='word_1_471' title='bbox 2684 2831 2964 2886; x_wconf 79' lang='lat' dir='ltr'><strong>Antiochia</strong></span> <span class='ocrx_word' id='word_1_472' title='bbox 3000 2833 3269 2887; x_wconf 84' lang='lat' dir='ltr'><strong>Eustoeliii</strong></span> <span class='ocrx_word' id='word_1_473' title='bbox 3321 2843 3375 2888; x_wconf 91' lang='lat' dir='ltr'><strong>et</strong></span> <span class='ocrx_word' id='word_1_474' title='bbox 3402 2836 3666 2889; x_wconf 86' lang='lat' dir='ltr'><strong>sociorum</strong></span> <span class='ocrx_word' id='word_1_475' title='bbox 3716 2838 3854 2906; x_wconf 72' lang='lat' dir='ltr'><strong>ejus.</strong></span> 
     </span>
    </p>
   </div>
   <div class='ocr_carea' id='block_1_66' title="bbox 2292 2919 3861 2997">
    <p class='ocr_par' dir='ltr' id='par_1_66' title="bbox 2292 2919 3861 2997">
     <span class='ocr_line' id='line_1_66' title="bbox 2292 2919 3861 2997; baseline 0.004 -23"><span class='ocrx_word' id='word_1_476' title='bbox 2292 2922 2472 2975; x_wconf 79' lang='lat' dir='ltr'><strong>Romae</strong></span> <span class='ocrx_word' id='word_1_477' title='bbox 2505 2922 2775 2989; x_wconf 87' lang='lat' dir='ltr'><strong>depositio</strong></span> <span class='ocrx_word' id='word_1_478' title='bbox 2814 2919 2833 2958; x_wconf 69' lang='grc' dir='ltr'>ί</span> <span class='ocrx_word' id='word_1_479' title='bbox 2874 2921 3069 2976; x_wconf 87' lang='lat' dir='ltr'><strong>Leonis</strong></span> <span class='ocrx_word' id='word_1_480' title='bbox 3098 2924 3348 2992; x_wconf 85' lang='lat' dir='ltr'><strong>episc0pi.</strong></span> <span class='ocrx_word' id='word_1_481' title='bbox 3387 2926 3471 2991; x_wconf 70' lang='grc' dir='ltr'>υ..</span> <span class='ocrx_word' id='word_1_482' title='bbox 3501 2926 3723 2980; x_wconf 81' lang='lat' dir='ltr'><strong>Ccrsona</strong></span> <span class='ocrx_word' id='word_1_483' title='bbox 3763 2929 3861 2997; x_wconf 71' lang='lat' dir='ltr'><strong>Ly-</strong></span> 
     </span>
    </p>
   </div>
   <div class='ocr_carea' id='block_1_67' title="bbox 2288 3013 3860 3082">
    <p class='ocr_par' dir='ltr' id='par_1_67' title="bbox 2288 3013 3860 3082">
     <span class='ocr_line' id='line_1_67' title="bbox 2288 3013 3860 3082; baseline 0.004 -16"><span class='ocrx_word' id='word_1_484' title='bbox 2288 3015 2383 3066; x_wconf 73' lang='lat' dir='ltr'><strong>cia:</strong></span> <span class='ocrx_word' id='word_1_485' title='bbox 2410 3019 2432 3056; x_wconf 77' lang='grc' dir='ltr'>ε</span> <span class='ocrx_word' id='word_1_486' title='bbox 2464 3013 2674 3067; x_wconf 85' lang='lat' dir='ltr'><strong>Martini</strong></span> <span class='ocrx_word' id='word_1_487' title='bbox 2709 3027 2859 3082; x_wconf 61' lang='lat' dir='ltr'><strong>papae</strong></span> <span class='ocrx_word' id='word_1_488' title='bbox 2895 3014 2984 3081; x_wconf 91' lang='lat' dir='ltr'><strong>qui</strong></span> <span class='ocrx_word' id='word_1_489' title='bbox 3017 3014 3085 3068; x_wconf 92' lang='lat' dir='ltr'><strong>ob</strong></span> <span class='ocrx_word' id='word_1_490' title='bbox 3115 3014 3425 3069; x_wconf 85' lang='lat' dir='ltr'><strong>catholicam</strong></span> <span class='ocrx_word' id='word_1_491' title='bbox 3473 3017 3624 3070; x_wconf 86' lang='lat' dir='ltr'><strong>ﬁdem</strong></span> <span class='ocrx_word' id='word_1_492' title='bbox 3656 3018 3723 3069; x_wconf 90' lang='lat' dir='ltr'><strong>ibi</strong></span> <span class='ocrx_word' id='word_1_493' title='bbox 3772 3036 3860 3073; x_wconf 71' lang='lat' dir='ltr'><strong>re-</strong></span> 
     </span>
    </p>
   </div>
   <div class='ocr_carea' id='block_1_68' title="bbox 2291 3104 3861 3175">
    <p class='ocr_par' dir='ltr' id='par_1_68' title="bbox 2291 3104 3861 3175">
     <span class='ocr_line' id='line_1_68' title="bbox 2291 3104 3861 3175; baseline 0.003 -18"><span class='ocrx_word' id='word_1_494' title='bbox 2291 3105 2492 3173; x_wconf 57' lang='lat' dir='ltr'><strong>legatus</strong></span> <span class='ocrx_word' id='word_1_495' title='bbox 2519 3116 2620 3158; x_wconf 59' lang='lat' dir='ltr'><strong>est.</strong></span> <span class='ocrx_word' id='word_1_496' title='bbox 2654 3105 2713 3159; x_wconf 84' lang='grc' dir='ltr'>Β.</span> <span class='ocrx_word' id='word_1_497' title='bbox 2747 3108 2810 3159; x_wconf 89' lang='lat' dir='ltr'><strong>A.</strong></span> <span class='ocrx_word' id='word_1_498' title='bbox 2860 3104 2922 3158; x_wconf 90' lang='lat' dir='ltr'><strong>T.</strong></span> <span class='ocrx_word' id='word_1_499' title='bbox 2952 3106 3035 3169; x_wconf 86' lang='lat' dir='ltr'><strong>L.,</strong></span> <span class='ocrx_word' id='word_1_500' title='bbox 3070 3104 3252 3159; x_wconf 68' lang='lat' dir='ltr'><strong>Romae</strong></span> <span class='ocrx_word' id='word_1_501' title='bbox 3291 3107 3548 3175; x_wconf 88' lang='lat' dir='ltr'><strong>depositio</strong></span> <span class='ocrx_word' id='word_1_502' title='bbox 3577 3110 3633 3161; x_wconf 85' lang='lat' dir='ltr'><strong>S.</strong></span> <span class='ocrx_word' id='word_1_503' title='bbox 3669 3109 3861 3164; x_wconf 78' lang='lat' dir='ltr'><strong>Lt‘OttlS</strong></span> 
     </span>
    </p>
   </div>
   <div class='ocr_carea' id='block_1_69' title="bbox 2212 3173 3863 3267">
    <p class='ocr_par' dir='ltr' id='par_1_69' title="bbox 2212 3173 3863 3267">
     <span class='ocr_line' id='line_1_69' title="bbox 2212 3173 3863 3267; baseline 0.005 -23"><span class='ocrx_word' id='word_1_504' title='bbox 2212 3173 2256 3236; x_wconf 63' lang='grc' dir='ltr'><strong>(ἶ</strong></span> <span class='ocrx_word' id='word_1_505' title='bbox 2292 3210 2461 3263; x_wconf 65' lang='lat' dir='ltr'><strong>papae.</strong></span> <span class='ocrx_word' id='word_1_506' title='bbox 2499 3195 2552 3248; x_wconf 85' lang='lat' dir='ltr'><strong>in</strong></span> <span class='ocrx_word' id='word_1_507' title='bbox 2581 3195 2859 3250; x_wconf 69' lang='lat' dir='ltr'><strong>Antioch’a</strong></span> <span class='ocrx_word' id='word_1_508' title='bbox 2892 3196 3065 3250; x_wconf 88' lang='lat' dir='ltr'><strong>natale</strong></span> <span class='ocrx_word' id='word_1_509' title='bbox 3093 3196 3188 3251; x_wconf 87' lang='lat' dir='ltr'><strong>SS.</strong></span> <span class='ocrx_word' id='word_1_510' title='bbox 3221 3173 3463 3251; x_wconf 84' lang='lat' dir='ltr'><strong>Demetrii</strong></span> <span class='ocrx_word' id='word_1_511' title='bbox 3486 3194 3511 3233; x_wconf 73' lang='grc' dir='ltr'><strong>ιι</strong></span> <span class='ocrx_word' id='word_1_512' title='bbox 3540 3200 3768 3267; x_wconf 83' lang='lat' dir='ltr'><strong>episcopi</strong></span> <span class='ocrx_word' id='word_1_513' title='bbox 3811 3209 3863 3253; x_wconf 72' lang='lat' dir='ltr'><strong>rt</strong></span> 
     </span>
    </p>
   </div>
   <div class='ocr_carea' id='block_1_70' title="bbox 2291 3285 3859 3356">
    <p class='ocr_par' dir='ltr' id='par_1_70' title="bbox 2291 3285 3859 3356">
     <span class='ocr_line' id='line_1_70' title="bbox 2291 3285 3859 3356; baseline 0.002 -16"><span class='ocrx_word' id='word_1_514' title='bbox 2291 3285 2565 3340; x_wconf 90' lang='lat' dir='ltr'><strong>Amonesii</strong></span> <span class='ocrx_word' id='word_1_515' title='bbox 2612 3285 2843 3348; x_wconf 90' lang='lat' dir='ltr'><strong>diaconi,</strong></span> <span class='ocrx_word' id='word_1_516' title='bbox 2879 3286 3106 3340; x_wconf 87' lang='lat' dir='ltr'><strong>Eustosii</strong></span> <span class='ocrx_word' id='word_1_517' title='bbox 3152 3296 3205 3340; x_wconf 89' lang='lat' dir='ltr'><strong>et</strong></span> <span class='ocrx_word' id='word_1_518' title='bbox 3234 3288 3496 3342; x_wconf 83' lang='lat' dir='ltr'><strong>sociorum</strong></span> <span class='ocrx_word' id='word_1_519' title='bbox 3523 3287 3657 3356; x_wconf 88' lang='lat' dir='ltr'><strong>ejus.</strong></span> <span class='ocrx_word' id='word_1_520' title='bbox 3700 3294 3764 3342; x_wconf 76' lang='grc' dir='ltr'>Α.</span> <span class='ocrx_word' id='word_1_521' title='bbox 3796 3292 3859 3343; x_wconf 84' lang='grc' dir='ltr'><strong>Τ.</strong></span> 
     </span>
    </p>
   </div>
   <div class='ocr_carea' id='block_1_71' title="bbox 2288 3374 3859 3445">
    <p class='ocr_par' dir='ltr' id='par_1_71' title="bbox 2288 3374 3859 3445">
     <span class='ocr_line' id='line_1_71' title="bbox 2288 3374 3859 3445; baseline 0.003 -17"><span class='ocrx_word' id='word_1_522' title='bbox 2288 3375 2374 3438; x_wconf 86' lang='lat' dir='ltr'><strong>L.,</strong></span> <span class='ocrx_word' id='word_1_523' title='bbox 2411 3376 2604 3428; x_wconf 79' lang='lat' dir='ltr'><strong>Eodem</strong></span> <span class='ocrx_word' id='word_1_524' title='bbox 2655 3374 2745 3429; x_wconf 88' lang='lat' dir='ltr'><strong>die</strong></span> <span class='ocrx_word' id='word_1_525' title='bbox 2794 3375 2970 3429; x_wconf 87' lang='lat' dir='ltr'><strong>natale</strong></span> <span class='ocrx_word' id='word_1_526' title='bbox 3009 3374 3068 3429; x_wconf 91' lang='lat' dir='ltr'><strong>S.</strong></span> <span class='ocrx_word' id='word_1_527' title='bbox 3102 3375 3309 3429; x_wconf 79' lang='lat' dir='ltr'><strong>Martini</strong></span> <span class='ocrx_word' id='word_1_528' title='bbox 3361 3392 3527 3445; x_wconf 70' lang='lat' dir='ltr'><strong>papae.</strong></span> <span class='ocrx_word' id='word_1_529' title='bbox 3563 3380 3645 3441; x_wconf 73' lang='grc' dir='ltr'>Β..</span> <span class='ocrx_word' id='word_1_530' title='bbox 3680 3378 3859 3433; x_wconf 87' lang='lat' dir='ltr'><strong>Aure-</strong></span> 
     </span>
    </p>
   </div>
   <div class='ocr_carea' id='block_1_72' title="bbox 2288 3464 3440 3534">
    <p class='ocr_par' dir='ltr' id='par_1_72' title="bbox 2288 3464 3440 3534">
     <span class='ocr_line' id='line_1_72' title="bbox 2288 3464 3440 3534; baseline 0.001 -16"><span class='ocrx_word' id='word_1_531' title='bbox 2288 3466 2446 3519; x_wconf 89' lang='lat' dir='ltr'><strong>liauis</strong></span> <span class='ocrx_word' id='word_1_532' title='bbox 2479 3465 2744 3533; x_wconf 87' lang='lat' dir='ltr'><strong>depositio</strong></span> <span class='ocrx_word' id='word_1_533' title='bbox 2778 3464 2793 3503; x_wconf 87' lang='grc' dir='ltr'>ί</span> <span class='ocrx_word' id='word_1_534' title='bbox 2834 3466 3159 3519; x_wconf 87' lang='lat' dir='ltr'><strong>Amonitoris</strong></span> <span class='ocrx_word' id='word_1_535' title='bbox 3187 3465 3440 3534; x_wconf 88' lang='lat' dir='ltr'><strong>episcopi.</strong></span> 
     </span>
    </p>
   </div>
   <div class='ocr_carea' id='block_1_73' title="bbox 2356 3598 3867 3668">
    <p class='ocr_par' dir='ltr' id='par_1_73' title="bbox 2356 3598 3867 3668">
     <span class='ocr_line' id='line_1_73' title="bbox 2356 3598 3867 3668; baseline -0.005 -13"><span class='ocrx_word' id='word_1_536' title='bbox 2356 3601 2443 3655; x_wconf 74' lang='lat' dir='ltr'><strong>ll.</strong></span> <span class='ocrx_word' id='word_1_537' title='bbox 2474 3630 2543 3640; x_wconf 95' lang='lat'><strong><em>—</em></strong></span> <span class='ocrx_word' id='word_1_538' title='bbox 2569 3601 2632 3656; x_wconf 88' lang='lat' dir='ltr'><strong>lll</strong></span> <span class='ocrx_word' id='word_1_539' title='bbox 2665 3601 2801 3656; x_wconf 84' lang='lat' dir='ltr'><strong>lous.</strong></span> <span class='ocrx_word' id='word_1_540' title='bbox 2830 3599 3013 3655; x_wconf 83' lang='lat' dir='ltr'><strong>Natale</strong></span> <span class='ocrx_word' id='word_1_541' title='bbox 3041 3599 3100 3654; x_wconf 92' lang='lat' dir='ltr'><strong>S.</strong></span> <span class='ocrx_word' id='word_1_542' title='bbox 3132 3601 3147 3648; x_wconf 84' lang='lat' dir='ltr'><strong>t&#39;</strong></span> <span class='ocrx_word' id='word_1_543' title='bbox 3189 3598 3399 3654; x_wconf 72' lang='lat' dir='ltr'><strong>Martini</strong></span> <span class='ocrx_word' id='word_1_544' title='bbox 3436 3600 3663 3668; x_wconf 83' lang='lat' dir='ltr'><strong>episcopi</strong></span> <span class='ocrx_word' id='word_1_545' title='bbox 3694 3598 3867 3654; x_wconf 78' lang='lat' dir='ltr'><strong>Tum.</strong></span> 
     </span>
    </p>
   </div>
   <div class='ocr_carea' id='block_1_74' title="bbox 2289 3689 2661 3744">
    <p class='ocr_par' dir='ltr' id='par_1_74' title="bbox 2289 3689 2661 3744">
     <span class='ocr_line' id='line_1_74' title="bbox 2289 3689 2661 3744; baseline -0.016 -1"><span class='ocrx_word' id='word_1_546' title='bbox 2289 3689 2372 3744; x_wconf 91' lang='lat' dir='ltr'><strong>nis</strong></span> <span class='ocrx_word' id='word_1_547' title='bbox 2402 3689 2636 3744; x_wconf 83' lang='lat' dir='ltr'><strong>civitate.</strong></span> <span class='ocrx_word' id='word_1_548' title='bbox 2659 3734 2661 3737; x_wconf 83' lang='lat'><strong>.</strong></span> 
     </span>
    </p>
   </div>
   <div class='ocr_carea' id='block_1_75' title="bbox 2358 3776 3867 3847">
    <p class='ocr_par' dir='ltr' id='par_1_75' title="bbox 2358 3776 3867 3847">
     <span class='ocr_line' id='line_1_75' title="bbox 2358 3776 3867 3847; baseline -0.001 -17"><span class='ocrx_word' id='word_1_549' title='bbox 2358 3777 2555 3834; x_wconf 81' lang='lat' dir='ltr'><strong>Florus</strong></span> <span class='ocrx_word' id='word_1_550' title='bbox 2597 3777 2745 3832; x_wconf 85' lang='lat' dir='ltr'><strong>addit</strong></span> <span class='ocrx_word' id='word_1_551' title='bbox 2775 3778 2826 3832; x_wconf 91' lang='lat' dir='ltr'><strong>in</strong></span> <span class='ocrx_word' id='word_1_552' title='bbox 2860 3781 2923 3833; x_wconf 73' lang='grc' dir='ltr'><strong>Α.</strong></span> <span class='ocrx_word' id='word_1_553' title='bbox 2952 3777 3015 3832; x_wconf 88' lang='grc' dir='ltr'>Τ.</span> <span class='ocrx_word' id='word_1_554' title='bbox 3044 3776 3103 3831; x_wconf 87' lang='lat' dir='ltr'><strong>L.</strong></span> <span class='ocrx_word' id='word_1_555' title='bbox 3130 3794 3144 3831; x_wconf 90' lang='lat'><strong>:</strong></span> <span class='ocrx_word' id='word_1_556' title='bbox 3175 3777 3274 3844; x_wconf 88' lang='lat' dir='ltr'><strong>Qui</strong></span> <span class='ocrx_word' id='word_1_557' title='bbox 3300 3776 3561 3847; x_wconf 89' lang='lat' dir='ltr'><strong>copiosius</strong></span> <span class='ocrx_word' id='word_1_558' title='bbox 3592 3787 3710 3846; x_wconf 78' lang='lat' dir='ltr'><strong>post</strong></span> <span class='ocrx_word' id='word_1_559' title='bbox 3741 3792 3867 3846; x_wconf 81' lang='lat' dir='ltr'><strong>apo-</strong></span> 
     </span>
    </p>
   </div>
   <div class='ocr_carea' id='block_1_76' title="bbox 1986 3886 2465 3946">
    <p class='ocr_par' dir='ltr' id='par_1_76' title="bbox 1986 3886 2465 3946">
     <span class='ocr_line' id='line_1_76' title="bbox 1986 3886 2465 3946; baseline 0.006 -5"><span class='ocrx_word' id='word_1_560' title='bbox 1986 3886 2192 3942; x_wconf 74' lang='lat' dir='ltr'><strong>SMITII</strong></span> <span class='ocrx_word' id='word_1_561' title='bbox 2232 3887 2465 3946; x_wconf 69' lang='lat' dir='ltr'><strong>NOTAE.</strong></span> 
     </span>
    </p>
   </div>
   <div class='ocr_carea' id='block_1_77' title="bbox 677 3998 2185 4070">
    <p class='ocr_par' dir='ltr' id='par_1_77' title="bbox 677 3998 2185 4070">
     <span class='ocr_line' id='line_1_77' title="bbox 677 3998 2185 4070; baseline -0.003 -10"><span class='ocrx_word' id='word_1_562' title='bbox 677 4015 704 4045; x_wconf 78' lang='grc' dir='ltr'>ι</span> <span class='ocrx_word' id='word_1_563' title='bbox 736 4002 983 4060; x_wconf 83' lang='lat' dir='ltr'><strong>Ursicini.</strong></span> <span class='ocrx_word' id='word_1_564' title='bbox 1016 4002 1109 4057; x_wconf 86' lang='lat' dir='ltr'><strong>Vel</strong></span> <span class='ocrx_word' id='word_1_565' title='bbox 1141 3999 1335 4058; x_wconf 88' lang='lat' dir='ltr'><strong>Ursini.</strong></span> <span class='ocrx_word' id='word_1_566' title='bbox 1368 3998 1654 4070; x_wconf 81' lang='lat' dir='ltr'><strong>Gregorius</strong></span> <span class='ocrx_word' id='word_1_567' title='bbox 1684 3999 1908 4065; x_wconf 87' lang='lat' dir='ltr'><strong>Turon.,</strong></span> <span class='ocrx_word' id='word_1_568' title='bbox 1964 4001 2096 4055; x_wconf 91' lang='lat' dir='ltr'><strong>llist.</strong></span> <span class='ocrx_word' id='word_1_569' title='bbox 2131 4016 2185 4065; x_wconf 82' lang='grc' dir='ltr'><strong>ι,</strong></span> 
     </span>
    </p>
   </div>
   <div class='ocr_carea' id='block_1_78' title="bbox 606 4070 2187 4143">
    <p class='ocr_par' dir='ltr' id='par_1_78' title="bbox 606 4070 2187 4143">
     <span class='ocr_line' id='line_1_78' title="bbox 606 4070 2187 4143; baseline -0.006 -9"><span class='ocrx_word' id='word_1_570' title='bbox 606 4078 697 4141; x_wconf 69' lang='grc'><strong>29,</strong></span> <span class='ocrx_word' id='word_1_571' title='bbox 746 4077 907 4130; x_wconf 89' lang='lat' dir='ltr'><strong>tradit</strong></span> <span class='ocrx_word' id='word_1_572' title='bbox 934 4075 1073 4143; x_wconf 92' lang='lat' dir='ltr'><strong>quod</strong></span> <span class='ocrx_word' id='word_1_573' title='bbox 1105 4074 1212 4135; x_wconf 88' lang='lat' dir='ltr'><strong>ille.</strong></span> <span class='ocrx_word' id='word_1_574' title='bbox 1247 4072 1337 4139; x_wconf 87' lang='lat' dir='ltr'><strong>qui</strong></span> <span class='ocrx_word' id='word_1_575' title='bbox 1381 4071 1582 4139; x_wconf 92' lang='lat' dir='ltr'><strong>primus</strong></span> <span class='ocrx_word' id='word_1_576' title='bbox 1627 4070 1890 4143; x_wconf 69' lang='lat' dir='ltr'><strong>Biturigas</strong></span> <span class='ocrx_word' id='word_1_577' title='bbox 1917 4070 2187 4143; x_wconf 86' lang='lat' dir='ltr'><strong>civitatem</strong></span> 
     </span>
    </p>
   </div>
   <div class='ocr_carea' id='block_1_79' title="bbox 610 4142 2190 4230">
    <p class='ocr_par' dir='ltr' id='par_1_79' title="bbox 610 4142 2190 4230">
     <span class='ocr_line' id='line_1_79' title="bbox 610 4142 2190 4230; baseline -0.009 -27"><span class='ocrx_word' id='word_1_578' title='bbox 610 4160 917 4230; x_wconf 69' lang='lat' dir='ltr'><strong>aggressus,</strong></span> <span class='ocrx_word' id='word_1_579' title='bbox 952 4142 1462 4230; x_wconf 55' lang='lat' dir='ltr'><strong>CiiriSl‘lmLpoyullS</strong></span> <span class='ocrx_word' id='word_1_580' title='bbox 1488 4142 1769 4230; x_wconf 67' lang='lat' dir='ltr'><strong>nuntiavit,</strong></span> <span class='ocrx_word' id='word_1_581' title='bbox 1798 4142 1896 4223; x_wconf 71' lang='lat' dir='ltr'><strong>luit</strong></span> <span class='ocrx_word' id='word_1_582' title='bbox 1918 4142 2190 4230; x_wconf 46' lang='lat' dir='ltr'><strong>de‘eo&#39;rom</strong></span> 
     </span>
    </p>
   </div>
   <div class='ocr_carea' id='block_1_80' title="bbox 612 4212 2193 4284">
    <p class='ocr_par' dir='ltr' id='par_1_80' title="bbox 612 4212 2193 4284">
     <span class='ocr_line' id='line_1_80' title="bbox 612 4212 2193 4284; baseline -0.005 -11"><span class='ocrx_word' id='word_1_583' title='bbox 612 4212 884 4284; x_wconf 67' lang='lat' dir='ltr'><strong>discipulis</strong></span> <span class='ocrx_word' id='word_1_584' title='bbox 926 4216 1017 4284; x_wconf 91' lang='lat' dir='ltr'><strong>qui</strong></span> <span class='ocrx_word' id='word_1_585' title='bbox 1062 4214 1164 4267; x_wconf 84' lang='lat' dir='ltr'><strong>sub</strong></span> <span class='ocrx_word' id='word_1_586' title='bbox 1211 4214 1365 4267; x_wconf 88' lang='lat' dir='ltr'><strong>Decio</strong></span> <span class='ocrx_word' id='word_1_587' title='bbox 1415 4219 1469 4265; x_wconf 90' lang='lat' dir='ltr'><strong>et</strong></span> <span class='ocrx_word' id='word_1_588' title='bbox 1507 4212 1844 4284; x_wconf 12' lang='lat' dir='ltr'><strong>Gratogcoss.</strong></span> <span class='ocrx_word' id='word_1_589' title='bbox 1876 4213 1925 4264; x_wconf 93' lang='lat' dir='ltr'><strong>in</strong></span> <span class='ocrx_word' id='word_1_590' title='bbox 1966 4213 2193 4284; x_wconf 85' lang='lat' dir='ltr'><strong>Galliam</strong></span> 
     </span>
    </p>
   </div>
   <div class='ocr_carea' id='block_1_81' title="bbox 604 4282 2179 4347">
    <p class='ocr_par' dir='ltr' id='par_1_81' title="bbox 604 4282 2179 4347">
     <span class='ocr_line' id='line_1_81' title="bbox 604 4282 2179 4347; baseline -0.004 -6"><span class='ocrx_word' id='word_1_591' title='bbox 604 4282 763 4343; x_wconf 82' lang='lat' dir='ltr'><strong>missi</strong></span> <span class='ocrx_word' id='word_1_592' title='bbox 788 4282 1066 4337; x_wconf 47' lang='lat' dir='ltr'><strong>suntﬁSed</strong></span> <span class='ocrx_word' id='word_1_593' title='bbox 1100 4286 1275 4338; x_wconf 88' lang='lat' dir='ltr'><strong>verior</strong></span> <span class='ocrx_word' id='word_1_594' title='bbox 1307 4285 1518 4334; x_wconf 89' lang='lat' dir='ltr'><strong>videtur</strong></span> <span class='ocrx_word' id='word_1_595' title='bbox 1555 4282 1789 4342; x_wconf 88' lang='lat' dir='ltr'><strong>traditio,</strong></span> <span class='ocrx_word' id='word_1_596' title='bbox 1820 4290 1873 4335; x_wconf 89' lang='lat' dir='ltr'><strong>et</strong></span> <span class='ocrx_word' id='word_1_597' title='bbox 1897 4283 2179 4347; x_wconf 85' lang='lat' dir='ltr'><strong>celebrior,</strong></span> 
     </span>
    </p>
   </div>
   <div class='ocr_carea' id='block_1_82' title="bbox 610 4350 2183 4425">
    <p class='ocr_par' dir='ltr' id='par_1_82' title="bbox 610 4350 2183 4425">
     <span class='ocr_line' id='line_1_82' title="bbox 610 4350 2183 4425; baseline -0.003 -17"><span class='ocrx_word' id='word_1_598' title='bbox 610 4372 728 4425; x_wconf 71' lang='lat' dir='ltr'><strong>qua:</strong></span> <span class='ocrx_word' id='word_1_599' title='bbox 754 4369 849 4409; x_wconf 92' lang='lat' dir='ltr'><strong>eos</strong></span> <span class='ocrx_word' id='word_1_600' title='bbox 878 4354 1237 4425; x_wconf 78' lang='lat' dir='ltr'><strong>apostolorum</strong></span> <span class='ocrx_word' id='word_1_601' title='bbox 1274 4363 1428 4425; x_wconf 80' lang='lat' dir='ltr'><strong>aetate</strong></span> <span class='ocrx_word' id='word_1_602' title='bbox 1461 4352 1628 4425; x_wconf 66' lang='lat' dir='ltr'><strong>Itonia</strong></span> <span class='ocrx_word' id='word_1_603' title='bbox 1675 4350 2183 4425; x_wconf 11' lang='lat' dir='ltr'><strong>iuhGalliasgniissos</strong></span> 
     </span>
    </p>
   </div>
   <div class='ocr_carea' id='block_1_83' title="bbox 2369 4002 3867 4088">
    <p class='ocr_par' dir='ltr' id='par_1_83' title="bbox 2369 4002 3867 4088">
     <span class='ocr_line' id='line_1_83' title="bbox 2369 4002 3867 4088; baseline 0.002 -31"><span class='ocrx_word' id='word_1_604' title='bbox 2369 4012 2395 4051; x_wconf 79' lang='lat'><strong>8</strong></span> <span class='ocrx_word' id='word_1_605' title='bbox 2459 4002 2693 4088; x_wconf 60' lang='lat' dir='ltr'><strong>Martini.</strong></span> <span class='ocrx_word' id='word_1_606' title='bbox 2740 4004 2814 4061; x_wconf 89' lang='lat' dir='ltr'><strong>De</strong></span> <span class='ocrx_word' id='word_1_607' title='bbox 2864 4006 2966 4061; x_wconf 85' lang='lat' dir='ltr'><strong>hoc</strong></span> <span class='ocrx_word' id='word_1_608' title='bbox 3012 4005 3135 4060; x_wconf 83' lang='lat' dir='ltr'><strong>vide</strong></span> <span class='ocrx_word' id='word_1_609' title='bbox 3191 4004 3325 4060; x_wconf 80' lang='lat' dir='ltr'><strong>infra</strong></span> <span class='ocrx_word' id='word_1_610' title='bbox 3392 4020 3462 4058; x_wconf 81' lang='lat' dir='ltr'><strong>xu</strong></span> <span class='ocrx_word' id='word_1_611' title='bbox 3511 4002 3647 4057; x_wconf 88' lang='lat' dir='ltr'><strong>diem</strong></span> <span class='ocrx_word' id='word_1_612' title='bbox 3701 4003 3867 4074; x_wconf 70' lang='lat' dir='ltr'><strong>hujus</strong></span> 
     </span>
    </p>
   </div>
   <div class='ocr_carea' id='block_1_84' title="bbox 2302 4089 3676 4217">
    <p class='ocr_par' dir='ltr' id='par_1_84' title="bbox 2302 4089 3676 4217">
     <span class='ocr_line' id='line_1_84' title="bbox 2302 4089 3676 4217; baseline 0.002 -21"><span class='ocrx_word' id='word_1_613' title='bbox 2302 4089 2601 4217; x_wconf 39' lang='lat' dir='ltr'><strong>nleenVii‘ba</strong></span> <span class='ocrx_word' id='word_1_614' title='bbox 2629 4146 2871 4217; x_wconf 77' lang='lat' dir='ltr'><strong>episcOpi,</strong></span> <span class='ocrx_word' id='word_1_615' title='bbox 2891 4216 2897 4217; x_wconf 14' lang='grc' dir='ltr'>ί</span> <span class='ocrx_word' id='word_1_616' title='bbox 2914 4157 3041 4217; x_wconf 87' lang='lat' dir='ltr'><strong>etc.,</strong></span> <span class='ocrx_word' id='word_1_617' title='bbox 3067 4162 3232 4215; x_wconf 92' lang='lat' dir='ltr'><strong>usque</strong></span> <span class='ocrx_word' id='word_1_618' title='bbox 3255 4146 3318 4198; x_wconf 90' lang='lat' dir='ltr'><strong>ad</strong></span> <span class='ocrx_word' id='word_1_619' title='bbox 3342 4147 3452 4214; x_wconf 84' lang='lat' dir='ltr'><strong>ejus</strong></span> <span class='ocrx_word' id='word_1_620' title='bbox 3473 4159 3579 4197; x_wconf 83' lang='lat' dir='ltr'><strong>om.</strong></span> <span class='ocrx_word' id='word_1_621' title='bbox 3616 4144 3676 4199; x_wconf 82' lang='grc' dir='ltr'>Β.</span> 
     </span>
    </p>
   </div>
   <div class='ocr_carea' id='block_1_85' title="bbox 2380 4214 3873 4283">
    <p class='ocr_par' dir='ltr' id='par_1_85' title="bbox 2380 4214 3873 4283">
     <span class='ocr_line' id='line_1_85' title="bbox 2380 4214 3873 4283; baseline 0.003 -15"><span class='ocrx_word' id='word_1_622' title='bbox 2380 4214 2757 4269; x_wconf 78' lang='lat' dir='ltr'><strong>iAmonitoris.</strong></span> <span class='ocrx_word' id='word_1_623' title='bbox 2799 4214 2903 4271; x_wconf 70' lang='grc' dir='ltr'><strong>’γει</strong></span> <span class='ocrx_word' id='word_1_624' title='bbox 2958 4214 3249 4282; x_wconf 31' lang='lat' dir='ltr'><strong>Monito&#39;ris,</strong></span> <span class='ocrx_word' id='word_1_625' title='bbox 3292 4216 3548 4270; x_wconf 87' lang='lat' dir='ltr'><strong>undecimi</strong></span> <span class='ocrx_word' id='word_1_626' title='bbox 3579 4229 3695 4283; x_wconf 64' lang='lat' dir='ltr'><strong>c,us</strong></span> <span class='ocrx_word' id='word_1_627' title='bbox 3739 4216 3873 4272; x_wconf 82' lang='lat' dir='ltr'><strong>civi-</strong></span> 
     </span>
    </p>
   </div>
   <div class='ocr_carea' id='block_1_86' title="bbox 2295 4285 3187 4354">
    <p class='ocr_par' dir='ltr' id='par_1_86' title="bbox 2295 4285 3187 4354">
     <span class='ocr_line' id='line_1_86' title="bbox 2295 4285 3187 4354; baseline 0.002 -17"><span class='ocrx_word' id='word_1_628' title='bbox 2295 4285 2417 4339; x_wconf 85' lang='lat' dir='ltr'><strong>tatis</strong></span> <span class='ocrx_word' id='word_1_629' title='bbox 2444 4286 2675 4354; x_wconf 89' lang='lat' dir='ltr'><strong>episcopi</strong></span> <span class='ocrx_word' id='word_1_630' title='bbox 2709 4290 2758 4340; x_wconf 94' lang='lat' dir='ltr'><strong>in</strong></span> <span class='ocrx_word' id='word_1_631' title='bbox 2792 4288 2896 4340; x_wconf 65' lang='lat' dir='ltr'><strong>tab.</strong></span> <span class='ocrx_word' id='word_1_632' title='bbox 2934 4286 3187 4339; x_wconf 83' lang='lat' dir='ltr'><strong>Democli.</strong></span> 
     </span>
    </p>
   </div>
   <div class='ocr_carea' id='block_1_87' title="bbox 2367 4354 3863 4421">
    <p class='ocr_par' dir='ltr' id='par_1_87' title="bbox 2367 4354 3863 4421">
     <span class='ocr_line' id='line_1_87' title="bbox 2367 4354 3863 4421; baseline 0.003 -17"><span class='ocrx_word' id='word_1_633' title='bbox 2367 4365 2381 4403; x_wconf 77' lang='grc' dir='ltr'><strong><em>ι</em></strong></span> <span class='ocrx_word' id='word_1_634' title='bbox 2425 4355 2655 4411; x_wconf 80' lang='lat' dir='ltr'><strong>Martini.</strong></span> <span class='ocrx_word' id='word_1_635' title='bbox 2709 4364 2860 4409; x_wconf 79' lang='lat' dir='ltr'><strong>Anno</strong></span> <span class='ocrx_word' id='word_1_636' title='bbox 2888 4368 3078 4412; x_wconf 87' lang='lat' dir='ltr'><strong>oetavo</strong></span> <span class='ocrx_word' id='word_1_637' title='bbox 3112 4356 3349 4411; x_wconf 82' lang='lat' dir='ltr'><strong>Valentis</strong></span> <span class='ocrx_word' id='word_1_638' title='bbox 3376 4364 3431 4410; x_wconf 86' lang='lat' dir='ltr'><strong>et</strong></span> <span class='ocrx_word' id='word_1_639' title='bbox 3480 4354 3863 4421; x_wconf 80' lang='lat' dir='ltr'><strong>Valentiniani,</strong></span> 
     </span>
    </p>
   </div>
   <div class='ocr_carea' id='block_1_88' title="bbox 608 4419 3863 4494">
    <p class='ocr_par' dir='ltr' id='par_1_88' title="bbox 608 4419 3863 4494">
     <span class='ocr_line' id='line_1_88' title="bbox 608 4419 3863 4494; baseline -0.001 -12"><span class='ocrx_word' id='word_1_640' title='bbox 608 4419 798 4488; x_wconf 77' lang='lat' dir='ltr'><strong>docet,</strong></span> <span class='ocrx_word' id='word_1_641' title='bbox 831 4419 950 4477; x_wconf 86' lang='lat' dir='ltr'><strong>cum</strong></span> <span class='ocrx_word' id='word_1_642' title='bbox 981 4422 1071 4475; x_wconf 90' lang='lat' dir='ltr'><strong>illa</strong></span> <span class='ocrx_word' id='word_1_643' title='bbox 1102 4425 1267 4494; x_wconf 86' lang='lat' dir='ltr'><strong>altera</strong></span> <span class='ocrx_word' id='word_1_644' title='bbox 1297 4423 1512 4494; x_wconf 69' lang='lat' dir='ltr'><strong>traditio</strong></span> <span class='ocrx_word' id='word_1_645' title='bbox 1542 4422 1706 4494; x_wconf 78' lang='lat' dir='ltr'><strong>unica</strong></span> <span class='ocrx_word' id='word_1_646' title='bbox 1735 4419 1978 4494; x_wconf 69' lang='lat' dir='ltr'><strong>Gregorii</strong></span> <span class='ocrx_word' id='word_1_647' title='bbox 2007 4422 2182 4475; x_wconf 84' lang='lat' dir='ltr'><strong>&#39;l‘uro-</strong></span> <span class='ocrx_word' id='word_1_648' title='bbox 2224 4434 2270 4492; x_wconf 80' lang='grc' dir='ltr'>υ</span> <span class='ocrx_word' id='word_1_649' title='bbox 2300 4425 2348 4477; x_wconf 90' lang='lat' dir='ltr'><strong>id</strong></span> <span class='ocrx_word' id='word_1_650' title='bbox 2378 4435 2463 4479; x_wconf 91' lang='lat' dir='ltr'><strong>est</strong></span> <span class='ocrx_word' id='word_1_651' title='bbox 2505 4441 2646 4482; x_wconf 86' lang='lat' dir='ltr'><strong>anno</strong></span> <span class='ocrx_word' id='word_1_652' title='bbox 2690 4428 2885 4480; x_wconf 71' lang='lat' dir='ltr'><strong>tiliristi</strong></span> <span class='ocrx_word' id='word_1_653' title='bbox 2934 4427 3028 4481; x_wconf 76' lang='grc'><strong>571</strong></span> <span class='ocrx_word' id='word_1_654' title='bbox 3059 4469 3072 4490; x_wconf 88' lang='grc'>,</span> <span class='ocrx_word' id='word_1_655' title='bbox 3110 4430 3395 4494; x_wconf 87' lang='lat' dir='ltr'><strong>episcopus</strong></span> <span class='ocrx_word' id='word_1_656' title='bbox 3440 4427 3715 4479; x_wconf 81' lang='lat' dir='ltr'><strong>ordinatus</strong></span> <span class='ocrx_word' id='word_1_657' title='bbox 3754 4419 3863 4480; x_wconf 77' lang='lat' dir='ltr'><strong>est.</strong></span> 
     </span>
    </p>
   </div>
   <div class='ocr_carea' id='block_1_89' title="bbox 610 4491 2179 4558">
    <p class='ocr_par' dir='ltr' id='par_1_89' title="bbox 610 4491 2179 4558">
     <span class='ocr_line' id='line_1_89' title="bbox 610 4491 2179 4558; baseline -0.005 -7"><span class='ocrx_word' id='word_1_658' title='bbox 610 4498 791 4551; x_wconf 83' lang='lat' dir='ltr'><strong>neusis</strong></span> <span class='ocrx_word' id='word_1_659' title='bbox 818 4495 1133 4547; x_wconf 81' lang='lat' dir='ltr'><strong>auctoritate</strong></span> <span class='ocrx_word' id='word_1_660' title='bbox 1156 4493 1375 4553; x_wconf 90' lang='lat' dir='ltr'><strong>nitatur,</strong></span> <span class='ocrx_word' id='word_1_661' title='bbox 1404 4491 1493 4558; x_wconf 90' lang='lat' dir='ltr'><strong>qui</strong></span> <span class='ocrx_word' id='word_1_662' title='bbox 1525 4506 1621 4544; x_wconf 91' lang='lat' dir='ltr'><strong>nec</strong></span> <span class='ocrx_word' id='word_1_663' title='bbox 1647 4491 1746 4544; x_wconf 90' lang='lat' dir='ltr'><strong>sibi</strong></span> <span class='ocrx_word' id='word_1_664' title='bbox 1776 4494 1905 4543; x_wconf 87' lang='lat' dir='ltr'><strong>satis</strong></span> <span class='ocrx_word' id='word_1_665' title='bbox 1935 4503 2179 4545; x_wconf 87' lang='lat' dir='ltr'><strong>constat:</strong></span> 
     </span>
    </p>
   </div>
   <div class='ocr_carea' id='block_1_90' title="bbox 611 4561 2188 4631">
    <p class='ocr_par' dir='ltr' id='par_1_90' title="bbox 611 4561 2188 4631">
     <span class='ocr_line' id='line_1_90' title="bbox 611 4561 2188 4631; baseline -0.004 -9"><span class='ocrx_word' id='word_1_666' title='bbox 611 4573 663 4621; x_wconf 89' lang='lat' dir='ltr'><strong>in</strong></span> <span class='ocrx_word' id='word_1_667' title='bbox 700 4566 833 4619; x_wconf 85' lang='lat' dir='ltr'><strong>libro</strong></span> <span class='ocrx_word' id='word_1_668' title='bbox 863 4569 1003 4617; x_wconf 85' lang='lat' dir='ltr'><strong>enim</strong></span> <span class='ocrx_word' id='word_1_669' title='bbox 1052 4564 1118 4617; x_wconf 89' lang='lat' dir='ltr'><strong>de</strong></span> <span class='ocrx_word' id='word_1_670' title='bbox 1145 4562 1325 4617; x_wconf 91' lang='lat' dir='ltr'><strong>Gloria</strong></span> <span class='ocrx_word' id='word_1_671' title='bbox 1359 4571 1817 4631; x_wconf 84' lang='lat' dir='ltr'><strong>niartyrum,cap.</strong></span> <span class='ocrx_word' id='word_1_672' title='bbox 1852 4561 1942 4627; x_wconf 74' lang='grc'><strong>48,</strong></span> <span class='ocrx_word' id='word_1_673' title='bbox 1975 4563 2188 4631; x_wconf 88' lang='lat' dir='ltr'><strong>scripsit</strong></span> 
     </span>
    </p>
   </div>
   <div class='ocr_carea' id='block_1_91' title="bbox 612 4630 2184 4704">
    <p class='ocr_par' dir='ltr' id='par_1_91' title="bbox 612 4630 2184 4704">
     <span class='ocr_line' id='line_1_91' title="bbox 612 4630 2184 4704; baseline -0.006 -11"><span class='ocrx_word' id='word_1_674' title='bbox 612 4637 957 4694; x_wconf 84' lang='lat' dir='ltr'><strong>Saturninum</strong></span> <span class='ocrx_word' id='word_1_675' title='bbox 989 4634 1055 4686; x_wconf 90' lang='lat' dir='ltr'><strong>ab</strong></span> <span class='ocrx_word' id='word_1_676' title='bbox 1082 4633 1442 4704; x_wconf 70' lang='lat' dir='ltr'><strong>apostolorum</strong></span> <span class='ocrx_word' id='word_1_677' title='bbox 1477 4630 1944 4704; x_wconf 81' lang='lat' dir='ltr'><strong>discipulisfuisse</strong></span> <span class='ocrx_word' id='word_1_678' title='bbox 1967 4630 2184 4704; x_wconf 85' lang='lat' dir='ltr'><strong>ordina-</strong></span> 
     </span>
    </p>
   </div>
   <div class='ocr_carea' id='block_1_92' title="bbox 615 4701 2186 4771">
    <p class='ocr_par' dir='ltr' id='par_1_92' title="bbox 615 4701 2186 4771">
     <span class='ocr_line' id='line_1_92' title="bbox 615 4701 2186 4771; baseline -0.004 -8"><span class='ocrx_word' id='word_1_679' title='bbox 615 4723 751 4769; x_wconf 84' lang='lat' dir='ltr'><strong>tuui,</strong></span> <span class='ocrx_word' id='word_1_680' title='bbox 782 4717 831 4758; x_wconf 91' lang='lat' dir='ltr'><strong>et</strong></span> <span class='ocrx_word' id='word_1_681' title='bbox 862 4706 999 4758; x_wconf 86' lang='lat' dir='ltr'><strong>idem</strong></span> <span class='ocrx_word' id='word_1_682' title='bbox 1028 4701 1159 4757; x_wconf 77' lang='lat' dir='ltr'><strong>dixit</strong></span> <span class='ocrx_word' id='word_1_683' title='bbox 1198 4706 1265 4757; x_wconf 86' lang='lat' dir='ltr'><strong>de</strong></span> <span class='ocrx_word' id='word_1_684' title='bbox 1293 4704 1348 4758; x_wconf 88' lang='lat' dir='ltr'><strong>S.</strong></span> <span class='ocrx_word' id='word_1_685' title='bbox 1386 4701 1576 4756; x_wconf 80' lang='lat' dir='ltr'><strong>Ursino</strong></span> <span class='ocrx_word' id='word_1_686' title='bbox 1609 4702 1895 4771; x_wconf 81' lang='lat' dir='ltr'><strong>Biturigum</strong></span> <span class='ocrx_word' id='word_1_687' title='bbox 1937 4703 2186 4771; x_wconf 86' lang='lat' dir='ltr'><strong>episcopo</strong></span> 
     </span>
    </p>
   </div>
   <div class='ocr_carea' id='block_1_93' title="bbox 612 4772 1474 4841">
    <p class='ocr_par' dir='ltr' id='par_1_93' title="bbox 612 4772 1474 4841">
     <span class='ocr_line' id='line_1_93' title="bbox 612 4772 1474 4841; baseline -0.01 -9"><span class='ocrx_word' id='word_1_688' title='bbox 612 4781 665 4832; x_wconf 78' lang='lat' dir='ltr'><strong>itt</strong></span> <span class='ocrx_word' id='word_1_689' title='bbox 696 4778 827 4830; x_wconf 82' lang='lat' dir='ltr'><strong>liltro</strong></span> <span class='ocrx_word' id='word_1_690' title='bbox 857 4777 921 4828; x_wconf 90' lang='lat' dir='ltr'><strong>de</strong></span> <span class='ocrx_word' id='word_1_691' title='bbox 950 4774 1033 4829; x_wconf 79' lang='lat' dir='ltr'><strong>CI.</strong></span> <span class='ocrx_word' id='word_1_692' title='bbox 1066 4774 1206 4828; x_wconf 75' lang='lat' dir='ltr'><strong>cozil‘.</strong></span> <span class='ocrx_word' id='word_1_693' title='bbox 1239 4789 1357 4841; x_wconf 83' lang='lat' dir='ltr'><strong>Cap.</strong></span> <span class='ocrx_word' id='word_1_694' title='bbox 1385 4772 1474 4825; x_wconf 83' lang='lat'><strong>80.</strong></span> 
     </span>
    </p>
   </div>
   <div class='ocr_carea' id='block_1_94' title="bbox 683 4842 2187 4911">
    <p class='ocr_par' dir='ltr' id='par_1_94' title="bbox 683 4842 2187 4911">
     <span class='ocr_line' id='line_1_94' title="bbox 683 4842 2187 4911; baseline -0.002 -13"><span class='ocrx_word' id='word_1_695' title='bbox 683 4850 714 4892; x_wconf 75' lang='grc' dir='ltr'><strong>ιι</strong></span> <span class='ocrx_word' id='word_1_696' title='bbox 738 4845 993 4898; x_wconf 65' lang='lat' dir='ltr'><strong>Basilica.</strong></span> <span class='ocrx_word' id='word_1_697' title='bbox 1025 4846 1152 4911; x_wconf 64' lang='lat' dir='ltr'><strong>Quae</strong></span> <span class='ocrx_word' id='word_1_698' title='bbox 1176 4858 1229 4897; x_wconf 87' lang='lat' dir='ltr'><strong>et</strong></span> <span class='ocrx_word' id='word_1_699' title='bbox 1253 4843 1628 4898; x_wconf 84' lang='lat' dir='ltr'><strong>Lateranensis</strong></span> <span class='ocrx_word' id='word_1_700' title='bbox 1656 4842 1795 4896; x_wconf 87' lang='lat' dir='ltr'><strong>dicta</strong></span> <span class='ocrx_word' id='word_1_701' title='bbox 1822 4850 1921 4905; x_wconf 90' lang='lat' dir='ltr'><strong>est,</strong></span> <span class='ocrx_word' id='word_1_702' title='bbox 1954 4842 2004 4895; x_wconf 92' lang='lat' dir='ltr'><strong>in</strong></span> <span class='ocrx_word' id='word_1_703' title='bbox 2036 4842 2187 4910; x_wconf 81' lang='lat' dir='ltr'><strong>pala-</strong></span> 
     </span>
    </p>
   </div>
   <div class='ocr_carea' id='block_1_95' title="bbox 615 4913 2186 4983">
    <p class='ocr_par' dir='ltr' id='par_1_95' title="bbox 615 4913 2186 4983">
     <span class='ocr_line' id='line_1_95' title="bbox 615 4913 2186 4983; baseline -0.004 -11"><span class='ocrx_word' id='word_1_704' title='bbox 615 4920 689 4972; x_wconf 89' lang='lat' dir='ltr'><strong>tio</strong></span> <span class='ocrx_word' id='word_1_705' title='bbox 717 4917 1047 4971; x_wconf 73' lang='lat' dir='ltr'><strong>Constantini</strong></span> <span class='ocrx_word' id='word_1_706' title='bbox 1076 4918 1211 4983; x_wconf 89' lang='lat' dir='ltr'><strong>apud</strong></span> <span class='ocrx_word' id='word_1_707' title='bbox 1246 4916 1567 4983; x_wconf 88' lang='lat' dir='ltr'><strong>Lateranum</strong></span> <span class='ocrx_word' id='word_1_708' title='bbox 1592 4928 1618 4963; x_wconf 92' lang='lat' dir='ltr'><strong>a</strong></span> <span class='ocrx_word' id='word_1_709' title='bbox 1650 4914 1709 4966; x_wconf 84' lang='grc' dir='ltr'>Β.</span> <span class='ocrx_word' id='word_1_710' title='bbox 1740 4927 1875 4981; x_wconf 87' lang='lat' dir='ltr'><strong>papa</strong></span> <span class='ocrx_word' id='word_1_711' title='bbox 1907 4913 2186 4983; x_wconf 84' lang='lat' dir='ltr'><strong>Sylvestro</strong></span> 
     </span>
    </p>
   </div>
   <div class='ocr_carea' id='block_1_96' title="bbox 617 4982 1792 5043">
    <p class='ocr_par' dir='ltr' id='par_1_96' title="bbox 617 4982 1792 5043">
     <span class='ocr_line' id='line_1_96' title="bbox 617 4982 1792 5043; baseline -0.007 0"><span class='ocrx_word' id='word_1_712' title='bbox 617 4992 774 5043; x_wconf 75' lang='lat' dir='ltr'><strong>iacta.</strong></span> <span class='ocrx_word' id='word_1_713' title='bbox 806 4985 1059 5039; x_wconf 71' lang='lat' dir='ltr'><strong>MOLANUS</strong></span> <span class='ocrx_word' id='word_1_714' title='bbox 1090 4982 1140 5038; x_wconf 92' lang='lat' dir='ltr'><strong>iu</strong></span> <span class='ocrx_word' id='word_1_715' title='bbox 1172 4986 1347 5037; x_wconf 86' lang='lat' dir='ltr'><strong>Addit.</strong></span> <span class='ocrx_word' id='word_1_716' title='bbox 1377 4984 1440 5035; x_wconf 91' lang='lat' dir='ltr'><strong>ad</strong></span> <span class='ocrx_word' id='word_1_717' title='bbox 1474 4982 1792 5037; x_wconf 90' lang='lat' dir='ltr'><strong>Usuardum.</strong></span> 
     </span>
    </p>
   </div>
   <div class='ocr_carea' id='block_1_97' title="bbox 690 5052 2187 5120">
    <p class='ocr_par' dir='ltr' id='par_1_97' title="bbox 690 5052 2187 5120">
     <span class='ocr_line' id='line_1_97' title="bbox 690 5052 2187 5120; baseline -0.003 -11"><span class='ocrx_word' id='word_1_718' title='bbox 690 5064 712 5092; x_wconf 68' lang='grc' dir='ltr'><strong>ε</strong></span> <span class='ocrx_word' id='word_1_719' title='bbox 744 5056 1004 5109; x_wconf 82' lang='lat' dir='ltr'><strong>Damiani.</strong></span> <span class='ocrx_word' id='word_1_720' title='bbox 1039 5054 1169 5108; x_wconf 87' lang='lat' dir='ltr'><strong>Cum</strong></span> <span class='ocrx_word' id='word_1_721' title='bbox 1197 5056 1295 5106; x_wconf 85' lang='lat' dir='ltr'><strong>Itoc</strong></span> <span class='ocrx_word' id='word_1_722' title='bbox 1323 5055 1459 5120; x_wconf 90' lang='lat' dir='ltr'><strong>passi</strong></span> <span class='ocrx_word' id='word_1_723' title='bbox 1494 5062 1616 5105; x_wconf 88' lang='lat' dir='ltr'><strong>sunt</strong></span> <span class='ocrx_word' id='word_1_724' title='bbox 1654 5052 1973 5115; x_wconf 78' lang='lat' dir='ltr'><strong>Restitutus,</strong></span> <span class='ocrx_word' id='word_1_725' title='bbox 2012 5052 2187 5105; x_wconf 83' lang='lat' dir='ltr'><strong>Dona-</strong></span> 
     </span>
    </p>
   </div>
   <div class='ocr_carea' id='block_1_98' title="bbox 623 5122 2189 5191">
    <p class='ocr_par' dir='ltr' id='par_1_98' title="bbox 623 5122 2189 5191">
     <span class='ocr_line' id='line_1_98' title="bbox 623 5122 2189 5191; baseline -0.004 -9"><span class='ocrx_word' id='word_1_726' title='bbox 623 5139 729 5191; x_wconf 86' lang='lat' dir='ltr'><strong>tus,</strong></span> <span class='ocrx_word' id='word_1_727' title='bbox 767 5126 1092 5187; x_wconf 79' lang='lat' dir='ltr'><strong>Victorinus,</strong></span> <span class='ocrx_word' id='word_1_728' title='bbox 1123 5124 1405 5189; x_wconf 86' lang='lat' dir='ltr'><strong>Salutaris,</strong></span> <span class='ocrx_word' id='word_1_729' title='bbox 1428 5122 1708 5181; x_wconf 77' lang='lat' dir='ltr'><strong>Crescens,</strong></span> <span class='ocrx_word' id='word_1_730' title='bbox 1744 5124 2063 5186; x_wconf 88' lang='lat' dir='ltr'><strong>Demetrius,</strong></span> <span class='ocrx_word' id='word_1_731' title='bbox 2088 5126 2189 5175; x_wconf 58' lang='lat' dir='ltr'><strong>Ne-</strong></span> 
     </span>
    </p>
   </div>
   <div class='ocr_carea' id='block_1_99' title="bbox 618 5192 2149 5265">
    <p class='ocr_par' dir='ltr' id='par_1_99' title="bbox 618 5192 2149 5265">
     <span class='ocr_line' id='line_1_99' title="bbox 618 5192 2149 5265; baseline -0.003 -13"><span class='ocrx_word' id='word_1_732' title='bbox 618 5199 817 5253; x_wconf 78' lang='lat' dir='ltr'><strong>mesius</strong></span> <span class='ocrx_word' id='word_1_733' title='bbox 848 5207 898 5248; x_wconf 85' lang='lat' dir='ltr'><strong>et</strong></span> <span class='ocrx_word' id='word_1_734' title='bbox 946 5196 1261 5265; x_wconf 80' lang='lat' dir='ltr'><strong>Exuorgins,</strong></span> <span class='ocrx_word' id='word_1_735' title='bbox 1296 5194 1587 5246; x_wconf 74' lang='lat' dir='ltr'><strong>Eusebius.</strong></span> <span class='ocrx_word' id='word_1_736' title='bbox 1626 5193 1841 5265; x_wconf 68' lang='lat' dir='ltr'><strong>Hieron.</strong></span> <span class='ocrx_word' id='word_1_737' title='bbox 1879 5192 2149 5265; x_wconf 76' lang='lat' dir='ltr'><strong>Martyrol.</strong></span> 
     </span>
    </p>
   </div>
   <div class='ocr_carea' id='block_1_100' title="bbox 688 5261 2152 5334">
    <p class='ocr_par' dir='ltr' id='par_1_100' title="bbox 688 5261 2152 5334">
     <span class='ocr_line' id='line_1_100' title="bbox 688 5261 2152 5334; baseline -0.003 -15"><span class='ocrx_word' id='word_1_738' title='bbox 688 5268 717 5308; x_wconf 77' lang='grc' dir='ltr'><strong>ιι</strong></span> <span class='ocrx_word' id='word_1_739' title='bbox 750 5268 1012 5334; x_wconf 76' lang='lat' dir='ltr'><strong>Iiaguulﬁ.</strong></span> <span class='ocrx_word' id='word_1_740' title='bbox 1046 5261 1258 5318; x_wconf 33' lang='lat' dir='ltr'><strong>De’lioc</strong></span> <span class='ocrx_word' id='word_1_741' title='bbox 1289 5265 1407 5316; x_wconf 90' lang='lat' dir='ltr'><strong>vide</strong></span> <span class='ocrx_word' id='word_1_742' title='bbox 1435 5277 1593 5334; x_wconf 85' lang='lat' dir='ltr'><strong>supra</strong></span> <span class='ocrx_word' id='word_1_743' title='bbox 1623 5261 1918 5334; x_wconf 19' lang='lat' dir='ltr'><strong>sextoAKal.</strong></span> <span class='ocrx_word' id='word_1_744' title='bbox 1949 5261 2152 5334; x_wconf 83' lang='lat' dir='ltr'><strong>Jnnias.</strong></span> 
     </span>
    </p>
   </div>
   <div class='ocr_carea' id='block_1_101' title="bbox 695 5330 2192 5399">
    <p class='ocr_par' dir='ltr' id='par_1_101' title="bbox 695 5330 2192 5399">
     <span class='ocr_line' id='line_1_101' title="bbox 695 5330 2192 5399; baseline -0.004 -9"><span class='ocrx_word' id='word_1_745' title='bbox 695 5337 719 5364; x_wconf 84' lang='lat'>&#39;</span> <span class='ocrx_word' id='word_1_746' title='bbox 772 5330 965 5389; x_wconf 74' lang='lat' dir='ltr'><strong>Viioni.</strong></span> <span class='ocrx_word' id='word_1_747' title='bbox 994 5335 1245 5389; x_wconf 72' lang='lat' dir='ltr'><strong>Viroduui</strong></span> <span class='ocrx_word' id='word_1_748' title='bbox 1296 5335 1487 5386; x_wconf 88' lang='lat' dir='ltr'><strong>natalis</strong></span> <span class='ocrx_word' id='word_1_749' title='bbox 1535 5330 1821 5396; x_wconf 80' lang='lat' dir='ltr'><strong>S.Vitoni,</strong></span> <span class='ocrx_word' id='word_1_750' title='bbox 1872 5332 2192 5399; x_wconf 79' lang='lat' dir='ltr'><strong>Uctaviepi-</strong></span> 
     </span>
    </p>
   </div>
   <div class='ocr_carea' id='block_1_102' title="bbox 622 5402 2190 5476">
    <p class='ocr_par' dir='ltr' id='par_1_102' title="bbox 622 5402 2190 5476">
     <span class='ocr_line' id='line_1_102' title="bbox 622 5402 2190 5476; baseline -0.004 -16"><span class='ocrx_word' id='word_1_751' title='bbox 622 5407 766 5476; x_wconf 80' lang='lat' dir='ltr'><strong>scopi</strong></span> <span class='ocrx_word' id='word_1_752' title='bbox 793 5410 1031 5475; x_wconf 87' lang='lat' dir='ltr'><strong>ejusdem</strong></span> <span class='ocrx_word' id='word_1_753' title='bbox 1065 5406 1232 5467; x_wconf 89' lang='lat' dir='ltr'><strong>urbis,</strong></span> <span class='ocrx_word' id='word_1_754' title='bbox 1271 5406 1369 5476; x_wconf 85' lang='lat' dir='ltr'><strong>qui</strong></span> <span class='ocrx_word' id='word_1_755' title='bbox 1393 5412 1633 5476; x_wconf 79' lang='lat' dir='ltr'><strong>tempore</strong></span> <span class='ocrx_word' id='word_1_756' title='bbox 1662 5402 1955 5476; x_wconf 78' lang='lat' dir='ltr'><strong>Citlodovei</strong></span> <span class='ocrx_word' id='word_1_757' title='bbox 1982 5404 2033 5454; x_wconf 92' lang='lat' dir='ltr'><strong>in</strong></span> <span class='ocrx_word' id='word_1_758' title='bbox 2056 5416 2190 5476; x_wconf 46' lang='lat' dir='ltr'><strong>conf</strong></span> 
     </span>
    </p>
   </div>
   <div class='ocr_carea' id='block_1_103' title="bbox 621 5470 2193 5535">
    <p class='ocr_par' dir='ltr' id='par_1_103' title="bbox 621 5470 2193 5535">
     <span class='ocr_line' id='line_1_103' title="bbox 621 5470 2193 5535; baseline -0.005 -4"><span class='ocrx_word' id='word_1_759' title='bbox 621 5470 747 5531; x_wconf 76' lang='lat' dir='ltr'><strong>uilio</strong></span> <span class='ocrx_word' id='word_1_760' title='bbox 801 5470 1173 5532; x_wconf 73' lang='lat' dir='ltr'><strong>Aurelianensi</strong></span> <span class='ocrx_word' id='word_1_761' title='bbox 1219 5470 1309 5527; x_wconf 54' lang='lat' dir='ltr'><strong>an&#39;.</strong></span> <span class='ocrx_word' id='word_1_762' title='bbox 1356 5474 1460 5529; x_wconf 70' lang='lat'><strong>502</strong></span> <span class='ocrx_word' id='word_1_763' title='bbox 1489 5475 1715 5535; x_wconf 87' lang='lat' dir='ltr'><strong>electus,</strong></span> <span class='ocrx_word' id='word_1_764' title='bbox 1752 5472 2043 5525; x_wconf 83' lang='lat' dir='ltr'><strong>Ecclesiam</strong></span> <span class='ocrx_word' id='word_1_765' title='bbox 2088 5470 2193 5525; x_wconf 91' lang='lat' dir='ltr'><strong>sibi</strong></span> 
     </span>
    </p>
   </div>
   <div class='ocr_carea' id='block_1_104' title="bbox 624 5542 2195 5613">
    <p class='ocr_par' dir='ltr' id='par_1_104' title="bbox 624 5542 2195 5613">
     <span class='ocr_line' id='line_1_104' title="bbox 624 5542 2195 5613; baseline -0.003 -14"><span class='ocrx_word' id='word_1_766' title='bbox 624 5550 962 5600; x_wconf 83' lang='lat' dir='ltr'><strong>commissam</strong></span> <span class='ocrx_word' id='word_1_767' title='bbox 990 5548 1142 5599; x_wconf 90' lang='lat' dir='ltr'><strong>annis</strong></span> <span class='ocrx_word' id='word_1_768' title='bbox 1175 5544 1286 5599; x_wconf 81' lang='lat' dir='ltr'><strong>fere</strong></span> <span class='ocrx_word' id='word_1_769' title='bbox 1313 5545 1379 5598; x_wconf 73' lang='lat'>27</span> <span class='ocrx_word' id='word_1_770' title='bbox 1414 5544 1653 5613; x_wconf 89' lang='lat' dir='ltr'><strong>diligenti</strong></span> <span class='ocrx_word' id='word_1_771' title='bbox 1674 5557 1797 5596; x_wconf 92' lang='lat' dir='ltr'><strong>cura</strong></span> <span class='ocrx_word' id='word_1_772' title='bbox 1830 5542 2195 5611; x_wconf 85' lang='lat' dir='ltr'><strong>docuitetgu-</strong></span> 
     </span>
    </p>
   </div>
   <div class='ocr_carea' id='block_1_105' title="bbox 624 5614 1775 5671">
    <p class='ocr_par' dir='ltr' id='par_1_105' title="bbox 624 5614 1775 5671">
     <span class='ocr_line' id='line_1_105' title="bbox 624 5614 1775 5671; baseline -0.002 -2"><span class='ocrx_word' id='word_1_773' title='bbox 624 5618 883 5670; x_wconf 88' lang='lat' dir='ltr'><strong>bernavit.</strong></span> <span class='ocrx_word' id='word_1_774' title='bbox 915 5619 1054 5671; x_wconf 89' lang='lat' dir='ltr'><strong>Ubiit</strong></span> <span class='ocrx_word' id='word_1_775' title='bbox 1080 5626 1255 5670; x_wconf 86' lang='lat' dir='ltr'><strong>autem</strong></span> <span class='ocrx_word' id='word_1_776' title='bbox 1283 5632 1370 5668; x_wconf 89' lang='lat' dir='ltr'><strong>an.</strong></span> <span class='ocrx_word' id='word_1_777' title='bbox 1399 5614 1501 5668; x_wconf 72' lang='lat'><strong>5‘29</strong></span> <span class='ocrx_word' id='word_1_778' title='bbox 1534 5616 1775 5667; x_wconf 66' lang='lat' dir='ltr'><strong>Donuca.</strong></span> 
     </span>
    </p>
   </div>
   <div class='ocr_carea' id='block_1_106' title="bbox 703 5680 2194 5811">
    <p class='ocr_par' dir='ltr' id='par_1_106' title="bbox 703 5680 2194 5811">
     <span class='ocr_line' id='line_1_106' title="bbox 703 5680 2194 5811; baseline 0.001 -75"><span class='ocrx_word' id='word_1_779' title='bbox 703 5684 973 5811; x_wconf 44' lang='lat' dir='ltr'><strong>kalieojiii.</strong></span> <span class='ocrx_word' id='word_1_780' title='bbox 1007 5688 1081 5740; x_wconf 83' lang='lat' dir='ltr'><strong>De</strong></span> <span class='ocrx_word' id='word_1_781' title='bbox 1108 5685 1228 5740; x_wconf 71' lang='lat' dir='ltr'><strong>‘hoc</strong></span> <span class='ocrx_word' id='word_1_782' title='bbox 1270 5685 1403 5740; x_wconf 18' lang='lat' dir='ltr'><strong>videt</strong></span> <span class='ocrx_word' id='word_1_783' title='bbox 1432 5699 1588 5753; x_wconf 87' lang='lat' dir='ltr'><strong>supra</strong></span> <span class='ocrx_word' id='word_1_784' title='bbox 1634 5699 1691 5739; x_wconf 83' lang='lat' dir='ltr'><strong>ill</strong></span> <span class='ocrx_word' id='word_1_785' title='bbox 1736 5684 1855 5739; x_wconf 87' lang='lat' dir='ltr'><strong>idus</strong></span> <span class='ocrx_word' id='word_1_786' title='bbox 1897 5680 2093 5753; x_wconf 84' lang='lat' dir='ltr'><strong>Aprilis</strong></span> <span class='ocrx_word' id='word_1_787' title='bbox 2139 5690 2194 5737; x_wconf 87' lang='lat' dir='ltr'><strong>et</strong></span> 
     </span>
     <span class='ocr_line' id='line_1_107' title="bbox 809 5770 995 5810; baseline -0.005 0"><span class='ocrx_word' id='word_1_788' title='bbox 809 5794 822 5810; x_wconf 94' lang='lat'><strong>.</strong></span> <span class='ocrx_word' id='word_1_789' title='bbox 887 5770 917 5809; x_wconf 80' lang='grc' dir='ltr'><strong>υ</strong></span> <span class='ocrx_word' id='word_1_790' title='bbox 942 5771 995 5809; x_wconf 85' lang='grc' dir='ltr'><strong>ιι.</strong></span> 
     </span>
    </p>
   </div>
   <div class='ocr_carea' id='block_1_107' title="bbox 626 5757 995 5813">
    <p class='ocr_par' dir='ltr' id='par_1_107' title="bbox 626 5757 995 5813">
     <span class='ocr_line' id='line_1_108' title="bbox 626 5757 995 5813; baseline -0.011 0"><span class='ocrx_word' id='word_1_791' title='bbox 626 5770 678 5813; x_wconf 78' lang='lat' dir='ltr'><strong>tv</strong></span> <span class='ocrx_word' id='word_1_792' title='bbox 702 5757 822 5811; x_wconf 76' lang='lat' dir='ltr'><strong>Kal.</strong></span> <span class='ocrx_word' id='word_1_793' title='bbox 855 5757 995 5811; x_wconf 78' lang='lat' dir='ltr'><strong>Julii.</strong></span> 
     </span>
    </p>
   </div>
   <div class='ocr_carea' id='block_1_108' title="bbox 2302 4495 3863 4567">
    <p class='ocr_par' dir='ltr' id='par_1_108' title="bbox 2302 4495 3863 4567">
     <span class='ocr_line' id='line_1_109' title="bbox 2302 4495 3863 4567; baseline 0 -19"><span class='ocrx_word' id='word_1_794' title='bbox 2302 4495 2421 4548; x_wconf 74' lang='lat' dir='ltr'><strong>Fuit</strong></span> <span class='ocrx_word' id='word_1_795' title='bbox 2460 4510 2638 4550; x_wconf 87' lang='lat' dir='ltr'><strong>antem</strong></span> <span class='ocrx_word' id='word_1_796' title='bbox 2687 4500 2751 4550; x_wconf 90' lang='lat' dir='ltr'><strong>de</strong></span> <span class='ocrx_word' id='word_1_797' title='bbox 2804 4498 3018 4567; x_wconf 91' lang='lat' dir='ltr'><strong>regione</strong></span> <span class='ocrx_word' id='word_1_798' title='bbox 3067 4498 3384 4561; x_wconf 57' lang='lat' dir='ltr'><strong>Pannonias,</strong></span> <span class='ocrx_word' id='word_1_799' title='bbox 3440 4497 3646 4549; x_wconf 81' lang='lat' dir='ltr'><strong>civitate</strong></span> <span class='ocrx_word' id='word_1_800' title='bbox 3691 4500 3863 4549; x_wconf 80' lang='lat' dir='ltr'><strong>Saba-</strong></span> 
     </span>
    </p>
   </div>
   <div class='ocr_carea' id='block_1_109' title="bbox 2296 4566 3868 4636">
    <p class='ocr_par' dir='ltr' id='par_1_109' title="bbox 2296 4566 3868 4636">
     <span class='ocr_line' id='line_1_110' title="bbox 2296 4566 3868 4636; baseline -0.003 -18"><span class='ocrx_word' id='word_1_801' title='bbox 2296 4566 2386 4618; x_wconf 70' lang='lat' dir='ltr'><strong>rire</strong></span> <span class='ocrx_word' id='word_1_802' title='bbox 2422 4583 2434 4617; x_wconf 90' lang='lat'><strong>:</strong></span> <span class='ocrx_word' id='word_1_803' title='bbox 2467 4568 2554 4633; x_wconf 82' lang='lat' dir='ltr'><strong>qui</strong></span> <span class='ocrx_word' id='word_1_804' title='bbox 2586 4568 2724 4636; x_wconf 89' lang='lat' dir='ltr'><strong>apud</strong></span> <span class='ocrx_word' id='word_1_805' title='bbox 2756 4566 2941 4621; x_wconf 79' lang='lat' dir='ltr'><strong>urbem</strong></span> <span class='ocrx_word' id='word_1_806' title='bbox 2972 4567 3437 4623; x_wconf 82' lang='lat' dir='ltr'><strong>Mediolanensem.</strong></span> <span class='ocrx_word' id='word_1_807' title='bbox 3465 4567 3633 4634; x_wconf 89' lang='lat' dir='ltr'><strong>primo</strong></span> <span class='ocrx_word' id='word_1_808' title='bbox 3679 4583 3868 4617; x_wconf 79' lang='lat' dir='ltr'><strong>mona-</strong></span> 
     </span>
    </p>
   </div>
   <div class='ocr_carea' id='block_1_110' title="bbox 2292 4637 3866 4703">
    <p class='ocr_par' dir='ltr' id='par_1_110' title="bbox 2292 4637 3866 4703">
     <span class='ocr_line' id='line_1_111' title="bbox 2292 4637 3866 4703; baseline -0.001 -16"><span class='ocrx_word' id='word_1_809' title='bbox 2292 4638 2510 4687; x_wconf 82' lang='lat' dir='ltr'><strong>sterium</strong></span> <span class='ocrx_word' id='word_1_810' title='bbox 2538 4639 2811 4691; x_wconf 88' lang='lat' dir='ltr'><strong>constituit</strong></span> <span class='ocrx_word' id='word_1_811' title='bbox 2843 4654 2855 4690; x_wconf 90' lang='lat'>:</span> <span class='ocrx_word' id='word_1_812' title='bbox 2887 4638 2978 4690; x_wconf 87' lang='lat' dir='ltr'><strong>sed</strong></span> <span class='ocrx_word' id='word_1_813' title='bbox 3020 4638 3084 4690; x_wconf 88' lang='lat' dir='ltr'><strong>ab</strong></span> <span class='ocrx_word' id='word_1_814' title='bbox 3110 4638 3389 4697; x_wconf 80' lang='lat' dir='ltr'><strong>Incretieis,</strong></span> <span class='ocrx_word' id='word_1_815' title='bbox 3412 4652 3477 4689; x_wconf 88' lang='lat' dir='ltr'><strong>eo</strong></span> <span class='ocrx_word' id='word_1_816' title='bbox 3503 4637 3637 4703; x_wconf 82' lang='lat' dir='ltr'><strong>quod</strong></span> <span class='ocrx_word' id='word_1_817' title='bbox 3661 4637 3717 4687; x_wconf 86' lang='lat' dir='ltr'><strong>S.</strong></span> <span class='ocrx_word' id='word_1_818' title='bbox 3745 4637 3866 4687; x_wconf 76' lang='lat' dir='ltr'><strong>Tri-</strong></span> 
     </span>
    </p>
   </div>
   <div class='ocr_carea' id='block_1_111' title="bbox 2297 4708 3867 4774">
    <p class='ocr_par' dir='ltr' id='par_1_111' title="bbox 2297 4708 3867 4774">
     <span class='ocr_line' id='line_1_112' title="bbox 2297 4708 3867 4774; baseline -0.001 -15"><span class='ocrx_word' id='word_1_819' title='bbox 2297 4708 2515 4760; x_wconf 88' lang='lat' dir='ltr'><strong>nitatem</strong></span> <span class='ocrx_word' id='word_1_820' title='bbox 2572 4708 2865 4772; x_wconf 87' lang='lat' dir='ltr'><strong>intrepidus</strong></span> <span class='ocrx_word' id='word_1_821' title='bbox 2905 4709 3235 4774; x_wconf 69' lang='lat' dir='ltr'><strong>przedicaret,</strong></span> <span class='ocrx_word' id='word_1_822' title='bbox 3276 4709 3432 4774; x_wconf 77' lang='lat' dir='ltr'><strong>virgis</strong></span> <span class='ocrx_word' id='word_1_823' title='bbox 3470 4720 3657 4768; x_wconf 68' lang='lat' dir='ltr'><strong>caesus,</strong></span> <span class='ocrx_word' id='word_1_824' title='bbox 3706 4719 3867 4770; x_wconf 79' lang='lat' dir='ltr'><strong>atque</strong></span> 
     </span>
    </p>
   </div>
   <div class='ocr_carea' id='block_1_112' title="bbox 2302 4776 3862 4844">
    <p class='ocr_par' dir='ltr' id='par_1_112' title="bbox 2302 4776 3862 4844">
     <span class='ocr_line' id='line_1_113' title="bbox 2302 4776 3862 4844; baseline -0.002 -15"><span class='ocrx_word' id='word_1_825' title='bbox 2302 4777 2555 4844; x_wconf 83' lang='lat' dir='ltr'><strong>expulsus</strong></span> <span class='ocrx_word' id='word_1_826' title='bbox 2592 4782 2657 4832; x_wconf 90' lang='lat' dir='ltr'><strong>de</strong></span> <span class='ocrx_word' id='word_1_827' title='bbox 2684 4779 2852 4841; x_wconf 80' lang='lat' dir='ltr'><strong>italia,</strong></span> <span class='ocrx_word' id='word_1_828' title='bbox 2900 4780 2950 4830; x_wconf 93' lang='lat' dir='ltr'><strong>in</strong></span> <span class='ocrx_word' id='word_1_829' title='bbox 2992 4776 3191 4831; x_wconf 85' lang='lat' dir='ltr'><strong>Gallias</strong></span> <span class='ocrx_word' id='word_1_830' title='bbox 3236 4778 3497 4829; x_wconf 81' lang='lat' dir='ltr'><strong>accessit:</strong></span> <span class='ocrx_word' id='word_1_831' title='bbox 3544 4780 3733 4827; x_wconf 78' lang='lat' dir='ltr'><strong>multos</strong></span> <span class='ocrx_word' id='word_1_832' title='bbox 3766 4792 3862 4843; x_wconf 77' lang='lat' dir='ltr'><strong>pa-</strong></span> 
     </span>
    </p>
   </div>
   <div class='ocr_carea' id='block_1_113' title="bbox 2305 4844 3864 4913">
    <p class='ocr_par' dir='ltr' id='par_1_113' title="bbox 2305 4844 3864 4913">
     <span class='ocr_line' id='line_1_114' title="bbox 2305 4844 3864 4913; baseline 0.004 -20"><span class='ocrx_word' id='word_1_833' title='bbox 2305 4862 2565 4913; x_wconf 79' lang='lat' dir='ltr'><strong>ganorum</strong></span> <span class='ocrx_word' id='word_1_834' title='bbox 2625 4851 2864 4901; x_wconf 85' lang='lat' dir='ltr'><strong>converti</strong></span> <span class='ocrx_word' id='word_1_835' title='bbox 2911 4848 3073 4912; x_wconf 84' lang='lat' dir='ltr'><strong>fecit,</strong></span> <span class='ocrx_word' id='word_1_836' title='bbox 3133 4850 3323 4913; x_wconf 87' lang='lat' dir='ltr'><strong>templa</strong></span> <span class='ocrx_word' id='word_1_837' title='bbox 3376 4861 3559 4899; x_wconf 88' lang='lat' dir='ltr'><strong>eorum</strong></span> <span class='ocrx_word' id='word_1_838' title='bbox 3615 4844 3864 4905; x_wconf 50' lang='lat' dir='ltr'><strong>idolaliuc</strong></span> 
     </span>
    </p>
   </div>
   <div class='ocr_carea' id='block_1_114' title="bbox 2301 4915 3865 4987">
    <p class='ocr_par' dir='ltr' id='par_1_114' title="bbox 2301 4915 3865 4987">
     <span class='ocr_line' id='line_1_115' title="bbox 2301 4915 3865 4987; baseline -0.001 -18"><span class='ocrx_word' id='word_1_839' title='bbox 2301 4915 2603 4985; x_wconf 78' lang='lat' dir='ltr'><strong>confregit,</strong></span> <span class='ocrx_word' id='word_1_840' title='bbox 2652 4919 2884 4984; x_wconf 80' lang='lat' dir='ltr'><strong>fecitque</strong></span> <span class='ocrx_word' id='word_1_841' title='bbox 2935 4920 3097 4971; x_wconf 90' lang='lat' dir='ltr'><strong>multa</strong></span> <span class='ocrx_word' id='word_1_842' title='bbox 3138 4920 3287 4987; x_wconf 87' lang='lat' dir='ltr'><strong>signa</strong></span> <span class='ocrx_word' id='word_1_843' title='bbox 3354 4917 3404 4967; x_wconf 92' lang='lat' dir='ltr'><strong>iu</strong></span> <span class='ocrx_word' id='word_1_844' title='bbox 3458 4917 3698 4987; x_wconf 74' lang='lat' dir='ltr'><strong>populos.</strong></span> <span class='ocrx_word' id='word_1_845' title='bbox 3759 4916 3865 4967; x_wconf 79' lang='lat' dir='ltr'><strong>llic</strong></span> 
     </span>
    </p>
   </div>
   <div class='ocr_carea' id='block_1_115' title="bbox 2301 4985 3861 5057">
    <p class='ocr_par' dir='ltr' id='par_1_115' title="bbox 2301 4985 3861 5057">
     <span class='ocr_line' id='line_1_116' title="bbox 2301 4985 3861 5057; baseline -0.002 -19"><span class='ocrx_word' id='word_1_846' title='bbox 2301 4992 2572 5057; x_wconf 79' lang='lat' dir='ltr'><strong>transtulit</strong></span> <span class='ocrx_word' id='word_1_847' title='bbox 2625 5004 2820 5057; x_wconf 88' lang='lat' dir='ltr'><strong>corpus</strong></span> <span class='ocrx_word' id='word_1_848' title='bbox 2872 4989 2929 5039; x_wconf 81' lang='grc' dir='ltr'>Β.</span> <span class='ocrx_word' id='word_1_849' title='bbox 2989 4985 3248 5057; x_wconf 46' lang='lat' dir='ltr'><strong>Gatiani&#39;,</strong></span> <span class='ocrx_word' id='word_1_850' title='bbox 3291 4986 3633 5057; x_wconf 29' lang='lat' dir='ltr'><strong>sepelivi_tqi‘ie</strong></span> <span class='ocrx_word' id='word_1_851' title='bbox 3684 4985 3861 5053; x_wconf 84' lang='lat' dir='ltr'><strong>ipsum</strong></span> 
     </span>
    </p>
   </div>
   <div class='ocr_carea' id='block_1_116' title="bbox 2290 5054 3860 5126">
    <p class='ocr_par' dir='ltr' id='par_1_116' title="bbox 2290 5054 3860 5126">
     <span class='ocr_line' id='line_1_117' title="bbox 2290 5054 3860 5126; baseline 0 -21"><span class='ocrx_word' id='word_1_852' title='bbox 2290 5055 2441 5124; x_wconf 82' lang='lat' dir='ltr'><strong>juxta</strong></span> <span class='ocrx_word' id='word_1_853' title='bbox 2478 5054 2781 5126; x_wconf 75' lang='lat' dir='ltr'><strong>sepulcrum</strong></span> <span class='ocrx_word' id='word_1_854' title='bbox 2813 5058 2871 5113; x_wconf 90' lang='lat' dir='ltr'><strong>S.</strong></span> <span class='ocrx_word' id='word_1_855' title='bbox 2906 5056 3109 5110; x_wconf 86' lang='lat' dir='ltr'><strong>Litorii.</strong></span> <span class='ocrx_word' id='word_1_856' title='bbox 3148 5057 3242 5110; x_wconf 87' lang='lat' dir='ltr'><strong>Hic</strong></span> <span class='ocrx_word' id='word_1_857' title='bbox 3272 5055 3541 5124; x_wconf 85' lang='lat' dir='ltr'><strong>prohibuit</strong></span> <span class='ocrx_word' id='word_1_858' title='bbox 3578 5054 3860 5126; x_wconf 64' lang='lat' dir='ltr'><strong>Maximum</strong></span> 
     </span>
    </p>
   </div>
   <div class='ocr_carea' id='block_1_117' title="bbox 2298 5124 3863 5195">
    <p class='ocr_par' dir='ltr' id='par_1_117' title="bbox 2298 5124 3863 5195">
     <span class='ocr_line' id='line_1_118' title="bbox 2298 5124 3863 5195; baseline -0.002 -18"><span class='ocrx_word' id='word_1_859' title='bbox 2298 5124 2619 5195; x_wconf 77' lang='lat' dir='ltr'><strong>tyrannum,</strong></span> <span class='ocrx_word' id='word_1_860' title='bbox 2664 5144 2731 5181; x_wconf 90' lang='lat' dir='ltr'><strong>ne</strong></span> <span class='ocrx_word' id='word_1_861' title='bbox 2795 5128 3023 5195; x_wconf 84' lang='lat' dir='ltr'><strong>gladium</strong></span> <span class='ocrx_word' id='word_1_862' title='bbox 3089 5130 3139 5179; x_wconf 89' lang='lat' dir='ltr'><strong>in</strong></span> <span class='ocrx_word' id='word_1_863' title='bbox 3191 5127 3499 5190; x_wconf 67' lang='lat' dir='ltr'><strong>Histiauiam</strong></span> <span class='ocrx_word' id='word_1_864' title='bbox 3530 5125 3605 5195; x_wconf 73' lang='lat' dir='ltr'><strong>ad</strong></span> <span class='ocrx_word' id='word_1_865' title='bbox 3655 5124 3863 5176; x_wconf 80' lang='lat' dir='ltr'><strong>interti-</strong></span> 
     </span>
    </p>
   </div>
   <div class='ocr_carea' id='block_1_118' title="bbox 2293 5192 3862 5265">
    <p class='ocr_par' dir='ltr' id='par_1_118' title="bbox 2293 5192 3862 5265">
     <span class='ocr_line' id='line_1_119' title="bbox 2293 5192 3862 5265; baseline -0.003 -18"><span class='ocrx_word' id='word_1_866' title='bbox 2293 5192 2510 5251; x_wconf 79' lang='lat' dir='ltr'><strong>cieudos</strong></span> <span class='ocrx_word' id='word_1_867' title='bbox 2545 5192 2834 5252; x_wconf 81' lang='lat' dir='ltr'><strong>destinaret</strong></span> <span class='ocrx_word' id='word_1_868' title='bbox 2865 5198 3140 5250; x_wconf 76' lang='lat' dir='ltr'><strong>ltzereticos</strong></span> <span class='ocrx_word' id='word_1_869' title='bbox 3169 5212 3182 5251; x_wconf 91' lang='lat'>:</span> <span class='ocrx_word' id='word_1_870' title='bbox 3220 5196 3411 5265; x_wconf 88' lang='lat' dir='ltr'><strong>quibus</strong></span> <span class='ocrx_word' id='word_1_871' title='bbox 3456 5192 3705 5247; x_wconf 81' lang='lat' dir='ltr'><strong>sufﬁcere</strong></span> <span class='ocrx_word' id='word_1_872' title='bbox 3733 5205 3862 5265; x_wconf 14' lang='lat' dir='ltr'><strong>Asta-</strong></span> 
     </span>
    </p>
   </div>
   <div class='ocr_carea' id='block_1_119' title="bbox 2297 5263 3859 5336">
    <p class='ocr_par' dir='ltr' id='par_1_119' title="bbox 2297 5263 3859 5336">
     <span class='ocr_line' id='line_1_120' title="bbox 2297 5263 3859 5336; baseline -0.001 -19"><span class='ocrx_word' id='word_1_873' title='bbox 2297 5268 2418 5329; x_wconf 90' lang='lat' dir='ltr'><strong>tuit,</strong></span> <span class='ocrx_word' id='word_1_874' title='bbox 2468 5271 2606 5336; x_wconf 83' lang='lat' dir='ltr'><strong>quod</strong></span> <span class='ocrx_word' id='word_1_875' title='bbox 2648 5285 2676 5320; x_wconf 89' lang='lat' dir='ltr'><strong>a</strong></span> <span class='ocrx_word' id='word_1_876' title='bbox 2711 5270 3096 5321; x_wconf 87' lang='lat' dir='ltr'><strong>catholicorum</strong></span> <span class='ocrx_word' id='word_1_877' title='bbox 3128 5263 3367 5321; x_wconf 65' lang='lat' dir='ltr'><strong>ecetesiis</strong></span> <span class='ocrx_word' id='word_1_878' title='bbox 3405 5274 3457 5318; x_wconf 91' lang='lat' dir='ltr'><strong>et</strong></span> <span class='ocrx_word' id='word_1_879' title='bbox 3483 5263 3859 5317; x_wconf 78' lang='lat' dir='ltr'><strong>Communione</strong></span> 
     </span>
    </p>
   </div>
   <div class='ocr_carea' id='block_1_120' title="bbox 2295 5335 3861 5403">
    <p class='ocr_par' dir='ltr' id='par_1_120' title="bbox 2295 5335 3861 5403">
     <span class='ocr_line' id='line_1_121' title="bbox 2295 5335 3861 5403; baseline -0.004 -13"><span class='ocrx_word' id='word_1_880' title='bbox 2295 5335 2729 5391; x_wconf 22' lang='lat' dir='ltr'><strong>cs-ent’remoti.</strong></span> <span class='ocrx_word' id='word_1_881' title='bbox 2783 5339 3167 5391; x_wconf 82' lang='lat' dir='ltr'><strong>Consutumato</strong></span> <span class='ocrx_word' id='word_1_882' title='bbox 3239 5350 3364 5403; x_wconf 78' lang='lat' dir='ltr'><strong>ergo</strong></span> <span class='ocrx_word' id='word_1_883' title='bbox 3418 5335 3690 5402; x_wconf 62' lang='lat' dir='ltr'><strong>prmsentis</strong></span> <span class='ocrx_word' id='word_1_884' title='bbox 3742 5337 3861 5384; x_wconf 58' lang='lat' dir='ltr'><strong>sine</strong></span> 
     </span>
    </p>
   </div>
   <div class='ocr_carea' id='block_1_121' title="bbox 2296 5406 3862 5474">
    <p class='ocr_par' dir='ltr' id='par_1_121' title="bbox 2296 5406 3862 5474">
     <span class='ocr_line' id='line_1_122' title="bbox 2296 5406 3862 5474; baseline -0.004 -14"><span class='ocrx_word' id='word_1_885' title='bbox 2296 5421 2475 5469; x_wconf 80' lang='lat' dir='ltr'><strong>Cursu,</strong></span> <span class='ocrx_word' id='word_1_886' title='bbox 2499 5411 2625 5461; x_wconf 88' lang='lat' dir='ltr'><strong>obiit</strong></span> <span class='ocrx_word' id='word_1_887' title='bbox 2656 5410 2795 5474; x_wconf 88' lang='lat' dir='ltr'><strong>apud</strong></span> <span class='ocrx_word' id='word_1_888' title='bbox 2815 5406 3203 5474; x_wconf 85' lang='lat' dir='ltr'><strong>Condatensein</strong></span> <span class='ocrx_word' id='word_1_889' title='bbox 3226 5408 3394 5457; x_wconf 91' lang='lat' dir='ltr'><strong>vicum</strong></span> <span class='ocrx_word' id='word_1_890' title='bbox 3432 5406 3570 5456; x_wconf 82' lang='lat' dir='ltr'><strong>urbis</strong></span> <span class='ocrx_word' id='word_1_891' title='bbox 3586 5418 3693 5454; x_wconf 71' lang='lat' dir='ltr'><strong>sua:</strong></span> <span class='ocrx_word' id='word_1_892' title='bbox 3722 5417 3862 5474; x_wconf 74' lang='lat' dir='ltr'><strong>anno</strong></span> 
     </span>
    </p>
   </div>
   <div class='ocr_carea' id='block_1_122' title="bbox 2295 5471 3863 5542">
    <p class='ocr_par' dir='ltr' id='par_1_122' title="bbox 2295 5471 3863 5542">
     <span class='ocr_line' id='line_1_123' title="bbox 2295 5471 3863 5542; baseline -0.005 -9"><span class='ocrx_word' id='word_1_893' title='bbox 2295 5480 2359 5533; x_wconf 79' lang='lat'><strong>81</strong></span> <span class='ocrx_word' id='word_1_894' title='bbox 2414 5480 2607 5542; x_wconf 67' lang='lat' dir='ltr'><strong>aetatis,</strong></span> <span class='ocrx_word' id='word_1_895' title='bbox 2656 5471 2852 5531; x_wconf 62' lang='lat' dir='ltr'><strong>Christi</strong></span> <span class='ocrx_word' id='word_1_896' title='bbox 2886 5476 3009 5530; x_wconf 79' lang='lat'><strong>597.</strong></span> <span class='ocrx_word' id='word_1_897' title='bbox 3044 5472 3208 5530; x_wconf 74' lang='lat' dir='ltr'><strong>Gnsc.</strong></span> <span class='ocrx_word' id='word_1_898' title='bbox 3263 5475 3462 5528; x_wconf 74' lang='lat' dir='ltr'><strong>&#39;l&#39;uaox.</strong></span> <span class='ocrx_word' id='word_1_899' title='bbox 3492 5490 3544 5536; x_wconf 72' lang='grc' dir='ltr'><strong>ι,</strong></span> <span class='ocrx_word' id='word_1_900' title='bbox 3595 5476 3681 5528; x_wconf 75' lang='lat' dir='ltr'><strong>5i.</strong></span> <span class='ocrx_word' id='word_1_901' title='bbox 3730 5471 3863 5528; x_wconf 79' lang='lat' dir='ltr'><strong>Vide</strong></span> 
     </span>
    </p>
   </div>
   <div class='ocr_carea' id='block_1_123' title="bbox 2296 5543 3860 5616">
    <p class='ocr_par' dir='ltr' id='par_1_123' title="bbox 2296 5543 3860 5616">
     <span class='ocr_line' id='line_1_124' title="bbox 2296 5543 3860 5616; baseline -0.007 -13"><span class='ocrx_word' id='word_1_902' title='bbox 2296 5553 2453 5605; x_wconf 88' lang='lat' dir='ltr'><strong>etiam</strong></span> <span class='ocrx_word' id='word_1_903' title='bbox 2482 5549 2599 5616; x_wconf 88' lang='lat' dir='ltr'><strong>ejus</strong></span> <span class='ocrx_word' id='word_1_904' title='bbox 2629 5563 2713 5601; x_wconf 90' lang='lat' dir='ltr'><strong>res</strong></span> <span class='ocrx_word' id='word_1_905' title='bbox 2739 5560 2937 5615; x_wconf 86' lang='lat' dir='ltr'><strong>gestas,</strong></span> <span class='ocrx_word' id='word_1_906' title='bbox 2969 5554 3099 5615; x_wconf 63' lang='lat' dir='ltr'><strong>quas</strong></span> <span class='ocrx_word' id='word_1_907' title='bbox 3131 5547 3376 5616; x_wconf 29' lang='lat' dir='ltr'><strong>scripsitA</strong></span> <span class='ocrx_word' id='word_1_908' title='bbox 3399 5544 3652 5616; x_wconf 67' lang='lat' dir='ltr'><strong>Sulpitju~</strong></span> <span class='ocrx_word' id='word_1_909' title='bbox 3687 5543 3860 5616; x_wconf 74' lang='lat' dir='ltr'><strong>Seve-</strong></span> 
     </span>
    </p>
   </div>
   <div class='ocr_carea' id='block_1_124' title="bbox 2296 5613 3862 5684">
    <p class='ocr_par' dir='ltr' id='par_1_124' title="bbox 2296 5613 3862 5684">
     <span class='ocr_line' id='line_1_125' title="bbox 2296 5613 3862 5684; baseline -0.005 -13"><span class='ocrx_word' id='word_1_910' title='bbox 2296 5633 2389 5673; x_wconf 86' lang='lat' dir='ltr'><strong>rus</strong></span> <span class='ocrx_word' id='word_1_911' title='bbox 2420 5613 2588 5672; x_wconf 77' lang='lat' dir='ltr'><strong>tribus</strong></span> <span class='ocrx_word' id='word_1_912' title='bbox 2633 5613 2779 5672; x_wconf 75' lang='lat' dir='ltr'><strong>libris</strong></span> <span class='ocrx_word' id='word_1_913' title='bbox 2828 5613 3189 5684; x_wconf 85' lang='lat' dir='ltr'><strong>dialogorum.</strong></span> <span class='ocrx_word' id='word_1_914' title='bbox 3243 5626 3297 5668; x_wconf 88' lang='lat' dir='ltr'><strong>et</strong></span> <span class='ocrx_word' id='word_1_915' title='bbox 3346 5614 3507 5682; x_wconf 72' lang='lat' dir='ltr'><strong>Gicg.</strong></span> <span class='ocrx_word' id='word_1_916' title='bbox 3542 5613 3862 5667; x_wconf 71' lang='lat' dir='ltr'><strong>Turonensis</strong></span> 
     </span>
    </p>
   </div>
   <div class='ocr_carea' id='block_1_125' title="bbox 2297 5686 3273 5748">
    <p class='ocr_par' dir='ltr' id='par_1_125' title="bbox 2297 5686 3273 5748">
     <span class='ocr_line' id='line_1_126' title="bbox 2297 5686 3273 5748; baseline -0.005 -4"><span class='ocrx_word' id='word_1_917' title='bbox 2297 5688 2464 5748; x_wconf 87' lang='lat' dir='ltr'><strong>libros</strong></span> <span class='ocrx_word' id='word_1_918' title='bbox 2490 5705 2539 5743; x_wconf 87' lang='lat' dir='ltr'><strong>tv</strong></span> <span class='ocrx_word' id='word_1_919' title='bbox 2566 5691 2632 5745; x_wconf 90' lang='lat' dir='ltr'><strong>de</strong></span> <span class='ocrx_word' id='word_1_920' title='bbox 2664 5689 2925 5744; x_wconf 83' lang='lat' dir='ltr'><strong>Miraculis</strong></span> <span class='ocrx_word' id='word_1_921' title='bbox 2955 5697 3011 5743; x_wconf 58' lang='grc' dir='ltr'>δ.</span> <span class='ocrx_word' id='word_1_922' title='bbox 3044 5686 3273 5740; x_wconf 73' lang='lat' dir='ltr'><strong>Martini.</strong></span> 
     </span>
    </p>
   </div>
  </div>
