4110 6474
486 288 638 349 ,1105

1200 285 1413 342 RBDA!
1456 284 1907 341 VENERABILIS
1944 283 2092 342 OPP.
2137 286 2312 345 PARS
2355 288 2439 342 IV.
2471 320 2537 330 —
2579 290 2959 346 HISTORICA.

3606 291 3767 349 1108

1751 394 1981 449 EDITIO
2020 394 2480 453 COLONIENSIS.

542 492 622 546 '8.
658 492 774 547 lous
802 490 1038 544 NM’EIIB.
1072 490 1342 542 Ravennae
1376 490 1548 544 natale
1577 497 1881 543 sanctorum
1917 505 2061 543 tnar-
2094 497 2140 554 Α
2168 492 2395 546 rioribus
2439 494 2555 560 ejus
2604 495 3015 563 praecipitarent,
3063 508 3123 548 ac
3170 494 3247 548 sic
3296 495 3501 552 Christi
3545 512 3754 572 martyr

487 592 666 655 tyrnm
702 581 996 647 Valentini,
1030 582 1326 647 Solutoris,
1358 583 1605 637 Victoris.
1638 582 1866 637 Turonis
1896 582 2063 649 depo-

489 675 615 730 sitio
644 676 808 728 sancti
843 676 992 727 Bricii
1025 676 1259 742 episcopi
1293 685 1346 729 et
1383 676 1727 729 confessoris.
1762 676 1814 729 In
1848 675 2065 745 provin-

474 767 571 816 cia
629 764 764 832 apud
824 766 986 832 Aquis
1044 763 1313 818 civitatem
1371 764 1506 818 beati
1563 764 1733 820 Metrii
1788 764 2067 819 clarissimi

492 856 758 924 martyris.

562 946 624 999 C.
668 946 826 1002 XVIII
861 946 994 1001 Kac.
1040 946 1275 1002 Deccus.
1320 949 1468 1018 Apud
1498 949 1777 1005 Thraciam
1805 950 2069 1004 civitatem

493 1036 797 1090 Heracleam
819 1077 832 1099 ,
866 1037 1040 1091 natale
1067 1046 1372 1093 sanctorum
1407 1048 1698 1109 martyrum
1729 1038 2069 1104 Clementini,

492 1126 776 1193 'I‘heodmi,
810 1126 1118 1180 Philomiui.
1153 1127 1303 1195 Apud
1335 1128 1709 1183 Alexandriam
1744 1130 1880 1183 beati
1911 1129 2069 1184 Sera-

492 1217 688 1285 pionis,
722 1232 878 1285 quem
928 1228 1296 1284 persecutores
1336 1220 1436 1273 sub
1484 1220 1641 1274 Decio
1685 1220 1736 1273 in
1779 1220 1938 1274 domo
1976 1233 2069 1274 sua

494 1308 878 1361 crudelissimis
930 1308 1223 1363 aII‘ecerunt
1279 1312 1590 1378 suppliciis,
1649 1313 1717 1365 ita
1778 1322 1854 1377 ut,
1884 1328 2072 1368 omnes

488 1396 765 1466 iuncturas
796 1398 843 1451 ei
876 1400 1240 1454 membrorum
1289 1402 1433 1470 prius
1476 1402 1763 1469 solventes,
1802 1403 1870 1457 de
1908 1418 2067 1471 supe-

2172 584 2494 640 efficerctur.
2531 587 2664 641 Item
2698 586 2941 651 lleraclii,
2970 587 3253 652 Martialis,
3285 588 3507 657 Donati,
3538 600 3590 646 et
3622 590 3760 646 alio-

2174 693 2289 730 rum
2320 680 2626 732 multorum.

2246 767 2308 820 D.
2353 766 2491 819 XVII
2529 766 2664 820 Kac.
2707 765 2941 820 Dsceua.
2986 765 3167 821 Natale
3204 766 3372 821 sancti
3418 767 3605 823 Felicis
3640 775 3754 837 epi—

2175 858 2357 927 scopi,
2386 859 2472 928 qui
2508 873 2535 910 a
2565 858 2751 927 quinto
2782 858 2991 911 decimo
3020 858 3192 911 aetatis
3218 874 3327 911 sua:
3354 874 3494 912 anno
3524 860 3754 913 miracu-

2179 951 2349 1004 lorum
2381 950 2547 1018 gloria
2582 948 2804 1017 insignis
2838 948 2963 1010 fuit.
3002 958 3059 1003 et
3096 950 3195 1002 sub
3227 949 3484 1003 Martiano
3526 952 3753 1019 praeside

2172 1055 2296 1095 cum
2328 1041 2445 1093 aliis
2475 1040 2687 1109 triginta
2719 1040 3031 1104 martyrium
3061 1039 3367 1106 complevit.
3408 1040 3608 1107 Corpus
3636 1040 3753 1107 ejus

2178 1130 2453 1201 Elypidius
2484 1129 2762 1199 presbyter
2792 1130 2845 1180 in
2876 1126 3086 1181 Nolensi
3124 1129 3347 1181 ecclesia
3386 1128 3647 1196 sepelivit.
3693 1131 3754 1181 In

2177 1222 2355 1278 Africa
2387 1222 2563 1277 natale
2593 1229 2899 1277 sanctorum
2931 1220 3196 1284 Secundi,
3227 1221 3549 1289 Fidentiani,
3576 1221 3752 1277 Varici

2176 1324 2490 1383 martyrum.

1732 1493 1959 1547 EDITIO
1999 1489 2504 1547 BOLLANDIANA.

571 1581 655 1635 I3.
687 1608 756 1620 --
781 1580 974 1635 lamus.
1009 1581 1235 1637 Turonis
1277 1581 1452 1636 natale
1482 1582 1539 1637 S.
1572 1588 1598 1615 ⁸
1631 1582 1786 1637 Bricii
1816 1584 2073 1653 episcopi.

565 1669 751 1723 Florus
778 1670 922 1722 addit
951 1672 1001 1723 in
1025 1670 1087 1723 Τ.
1113 1680 1164 1724 et
1191 1671 1249 1724 L.
1284 1688 1297 1725 :
1331 1672 1481 1738 Quia
1508 1673 1841 1727 Turonorum
1876 1679 2069 1743 populo

486 1763 826 1826 criminatm,
852 1760 1128 1826 infantem,
1153 1762 1220 1817 de
1240 1777 1345 1832 quo
1370 1776 1549 1817 sermo
1571 1775 1703 1830 erat,
1730 1764 1935 1833 triginta
1966 1765 2079 1820 dies

495 1854 801 1916 habentem,
836 1852 1121 1905 adductum
1154 1854 1435 1921 adjuravil,
1470 1865 1545 1919 ιιι,
1582 1854 1625 1907 si
1657 1856 1768 1922 ipse
1797 1866 1939 1909 esset
1981 1872 2076 1925 ge-

496 1941 633 1997 nitor
659 1944 795 2011 ejus,
826 1957 1004 1996 coram
1037 1942 1239 1997 cunctis
1275 1944 1524 1998 ediceret.
1570 1944 1665 1999 Cui
1713 1946 1885 2002 infans
1918 1964 1931 2000 ε
1962 1948 2075 2002 Non

492 2049 550 2087 es
583 2046 658 2097 tu,
693 2033 880 2101 inquit,
918 2042 1064 2101 pater
1093 2048 1260 2089 meus.
1288 2033 1506 2103 Populis
1538 2034 1728 2089 iterum
1758 2034 2073 2103 furentibus,

496 2136 693 2192 prunas
720 2122 966 2176 ardentes
1000 2121 1142 2174 b'nro
1173 2136 1269 2175 suo
1298 2123 1570 2190 impositas
1603 2140 1768 2193 usque
1798 2125 1863 2179 ad
1891 2128 2039 2196 sepu'
2064 2157 2077 2167 -

490 2229 640 2266 crum
672 2212 729 2266 S.
758 2210 962 2265 Martini
995 2212 1315 2280 deportavit,
1350 2214 1532 2267 dicens
1568 2233 1578 2266 :
1615 2214 1763 2270 Sicut
1810 2216 1949 2271 istud
1982 2233 2077 2271 ve-

492 2304 802 2356 stimcntum
845 2300 910 2354 ab
966 2301 1046 2353 his
1103 2300 1308 2371 ignibus
1350 2302 1542 2357 videtis
1594 2305 1848 2370 inustum,
1904 2306 1974 2358 ita
2025 2312 2077 2359 et

491 2407 685 2461 corpus
733 2408 909 2446 meum
942 2406 968 2444 a
1016 2401 1156 2446 tactu
1200 2393 1435 2448 mulieris
1485 2394 1674 2449 sritote
1722 2396 2071 2464 impollutunt.

491 2485 519 2524 δ
552 2486 812 2553 Scriptum
843 2484 893 2537 iu
926 2483 1100 2537 Gestis
1131 2483 1263 2552 ejus.

565 2577 649 2637 IL,
705 2575 756 2627 In
805 2574 1028 2646 Thracia
1085 2576 1264 2630 natale
1309 2575 1410 2632 SS.
1443 2577 1695 2641 Secundi,
1749 2578 2075 2646 Fidenliani,

491 2645 766 2700 Martialis.
800 2645 854 2699 In
886 2646 1165 2699 Antiochia
1208 2651 1383 2700 natale
1413 2648 1509 2702 SS.
1557 2647 1770 2713 Donati,
1803 2650 2073 2714 Restituti,

488 2716 779 2781 Valeriani,
812 2725 867 2770 et
899 2716 1176 2769 Fructuosi
1224 2730 1341 2769 cum
1374 2717 1493 2770 aliis
1524 2720 1823 2772 duodecim.
1871 2720 1933 2773 C.
1987 2719 2073 2783 V.,

492 2787 556 2840 Et
579 2786 635 2842 S.
670 2795 690 2822 ε
726 2785 963 2848 Antonii,
995 2797 1045 2839 et
1074 2786 1335 2851 depositio
1359 2788 1416 2841 S.
1442 2788 1643 2842 Jacobi.
1678 2788 1762 2854 L.,
1795 2790 1847 2842 In
1873 2790 2074 2843 Malbo-

482 2859 577 2911 dio
607 2858 882 2910 translatio
912 2858 968 2907 S.
1001 2858 1028 2898 (ι
1058 2856 1383 2921 Aldegundis
1414 2856 1654 2926 virginis.
1688 2862 1752 2912 Α.
1786 2860 1876 2923 T.,
1910 2858 2075 2911 Rote-

480 2930 572 2980 nis
600 2928 812 2980 civitate
851 2926 1025 2977 natale.
1053 2926 1109 2975 S.
1164 2926 1385 2979 Atnandi
1431 2928 1691 2992 episcopi.
1743 2929 1834 2992 A.,
1863 2930 1915 2981 ltt
1944 2943 2076 2995 pago

478 2996 862 3049 'Catncracensi
896 2995 947 3047 in
980 2996 1100 3046 villa
1130 3011 1250 3064 quin
1283 2996 1479 3048 dicitur
1522 2996 1861 3051 Calderiaeus
1901 3000 2076 3052 natale

488 3068 546 3120 ὃ.
585 3070 607 3095 θ
642 3064 969 3119 Maxelendis
1001 3064 1214 3132 virginis
1237 3074 1292 3118 et
1330 3066 1596 3133 martyris.
1632 3068 1831 3121 Eodem
1862 3068 1949 3121 die
1976 3069 2074 3121 de-

495 3133 792 3202 positioS.f
817 3134 1025 3187 liilliani
1054 3136 1286 3202 episcopi
1310 3145 1362 3188 et
1392 3135 1729 3191 eunfessoris.
1760 3139 1849 3202 T.,
1879 3138 2073 3191 Eodem

2260 1578 2346 1633 Μ.
2379 1608 2446 1618 -
2476 1578 2635 1633 XVIII
2661 1578 2793 1634 Kac.
2827 1578 3063 1633 Dscsua.
3092 1579 3252 1632 Vacat
3274 1578 3449 1633 Ita-da.

2256 1672 2320 1728 V.
2347 1671 2427 1726 Β..
2458 1671 2511 1723 1η
2544 1672 2745 1726 Eraclia
2772 1672 2946 1725 natale
2974 1671 3252 1734 Clementi,
3283 1672 3588 1739 'I‘heodotar,
3625 1675 3748 1732 Phi-

2188 1744 2401 1805 lomeni,
2433 1742 2496 1794 Et
2520 1742 2745 1794 aliorum
2775 1743 3056 1795 multorum
3082 1758 3303 1807 quorum
3355 1745 3559 1797 nomina
3611 1747 3750 1801 Deus

2113 1801 2155 1860 Β
2183 1815 2303 1878 scit;
2335 1801 2453 1875 qua:
2496 1814 2573 1865 sic
2620 1811 2863 1879 leguntur
2892 1813 2943 1865 in
2975 1811 3037 1866 L.
3071 1801 3132 1866 Β.
3171 1829 3182 1863 :
3220 1814 3271 1865 In
3303 1813 3515 1867 Eraclea
3540 1817 3753 1871 civitate

2181 1884 2424 1937 Thracia:
2479 1881 2563 2003 RL.
2613 1898 2714 1937 om.
2769 1881 3033 1951 Thraciae]
3092 1885 3268 1936 natale
3319 1884 3414 1937 SS.
3464 1883 3752 1941 Clementis

2187 1952 2275 2003 lB.
2311 1969 2413 2003 om.
2441 1950 2479 2003 C
2506 1948 2773 2003 ernentisl.
2798 1951 3140 2003 Clementini.
3172 1951 3456 2003 Filomeni-
3485 1953 3742 2003 Theodoti

2187 1952 2275 2023 [Β.
2311 1969 2413 2004 om.
2441 1948 2773 2023 Cletnentis],
2798 1948 3140 2023 Clemeniirti.
3172 1951 3456 2019 Filomeni,
3485 1953 3742 2009 Theodoti

2181 2021 2234 2076 et
2261 2023 2451 2076 Eracli.
2486 2023 2584 2076 Pro
2611 2021 2875 2089 quibusin
2904 2024 2969 2075 A.
3003 2032 3055 2074 et
3080 2021 3138 2074 Τ.
3165 2024 3329 2074 solum
3353 2034 3466 2075 cst:
3501 2023 3744 2077 Clemen-

2184 2096 2303 2159 tiui,
2338 2091 2665 2145 Philemonis
2694 2102 2747 2145 et
2775 2091 3020 2145 Ileraclii.
3053 2091 3104 2145 In
3136 2092 3193 2144 Β.
3225 2091 3289 2144 ad
3315 2092 3469 2145 ﬁnem
3494 2097 3703 2160 punitur
3722 2114 3745 2147 τ

2186 2165 2248 2215 Et
2280 2163 2453 2215 natale
2480 2164 2534 2214 S.
2572 2161 2771 2215 Eradii.
2800 2160 2888 2223 A.,
2923 2161 3119 2215 Eodi-m
3150 2162 3233 2215 die
3263 2162 3513 2225 reliesitio
3539 2175 3747 2217 sancto-

2181 2248 2294 2286 rum
2320 2246 2603 2299 corporum
2635 2230 2869 2295 Quintini
2912 2233 3157 2298 martyris
3192 2241 3242 2283 et
3265 2231 3498 2283 Cassiani
3537 2236 3748 2299 pontitio

2180 2304 2279 2363 eis,
2306 2304 2617 2355 imminente
2646 2301 2859 2352 tristitia
2882 2314 3106 2354 summa.
3144 2301 3227 2367 D.,
3262 2301 3571 2354 Alexandria
3602 2312 3625 2346 ε
3652 2303 3751 2355 Se-

2181 2373 2439 2440 rapionis,
2492 2371 2583 2440 qui
2631 2373 2731 2425 sub
2782 2370 2942 2425 Decio
2990 2371 3347 2439 prmeipitatus
3388 2380 3584 2438 martyr
3626 2373 3749 2425 eili-

2177 2444 2336 2496 citur.

2253 2554 2340 2609 15.
2366 2582 2436 2593 -
2464 2550 2600 2605 XVII
2635 2550 2768 2605 Kac.
2798 2550 2965 2605 Vacat
2996 2551 3168 2604 Baeda.

2254 2648 2314 2700 V.
2346 2645 2407 2699 C.
2434 2689 2446 2710 ,
2498 2646 2549 2698 lu
2596 2644 2769 2697 Africa
2803 2642 3111 2707 Secundini,
3147 2642 3425 2705 lllarcialis,
3470 2642 3751 2697 Calendio—

2179 2718 2282 2780 nis,
2322 2717 2534 2776 Valerii,
2570 2715 2843 2784 Fructuosi
2890 2730 3009 2766 cum
3041 2714 3167 2784 aliis
3192 2712 3479 2784 duodecim
3511 2712 3607 2784 [6.
3639 2731 3746 2767 om.

2177 2787 2501 2854 dumleciml.
2548 2786 2589 2838 D
2621 2828 2633 2851 ,
2679 2781 2706 2819 δ
2738 2784 2932 2854 Felicis
2969 2782 3204 2849 episcopi
3250 2784 3338 2849 qui
3380 2781 3751 2837 miraculorum

2219 2860 2346 2909 loria
2380 2857 2600 2920 insignis
2632 2855 2746 2907 fuit.
2780 2853 2839 2906 B.
2870 2856 2930 2907 A.
2957 2854 3019 2903 Τ.
3052 2854 3136 2915 L.,
3171 2855 3222 2905 In
3253 2854 3427 2905 Africa
3460 2855 3624 2906 natale
3648 2856 3746 2906 SS.

2200 2927 2430 2990 Secundi,
2469 2926 2759 2977 Fidentiani
2811 2923 2922 2993 ῙΒ..
2955 2923 3083 2993 SS._
3112 2923 3382 2982 Martiaﬁs,
3435 2921 3751 2989 Fidentiauij

2181 3006 2233 3049 et
2267 2997 2521 3049 Demetrii
2555 2993 2748 3065 [lutet
2775 2989 3107 3065 Secundini}.
3142 2995 3196 3065 lu
3229 2992 3501 3065 Antiochia
3535 2993 3744 3065 Donati.

2182 3066 2449 3128 Restituti,
2480 3062 2599 3117 cuiu
2628 3062 2743 3115 aliis
2772 3063 3006 3129 triginta.
3040 3064 3096 3114 lt.
3123 3062 3252 3115 duos
3275 3063 3418 3115 addit
3444 3064 3518 3115 sic
3537 3064 3755 3115 conclu-

2185 3138 2316 3190 dens
2349 3152 2365 3188 :
2400 3135 2682 3196 Valeriani,
2718 3134 2993 3186 Fructuosi
3029 3148 3145 3185 cum
3179 3132 3295 3185 aliis
3322 3132 3618 3187 duodecim.
3656 3136 3751 3194 Α..

480 3182 680 3260 ἔιῖἑῖὶῖ
696 3182 1849 3272 ῗιιτὲἐὶξῖᾗὲἶεὲὧὲεῗἰξίιιιίοἷίξῖἑῦὶίἔίε’έί
1873 3182 2075 3276 xgagi‘a‘;
2110 3182 2152 3243 C
2188 3182 2389 3259 casei.
2417 3182 2542 3258 "die
2559 3182 2681 3258 "'S'I
2719 3182 2776 3252 ἰ’
2797 3182 3265 3281 winitiati."cl“,
3278 3182 3290 3184 ’
3325 3182 3413 3255 Ει
3434 3182 3621 3273 ’ῥέξείὸ
3656 3182 3666 3184 ’
3688 3182 3752 3255 SI

1883 3297 2092 3352 SMITH
2132 3295 2361 3350 NOTAE.

568 3393 594 3418 ⁸
625 3385 805 3441 Bricii.
832 3385 927 3440 llic
951 3386 1225 3439 ordinatus
1252 3394 1333 3441 est
1359 3400 1498 3441 anno
1523 3387 1732 3441 Arcadii
1762 3396 1814 3441 et
1840 3387 2059 3443 Honorii

488 3457 752 3521 secundo,
782 3457 831 3509 id
859 3466 941 3509 est
968 3456 1165 3509 Christi
1212 3455 1337 3510 597.
1370 3456 1494 3510 Fuit
1520 3466 1700 3511 autem
1730 3457 1860 3512 civis
1889 3458 2060 3512 Turo-

491 3527 664 3587 uicus.
700 3528 782 3579 cui
817 3527 1091 3595 trigesimo
1130 3528 1287 3580 tertio
1317 3528 1660 3594 episcopatus
1689 3542 1830 3583 anno
1853 3533 2057 3583 crimen

472 3596 740 3651 adulterii
770 3606 852 3649 εει
881 3600 1170 3663 impactum
1209 3611 1240 3649 a
1285 3597 1492 3651 civibus
1520 3597 1841 3663 Turonicis;
1873 3598 2061 3664 expul-

462 3682 657 3737 .soqtte
684 3680 749 3719 eo
767 3667 1131 3737 Iustinianum,
1149 3666 1551 3732 ordinaverunt,
1578 3668 1661 3721 cui
1688 3666 1936 3721 defuncto
1959 3670 2063 3722 Ar-

468 3735 719 3790 ~uientius
746 3735 1022 3789 successit.
1053 3736 1288 3789 Briceius
1319 3752 1448 3789 vero
1475 3738 1505 3789 7
1538 3738 1691 3790 annis
1720 3738 1901 3791 Itonne
1923 3737 2062 3805 apud

471 3821 680 3874 .papam
710 3807 908 3874 degens
966 3805 1150 3859 insons
1181 3814 1443 3870 inventus,
1473 3814 1528 3861 et
1563 3809 1628 3859 ad
1673 3808 1855 3860 urbem
1889 3809 2063 3861 redire

465 3881 668 3942 gussus
695 3887 798 3928 est.
828 3875 923 3929 llic
948 3875 1229 3928 :editicavit
1261 3876 1533 3929 basilicam
1578 3892 1741 3944 super
1769 3892 1963 3944 corpus
1990 3878 2055 3932 Β.

496 3948 727 4009 Martini,
763 3946 813 3997 in
840 3961 938 4013 qua
971 3954 1027 3999 et
1053 3946 1164 4010 ipse
1193 3948 1428 4011 sepultus
1469 3958 1572 4000 est.
1604 3947 1747 4001 Obiit
1788 3948 1927 4002 circa
1960 3962 2051 4001 an.

494 4017 639 4087 445,
695 4023 973 4087 postquam
1019 4014 1087 4070 47
1143 4030 1313 4069 annos
1364 4018 1731 4087 episcopatum
1782 4020 2059 4087 gessisset.

467 4086 648 4142 "Gneo
697 4086 899 4138 'l‘unos.
934 4085 1095 4152 Hist.,
1127 4102 1178 4149 ιι,
1214 4088 1313 4151 5|;
1351 4085 1569 4140 GIIINIUS
1592 4089 1720 4141 Scis.

561 4166 589 4205 ιι
616 4157 891 4224 Scriptum.
913 4156 1058 4226 Vide
1087 4164 1140 4226 et
1166 4157 1347 4226 Greg.,
1382 4158 1512 4210 llist.
1549 4156 1611 4220 ll,
1646 4158 1693 4211 I.

565 4233 585 4259 ε
621 4227 843 4278 Antonii.
881 4225 1011 4279 lluic
1037 4225 1265 4296 adjuncti
1285 4225 1428 4279 sunt
1457 4227 1679 4280 Zebinas
1715 4227 1878 4295 patria
1904 4226 2066 4281 Eleu-

468 4295 954 4362 ‘tlterOpolitanus,
1008 4306 1061 4349 et
1088 4301 1401 4349 Germanus.
1449 4297 1559 4351 Sub
1603 4298 1885 4350 Maximino
1942 4302 2068 4363 imp.

2168 3386 2295 3442 latio
2328 3386 2441 3439 hasc
2469 3385 2568 3439 sub
2592 3385 2745 3437 linem
2778 3384 2990 3452 septimi
3022 3384 3200 3438 smculi
3224 3384 3463 3451 contigit.

2245 3465 2268 3491 ε
2303 3456 2646 3509 Maxelendis.
2692 3457 2820 3519 Qum
2863 3468 3009 3522 patre
3058 3455 3320 3517 Hntnlino,
3377 3466 3538 3508 matre
3578 3456 3756 3510 Amel-

2173 3528 2327 3581 trude
2379 3535 2502 3579 nata
2533 3536 2615 3577 est
2648 3566 2661 3587 ,
2697 3526 2831 3577 hanc
2862 3539 2981 3578 cum
3031 3526 3328 3579 llarduinus
3376 3527 3583 3593 quidam
3612 3529 3752 3594 apud

2171 3595 2585 3650 Cameracenscs
2616 3596 2775 3649 nobili
2804 3610 2999 3662 genere
3038 3604 3205 3655 ortus.
3246 3595 3296 3647 in
3325 3595 3623 3664 conjugiqu
3654 3597 3753 3649 Iru-

2171 3676 2281 3721 stra
2311 3667 2557 3729 ambiret,
2592 3666 2767 3718 furore
2798 3679 3031 3733 princeps
3058 3664 3321 3718 interfecit
3350 3666 3486 3718 circa
3513 3681 3596 3719 an.
3625 3667 3749 3729 683,

2170 3745 2465 3789 utconstat
2509 3751 2571 3787 ex
2625 3735 2737 3787 Vita
2784 3736 2843 3788 S.
2914 3735 3206 3787 thzliciatti
3254 3736 3388 3802 apud
3445 3737 3751 3789 Bollandum

2172 3807 2335 3869 edita,
2370 3820 2489 3872 cap.
2520 3805 2573 3857 ἓ.
2602 3804 2730 3873 Ejus
2771 3818 2964 3871 corpus
3002 3816 3242 3872 parentes
3273 3808 3440 3871 primo
3466 3806 3515 3858 in
3558 3809 3753 3872 tempto

2170 3875 2551 3930 Pomerellensi
2585 3874 2928 3939 tumularunt,
2962 3885 3142 3945 postea
3170 3877 3548 3929 transtulerunt
3572 3876 3755 3931 Calde

2170 3948 2395 4009 riaeum,
2430 3945 2514 3998 ubi
2546 3946 2724 3997 occisa
2756 3954 2856 3997 est.

2253 4014 2537 4069 fKiltiani.
2572 4016 2670 4079 Qui
2715 4016 2766 4066 in
2816 4013 3065 4067 Hibernia
3120 4022 3289 4079 natus,
3316 4022 3371 4068 et
3409 4029 3525 4068 cum
3577 4015 3753 4070 multis

2168 4085 2453 4139 virtutibus
2498 4085 2732 4149 ﬂoreret,
2783 4084 3062 4152 episcopus
3107 4083 3279 4137 factus
3322 4094 3423 4138 est.
3458 4085 3577 4138 Inde
3606 4086 3752 4138 desi-

2171 4157 2320 4211 derio
2349 4154 2716 4223 peregrinandi
2759 4167 2953 4217 motus,
2983 4170 3102 4207 cum
3126 4153 3221 4208 SS.
3252 4154 3434 4209 Livino
3481 4154 3751 4223 episcopo,

2178 4228 2322 4280 llelia
2346 4235 2398 4280 et
2429 4224 2664 4276 Foillann
2692 4224 2995 4286 discedens.
3049 4224 3267 4277 Romam
3301 4228 3557 4291 pervenit,
3585 4228 3668 4277 ubi
3697 4228 3748 4278 in

2180 4296 2413 4350 Ecclesia
2442 4294 2499 4348 S.
2530 4293 2667 4348 Petri
2701 4309 2791 4360 per
2834 4308 3000 4348 annos
3027 4293 3268 4347 undecim
3309 4304 3363 4347 et
3392 4295 3613 4364 amplius
3643 4294 3754 4347 Deo

491 4365 872 4439 comprehensi
893 4365 1343 4439 afpud‘tlaesaream
1374 4365 1746 4439 Cappadociae,
1771 4366 1920 4439 jussu
1954 4367 2067 4419 Fir-
2098 4379 2145 4439 ι’)
2171 4367 2407 4439 servivit.
2444 4367 2611 4439 Roma
2661 4366 2710 4417 in
2742 4364 3015 4439 Franciatn
3047 4364 3316 4439 profectus
3341 4405 3355 4439 ,
3399 4364 3469 4439 S._
3492 4365 3750 4417 Fiacriunt

472 4435 690 4487 ριηίΙιειιιί
723 4436 961 4501 przesidis
1000 4434 1295 4487 obtruncati
1324 4444 1467 4488 sunt.
1504 4437 1723 4503 Edwin,
1752 4444 1818 4489 de
1849 4438 2065 4505 Martyr.

493 4506 805 4568 l’alaestium,
840 4519 957 4570 cap.
982 4504 1034 4559 9.

568 4575 956 4642 dAtdegundis.
1002 4574 1075 4626 De
1131 4572 1229 4626 hac
1283 4573 1402 4627 vide
1457 4589 1638 4641 supra,
1693 4573 1764 4627 30
1818 4574 2074 4628 Januarii.

491 4645 626 4699 Tres
655 4647 713 4699 ὃ.
752 4645 1073 4712 Aldegundss
1100 4644 1436 4710 reliquiarum
1465 4647 1838 4699 translationes
1872 4648 2073 4711 reperi-

492 4730 641 4770 mus:
678 4717 843 4782 prima
870 4730 899 4766 a
922 4715 980 4769 S.
1013 4716 1302 4767 Aldctrude
1332 4714 1686 4768 Waldctrudis
1713 4755 1729 4780 ,
1777 4730 1891 4784 quae
1924 4730 2079 4769 soror

473 4797 608 4838 .erat
641 4786 981 4854 Aldegundis,
1018 4787 1120 4837 lilia
1151 4797 1462 4852 procurata;
1491 4789 1655 4839 altera
1697 4802 1835 4839 anno
1864 4787 2017 4852 Ilb‘I,
2048 4801 2077 4839 a

498 4856 798 4909 Fressende
843 4854 1145 4919 abbatissa;
1178 4858 1329 4909 tertia
1363 4872 1502 4910 anno
1536 4857 1695 4911 H59.
1731 4858 1964 4909 Priorem
1995 4873 2079 4908 ar-

494 4926 752 4978 bitramur
785 4925 940 4977 hodie
986 4928 1290 4993 contigisse.
1320 4925 1523 4981 Vitiose
1571 4928 1623 4979 in
1656 4926 1770 4979 Vita
1824 4928 1877 4979 ὃ.
1914 4926 2078 4979 Alde-

492 4995 680 5061 gundis
725 4994 918 5047 dicitur
967 4998 1080 5047 haec
1135 4997 1408 5048 translatio
1474 4998 1607 5051 facta
1688 4994 1851 5049 fuisse
1902 5012 2080 5061 arege

494 5066 695 5134 inclyte
725 5066 1004 5136 Sigeherto
1032 5074 1191 5136 atque
1223 5064 1508 5136 Aldetrtnte
1540 5083 1555 5130 ;
1599 5069 1906 5136 Sigebertus
1937 5070 2077 5120 enim

495 5149 587 5189 rex
616 5149 756 5188 anno
795 5133 911 5189 7655
940 5134 1089 5197 ultiit,
1120 5136 1301 5202 viginti
1335 5135 1444 5190 fere
1474 5137 1626 5189 annis
1658 5133 1819 5203 prius
1849 5137 1959 5202 ipsa
1991 5142 2078 5189 Al-

474 5204 755 5273 odcgmide,
781 5222 883 5258 non
909 5206 1075 5272 putuit
1105 5205 1260 5272 igitur
1283 5208 1608 5260 translationi
1632 5209 1771 5260 illius
1802 5205 2078 5259 interesse.

492 5276 577 5329 Διι
607 5278 686 5330 vir
715 5277 852 5327 alius
907 5278 1124 5330 illustris
1171 5277 1398 5329 adfuerit
1429 5318 1444 5340 ,
1502 5278 1810 5343 Sigebertus
1845 5277 2080 5341 nomine,

493 5359 650 5413 quem
706 5346 1045 5411 posteriores,
1080 5359 1185 5397 non
1233 5349 1363 5400 satis
1409 5360 1593 5401 exacte
1646 5349 1820 5401 habita
1883 5350 2085 5400 ratione

495 5416 801 5487 temporis.,
878 5431 1056 5487 regem
1127 5416 1287 5469 fuisse
1356 5417 1714 5487 scripserint;
1789 5432 1854 5469 an
1913 5420 2086 5484 potius

499 5483 799 5539 interfuerit
853 5483 1306 5540 vel—Francorum
1388 5483 1479 5541 rei
1555 5483 1951 5553 Tlteodoricus,
1997 5497 2088 5540 aut

499 5553 691 5627 aliquis
749 5558 973 5609 tilinrum
1013 5554 1162 5625 ejus,
1194 5560 1275 5610 vel
1341 5555 1885 5627 Pipinus'HerStallus
1915 5558 2086 5625 major

498 5624 735 5702 domus,
796 5628 884 5702 qui
945 5628 1263 5702 quandoque
1326 5624 1416 5681 rei
1481 5627 1692 5693 dietus,
1751 5631 1874 5698 quia
1898 5624 2086 5702 _regi-

504 5693 608 5745 bus
637 5694 950 5762 imperabat,
969 5694 1107 5749 haud
1140 5693 1415 5764 possumus
1440 5709 1586 5754 certo
1614 5693 1867 5755 statuere.
1897 5693 2086 5753 Trans-

2178 4436 2427 4489 visitavit.
2486 4436 2673 4487 Missus
2702 4444 2879 4487 autem
2909 4449 2939 4487 a
2971 4433 3172 4487 Farune
3223 4435 3472 4488 Meldensi
3502 4440 3755 4502 episcopo

2178 4506 2243 4558 ad
2277 4506 2672 4569 Atrebatenses,
2698 4507 2748 4555 in
2767 4504 2886 4557 vico
2907 4504 3178 4557 Albiuiaco
3205 4505 3639 4568 resedit,etcirca
3664 4519 3753 4558 an.

2178 4577 2281 4630 640
2311 4577 2459 4629 obiit.
2494 4577 2765 4636 Mocasus,
2796 4576 2847 4626 in
2880 4575 3049 4627 Natal.
3083 4584 3384 4628 sanctorum
3415 4576 3594 4643 Belgii.

2250 4652 2275 4688 8
2304 4647 2621 4715 Serapionis.
2661 4646 2809 4697 Ilunc
2854 4659 2970 4696 cum
2994 4645 3196 4698 aedibus
3235 4646 3343 4699 suis
3381 4644 3756 4712 deprehendis-

2180 4729 2293 4770 seut
2318 4759 2332 4785 ,
2365 4716 2726 4770 acerbissimis
2750 4723 3036 4785 tormentis
3081 4717 3471 4780 excruciaruut,
3503 4726 3554 4768 et
3585 4731 3752 4767 tuent-

2183 4787 2293 4839 bris
2322 4784 2582 4839 omnibus
2630 4784 2957 4837 confractum
3000 4800 3063 4838 ex
3107 4787 3383 4855 ccenaculo
3431 4786 3756 4855 praecipitem

2183 4860 2508 4923 dcjccerttnt.
2545 4856 2761 4919 EUSBB.,
2791 4855 2921 4907 Ilist.
2950 4858 3083 4907 eccl.
3120 4854 3202 4907 Vl.
3233 4856 3321 4909 41.

2255 4925 2279 4962 ιι
2312 4925 2524 4979 Felicis.
2563 4926 2658 4977 llzc
2685 4940 2809 4977 euut
2839 4927 2895 4977 S.
2929 4926 3100 4978 Felice
3122 4924 3324 4979 Nolano
3370 4925 3675 4994 presbytero
3706 4923 3757 4976 in

2180 4996 2566 5066 Martyrologiis
2597 4996 2734 5049 male
2762 4994 3123 5063 confunditur,
3154 4999 3402 5065 quoniam
3430 4996 3574 5049 Notae
3595 4996 3753 5049 etiam

2184 5084 2369 5139 passus
2399 5067 2605 5139 dicitur.

2261 5135 2277 5174 ί
2313 5137 2563 5190 Mue/inti.
2590 5136 2771 5189 Melius
2821 5136 3080 5198 Ilaclittti,
3129 5136 3217 5204 qui
3248 5146 3301 5189 et
3327 5135 3503 5189 dictus
3538 5141 3620 5188 est
3651 5134 3759 5186 Ma-

2183 5209 2388 5262 elavius
2415 5224 2427 5271 ;
2465 5206 2779 5260 Britannicis
2808 5208 3117 5274 parentibus
3166 5216 3339 5266 natus,
3369 5218 3420 5258 et
3448 5220 3477 5257 a
3506 5208 3560 5258 S.
3590 5205 3759 5257 Breu-

2183 5281 2323 5332 dano
2351 5280 2436 5345 pie
2466 5280 2720 5330 educatus
2752 5286 2832 5329 est
2858 5315 2873 5341 ,
2913 5278 3224 5331 adolescens
3270 5276 3558 5329 monachus
3589 5278 3758 5326 lactus

2186 5360 2287 5415 est,
2322 5357 2376 5401 et
2407 5357 2586 5414 postea
2613 5350 2864 5400 defuncto
2890 5346 3028 5399 illius
3057 5349 3287 5416 regionis
3311 5349 3561 5413 episcOpu
3589 5387 3603 5410 ,
3652 5360 3759 5416 gno-

2189 5421 2304 5472 lens
2343 5427 2684 5471 consecratus
2724 5427 2800 5469 est
2850 5414 3554 5485 episcOpus'Guunni-Castri
3589 5414 3763 5467 urbis.

2187 5490 2419 5543 (Serv-udi
2464 5496 2639 5540 autem
2689 5490 3027 5553 episcotatus
3071 5502 3205 5540 onus
3257 5490 3519 5551 deponere
3556 5486 3764 5538 deside-

2186 5573 2332 5624 rans,
2361 5560 2411 5611 in
2444 5558 2775 5611 Armoricam
2804 5560 2868 5609 ad
2901 5562 3165 5611 Aaronem
3190 5559 3433 5610 abbatem
3465 5557 3614 5622 fugit,
3649 5557 3773 5608 Aie-

2192 5639 2368 5683 tenses
2395 5627 2459 5680 ad
2504 5626 2660 5681 tidem
2687 5631 2948 5680 convertit
2978 5668 2995 5693 ,
3028 5628 3201 5697 populi
3228 5627 3335 5696 jam
3363 5628 3609 5681 conversi
3641 5630 3765 5679 velit

2191 5700 2324 5755 nolit
2346 5700 2630 5767 episcopus
2652 5698 2971 5753 constitutus
2992 5708 3094 5768 est,
3137 5710 3185 5754 et
3213 5701 3279 5752 70
3308 5698 3591 5753 canonicos
3626 5698 3773 5751 insti-
