  <div class='ocr_page' id='page_1' title='image "/cluster/home/n/w/nwhite01/storage/ocr_20150623/94/umn.31951002477387e/559.png"; bbox 0 0 4110 6516; ppageno 0'>
   <div class='ocr_carea' id='block_1_1' title="bbox 584 417 718 472">
    <p class='ocr_par' dir='ltr' id='par_1_1' title="bbox 584 417 718 472">
     <span class='ocr_line' id='line_1_1' title="bbox 584 417 718 472; baseline 0.007 -1"><span class='ocrx_word' id='word_1_1' title='bbox 584 417 718 472; x_wconf 67' lang='lat' dir='ltr'><strong>tto?</strong></span> 
     </span>
    </p>
   </div>
   <div class='ocr_carea' id='block_1_2' title="bbox 1300 421 3043 486">
    <p class='ocr_par' dir='ltr' id='par_1_2' title="bbox 1300 421 3043 486">
     <span class='ocr_line' id='line_1_2' title="bbox 1300 421 3043 486; baseline 0.005 -11"><span class='ocrx_word' id='word_1_2' title='bbox 1300 421 1497 477; x_wconf 68' lang='lat' dir='ltr'><strong>BED/E</strong></span> <span class='ocrx_word' id='word_1_3' title='bbox 1543 424 1988 480; x_wconf 71' lang='lat' dir='ltr'><strong>VENERMIILIS</strong></span> <span class='ocrx_word' id='word_1_4' title='bbox 2023 425 2170 478; x_wconf 80' lang='grc' dir='ltr'><strong>ΟΡΡ.</strong></span> <span class='ocrx_word' id='word_1_5' title='bbox 2215 425 2388 480; x_wconf 73' lang='lat' dir='ltr'><strong>PARS</strong></span> <span class='ocrx_word' id='word_1_6' title='bbox 2429 427 2514 482; x_wconf 82' lang='lat' dir='ltr'><strong>Ill.</strong></span> <span class='ocrx_word' id='word_1_7' title='bbox 2561 458 2625 468; x_wconf 89' lang='lat'><strong><em>—</em></strong></span> <span class='ocrx_word' id='word_1_8' title='bbox 2665 429 3043 486; x_wconf 68' lang='lat' dir='ltr'><strong>liiSTUlilCA.</strong></span> 
     </span>
    </p>
   </div>
   <div class='ocr_carea' id='block_1_3' title="bbox 3701 438 3827 494">
    <p class='ocr_par' dir='ltr' id='par_1_3' title="bbox 3701 438 3827 494">
     <span class='ocr_line' id='line_1_3' title="bbox 3701 438 3827 494; baseline -0.016 0"><span class='ocrx_word' id='word_1_9' title='bbox 3701 438 3827 494; x_wconf 76' lang='lat'><strong>“08</strong></span> 
     </span>
    </p>
   </div>
   <div class='ocr_carea' id='block_1_4' title="bbox 1811 539 2538 596">
    <p class='ocr_par' dir='ltr' id='par_1_4' title="bbox 1811 539 2538 596">
     <span class='ocr_line' id='line_1_4' title="bbox 1811 539 2538 596; baseline 0.006 -4"><span class='ocrx_word' id='word_1_10' title='bbox 1811 539 2035 593; x_wconf 80' lang='lat' dir='ltr'><strong>EDITIU</strong></span> <span class='ocrx_word' id='word_1_11' title='bbox 2073 539 2538 596; x_wconf 79' lang='lat' dir='ltr'><strong>COLONIENSIS.</strong></span> 
     </span>
    </p>
   </div>
   <div class='ocr_carea' id='block_1_5' title="bbox 577 625 3822 707">
    <p class='ocr_par' dir='ltr' id='par_1_5' title="bbox 577 625 3822 707">
     <span class='ocr_line' id='line_1_5' title="bbox 577 625 3822 707; baseline 0.003 -25"><span class='ocrx_word' id='word_1_12' title='bbox 577 638 722 682; x_wconf 85' lang='lat' dir='ltr'><strong>esset</strong></span> <span class='ocrx_word' id='word_1_13' title='bbox 760 627 968 691; x_wconf 89' lang='lat' dir='ltr'><strong>colere,</strong></span> <span class='ocrx_word' id='word_1_14' title='bbox 1015 625 1394 695; x_wconf 65' lang='lat' dir='ltr'><strong>interrogavit,</strong></span> <span class='ocrx_word' id='word_1_15' title='bbox 1446 637 1503 681; x_wconf 89' lang='grc' dir='ltr'><strong>ιιι</strong></span> <span class='ocrx_word' id='word_1_16' title='bbox 1543 644 1610 682; x_wconf 78' lang='lat' dir='ltr'><strong>ex</strong></span> <span class='ocrx_word' id='word_1_17' title='bbox 1657 629 1773 696; x_wconf 84' lang='lat' dir='ltr'><strong>ejus</strong></span> <span class='ocrx_word' id='word_1_18' title='bbox 1812 629 2146 684; x_wconf 85' lang='lat' dir='ltr'><strong>cettfessione</strong></span> <span class='ocrx_word' id='word_1_19' title='bbox 2175 634 2226 692; x_wconf 77' lang='grc' dir='ltr'><strong>Α</strong></span> <span class='ocrx_word' id='word_1_20' title='bbox 2327 634 2392 684; x_wconf 83' lang='grc' dir='ltr'>Λ.</span> <span class='ocrx_word' id='word_1_21' title='bbox 2442 629 2557 684; x_wconf 86' lang='lat' dir='ltr'>XIII</span> <span class='ocrx_word' id='word_1_22' title='bbox 2609 631 2743 686; x_wconf 76' lang='grc' dir='ltr'>ΚΑι..</span> <span class='ocrx_word' id='word_1_23' title='bbox 2788 633 3024 689; x_wconf 77' lang='lat' dir='ltr'><strong>Dscsns.</strong></span> <span class='ocrx_word' id='word_1_24' title='bbox 3083 635 3263 691; x_wconf 69' lang='lat' dir='ltr'><strong>Romae</strong></span> <span class='ocrx_word' id='word_1_25' title='bbox 3306 637 3388 691; x_wconf 93' lang='lat' dir='ltr'><strong>via</strong></span> <span class='ocrx_word' id='word_1_26' title='bbox 3437 640 3614 707; x_wconf 77' lang='lat' dir='ltr'><strong>Appia</strong></span> <span class='ocrx_word' id='word_1_27' title='bbox 3662 642 3822 696; x_wconf 86' lang='lat' dir='ltr'><strong>natale</strong></span> 
     </span>
    </p>
   </div>
   <div class='ocr_carea' id='block_1_6' title="bbox 578 717 2150 790">
    <p class='ocr_par' dir='ltr' id='par_1_6' title="bbox 578 717 2150 790">
     <span class='ocr_line' id='line_1_6' title="bbox 578 717 2150 790; baseline 0.002 -18"><span class='ocrx_word' id='word_1_28' title='bbox 578 717 860 788; x_wconf 69' lang='lat' dir='ltr'><strong>prmfectus</strong></span> <span class='ocrx_word' id='word_1_29' title='bbox 909 718 1355 784; x_wconf 87' lang='lat' dir='ltr'><strong>confunderetur;</strong></span> <span class='ocrx_word' id='word_1_30' title='bbox 1411 735 1636 790; x_wconf 89' lang='lat' dir='ltr'><strong>cumque</strong></span> <span class='ocrx_word' id='word_1_31' title='bbox 1692 737 1822 788; x_wconf 89' lang='lat' dir='ltr'><strong>puer</strong></span> <span class='ocrx_word' id='word_1_32' title='bbox 1879 722 1929 774; x_wconf 92' lang='lat' dir='ltr'><strong>in</strong></span> <span class='ocrx_word' id='word_1_33' title='bbox 1990 738 2150 776; x_wconf 93' lang='lat' dir='ltr'><strong>unum</strong></span> 
     </span>
    </p>
   </div>
   <div class='ocr_carea' id='block_1_7' title="bbox 580 811 2152 882">
    <p class='ocr_par' dir='ltr' id='par_1_7' title="bbox 580 811 2152 882">
     <span class='ocr_line' id='line_1_7' title="bbox 580 811 2152 882; baseline 0.001 -16"><span class='ocrx_word' id='word_1_34' title='bbox 580 813 743 866; x_wconf 87' lang='lat' dir='ltr'><strong>Deum</strong></span> <span class='ocrx_word' id='word_1_35' title='bbox 774 811 945 866; x_wconf 89' lang='lat' dir='ltr'><strong>solum</strong></span> <span class='ocrx_word' id='word_1_36' title='bbox 979 811 1303 866; x_wconf 86' lang='lat' dir='ltr'><strong>credendum</strong></span> <span class='ocrx_word' id='word_1_37' title='bbox 1332 813 1596 877; x_wconf 75' lang='lat' dir='ltr'><strong>dixisset,</strong></span> <span class='ocrx_word' id='word_1_38' title='bbox 1641 813 1940 882; x_wconf 81' lang='lat' dir='ltr'><strong>indignatus</strong></span> <span class='ocrx_word' id='word_1_39' title='bbox 1968 815 2152 867; x_wconf 86' lang='lat' dir='ltr'><strong>Ascle-</strong></span> 
     </span>
    </p>
   </div>
   <div class='ocr_carea' id='block_1_8' title="bbox 580 901 2152 971">
    <p class='ocr_par' dir='ltr' id='par_1_8' title="bbox 580 901 2152 971">
     <span class='ocr_line' id='line_1_8' title="bbox 580 901 2152 971; baseline 0.004 -20"><span class='ocrx_word' id='word_1_40' title='bbox 580 901 782 969; x_wconf 84' lang='lat' dir='ltr'><strong>piades,</strong></span> <span class='ocrx_word' id='word_1_41' title='bbox 830 902 1077 955; x_wconf 86' lang='lat' dir='ltr'><strong>cathamo</strong></span> <span class='ocrx_word' id='word_1_42' title='bbox 1127 917 1248 955; x_wconf 93' lang='lat' dir='ltr'><strong>eum</strong></span> <span class='ocrx_word' id='word_1_43' title='bbox 1301 903 1588 971; x_wconf 84' lang='lat' dir='ltr'><strong>suspendi,</strong></span> <span class='ocrx_word' id='word_1_44' title='bbox 1641 917 1704 956; x_wconf 89' lang='lat' dir='ltr'><strong>ac</strong></span> <span class='ocrx_word' id='word_1_45' title='bbox 1752 903 2042 969; x_wconf 88' lang='lat' dir='ltr'><strong>verberari,</strong></span> <span class='ocrx_word' id='word_1_46' title='bbox 2091 919 2152 957; x_wconf 89' lang='lat' dir='ltr'><strong>ac</strong></span> 
     </span>
    </p>
   </div>
   <div class='ocr_carea' id='block_1_9' title="bbox 581 993 2147 1061">
    <p class='ocr_par' dir='ltr' id='par_1_9' title="bbox 581 993 2147 1061">
     <span class='ocr_line' id='line_1_9' title="bbox 581 993 2147 1061; baseline 0.001 -16"><span class='ocrx_word' id='word_1_47' title='bbox 581 1003 850 1055; x_wconf 81' lang='lat' dir='ltr'><strong>postremo</strong></span> <span class='ocrx_word' id='word_1_48' title='bbox 873 994 1031 1047; x_wconf 86' lang='lat' dir='ltr'><strong>etiam</strong></span> <span class='ocrx_word' id='word_1_49' title='bbox 1061 994 1312 1047; x_wconf 83' lang='lat' dir='ltr'><strong>decollari</strong></span> <span class='ocrx_word' id='word_1_50' title='bbox 1347 993 1536 1061; x_wconf 74' lang='lat' dir='ltr'><strong>jussit,</strong></span> <span class='ocrx_word' id='word_1_51' title='bbox 1567 993 1651 1046; x_wconf 89' lang='lat' dir='ltr'><strong>cui</strong></span> <span class='ocrx_word' id='word_1_52' title='bbox 1686 1008 1879 1047; x_wconf 81' lang='lat' dir='ltr'>nomen</span> <span class='ocrx_word' id='word_1_53' title='bbox 1912 993 2147 1047; x_wconf 87' lang='lat' dir='ltr'><strong>Baralas.</strong></span> 
     </span>
    </p>
   </div>
   <div class='ocr_carea' id='block_1_10' title="bbox 575 1086 2151 1154">
    <p class='ocr_par' dir='ltr' id='par_1_10' title="bbox 575 1086 2151 1154">
     <span class='ocr_line' id='line_1_10' title="bbox 575 1086 2151 1154; baseline -0.001 -12"><span class='ocrx_word' id='word_1_54' title='bbox 575 1090 851 1142; x_wconf 84' lang='lat' dir='ltr'><strong>Romanus</strong></span> <span class='ocrx_word' id='word_1_55' title='bbox 875 1101 1000 1141; x_wconf 91' lang='lat' dir='ltr'><strong>vero</strong></span> <span class='ocrx_word' id='word_1_56' title='bbox 1032 1101 1216 1140; x_wconf 86' lang='lat' dir='ltr'><strong>rursus</strong></span> <span class='ocrx_word' id='word_1_57' title='bbox 1241 1087 1466 1154; x_wconf 90' lang='lat' dir='ltr'><strong>equuleo</strong></span> <span class='ocrx_word' id='word_1_58' title='bbox 1493 1100 1804 1154; x_wconf 83' lang='lat' dir='ltr'><strong>suspensus,</strong></span> <span class='ocrx_word' id='word_1_59' title='bbox 1834 1086 2151 1153; x_wconf 81' lang='lat' dir='ltr'><strong>ungulisque</strong></span> 
     </span>
    </p>
   </div>
   <div class='ocr_carea' id='block_1_11' title="bbox 576 1175 2151 1245">
    <p class='ocr_par' dir='ltr' id='par_1_11' title="bbox 576 1175 2151 1245">
     <span class='ocr_line' id='line_1_11' title="bbox 576 1175 2151 1245; baseline -0.001 -13"><span class='ocrx_word' id='word_1_60' title='bbox 576 1185 846 1240; x_wconf 79' lang='lat' dir='ltr'><strong>exaratos,</strong></span> <span class='ocrx_word' id='word_1_61' title='bbox 875 1177 940 1231; x_wconf 88' lang='lat' dir='ltr'><strong>ad</strong></span> <span class='ocrx_word' id='word_1_62' title='bbox 970 1191 1153 1245; x_wconf 85' lang='lat' dir='ltr'><strong>rogum</strong></span> <span class='ocrx_word' id='word_1_63' title='bbox 1183 1176 1460 1229; x_wconf 90' lang='lat' dir='ltr'><strong>ardentem</strong></span> <span class='ocrx_word' id='word_1_64' title='bbox 1479 1217 1494 1241; x_wconf 97' lang='lat'><strong>,</strong></span> <span class='ocrx_word' id='word_1_65' title='bbox 1524 1177 1573 1228; x_wconf 88' lang='lat' dir='ltr'><strong>itt</strong></span> <span class='ocrx_word' id='word_1_66' title='bbox 1604 1190 1760 1244; x_wconf 85' lang='lat' dir='ltr'><strong>quem</strong></span> <span class='ocrx_word' id='word_1_67' title='bbox 1796 1175 2151 1244; x_wconf 71' lang='lat' dir='ltr'><strong>praecipitare—</strong></span> 
     </span>
    </p>
   </div>
   <div class='ocr_carea' id='block_1_12' title="bbox 574 1265 2149 1335">
    <p class='ocr_par' dir='ltr' id='par_1_12' title="bbox 574 1265 2149 1335">
     <span class='ocr_line' id='line_1_12' title="bbox 574 1265 2149 1335; baseline -0.001 -16"><span class='ocrx_word' id='word_1_68' title='bbox 574 1279 680 1335; x_wconf 88' lang='lat' dir='ltr'><strong>tur,</strong></span> <span class='ocrx_word' id='word_1_69' title='bbox 712 1266 1002 1334; x_wconf 87' lang='lat' dir='ltr'><strong>perductus</strong></span> <span class='ocrx_word' id='word_1_70' title='bbox 1033 1274 1133 1319; x_wconf 86' lang='lat' dir='ltr'><strong>est.</strong></span> <span class='ocrx_word' id='word_1_71' title='bbox 1165 1265 1270 1319; x_wconf 87' lang='lat' dir='ltr'><strong>Sed</strong></span> <span class='ocrx_word' id='word_1_72' title='bbox 1298 1275 1483 1318; x_wconf 86' lang='lat' dir='ltr'><strong>orante</strong></span> <span class='ocrx_word' id='word_1_73' title='bbox 1507 1281 1592 1328; x_wconf 87' lang='lat' dir='ltr'><strong>eo,</strong></span> <span class='ocrx_word' id='word_1_74' title='bbox 1625 1265 1770 1318; x_wconf 89' lang='lat' dir='ltr'><strong>venit</strong></span> <span class='ocrx_word' id='word_1_75' title='bbox 1800 1273 2023 1333; x_wconf 88' lang='lat' dir='ltr'><strong>repente</strong></span> <span class='ocrx_word' id='word_1_76' title='bbox 2055 1265 2149 1318; x_wconf 85' lang='lat' dir='ltr'><strong>im-</strong></span> 
     </span>
    </p>
   </div>
   <div class='ocr_carea' id='block_1_13' title="bbox 576 1358 2146 1427">
    <p class='ocr_par' dir='ltr' id='par_1_13' title="bbox 576 1358 2146 1427">
     <span class='ocr_line' id='line_1_13' title="bbox 576 1358 2146 1427; baseline 0 -15"><span class='ocrx_word' id='word_1_77' title='bbox 576 1361 671 1413; x_wconf 89' lang='lat' dir='ltr'><strong>ber</strong></span> <span class='ocrx_word' id='word_1_78' title='bbox 700 1359 984 1423; x_wconf 82' lang='lat' dir='ltr'><strong>inundans,</strong></span> <span class='ocrx_word' id='word_1_79' title='bbox 1015 1368 1070 1412; x_wconf 89' lang='lat' dir='ltr'><strong>et</strong></span> <span class='ocrx_word' id='word_1_80' title='bbox 1111 1358 1384 1412; x_wconf 79' lang='lat' dir='ltr'><strong>exstinxit.</strong></span> <span class='ocrx_word' id='word_1_81' title='bbox 1429 1358 1556 1412; x_wconf 81' lang='lat' dir='ltr'><strong>Post</strong></span> <span class='ocrx_word' id='word_1_82' title='bbox 1601 1358 1715 1413; x_wconf 68' lang='lat' dir='ltr'><strong>haec</strong></span> <span class='ocrx_word' id='word_1_83' title='bbox 1754 1358 1914 1427; x_wconf 89' lang='lat' dir='ltr'><strong>jussit</strong></span> <span class='ocrx_word' id='word_1_84' title='bbox 1952 1359 2001 1414; x_wconf 88' lang='lat' dir='ltr'><strong>ei</strong></span> <span class='ocrx_word' id='word_1_85' title='bbox 2051 1360 2146 1413; x_wconf 87' lang='lat' dir='ltr'><strong>lin-</strong></span> 
     </span>
    </p>
   </div>
   <div class='ocr_carea' id='block_1_14' title="bbox 573 1449 2151 1517">
    <p class='ocr_par' dir='ltr' id='par_1_14' title="bbox 573 1449 2151 1517">
     <span class='ocr_line' id='line_1_14' title="bbox 573 1449 2151 1517; baseline 0.004 -19"><span class='ocrx_word' id='word_1_86' title='bbox 573 1465 728 1517; x_wconf 78' lang='lat' dir='ltr'><strong>gnam</strong></span> <span class='ocrx_word' id='word_1_87' title='bbox 761 1449 1018 1503; x_wconf 79' lang='lat' dir='ltr'><strong>ahsriudi.</strong></span> <span class='ocrx_word' id='word_1_88' title='bbox 1054 1449 1170 1516; x_wconf 82' lang='lat' dir='ltr'><strong>Quo</strong></span> <span class='ocrx_word' id='word_1_89' title='bbox 1213 1449 1369 1511; x_wconf 87' lang='lat' dir='ltr'><strong>facto,</strong></span> <span class='ocrx_word' id='word_1_90' title='bbox 1415 1466 1535 1503; x_wconf 89' lang='lat' dir='ltr'><strong>cmn</strong></span> <span class='ocrx_word' id='word_1_91' title='bbox 1580 1449 1849 1503; x_wconf 75' lang='lat' dir='ltr'><strong>Christum</strong></span> <span class='ocrx_word' id='word_1_92' title='bbox 1881 1465 2009 1505; x_wconf 91' lang='lat' dir='ltr'><strong>voce</strong></span> <span class='ocrx_word' id='word_1_93' title='bbox 2040 1452 2151 1505; x_wconf 87' lang='lat' dir='ltr'><strong>cla-</strong></span> 
     </span>
    </p>
   </div>
   <div class='ocr_carea' id='block_1_15' title="bbox 576 1539 2146 1604">
    <p class='ocr_par' dir='ltr' id='par_1_15' title="bbox 576 1539 2146 1604">
     <span class='ocr_line' id='line_1_15' title="bbox 576 1539 2146 1604; baseline 0.001 -12"><span class='ocrx_word' id='word_1_94' title='bbox 576 1540 785 1594; x_wconf 83' lang='lat' dir='ltr'><strong>rissima</strong></span> <span class='ocrx_word' id='word_1_95' title='bbox 817 1540 1088 1604; x_wconf 90' lang='lat' dir='ltr'><strong>laudaret,</strong></span> <span class='ocrx_word' id='word_1_96' title='bbox 1121 1539 1361 1592; x_wconf 90' lang='lat' dir='ltr'><strong>reclusus</strong></span> <span class='ocrx_word' id='word_1_97' title='bbox 1393 1539 1443 1591; x_wconf 90' lang='lat' dir='ltr'><strong>in</strong></span> <span class='ocrx_word' id='word_1_98' title='bbox 1473 1554 1724 1604; x_wconf 84' lang='lat' dir='ltr'><strong>carcere,</strong></span> <span class='ocrx_word' id='word_1_99' title='bbox 1756 1540 1821 1593; x_wconf 88' lang='lat' dir='ltr'><strong>ad</strong></span> <span class='ocrx_word' id='word_1_100' title='bbox 1851 1550 2146 1594; x_wconf 80' lang='lat' dir='ltr'><strong>extremum</strong></span> 
     </span>
    </p>
   </div>
   <div class='ocr_carea' id='block_1_16' title="bbox 580 1629 2150 1701">
    <p class='ocr_par' dir='ltr' id='par_1_16' title="bbox 580 1629 2150 1701">
     <span class='ocr_line' id='line_1_16' title="bbox 580 1629 2150 1701; baseline 0.004 -23"><span class='ocrx_word' id='word_1_101' title='bbox 580 1645 708 1683; x_wconf 85' lang='lat' dir='ltr'><strong>vero</strong></span> <span class='ocrx_word' id='word_1_102' title='bbox 740 1631 926 1697; x_wconf 83' lang='lat' dir='ltr'><strong>laqueo</strong></span> <span class='ocrx_word' id='word_1_103' title='bbox 957 1629 1318 1698; x_wconf 73' lang='lat' dir='ltr'><strong>strangulatus</strong></span> <span class='ocrx_word' id='word_1_104' title='bbox 1345 1638 1422 1683; x_wconf 89' lang='lat' dir='ltr'><strong>est</strong></span> <span class='ocrx_word' id='word_1_105' title='bbox 1446 1670 1460 1694; x_wconf 94' lang='lat'><strong>,</strong></span> <span class='ocrx_word' id='word_1_106' title='bbox 1493 1631 1673 1698; x_wconf 85' lang='lat' dir='ltr'><strong>sicque</strong></span> <span class='ocrx_word' id='word_1_107' title='bbox 1704 1641 1918 1684; x_wconf 85' lang='lat' dir='ltr'><strong>sanctus</strong></span> <span class='ocrx_word' id='word_1_108' title='bbox 1949 1640 2150 1701; x_wconf 84' lang='lat' dir='ltr'><strong>martyr</strong></span> 
     </span>
    </p>
   </div>
   <div class='ocr_carea' id='block_1_17' title="bbox 578 1718 2149 1788">
    <p class='ocr_par' dir='ltr' id='par_1_17' title="bbox 578 1718 2149 1788">
     <span class='ocr_line' id='line_1_17' title="bbox 578 1718 2149 1788; baseline 0.002 -16"><span class='ocrx_word' id='word_1_109' title='bbox 578 1721 821 1788; x_wconf 75' lang='lat' dir='ltr'><strong>migravit</strong></span> <span class='ocrx_word' id='word_1_110' title='bbox 859 1720 922 1773; x_wconf 88' lang='lat' dir='ltr'><strong>ad</strong></span> <span class='ocrx_word' id='word_1_111' title='bbox 964 1718 1253 1772; x_wconf 82' lang='lat' dir='ltr'><strong>Christum.</strong></span> <span class='ocrx_word' id='word_1_112' title='bbox 1299 1719 1426 1772; x_wconf 90' lang='lat' dir='ltr'><strong>Item</strong></span> <span class='ocrx_word' id='word_1_113' title='bbox 1472 1720 1520 1771; x_wconf 91' lang='lat' dir='ltr'><strong>in</strong></span> <span class='ocrx_word' id='word_1_114' title='bbox 1568 1720 1753 1774; x_wconf 85' lang='lat' dir='ltr'><strong>eadem</strong></span> <span class='ocrx_word' id='word_1_115' title='bbox 1799 1721 1927 1774; x_wconf 87' lang='lat' dir='ltr'><strong>urbe</strong></span> <span class='ocrx_word' id='word_1_116' title='bbox 1973 1721 2149 1775; x_wconf 87' lang='lat' dir='ltr'><strong>natale</strong></span> 
     </span>
    </p>
   </div>
   <div class='ocr_carea' id='block_1_18' title="bbox 577 1809 2146 1879">
    <p class='ocr_par' dir='ltr' id='par_1_18' title="bbox 577 1809 2146 1879">
     <span class='ocr_line' id='line_1_18' title="bbox 577 1809 2146 1879; baseline 0.001 -15"><span class='ocrx_word' id='word_1_117' title='bbox 577 1810 749 1864; x_wconf 87' lang='lat' dir='ltr'><strong>sancti</strong></span> <span class='ocrx_word' id='word_1_118' title='bbox 797 1809 1082 1878; x_wconf 80' lang='lat' dir='ltr'><strong>lit-sychii,</strong></span> <span class='ocrx_word' id='word_1_119' title='bbox 1132 1810 1220 1877; x_wconf 88' lang='lat' dir='ltr'><strong>qui</strong></span> <span class='ocrx_word' id='word_1_120' title='bbox 1266 1809 1364 1863; x_wconf 87' lang='lat' dir='ltr'><strong>sub</strong></span> <span class='ocrx_word' id='word_1_121' title='bbox 1407 1809 1624 1877; x_wconf 78' lang='lat' dir='ltr'><strong>pra-fato</strong></span> <span class='ocrx_word' id='word_1_122' title='bbox 1671 1811 1990 1879; x_wconf 85' lang='lat' dir='ltr'><strong>imperatore</strong></span> <span class='ocrx_word' id='word_1_123' title='bbox 2028 1826 2146 1865; x_wconf 90' lang='lat' dir='ltr'><strong>cum</strong></span> 
     </span>
    </p>
   </div>
   <div class='ocr_carea' id='block_1_19' title="bbox 579 1899 2145 1970">
    <p class='ocr_par' dir='ltr' id='par_1_19' title="bbox 579 1899 2145 1970">
     <span class='ocr_line' id='line_1_19' title="bbox 579 1899 2145 1970; baseline -0.001 -15"><span class='ocrx_word' id='word_1_124' title='bbox 579 1910 723 1956; x_wconf 87' lang='lat' dir='ltr'><strong>esset</strong></span> <span class='ocrx_word' id='word_1_125' title='bbox 755 1899 928 1962; x_wconf 77' lang='lat' dir='ltr'><strong>miles,</strong></span> <span class='ocrx_word' id='word_1_126' title='bbox 961 1908 1014 1952; x_wconf 92' lang='lat' dir='ltr'><strong>et</strong></span> <span class='ocrx_word' id='word_1_127' title='bbox 1045 1908 1363 1967; x_wconf 76' lang='lat' dir='ltr'><strong>praeceptum</strong></span> <span class='ocrx_word' id='word_1_128' title='bbox 1395 1900 1660 1966; x_wconf 79' lang='lat' dir='ltr'><strong>audisset,</strong></span> <span class='ocrx_word' id='word_1_129' title='bbox 1692 1910 1747 1954; x_wconf 92' lang='lat' dir='ltr'><strong>ut</strong></span> <span class='ocrx_word' id='word_1_130' title='bbox 1775 1901 2012 1970; x_wconf 86' lang='lat' dir='ltr'><strong>quisquis</strong></span> <span class='ocrx_word' id='word_1_131' title='bbox 2043 1919 2145 1955; x_wconf 91' lang='lat' dir='ltr'><strong>non</strong></span> 
     </span>
    </p>
   </div>
   <div class='ocr_carea' id='block_1_20' title="bbox 2253 720 3824 804">
    <p class='ocr_par' dir='ltr' id='par_1_20' title="bbox 2253 720 3824 804">
     <span class='ocr_line' id='line_1_20' title="bbox 2253 720 3824 804; baseline 0.007 -31"><span class='ocrx_word' id='word_1_132' title='bbox 2253 721 2422 773; x_wconf 83' lang='lat' dir='ltr'><strong>sancti</strong></span> <span class='ocrx_word' id='word_1_133' title='bbox 2458 720 2670 774; x_wconf 83' lang='lat' dir='ltr'><strong>Maximi</strong></span> <span class='ocrx_word' id='word_1_134' title='bbox 2703 723 2996 793; x_wconf 88' lang='lat' dir='ltr'><strong>presbyteri</strong></span> <span class='ocrx_word' id='word_1_135' title='bbox 3041 735 3094 780; x_wconf 90' lang='lat' dir='ltr'><strong>et</strong></span> <span class='ocrx_word' id='word_1_136' title='bbox 3143 727 3546 804; x_wconf 81' lang='lat' dir='ltr'><strong>martyris,&#39;qui</strong></span> <span class='ocrx_word' id='word_1_137' title='bbox 3586 745 3618 797; x_wconf 87' lang='lat' dir='ltr'><strong>p</strong></span> <span class='ocrx_word' id='word_1_138' title='bbox 3682 747 3824 784; x_wconf 76' lang='lat' dir='ltr'><strong>set-tt-</strong></span> 
     </span>
    </p>
   </div>
   <div class='ocr_carea' id='block_1_21' title="bbox 2255 811 3816 882">
    <p class='ocr_par' dir='ltr' id='par_1_21' title="bbox 2255 811 3816 882">
     <span class='ocr_line' id='line_1_21' title="bbox 2255 811 3816 882; baseline 0.009 -20"><span class='ocrx_word' id='word_1_139' title='bbox 2255 813 2396 863; x_wconf 86' lang='lat' dir='ltr'><strong>tione</strong></span> <span class='ocrx_word' id='word_1_140' title='bbox 2453 811 2720 865; x_wconf 76' lang='lat' dir='ltr'><strong>Maximini</strong></span> <span class='ocrx_word' id='word_1_141' title='bbox 2779 828 3006 880; x_wconf 88' lang='lat' dir='ltr'><strong>passus,</strong></span> <span class='ocrx_word' id='word_1_142' title='bbox 3069 817 3268 882; x_wconf 87' lang='lat' dir='ltr'><strong>positus</strong></span> <span class='ocrx_word' id='word_1_143' title='bbox 3319 825 3405 871; x_wconf 90' lang='lat' dir='ltr'><strong>est</strong></span> <span class='ocrx_word' id='word_1_144' title='bbox 3463 817 3530 868; x_wconf 87' lang='lat' dir='ltr'><strong>ad</strong></span> <span class='ocrx_word' id='word_1_145' title='bbox 3649 831 3816 877; x_wconf 89' lang='lat' dir='ltr'><strong>nctutn</strong></span> 
     </span>
    </p>
   </div>
   <div class='ocr_carea' id='block_1_22' title="bbox 2252 898 3816 977">
    <p class='ocr_par' dir='ltr' id='par_1_22' title="bbox 2252 898 3816 977">
     <span class='ocr_line' id='line_1_22' title="bbox 2252 898 3816 977; baseline 0.008 -24"><span class='ocrx_word' id='word_1_146' title='bbox 2252 898 2480 953; x_wconf 76' lang='lat' dir='ltr'><strong>Sixtum.</strong></span> <span class='ocrx_word' id='word_1_147' title='bbox 2511 899 2707 954; x_wconf 86' lang='lat' dir='ltr'><strong>Gelasii</strong></span> <span class='ocrx_word' id='word_1_148' title='bbox 2736 916 2884 970; x_wconf 65' lang='lat' dir='ltr'><strong>papae</strong></span> <span class='ocrx_word' id='word_1_149' title='bbox 2905 943 2919 966; x_wconf 90' lang='lat'><strong>,</strong></span> <span class='ocrx_word' id='word_1_150' title='bbox 2953 904 3040 972; x_wconf 89' lang='lat' dir='ltr'><strong>qui</strong></span> <span class='ocrx_word' id='word_1_151' title='bbox 3072 905 3207 959; x_wconf 72' lang='lat' dir='ltr'><strong>sedit</strong></span> <span class='ocrx_word' id='word_1_152' title='bbox 3237 906 3288 959; x_wconf 91' lang='lat' dir='ltr'><strong>in</strong></span> <span class='ocrx_word' id='word_1_153' title='bbox 3319 908 3627 977; x_wconf 86' lang='lat' dir='ltr'><strong>episc0patu</strong></span> <span class='ocrx_word' id='word_1_154' title='bbox 3659 924 3816 966; x_wconf 85' lang='lat' dir='ltr'><strong>annos</strong></span> 
     </span>
    </p>
   </div>
   <div class='ocr_carea' id='block_1_23' title="bbox 2251 991 3813 1069">
    <p class='ocr_par' dir='ltr' id='par_1_23' title="bbox 2251 991 3813 1069">
     <span class='ocr_line' id='line_1_23' title="bbox 2251 991 3813 1069; baseline 0.013 -32"><span class='ocrx_word' id='word_1_155' title='bbox 2251 997 2498 1057; x_wconf 71' lang='lat' dir='ltr'><strong>quatuor.</strong></span> <span class='ocrx_word' id='word_1_156' title='bbox 2549 991 2642 1043; x_wconf 86' lang='lat' dir='ltr'><strong>llic</strong></span> <span class='ocrx_word' id='word_1_157' title='bbox 2683 993 2953 1044; x_wconf 80' lang='lat' dir='ltr'><strong>revocavit</strong></span> <span class='ocrx_word' id='word_1_158' title='bbox 2995 993 3263 1048; x_wconf 86' lang='lat' dir='ltr'><strong>Meseuum</strong></span> <span class='ocrx_word' id='word_1_159' title='bbox 3291 996 3632 1064; x_wconf 86' lang='lat' dir='ltr'><strong>episc0pum,</strong></span> <span class='ocrx_word' id='word_1_160' title='bbox 3664 1017 3813 1069; x_wconf 81' lang='lat' dir='ltr'><strong>quem</strong></span> 
     </span>
    </p>
   </div>
   <div class='ocr_carea' id='block_1_24' title="bbox 2253 1080 3810 1153">
    <p class='ocr_par' dir='ltr' id='par_1_24' title="bbox 2253 1080 3810 1153">
     <span class='ocr_line' id='line_1_24' title="bbox 2253 1080 3810 1153; baseline 0.01 -19"><span class='ocrx_word' id='word_1_161' title='bbox 2253 1080 2401 1134; x_wconf 83' lang='lat' dir='ltr'><strong>Felix</strong></span> <span class='ocrx_word' id='word_1_162' title='bbox 2431 1089 2742 1136; x_wconf 87' lang='lat' dir='ltr'><strong>antecessor</strong></span> <span class='ocrx_word' id='word_1_163' title='bbox 2783 1084 2924 1138; x_wconf 91' lang='lat' dir='ltr'><strong>illius</strong></span> <span class='ocrx_word' id='word_1_164' title='bbox 2951 1084 3316 1153; x_wconf 86' lang='lat' dir='ltr'><strong>damnaverat,</strong></span> <span class='ocrx_word' id='word_1_165' title='bbox 3363 1099 3418 1142; x_wconf 91' lang='lat' dir='ltr'><strong>et</strong></span> <span class='ocrx_word' id='word_1_166' title='bbox 3461 1095 3810 1149; x_wconf 87' lang='lat' dir='ltr'><strong>communioni</strong></span> 
     </span>
    </p>
   </div>
   <div class='ocr_carea' id='block_1_25' title="bbox 2252 1169 3810 1256">
    <p class='ocr_par' dir='ltr' id='par_1_25' title="bbox 2252 1169 3810 1256">
     <span class='ocr_line' id='line_1_25' title="bbox 2252 1169 3810 1256; baseline 0.01 -34"><span class='ocrx_word' id='word_1_167' title='bbox 2252 1169 2613 1241; x_wconf 70' lang='lat' dir='ltr'><strong>Ecclesiaeth</strong></span> <span class='ocrx_word' id='word_1_168' title='bbox 2641 1187 2751 1226; x_wconf 74' lang='lat' dir='ltr'><strong>sua:</strong></span> <span class='ocrx_word' id='word_1_169' title='bbox 2779 1175 3031 1228; x_wconf 90' lang='lat' dir='ltr'><strong>restituit.</strong></span> <span class='ocrx_word' id='word_1_170' title='bbox 3057 1176 3148 1229; x_wconf 91' lang='lat' dir='ltr'><strong>llic</strong></span> <span class='ocrx_word' id='word_1_171' title='bbox 3179 1178 3343 1232; x_wconf 87' lang='lat' dir='ltr'><strong>libros</strong></span> <span class='ocrx_word' id='word_1_172' title='bbox 3372 1179 3626 1236; x_wconf 84' lang='lat' dir='ltr'><strong>adversus</strong></span> <span class='ocrx_word' id='word_1_173' title='bbox 3651 1184 3810 1256; x_wconf 74' lang='lat' dir='ltr'><strong>Euty-</strong></span> 
     </span>
    </p>
   </div>
   <div class='ocr_carea' id='block_1_26' title="bbox 2249 1262 3810 1333">
    <p class='ocr_par' dir='ltr' id='par_1_26' title="bbox 2249 1262 3810 1333">
     <span class='ocr_line' id='line_1_26' title="bbox 2249 1262 3810 1333; baseline 0.01 -18"><span class='ocrx_word' id='word_1_174' title='bbox 2249 1263 2383 1315; x_wconf 85' lang='lat' dir='ltr'><strong>chen</strong></span> <span class='ocrx_word' id='word_1_175' title='bbox 2438 1271 2493 1317; x_wconf 88' lang='lat' dir='ltr'><strong>et</strong></span> <span class='ocrx_word' id='word_1_176' title='bbox 2538 1262 2840 1317; x_wconf 85' lang='lat' dir='ltr'><strong>Nestorium</strong></span> <span class='ocrx_word' id='word_1_177' title='bbox 2889 1267 3210 1333; x_wconf 84' lang='lat' dir='ltr'><strong>composuit.</strong></span> <span class='ocrx_word' id='word_1_178' title='bbox 3257 1266 3473 1324; x_wconf 70' lang='lat' dir='ltr'><strong>Vienna:</strong></span> <span class='ocrx_word' id='word_1_179' title='bbox 3518 1283 3810 1330; x_wconf 86' lang='lat' dir='ltr'><strong>sanctorum</strong></span> 
     </span>
    </p>
   </div>
   <div class='ocr_carea' id='block_1_27' title="bbox 2249 1353 3813 1424">
    <p class='ocr_par' dir='ltr' id='par_1_27' title="bbox 2249 1353 3813 1424">
     <span class='ocr_line' id='line_1_27' title="bbox 2249 1353 3813 1424; baseline 0.01 -18"><span class='ocrx_word' id='word_1_180' title='bbox 2249 1363 2566 1422; x_wconf 83' lang='lat' dir='ltr'><strong>martyrum,</strong></span> <span class='ocrx_word' id='word_1_181' title='bbox 2625 1353 2900 1420; x_wconf 85' lang='lat' dir='ltr'><strong>Severini,</strong></span> <span class='ocrx_word' id='word_1_182' title='bbox 2960 1355 3211 1424; x_wconf 76' lang='lat' dir='ltr'><strong>Exuperii</strong></span> <span class='ocrx_word' id='word_1_183' title='bbox 3261 1369 3314 1413; x_wconf 91' lang='lat' dir='ltr'><strong>et</strong></span> <span class='ocrx_word' id='word_1_184' title='bbox 3361 1359 3633 1417; x_wconf 85' lang='lat' dir='ltr'><strong>Feliciani.</strong></span> <span class='ocrx_word' id='word_1_185' title='bbox 3688 1366 3813 1422; x_wconf 88' lang='lat' dir='ltr'><strong>Item</strong></span> 
     </span>
    </p>
   </div>
   <div class='ocr_carea' id='block_1_28' title="bbox 2247 1441 3810 1526">
    <p class='ocr_par' dir='ltr' id='par_1_28' title="bbox 2247 1441 3810 1526">
     <span class='ocr_line' id='line_1_28' title="bbox 2247 1441 3810 1526; baseline 0.01 -30"><span class='ocrx_word' id='word_1_186' title='bbox 2247 1441 2418 1496; x_wconf 74' lang='lat' dir='ltr'><strong>Sancti</strong></span> <span class='ocrx_word' id='word_1_187' title='bbox 2449 1442 2631 1497; x_wconf 85' lang='lat' dir='ltr'><strong>Fausti</strong></span> <span class='ocrx_word' id='word_1_188' title='bbox 2657 1445 2902 1509; x_wconf 88' lang='lat' dir='ltr'><strong>diaconi,</strong></span> <span class='ocrx_word' id='word_1_189' title='bbox 2936 1447 3021 1500; x_wconf 90' lang='lat' dir='ltr'><strong>cui</strong></span> <span class='ocrx_word' id='word_1_190' title='bbox 3048 1456 3247 1502; x_wconf 84' lang='lat' dir='ltr'><strong>tantam</strong></span> <span class='ocrx_word' id='word_1_191' title='bbox 3279 1448 3418 1506; x_wconf 85' lang='lat' dir='ltr'><strong>Deus</strong></span> <span class='ocrx_word' id='word_1_192' title='bbox 3445 1456 3666 1508; x_wconf 91' lang='lat' dir='ltr'><strong>contulit</strong></span> <span class='ocrx_word' id='word_1_193' title='bbox 3692 1473 3810 1526; x_wconf 84' lang='lat' dir='ltr'><strong>gra-</strong></span> 
     </span>
    </p>
   </div>
   <div class='ocr_carea' id='block_1_29' title="bbox 2252 1534 3811 1610">
    <p class='ocr_par' dir='ltr' id='par_1_29' title="bbox 2252 1534 3811 1610">
     <span class='ocr_line' id='line_1_29' title="bbox 2252 1534 3811 1610; baseline 0.01 -23"><span class='ocrx_word' id='word_1_194' title='bbox 2252 1534 2399 1600; x_wconf 89' lang='lat' dir='ltr'><strong>tiam,</strong></span> <span class='ocrx_word' id='word_1_195' title='bbox 2433 1550 2553 1588; x_wconf 87' lang='lat' dir='ltr'><strong>cum</strong></span> <span class='ocrx_word' id='word_1_196' title='bbox 2584 1536 2762 1590; x_wconf 90' lang='lat' dir='ltr'><strong>nullus</strong></span> <span class='ocrx_word' id='word_1_197' title='bbox 2788 1537 2854 1590; x_wconf 91' lang='lat' dir='ltr'><strong>ad</strong></span> <span class='ocrx_word' id='word_1_198' title='bbox 2885 1548 3098 1592; x_wconf 89' lang='lat' dir='ltr'><strong>sanctos</strong></span> <span class='ocrx_word' id='word_1_199' title='bbox 3129 1541 3218 1609; x_wconf 92' lang='lat' dir='ltr'><strong>qui</strong></span> <span class='ocrx_word' id='word_1_200' title='bbox 3244 1541 3631 1610; x_wconf 83' lang='lat' dir='ltr'><strong>aflligebantur,</strong></span> <span class='ocrx_word' id='word_1_201' title='bbox 3661 1563 3811 1604; x_wconf 87' lang='lat' dir='ltr'><strong>acce-</strong></span> 
     </span>
    </p>
   </div>
   <div class='ocr_carea' id='block_1_30' title="bbox 2247 1625 3812 1704">
    <p class='ocr_par' dir='ltr' id='par_1_30' title="bbox 2247 1625 3812 1704">
     <span class='ocr_line' id='line_1_30' title="bbox 2247 1625 3812 1704; baseline 0.01 -26"><span class='ocrx_word' id='word_1_202' title='bbox 2247 1625 2373 1678; x_wconf 89' lang='lat' dir='ltr'><strong>dere</strong></span> <span class='ocrx_word' id='word_1_203' title='bbox 2401 1628 2823 1693; x_wconf 72' lang='lat' dir='ltr'><strong>prazsumpsisset</strong></span> <span class='ocrx_word' id='word_1_204' title='bbox 2843 1669 2858 1692; x_wconf 94' lang='lat'><strong>,</strong></span> <span class='ocrx_word' id='word_1_205' title='bbox 2901 1625 2989 1682; x_wconf 88' lang='lat' dir='ltr'><strong>isti</strong></span> <span class='ocrx_word' id='word_1_206' title='bbox 3019 1644 3120 1683; x_wconf 86' lang='lat' dir='ltr'><strong>una</strong></span> <span class='ocrx_word' id='word_1_207' title='bbox 3148 1645 3266 1684; x_wconf 92' lang='lat' dir='ltr'><strong>cum</strong></span> <span class='ocrx_word' id='word_1_208' title='bbox 3296 1633 3493 1704; x_wconf 80' lang='lat' dir='ltr'><strong>collega</strong></span> <span class='ocrx_word' id='word_1_209' title='bbox 3524 1652 3620 1689; x_wconf 91' lang='lat' dir='ltr'><strong>suo</strong></span> <span class='ocrx_word' id='word_1_210' title='bbox 3655 1639 3812 1693; x_wconf 87' lang='lat' dir='ltr'><strong>Ense-</strong></span> 
     </span>
    </p>
   </div>
   <div class='ocr_carea' id='block_1_31' title="bbox 2249 1715 3810 1790">
    <p class='ocr_par' dir='ltr' id='par_1_31' title="bbox 2249 1715 3810 1790">
     <span class='ocr_line' id='line_1_31' title="bbox 2249 1715 3810 1790; baseline 0.011 -23"><span class='ocrx_word' id='word_1_211' title='bbox 2249 1715 2336 1768; x_wconf 91' lang='lat' dir='ltr'><strong>hio</strong></span> <span class='ocrx_word' id='word_1_212' title='bbox 2365 1717 2601 1780; x_wconf 89' lang='lat' dir='ltr'><strong>nomine,</strong></span> <span class='ocrx_word' id='word_1_213' title='bbox 2626 1716 2804 1771; x_wconf 90' lang='lat' dir='ltr'><strong>invitis</strong></span> <span class='ocrx_word' id='word_1_214' title='bbox 2834 1720 3083 1776; x_wconf 89' lang='lat' dir='ltr'><strong>omnlbus</strong></span> <span class='ocrx_word' id='word_1_215' title='bbox 3108 1719 3372 1790; x_wconf 87' lang='lat' dir='ltr'><strong>hostibus,</strong></span> <span class='ocrx_word' id='word_1_216' title='bbox 3397 1726 3460 1776; x_wconf 86' lang='lat' dir='ltr'><strong>ad</strong></span> <span class='ocrx_word' id='word_1_217' title='bbox 3483 1726 3810 1784; x_wconf 81' lang='lat' dir='ltr'><strong>confessores</strong></span> 
     </span>
    </p>
   </div>
   <div class='ocr_carea' id='block_1_32' title="bbox 2247 1807 3811 1886">
    <p class='ocr_par' dir='ltr' id='par_1_32' title="bbox 2247 1807 3811 1886">
     <span class='ocr_line' id='line_1_32' title="bbox 2247 1807 3811 1886; baseline 0.008 -25"><span class='ocrx_word' id='word_1_218' title='bbox 2247 1807 2444 1862; x_wconf 84' lang='lat' dir='ltr'><strong>Christi</strong></span> <span class='ocrx_word' id='word_1_219' title='bbox 2485 1823 2588 1862; x_wconf 89' lang='lat' dir='ltr'><strong>non</strong></span> <span class='ocrx_word' id='word_1_220' title='bbox 2631 1809 2923 1879; x_wconf 87' lang='lat' dir='ltr'><strong>negabatur</strong></span> <span class='ocrx_word' id='word_1_221' title='bbox 2961 1810 3252 1879; x_wconf 89' lang='lat' dir='ltr'><strong>ingressus.</strong></span> <span class='ocrx_word' id='word_1_222' title='bbox 3286 1813 3614 1871; x_wconf 69' lang='lat' dir='ltr'><strong>Grandaevus</strong></span> <span class='ocrx_word' id='word_1_223' title='bbox 3658 1821 3811 1886; x_wconf 77' lang='lat' dir='ltr'><strong>igitur</strong></span> 
     </span>
    </p>
   </div>
   <div class='ocr_carea' id='block_1_33' title="bbox 2249 1904 3812 1978">
    <p class='ocr_par' dir='ltr' id='par_1_33' title="bbox 2249 1904 3812 1978">
     <span class='ocr_line' id='line_1_33' title="bbox 2249 1904 3812 1978; baseline 0.006 -20"><span class='ocrx_word' id='word_1_224' title='bbox 2249 1904 2437 1959; x_wconf 89' lang='lat' dir='ltr'><strong>beatus</strong></span> <span class='ocrx_word' id='word_1_225' title='bbox 2479 1904 2711 1960; x_wconf 83' lang='lat' dir='ltr'><strong>Faustus</strong></span> <span class='ocrx_word' id='word_1_226' title='bbox 2751 1905 3160 1962; x_wconf 86' lang='lat' dir='ltr'><strong>obtruncatione</strong></span> <span class='ocrx_word' id='word_1_227' title='bbox 3198 1910 3384 1978; x_wconf 85' lang='lat' dir='ltr'><strong>capitis</strong></span> <span class='ocrx_word' id='word_1_228' title='bbox 3421 1913 3812 1968; x_wconf 78' lang='lat' dir='ltr'><strong>consummatus</strong></span> 
     </span>
    </p>
   </div>
   <div class='ocr_carea' id='block_1_34' title="bbox 575 1988 3810 2059">
    <p class='ocr_par' dir='ltr' id='par_1_34' title="bbox 575 1988 3810 2059">
     <span class='ocr_line' id='line_1_34' title="bbox 575 1988 3810 2059; baseline 0.004 -14"><span class='ocrx_word' id='word_1_229' title='bbox 575 1992 900 2046; x_wconf 81' lang='lat' dir='ltr'><strong>sacrificaret</strong></span> <span class='ocrx_word' id='word_1_230' title='bbox 938 1989 1124 2052; x_wconf 88' lang='lat' dir='ltr'><strong>idolis,</strong></span> <span class='ocrx_word' id='word_1_231' title='bbox 1154 1989 1418 2059; x_wconf 82' lang='lat' dir='ltr'><strong>cingulum</strong></span> <span class='ocrx_word' id='word_1_232' title='bbox 1452 1991 1718 2057; x_wconf 87' lang='lat' dir='ltr'><strong>solveret,</strong></span> <span class='ocrx_word' id='word_1_233' title='bbox 1753 1992 1822 2046; x_wconf 89' lang='lat' dir='ltr'><strong>ob</strong></span> <span class='ocrx_word' id='word_1_234' title='bbox 1853 1993 1986 2048; x_wconf 88' lang='lat' dir='ltr'><strong>hanc</strong></span> <span class='ocrx_word' id='word_1_235' title='bbox 2014 2009 2140 2048; x_wconf 87' lang='lat' dir='ltr'><strong>cau-</strong></span> <span class='ocrx_word' id='word_1_236' title='bbox 2178 1988 2218 2046; x_wconf 86' lang='lat' dir='ltr'>B</span> <span class='ocrx_word' id='word_1_237' title='bbox 2246 2006 2347 2050; x_wconf 88' lang='lat' dir='ltr'><strong>est.</strong></span> <span class='ocrx_word' id='word_1_238' title='bbox 2383 1996 2579 2050; x_wconf 84' lang='lat' dir='ltr'><strong>Eodem</strong></span> <span class='ocrx_word' id='word_1_239' title='bbox 2611 1996 2698 2052; x_wconf 90' lang='lat' dir='ltr'><strong>die</strong></span> <span class='ocrx_word' id='word_1_240' title='bbox 2729 1997 2780 2052; x_wconf 92' lang='lat' dir='ltr'><strong>in</strong></span> <span class='ocrx_word' id='word_1_241' title='bbox 2821 1996 3100 2053; x_wconf 87' lang='lat' dir='ltr'><strong>Marburch</strong></span> <span class='ocrx_word' id='word_1_242' title='bbox 3129 1999 3298 2055; x_wconf 68' lang='lat' dir='ltr'><strong>beata:</strong></span> <span class='ocrx_word' id='word_1_243' title='bbox 3337 2001 3605 2058; x_wconf 86' lang='lat' dir='ltr'><strong>Elisabeth</strong></span> <span class='ocrx_word' id='word_1_244' title='bbox 3635 2004 3810 2059; x_wconf 84' lang='lat' dir='ltr'><strong>Land-</strong></span> 
     </span>
    </p>
   </div>
   <div class='ocr_carea' id='block_1_35' title="bbox 573 2081 2145 2155">
    <p class='ocr_par' dir='ltr' id='par_1_35' title="bbox 573 2081 2145 2155">
     <span class='ocr_line' id='line_1_35' title="bbox 573 2081 2145 2155; baseline 0.001 -18"><span class='ocrx_word' id='word_1_245' title='bbox 573 2098 687 2137; x_wconf 84' lang='lat' dir='ltr'><strong>sam</strong></span> <span class='ocrx_word' id='word_1_246' title='bbox 744 2084 1032 2150; x_wconf 80' lang='lat' dir='ltr'><strong>imperator</strong></span> <span class='ocrx_word' id='word_1_247' title='bbox 1080 2081 1292 2136; x_wconf 89' lang='lat' dir='ltr'><strong>colobio</strong></span> <span class='ocrx_word' id='word_1_248' title='bbox 1341 2081 1584 2136; x_wconf 85' lang='lat' dir='ltr'><strong>muliebri</strong></span> <span class='ocrx_word' id='word_1_249' title='bbox 1640 2084 1914 2150; x_wconf 85' lang='lat' dir='ltr'><strong>indutum,</strong></span> <span class='ocrx_word' id='word_1_250' title='bbox 1972 2086 2145 2155; x_wconf 87' lang='lat' dir='ltr'><strong>primo</strong></span> 
     </span>
    </p>
   </div>
   <div class='ocr_carea' id='block_1_36' title="bbox 576 2172 2142 2244">
    <p class='ocr_par' dir='ltr' id='par_1_36' title="bbox 576 2172 2142 2244">
     <span class='ocr_line' id='line_1_36' title="bbox 576 2172 2142 2244; baseline 0.002 -16"><span class='ocrx_word' id='word_1_251' title='bbox 576 2190 697 2229; x_wconf 89' lang='lat' dir='ltr'><strong>eum</strong></span> <span class='ocrx_word' id='word_1_252' title='bbox 747 2175 796 2227; x_wconf 93' lang='lat' dir='ltr'><strong>in</strong></span> <span class='ocrx_word' id='word_1_253' title='bbox 841 2173 1136 2244; x_wconf 66' lang='lat' dir='ltr'><strong>gynmcium</strong></span> <span class='ocrx_word' id='word_1_254' title='bbox 1180 2172 1354 2237; x_wconf 89' lang='lat' dir='ltr'><strong>dedit;</strong></span> <span class='ocrx_word' id='word_1_255' title='bbox 1402 2173 1594 2228; x_wconf 91' lang='lat' dir='ltr'><strong>deinde</strong></span> <span class='ocrx_word' id='word_1_256' title='bbox 1637 2175 1795 2242; x_wconf 87' lang='lat' dir='ltr'><strong>ligato</strong></span> <span class='ocrx_word' id='word_1_257' title='bbox 1833 2175 1882 2229; x_wconf 90' lang='lat' dir='ltr'><strong>itt</strong></span> <span class='ocrx_word' id='word_1_258' title='bbox 1923 2177 2142 2231; x_wconf 78' lang='lat' dir='ltr'><strong>dextera</strong></span> 
     </span>
    </p>
   </div>
   <div class='ocr_carea' id='block_1_37' title="bbox 574 2265 2142 2337">
    <p class='ocr_par' dir='ltr' id='par_1_37' title="bbox 574 2265 2142 2337">
     <span class='ocr_line' id='line_1_37' title="bbox 574 2265 2142 2337; baseline 0.001 -16"><span class='ocrx_word' id='word_1_259' title='bbox 574 2267 692 2335; x_wconf 86' lang='lat' dir='ltr'><strong>ejus</strong></span> <span class='ocrx_word' id='word_1_260' title='bbox 721 2281 850 2320; x_wconf 79' lang='lat' dir='ltr'><strong>saxo</strong></span> <span class='ocrx_word' id='word_1_261' title='bbox 879 2267 1100 2334; x_wconf 83' lang='lat' dir='ltr'><strong>ingenti,</strong></span> <span class='ocrx_word' id='word_1_262' title='bbox 1134 2265 1257 2319; x_wconf 90' lang='lat' dir='ltr'><strong>inde</strong></span> <span class='ocrx_word' id='word_1_263' title='bbox 1287 2266 1337 2319; x_wconf 94' lang='lat' dir='ltr'><strong>in</strong></span> <span class='ocrx_word' id='word_1_264' title='bbox 1366 2265 1586 2319; x_wconf 80' lang='lat' dir='ltr'><strong>ﬂuvium</strong></span> <span class='ocrx_word' id='word_1_265' title='bbox 1621 2266 1932 2336; x_wconf 65' lang='lat' dir='ltr'><strong>praecipitari</strong></span> <span class='ocrx_word' id='word_1_266' title='bbox 1962 2268 2142 2337; x_wconf 88' lang='lat' dir='ltr'><strong>jussit.</strong></span> 
     </span>
    </p>
   </div>
   <div class='ocr_carea' id='block_1_38' title="bbox 573 2355 1934 2425">
    <p class='ocr_par' dir='ltr' id='par_1_38' title="bbox 573 2355 1934 2425">
     <span class='ocr_line' id='line_1_38' title="bbox 573 2355 1934 2425; baseline 0.001 -13"><span class='ocrx_word' id='word_1_267' title='bbox 573 2358 770 2412; x_wconf 88' lang='lat' dir='ltr'><strong>Oetava</strong></span> <span class='ocrx_word' id='word_1_268' title='bbox 802 2357 968 2410; x_wconf 78' lang='lat' dir='ltr'><strong>sautti</strong></span> <span class='ocrx_word' id='word_1_269' title='bbox 1001 2355 1209 2411; x_wconf 83' lang='lat' dir='ltr'><strong>Martini</strong></span> <span class='ocrx_word' id='word_1_270' title='bbox 1240 2355 1473 2425; x_wconf 76' lang='lat' dir='ltr'><strong>episcttpi</strong></span> <span class='ocrx_word' id='word_1_271' title='bbox 1505 2365 1559 2411; x_wconf 88' lang='lat' dir='ltr'><strong>et</strong></span> <span class='ocrx_word' id='word_1_272' title='bbox 1592 2357 1934 2413; x_wconf 81' lang='lat' dir='ltr'><strong>confessoris.</strong></span> 
     </span>
    </p>
   </div>
   <div class='ocr_carea' id='block_1_39' title="bbox 2249 2102 2466 2158">
    <p class='ocr_par' dir='ltr' id='par_1_39' title="bbox 2249 2102 2466 2158">
     <span class='ocr_line' id='line_1_39' title="bbox 2249 2102 2466 2158; baseline 0.014 -20"><span class='ocrx_word' id='word_1_273' title='bbox 2249 2102 2466 2158; x_wconf 61' lang='lat' dir='ltr'><strong>gravitr.</strong></span> 
     </span>
    </p>
   </div>
   <div class='ocr_carea' id='block_1_40' title="bbox 2325 2177 3812 2255">
    <p class='ocr_par' dir='ltr' id='par_1_40' title="bbox 2325 2177 3812 2255">
     <span class='ocr_line' id='line_1_40' title="bbox 2325 2177 3812 2255; baseline 0.006 -23"><span class='ocrx_word' id='word_1_274' title='bbox 2325 2179 2384 2232; x_wconf 85' lang='grc' dir='ltr'>Β.</span> <span class='ocrx_word' id='word_1_275' title='bbox 2414 2177 2506 2232; x_wconf 69' lang='grc' dir='ltr'><strong>χιι</strong></span> <span class='ocrx_word' id='word_1_276' title='bbox 2538 2177 2670 2232; x_wconf 81' lang='grc' dir='ltr'>ΚΑι..</span> <span class='ocrx_word' id='word_1_277' title='bbox 2706 2177 2942 2232; x_wconf 73' lang='lat' dir='ltr'><strong>Densus.</strong></span> <span class='ocrx_word' id='word_1_278' title='bbox 2976 2178 3159 2234; x_wconf 64' lang='lat' dir='ltr'><strong>Roma</strong></span> <span class='ocrx_word' id='word_1_279' title='bbox 3185 2184 3352 2236; x_wconf 87' lang='lat' dir='ltr'><strong>sancti</strong></span> <span class='ocrx_word' id='word_1_280' title='bbox 3381 2182 3613 2239; x_wconf 88' lang='lat' dir='ltr'><strong>Pontiani</strong></span> <span class='ocrx_word' id='word_1_281' title='bbox 3647 2201 3812 2255; x_wconf 70' lang='lat' dir='ltr'><strong>papae,</strong></span> 
     </span>
    </p>
   </div>
   <div class='ocr_carea' id='block_1_41' title="bbox 2252 2269 3814 2344">
    <p class='ocr_par' dir='ltr' id='par_1_41' title="bbox 2252 2269 3814 2344">
     <span class='ocr_line' id='line_1_41' title="bbox 2252 2269 3814 2344; baseline 0.006 -22"><span class='ocrx_word' id='word_1_282' title='bbox 2252 2271 2341 2339; x_wconf 92' lang='lat' dir='ltr'><strong>qui</strong></span> <span class='ocrx_word' id='word_1_283' title='bbox 2391 2269 2672 2322; x_wconf 81' lang='lat' dir='ltr'><strong>Maximino</strong></span> <span class='ocrx_word' id='word_1_284' title='bbox 2700 2269 2964 2323; x_wconf 84' lang='lat' dir='ltr'><strong>adversus.</strong></span> <span class='ocrx_word' id='word_1_285' title='bbox 2995 2271 3345 2325; x_wconf 89' lang='lat' dir='ltr'><strong>Ecclesiarum</strong></span> <span class='ocrx_word' id='word_1_286' title='bbox 3370 2277 3669 2330; x_wconf 82' lang='lat' dir='ltr'><strong>sacerdotes</strong></span> <span class='ocrx_word' id='word_1_287' title='bbox 3700 2292 3814 2344; x_wconf 81' lang='lat' dir='ltr'><strong>per-</strong></span> 
     </span>
    </p>
   </div>
   <div class='ocr_carea' id='block_1_42' title="bbox 2259 2360 3815 2436">
    <p class='ocr_par' dir='ltr' id='par_1_42' title="bbox 2259 2360 3815 2436">
     <span class='ocr_line' id='line_1_42' title="bbox 2259 2360 3815 2436; baseline 0.004 -21"><span class='ocrx_word' id='word_1_288' title='bbox 2259 2360 2589 2415; x_wconf 85' lang='lat' dir='ltr'><strong>secutionem</strong></span> <span class='ocrx_word' id='word_1_289' title='bbox 2619 2369 2991 2416; x_wconf 83' lang='lat' dir='ltr'><strong>commovente</strong></span> <span class='ocrx_word' id='word_1_290' title='bbox 3035 2376 3154 2415; x_wconf 89' lang='lat' dir='ltr'><strong>cum</strong></span> <span class='ocrx_word' id='word_1_291' title='bbox 3183 2361 3463 2434; x_wconf 84' lang='lat' dir='ltr'><strong>Hippolyto</strong></span> <span class='ocrx_word' id='word_1_292' title='bbox 3488 2368 3815 2436; x_wconf 82' lang='lat' dir='ltr'><strong>presbytero,</strong></span> 
     </span>
    </p>
   </div>
   <div class='ocr_carea' id='block_1_43' title="bbox 1791 2449 2549 2510">
    <p class='ocr_par' dir='ltr' id='par_1_43' title="bbox 1791 2449 2549 2510">
     <span class='ocr_line' id='line_1_43' title="bbox 1791 2449 2549 2510; baseline 0.001 -4"><span class='ocrx_word' id='word_1_293' title='bbox 1791 2449 2014 2508; x_wconf 86' lang='lat' dir='ltr'><strong>EDITIO</strong></span> <span class='ocrx_word' id='word_1_294' title='bbox 2055 2453 2549 2510; x_wconf 69' lang='lat' dir='ltr'><strong>BOLLANDIANA.</strong></span> 
     </span>
    </p>
   </div>
   <div class='ocr_carea' id='block_1_44' title="bbox 574 2541 2147 2613">
    <p class='ocr_par' dir='ltr' id='par_1_44' title="bbox 574 2541 2147 2613">
     <span class='ocr_line' id='line_1_44' title="bbox 574 2541 2147 2613; baseline 0.003 -17"><span class='ocrx_word' id='word_1_295' title='bbox 574 2552 835 2598; x_wconf 71' lang='lat' dir='ltr'><strong>tormenta</strong></span> <span class='ocrx_word' id='word_1_296' title='bbox 867 2556 1026 2596; x_wconf 74' lang='lat' dir='ltr'><strong>mers:</strong></span> <span class='ocrx_word' id='word_1_297' title='bbox 1056 2552 1178 2596; x_wconf 89' lang='lat' dir='ltr'><strong>sunt</strong></span> <span class='ocrx_word' id='word_1_298' title='bbox 1209 2543 1258 2596; x_wconf 89' lang='lat' dir='ltr'><strong>itt</strong></span> <span class='ocrx_word' id='word_1_299' title='bbox 1285 2541 1520 2606; x_wconf 81' lang='lat' dir='ltr'><strong>fluvium,</strong></span> <span class='ocrx_word' id='word_1_300' title='bbox 1553 2541 1779 2612; x_wconf 81' lang='lat' dir='ltr'><strong>alligatis</strong></span> <span class='ocrx_word' id='word_1_301' title='bbox 1805 2543 1869 2597; x_wconf 86' lang='lat' dir='ltr'><strong>ad</strong></span> <span class='ocrx_word' id='word_1_302' title='bbox 1894 2545 2027 2598; x_wconf 86' lang='lat' dir='ltr'><strong>colla</strong></span> <span class='ocrx_word' id='word_1_303' title='bbox 2057 2561 2147 2613; x_wconf 90' lang='lat' dir='ltr'><strong>pe-</strong></span> 
     </span>
    </p>
   </div>
   <div class='ocr_carea' id='block_1_45' title="bbox 571 2633 2150 2704">
    <p class='ocr_par' dir='ltr' id='par_1_45' title="bbox 571 2633 2150 2704">
     <span class='ocr_line' id='line_1_45' title="bbox 571 2633 2150 2704; baseline 0.001 -16"><span class='ocrx_word' id='word_1_304' title='bbox 571 2636 748 2690; x_wconf 90' lang='lat' dir='ltr'><strong>dibus.</strong></span> <span class='ocrx_word' id='word_1_305' title='bbox 798 2634 946 2689; x_wconf 78' lang='lat' dir='ltr'><strong>L&#39;nde</strong></span> <span class='ocrx_word' id='word_1_306' title='bbox 995 2635 1188 2688; x_wconf 91' lang='lat' dir='ltr'><strong>virtute</strong></span> <span class='ocrx_word' id='word_1_307' title='bbox 1223 2633 1432 2688; x_wconf 89' lang='lat' dir='ltr'><strong>Domini</strong></span> <span class='ocrx_word' id='word_1_308' title='bbox 1469 2644 1744 2700; x_wconf 85' lang='lat' dir='ltr'><strong>exeuntes,</strong></span> <span class='ocrx_word' id='word_1_309' title='bbox 1775 2634 1971 2704; x_wconf 83' lang='lat' dir='ltr'><strong>alligati</strong></span> <span class='ocrx_word' id='word_1_310' title='bbox 2025 2644 2150 2691; x_wconf 87' lang='lat' dir='ltr'><strong>sunt</strong></span> 
     </span>
    </p>
   </div>
   <div class='ocr_carea' id='block_1_46' title="bbox 570 2724 2145 2793">
    <p class='ocr_par' dir='ltr' id='par_1_46' title="bbox 570 2724 2145 2793">
     <span class='ocr_line' id='line_1_46' title="bbox 570 2724 2145 2793; baseline 0.001 -14"><span class='ocrx_word' id='word_1_311' title='bbox 570 2727 721 2789; x_wconf 85' lang='lat' dir='ltr'><strong>rotis,</strong></span> <span class='ocrx_word' id='word_1_312' title='bbox 751 2734 806 2780; x_wconf 89' lang='lat' dir='ltr'><strong>et</strong></span> <span class='ocrx_word' id='word_1_313' title='bbox 826 2739 986 2793; x_wconf 90' lang='lat' dir='ltr'><strong>super</strong></span> <span class='ocrx_word' id='word_1_314' title='bbox 1014 2724 1189 2792; x_wconf 83' lang='lat' dir='ltr'><strong>ignem</strong></span> <span class='ocrx_word' id='word_1_315' title='bbox 1221 2724 1460 2788; x_wconf 84' lang='lat' dir='ltr'><strong>volutati,</strong></span> <span class='ocrx_word' id='word_1_316' title='bbox 1513 2724 1583 2777; x_wconf 89' lang='lat' dir='ltr'><strong>ita</strong></span> <span class='ocrx_word' id='word_1_317' title='bbox 1613 2737 1669 2778; x_wconf 91' lang='lat' dir='ltr'><strong>ut</strong></span> <span class='ocrx_word' id='word_1_318' title='bbox 1698 2726 1932 2779; x_wconf 89' lang='lat' dir='ltr'><strong>membra</strong></span> <span class='ocrx_word' id='word_1_319' title='bbox 1961 2741 2145 2781; x_wconf 89' lang='lat' dir='ltr'><strong>eorum</strong></span> 
     </span>
    </p>
   </div>
   <div class='ocr_carea' id='block_1_47' title="bbox 569 2817 2150 2887">
    <p class='ocr_par' dir='ltr' id='par_1_47' title="bbox 569 2817 2150 2887">
     <span class='ocr_line' id='line_1_47' title="bbox 569 2817 2150 2887; baseline 0.001 -16"><span class='ocrx_word' id='word_1_320' title='bbox 569 2827 968 2887; x_wconf 70' lang='lat' dir='ltr'><strong>quassarentur.</strong></span> <span class='ocrx_word' id='word_1_321' title='bbox 1013 2817 1204 2872; x_wconf 82' lang='lat' dir='ltr'><strong>Postea</strong></span> <span class='ocrx_word' id='word_1_322' title='bbox 1257 2832 1380 2870; x_wconf 79' lang='lat' dir='ltr'><strong>vt-ro</strong></span> <span class='ocrx_word' id='word_1_323' title='bbox 1427 2817 1698 2883; x_wconf 78' lang='lat' dir='ltr'><strong>Victoria,</strong></span> <span class='ocrx_word' id='word_1_324' title='bbox 1752 2819 2004 2873; x_wconf 87' lang='lat' dir='ltr'><strong>mamillis</strong></span> <span class='ocrx_word' id='word_1_325' title='bbox 2056 2821 2150 2874; x_wconf 91' lang='lat' dir='ltr'><strong>ah-</strong></span> 
     </span>
    </p>
   </div>
   <div class='ocr_carea' id='block_1_48' title="bbox 569 2907 2143 2978">
    <p class='ocr_par' dir='ltr' id='par_1_48' title="bbox 569 2907 2143 2978">
     <span class='ocr_line' id='line_1_48' title="bbox 569 2907 2143 2978; baseline 0.001 -16"><span class='ocrx_word' id='word_1_326' title='bbox 569 2911 748 2964; x_wconf 74' lang='lat' dir='ltr'><strong>scissis</strong></span> <span class='ocrx_word' id='word_1_327' title='bbox 780 2911 1061 2976; x_wconf 79' lang='lat' dir='ltr'><strong>linguaque</strong></span> <span class='ocrx_word' id='word_1_328' title='bbox 1100 2916 1390 2974; x_wconf 89' lang='lat' dir='ltr'><strong>amputata,</strong></span> <span class='ocrx_word' id='word_1_329' title='bbox 1428 2908 1642 2977; x_wconf 87' lang='lat' dir='ltr'><strong>dignum</strong></span> <span class='ocrx_word' id='word_1_330' title='bbox 1674 2907 1783 2963; x_wconf 89' lang='lat' dir='ltr'><strong>Deo</strong></span> <span class='ocrx_word' id='word_1_331' title='bbox 1808 2908 2004 2962; x_wconf 86' lang='lat' dir='ltr'><strong>efﬂavit</strong></span> <span class='ocrx_word' id='word_1_332' title='bbox 2032 2912 2143 2978; x_wconf 87' lang='lat' dir='ltr'><strong>spi-</strong></span> 
     </span>
    </p>
   </div>
   <div class='ocr_carea' id='block_1_49' title="bbox 573 2999 2143 3070">
    <p class='ocr_par' dir='ltr' id='par_1_49' title="bbox 573 2999 2143 3070">
     <span class='ocr_line' id='line_1_49' title="bbox 573 2999 2143 3070; baseline -0.001 -12"><span class='ocrx_word' id='word_1_333' title='bbox 573 3004 762 3066; x_wconf 81' lang='lat' dir='ltr'><strong>ritum;</strong></span> <span class='ocrx_word' id='word_1_334' title='bbox 817 3001 1057 3054; x_wconf 83' lang='lat' dir='ltr'><strong>Aciscltts</strong></span> <span class='ocrx_word' id='word_1_335' title='bbox 1086 3008 1259 3052; x_wconf 89' lang='lat' dir='ltr'><strong>autem</strong></span> <span class='ocrx_word' id='word_1_336' title='bbox 1309 2999 1496 3067; x_wconf 83' lang='lat' dir='ltr'><strong>capitis</strong></span> <span class='ocrx_word' id='word_1_337' title='bbox 1535 3000 1862 3055; x_wconf 89' lang='lat' dir='ltr'><strong>abscissione</strong></span> <span class='ocrx_word' id='word_1_338' title='bbox 1907 3002 2143 3070; x_wconf 90' lang='lat' dir='ltr'><strong>implevit</strong></span> 
     </span>
    </p>
   </div>
   <div class='ocr_carea' id='block_1_50' title="bbox 573 3091 2136 3163">
    <p class='ocr_par' dir='ltr' id='par_1_50' title="bbox 573 3091 2136 3163">
     <span class='ocr_line' id='line_1_50' title="bbox 573 3091 2136 3163; baseline 0.003 -17"><span class='ocrx_word' id='word_1_339' title='bbox 573 3093 884 3163; x_wconf 73' lang='lat' dir='ltr'><strong>martyrium</strong></span> <span class='ocrx_word' id='word_1_340' title='bbox 912 3091 1011 3144; x_wconf 88' lang='lat' dir='ltr'><strong>sub</strong></span> <span class='ocrx_word' id='word_1_341' title='bbox 1038 3091 1233 3144; x_wconf 85' lang='lat' dir='ltr'><strong>Sidone</strong></span> <span class='ocrx_word' id='word_1_342' title='bbox 1260 3091 1504 3156; x_wconf 63' lang='lat' dir='ltr'><strong>praeside.</strong></span> <span class='ocrx_word' id='word_1_343' title='bbox 1559 3091 1800 3146; x_wconf 60' lang='lat' dir='ltr'><strong>Cmsarea</strong></span> <span class='ocrx_word' id='word_1_344' title='bbox 1831 3094 2019 3148; x_wconf 87' lang='lat' dir='ltr'><strong>natalis</strong></span> <span class='ocrx_word' id='word_1_345' title='bbox 2041 3095 2136 3149; x_wconf 90' lang='lat' dir='ltr'><strong>SS.</strong></span> 
     </span>
    </p>
   </div>
   <div class='ocr_carea' id='block_1_51' title="bbox 567 3181 2140 3252">
    <p class='ocr_par' dir='ltr' id='par_1_51' title="bbox 567 3181 2140 3252">
     <span class='ocr_line' id='line_1_51' title="bbox 567 3181 2140 3252; baseline 0.001 -13"><span class='ocrx_word' id='word_1_346' title='bbox 567 3185 800 3248; x_wconf 71' lang='lat' dir='ltr'><strong>Maximi,</strong></span> <span class='ocrx_word' id='word_1_347' title='bbox 833 3182 1046 3237; x_wconf 90' lang='lat' dir='ltr'><strong>Luciani</strong></span> <span class='ocrx_word' id='word_1_348' title='bbox 1077 3190 1130 3236; x_wconf 91' lang='lat' dir='ltr'><strong>et</strong></span> <span class='ocrx_word' id='word_1_349' title='bbox 1157 3181 1438 3235; x_wconf 88' lang='lat' dir='ltr'><strong>Marcialis.</strong></span> <span class='ocrx_word' id='word_1_350' title='bbox 1495 3183 1791 3237; x_wconf 76' lang='lat' dir='ltr'><strong>Antiochire</strong></span> <span class='ocrx_word' id='word_1_351' title='bbox 1841 3187 2018 3252; x_wconf 87' lang='lat' dir='ltr'><strong>passio</strong></span> <span class='ocrx_word' id='word_1_352' title='bbox 2043 3186 2140 3242; x_wconf 82' lang='lat' dir='ltr'><strong>Ro-</strong></span> 
     </span>
    </p>
   </div>
   <div class='ocr_carea' id='block_1_52' title="bbox 571 3271 2140 3340">
    <p class='ocr_par' dir='ltr' id='par_1_52' title="bbox 571 3271 2140 3340">
     <span class='ocr_line' id='line_1_52' title="bbox 571 3271 2140 3340; baseline 0.003 -13"><span class='ocrx_word' id='word_1_353' title='bbox 571 3275 710 3328; x_wconf 81' lang='lat' dir='ltr'><strong>mani</strong></span> <span class='ocrx_word' id='word_1_354' title='bbox 742 3272 986 3328; x_wconf 90' lang='lat' dir='ltr'><strong>monachi</strong></span> <span class='ocrx_word' id='word_1_355' title='bbox 1017 3281 1070 3326; x_wconf 91' lang='lat' dir='ltr'><strong>et</strong></span> <span class='ocrx_word' id='word_1_356' title='bbox 1101 3271 1272 3326; x_wconf 87' lang='lat' dir='ltr'><strong>Barali</strong></span> <span class='ocrx_word' id='word_1_357' title='bbox 1304 3271 1448 3340; x_wconf 90' lang='lat' dir='ltr'><strong>pueri</strong></span> <span class='ocrx_word' id='word_1_358' title='bbox 1481 3311 1496 3336; x_wconf 92' lang='lat'><strong>,</strong></span> <span class='ocrx_word' id='word_1_359' title='bbox 1527 3273 1620 3326; x_wconf 90' lang='lat' dir='ltr'><strong>sed</strong></span> <span class='ocrx_word' id='word_1_360' title='bbox 1652 3283 1705 3327; x_wconf 90' lang='lat' dir='ltr'><strong>et</strong></span> <span class='ocrx_word' id='word_1_361' title='bbox 1743 3271 1888 3328; x_wconf 74' lang='lat' dir='ltr'><strong>Vsici</strong></span> <span class='ocrx_word' id='word_1_362' title='bbox 1915 3275 2140 3330; x_wconf 83' lang='lat' dir='ltr'><strong>Palatini</strong></span> 
     </span>
    </p>
   </div>
   <div class='ocr_carea' id='block_1_53' title="bbox 568 3365 2143 3437">
    <p class='ocr_par' dir='ltr' id='par_1_53' title="bbox 568 3365 2143 3437">
     <span class='ocr_line' id='line_1_53' title="bbox 568 3365 2143 3437; baseline 0.001 -15"><span class='ocrx_word' id='word_1_363' title='bbox 568 3371 744 3423; x_wconf 80' lang='lat' dir='ltr'><strong>militis</strong></span> <span class='ocrx_word' id='word_1_364' title='bbox 767 3371 853 3437; x_wconf 90' lang='lat' dir='ltr'><strong>qui</strong></span> <span class='ocrx_word' id='word_1_365' title='bbox 887 3376 1124 3434; x_wconf 91' lang='lat' dir='ltr'><strong>tempore</strong></span> <span class='ocrx_word' id='word_1_366' title='bbox 1157 3365 1464 3419; x_wconf 81' lang='lat' dir='ltr'><strong>Diocletiani</strong></span> <span class='ocrx_word' id='word_1_367' title='bbox 1511 3365 1850 3433; x_wconf 86' lang='lat' dir='ltr'><strong>imperatoris</strong></span> <span class='ocrx_word' id='word_1_368' title='bbox 1902 3377 1955 3422; x_wconf 88' lang='lat' dir='ltr'><strong>et</strong></span> <span class='ocrx_word' id='word_1_369' title='bbox 1985 3369 2143 3424; x_wconf 83' lang='lat' dir='ltr'><strong>Maxi-</strong></span> 
     </span>
    </p>
   </div>
   <div class='ocr_carea' id='block_1_54' title="bbox 567 3456 2141 3530">
    <p class='ocr_par' dir='ltr' id='par_1_54' title="bbox 567 3456 2141 3530">
     <span class='ocr_line' id='line_1_54' title="bbox 567 3456 2141 3530; baseline 0.003 -17"><span class='ocrx_word' id='word_1_370' title='bbox 567 3460 729 3514; x_wconf 84' lang='lat' dir='ltr'><strong>miani</strong></span> <span class='ocrx_word' id='word_1_371' title='bbox 762 3474 855 3530; x_wconf 91' lang='lat' dir='ltr'><strong>pro</strong></span> <span class='ocrx_word' id='word_1_372' title='bbox 880 3456 1077 3513; x_wconf 73' lang='lat' dir='ltr'><strong>Cillizli</strong></span> <span class='ocrx_word' id='word_1_373' title='bbox 1106 3457 1321 3512; x_wconf 91' lang='lat' dir='ltr'><strong>nomine</strong></span> <span class='ocrx_word' id='word_1_374' title='bbox 1362 3457 1664 3526; x_wconf 88' lang='lat' dir='ltr'><strong>interempti</strong></span> <span class='ocrx_word' id='word_1_375' title='bbox 1699 3468 1841 3513; x_wconf 93' lang='lat' dir='ltr'><strong>sunt.</strong></span> <span class='ocrx_word' id='word_1_376' title='bbox 1869 3460 2141 3517; x_wconf 74' lang='lat' dir='ltr'><strong>Romanus</strong></span> 
     </span>
    </p>
   </div>
   <div class='ocr_carea' id='block_1_55' title="bbox 566 3545 2142 3618">
    <p class='ocr_par' dir='ltr' id='par_1_55' title="bbox 566 3545 2142 3618">
     <span class='ocr_line' id='line_1_55' title="bbox 566 3545 2142 3618; baseline 0.001 -15"><span class='ocrx_word' id='word_1_377' title='bbox 566 3549 782 3618; x_wconf 89' lang='lat' dir='ltr'><strong>quidem</strong></span> <span class='ocrx_word' id='word_1_378' title='bbox 809 3556 926 3616; x_wconf 89' lang='lat' dir='ltr'><strong>post</strong></span> <span class='ocrx_word' id='word_1_379' title='bbox 955 3547 1120 3600; x_wconf 90' lang='lat' dir='ltr'><strong>multa</strong></span> <span class='ocrx_word' id='word_1_380' title='bbox 1145 3545 1346 3615; x_wconf 82' lang='lat' dir='ltr'><strong>ﬂagella</strong></span> <span class='ocrx_word' id='word_1_381' title='bbox 1381 3555 1433 3600; x_wconf 90' lang='lat' dir='ltr'><strong>et</strong></span> <span class='ocrx_word' id='word_1_382' title='bbox 1461 3546 1652 3615; x_wconf 72' lang='lat' dir='ltr'><strong>lingua:</strong></span> <span class='ocrx_word' id='word_1_383' title='bbox 1676 3548 2059 3605; x_wconf 78' lang='lat' dir='ltr'><strong>abscissionem</strong></span> <span class='ocrx_word' id='word_1_384' title='bbox 2090 3552 2142 3605; x_wconf 90' lang='lat' dir='ltr'><strong>in</strong></span> 
     </span>
    </p>
   </div>
   <div class='ocr_carea' id='block_1_56' title="bbox 565 3637 2138 3714">
    <p class='ocr_par' dir='ltr' id='par_1_56' title="bbox 565 3637 2138 3714">
     <span class='ocr_line' id='line_1_56' title="bbox 565 3637 2138 3714; baseline 0.009 -27"><span class='ocrx_word' id='word_1_385' title='bbox 565 3655 784 3694; x_wconf 72' lang='lat' dir='ltr'><strong>carcere</strong></span> <span class='ocrx_word' id='word_1_386' title='bbox 811 3647 894 3694; x_wconf 89' lang='lat' dir='ltr'><strong>est</strong></span> <span class='ocrx_word' id='word_1_387' title='bbox 916 3647 1128 3692; x_wconf 88' lang='lat' dir='ltr'><strong>necatus</strong></span> <span class='ocrx_word' id='word_1_388' title='bbox 1155 3656 1166 3691; x_wconf 95' lang='lat'>:</span> <span class='ocrx_word' id='word_1_389' title='bbox 1197 3637 1412 3692; x_wconf 88' lang='lat' dir='ltr'><strong>Baralus</strong></span> <span class='ocrx_word' id='word_1_390' title='bbox 1444 3654 1566 3692; x_wconf 89' lang='lat' dir='ltr'><strong>vero</strong></span> <span class='ocrx_word' id='word_1_391' title='bbox 1592 3655 1721 3708; x_wconf 90' lang='lat' dir='ltr'><strong>puer</strong></span> <span class='ocrx_word' id='word_1_392' title='bbox 1741 3643 1913 3711; x_wconf 88' lang='lat' dir='ltr'><strong>capite</strong></span> <span class='ocrx_word' id='word_1_393' title='bbox 1933 3645 2138 3714; x_wconf 81' lang='lat' dir='ltr'><strong>plexos:</strong></span> 
     </span>
    </p>
   </div>
   <div class='ocr_carea' id='block_1_57' title="bbox 571 3729 1846 3798">
    <p class='ocr_par' dir='ltr' id='par_1_57' title="bbox 571 3729 1846 3798">
     <span class='ocr_line' id='line_1_57' title="bbox 571 3729 1846 3798; baseline -0.001 -11"><span class='ocrx_word' id='word_1_394' title='bbox 571 3730 754 3787; x_wconf 84' lang='lat' dir='ltr'><strong>Ysicus</strong></span> <span class='ocrx_word' id='word_1_395' title='bbox 777 3740 952 3784; x_wconf 90' lang='lat' dir='ltr'><strong>autem</strong></span> <span class='ocrx_word' id='word_1_396' title='bbox 978 3729 1220 3798; x_wconf 85' lang='lat' dir='ltr'><strong>alligatus</strong></span> <span class='ocrx_word' id='word_1_397' title='bbox 1249 3729 1406 3797; x_wconf 86' lang='lat' dir='ltr'><strong>lapidi</strong></span> <span class='ocrx_word' id='word_1_398' title='bbox 1436 3729 1595 3784; x_wconf 83' lang='lat' dir='ltr'><strong>ﬂuvio</strong></span> <span class='ocrx_word' id='word_1_399' title='bbox 1621 3748 1846 3787; x_wconf 89' lang='lat' dir='ltr'><strong>mersus.</strong></span> 
     </span>
    </p>
   </div>
   <div class='ocr_carea' id='block_1_58' title="bbox 640 3817 2144 3886">
    <p class='ocr_par' dir='ltr' id='par_1_58' title="bbox 640 3817 2144 3886">
     <span class='ocr_line' id='line_1_58' title="bbox 640 3817 2144 3886; baseline 0.005 -18"><span class='ocrx_word' id='word_1_400' title='bbox 640 3823 699 3872; x_wconf 71' lang='grc' dir='ltr'><strong>ιζ.</strong></span> <span class='ocrx_word' id='word_1_401' title='bbox 732 3821 819 3883; x_wconf 90' lang='lat' dir='ltr'><strong>V.,</strong></span> <span class='ocrx_word' id='word_1_402' title='bbox 856 3819 910 3873; x_wconf 87' lang='lat' dir='ltr'><strong>In</strong></span> <span class='ocrx_word' id='word_1_403' title='bbox 943 3817 1220 3872; x_wconf 87' lang='lat' dir='ltr'><strong>Antiochia</strong></span> <span class='ocrx_word' id='word_1_404' title='bbox 1245 3818 1268 3846; x_wconf 76' lang='lat'>&quot;</span> <span class='ocrx_word' id='word_1_405' title='bbox 1297 3819 1514 3873; x_wconf 72' lang='lat' dir='ltr'><strong>Romani</strong></span> <span class='ocrx_word' id='word_1_406' title='bbox 1536 3822 1798 3886; x_wconf 90' lang='lat' dir='ltr'><strong>monachi,</strong></span> <span class='ocrx_word' id='word_1_407' title='bbox 1822 3833 1873 3876; x_wconf 90' lang='lat' dir='ltr'><strong>et</strong></span> <span class='ocrx_word' id='word_1_408' title='bbox 1901 3822 1950 3876; x_wconf 90' lang='lat' dir='ltr'><strong>in</strong></span> <span class='ocrx_word' id='word_1_409' title='bbox 1973 3823 2144 3877; x_wconf 72' lang='lat' dir='ltr'><strong>Caesa-</strong></span> 
     </span>
    </p>
   </div>
   <div class='ocr_carea' id='block_1_59' title="bbox 565 3889 2127 3953">
    <p class='ocr_par' dir='ltr' id='par_1_59' title="bbox 565 3889 2127 3953">
     <span class='ocr_line' id='line_1_59' title="bbox 565 3889 2127 3953; baseline 0.002 -9"><span class='ocrx_word' id='word_1_410' title='bbox 565 3907 656 3945; x_wconf 87' lang='lat' dir='ltr'><strong>rea</strong></span> <span class='ocrx_word' id='word_1_411' title='bbox 711 3891 936 3944; x_wconf 81' lang='lat' dir='ltr'><strong>Victoris</strong></span> <span class='ocrx_word' id='word_1_412' title='bbox 990 3899 1043 3943; x_wconf 92' lang='lat' dir='ltr'><strong>et</strong></span> <span class='ocrx_word' id='word_1_413' title='bbox 1096 3889 1354 3953; x_wconf 63' lang='lat' dir='ltr'><strong>Matium,</strong></span> <span class='ocrx_word' id='word_1_414' title='bbox 1403 3900 1454 3942; x_wconf 90' lang='lat' dir='ltr'><strong>et</strong></span> <span class='ocrx_word' id='word_1_415' title='bbox 1497 3892 1755 3945; x_wconf 79' lang='lat' dir='ltr'><strong>dedicatio</strong></span> <span class='ocrx_word' id='word_1_416' title='bbox 1785 3893 2016 3947; x_wconf 77' lang='lat' dir='ltr'><strong>basilicae</strong></span> <span class='ocrx_word' id='word_1_417' title='bbox 2070 3895 2127 3947; x_wconf 88' lang='lat' dir='ltr'><strong>S.</strong></span> 
     </span>
    </p>
   </div>
   <div class='ocr_carea' id='block_1_60' title="bbox 564 3958 2128 4029">
    <p class='ocr_par' dir='ltr' id='par_1_60' title="bbox 564 3958 2128 4029">
     <span class='ocr_line' id='line_1_60' title="bbox 564 3958 2128 4029; baseline 0.001 -15"><span class='ocrx_word' id='word_1_418' title='bbox 564 3961 708 4016; x_wconf 78' lang='lat' dir='ltr'><strong>Petri</strong></span> <span class='ocrx_word' id='word_1_419' title='bbox 739 3961 984 4029; x_wconf 73' lang='lat' dir='ltr'><strong>apostoli.</strong></span> <span class='ocrx_word' id='word_1_420' title='bbox 1033 3961 1115 4024; x_wconf 75' lang='lat' dir='ltr'><strong>D.,</strong></span> <span class='ocrx_word' id='word_1_421' title='bbox 1185 3961 1236 4012; x_wconf 85' lang='grc' dir='ltr'>ιιι</span> <span class='ocrx_word' id='word_1_422' title='bbox 1273 3958 1552 4014; x_wconf 84' lang='lat' dir='ltr'><strong>Antiochia</strong></span> <span class='ocrx_word' id='word_1_423' title='bbox 1584 3962 1796 4018; x_wconf 80' lang='lat' dir='ltr'><strong>civitate</strong></span> <span class='ocrx_word' id='word_1_424' title='bbox 1824 3966 1999 4017; x_wconf 84' lang='lat' dir='ltr'><strong>natale</strong></span> <span class='ocrx_word' id='word_1_425' title='bbox 2030 3965 2128 4020; x_wconf 85' lang='lat' dir='ltr'><strong>SS.</strong></span> 
     </span>
    </p>
   </div>
   <div class='ocr_carea' id='block_1_61' title="bbox 2254 2545 3802 2612">
    <p class='ocr_par' dir='ltr' id='par_1_61' title="bbox 2254 2545 3802 2612">
     <span class='ocr_line' id='line_1_61' title="bbox 2254 2545 3802 2612; baseline 0.004 -12"><span class='ocrx_word' id='word_1_426' title='bbox 2254 2547 2474 2600; x_wconf 79' lang='lat' dir='ltr'><strong>Romani</strong></span> <span class='ocrx_word' id='word_1_427' title='bbox 2503 2555 2556 2599; x_wconf 90' lang='lat' dir='ltr'><strong>et</strong></span> <span class='ocrx_word' id='word_1_428' title='bbox 2597 2545 2711 2601; x_wconf 85' lang='lat' dir='ltr'><strong>lsici</strong></span> <span class='ocrx_word' id='word_1_429' title='bbox 2743 2555 2898 2601; x_wconf 89' lang='lat' dir='ltr'><strong>mart.</strong></span> <span class='ocrx_word' id='word_1_430' title='bbox 2929 2545 3017 2612; x_wconf 91' lang='lat' dir='ltr'><strong>D.,</strong></span> <span class='ocrx_word' id='word_1_431' title='bbox 3039 2546 3314 2602; x_wconf 75' lang='lat' dir='ltr'><strong>Antiochia</strong></span> <span class='ocrx_word' id='word_1_432' title='bbox 3349 2549 3566 2605; x_wconf 85' lang='lat' dir='ltr'><strong>Romani</strong></span> <span class='ocrx_word' id='word_1_433' title='bbox 3612 2569 3802 2608; x_wconf 86' lang='lat' dir='ltr'><strong>mona—</strong></span> 
     </span>
    </p>
   </div>
   <div class='ocr_carea' id='block_1_62' title="bbox 2250 2615 3799 2691">
    <p class='ocr_par' dir='ltr' id='par_1_62' title="bbox 2250 2615 3799 2691">
     <span class='ocr_line' id='line_1_62' title="bbox 2250 2615 3799 2691; baseline 0.006 -23"><span class='ocrx_word' id='word_1_434' title='bbox 2250 2617 2407 2691; x_wconf 73' lang='lat' dir='ltr'><strong>c_hi_et</strong></span> <span class='ocrx_word' id='word_1_435' title='bbox 2439 2616 2704 2691; x_wconf 69' lang='lat' dir='ltr'><strong>martyris.</strong></span> <span class='ocrx_word' id='word_1_436' title='bbox 2731 2615 2796 2691; x_wconf 64' lang='lat' dir='ltr'><strong>Et</strong></span> <span class='ocrx_word' id='word_1_437' title='bbox 2841 2617 3049 2691; x_wconf 75' lang='lat' dir='ltr'><strong>Hesycii</strong></span> <span class='ocrx_word' id='word_1_438' title='bbox 3080 2617 3297 2691; x_wconf 65' lang='lat' dir='ltr'><strong>Palatini</strong></span> <span class='ocrx_word' id='word_1_439' title='bbox 3336 2630 3400 2691; x_wconf 84' lang='lat' dir='ltr'><strong>ct</strong></span> <span class='ocrx_word' id='word_1_440' title='bbox 3442 2625 3704 2691; x_wconf 83' lang='lat' dir='ltr'><strong>martyris.</strong></span> <span class='ocrx_word' id='word_1_441' title='bbox 3734 2628 3799 2678; x_wconf 87' lang='lat' dir='ltr'><strong>A.</strong></span> 
     </span>
    </p>
   </div>
   <div class='ocr_carea' id='block_1_63' title="bbox 2252 2687 3816 2758">
    <p class='ocr_par' dir='ltr' id='par_1_63' title="bbox 2252 2687 3816 2758">
     <span class='ocr_line' id='line_1_63' title="bbox 2252 2687 3816 2758; baseline 0.006 -19"><span class='ocrx_word' id='word_1_442' title='bbox 2252 2688 2315 2740; x_wconf 86' lang='grc' dir='ltr'>Τ.</span> <span class='ocrx_word' id='word_1_443' title='bbox 2349 2687 2434 2750; x_wconf 75' lang='lat' dir='ltr'><strong>D.,</strong></span> <span class='ocrx_word' id='word_1_444' title='bbox 2493 2688 2688 2758; x_wconf 83' lang='lat' dir='ltr'><strong>Eodem</strong></span> <span class='ocrx_word' id='word_1_445' title='bbox 2711 2689 2801 2758; x_wconf 89' lang='lat' dir='ltr'><strong>die</strong></span> <span class='ocrx_word' id='word_1_446' title='bbox 2841 2689 2890 2740; x_wconf 91' lang='lat' dir='ltr'><strong>in</strong></span> <span class='ocrx_word' id='word_1_447' title='bbox 2925 2689 3185 2758; x_wconf 80' lang='lat' dir='ltr'><strong>llispaniis</strong></span> <span class='ocrx_word' id='word_1_448' title='bbox 3211 2689 3439 2742; x_wconf 90' lang='lat' dir='ltr'><strong>Cordula</strong></span> <span class='ocrx_word' id='word_1_449' title='bbox 3464 2687 3673 2746; x_wconf 75' lang='lat' dir='ltr'><strong>civitate</strong></span> <span class='ocrx_word' id='word_1_450' title='bbox 3703 2709 3816 2758; x_wconf 77' lang='lat' dir='ltr'><strong>pas-</strong></span> 
     </span>
    </p>
   </div>
   <div class='ocr_carea' id='block_1_64' title="bbox 2252 2757 3813 2830">
    <p class='ocr_par' dir='ltr' id='par_1_64' title="bbox 2252 2757 3813 2830">
     <span class='ocr_line' id='line_1_64' title="bbox 2252 2757 3813 2830; baseline 0.004 -20"><span class='ocrx_word' id='word_1_451' title='bbox 2252 2757 2415 2830; x_wconf 73' lang='lat' dir='ltr'><strong>sioS.</strong></span> <span class='ocrx_word' id='word_1_452' title='bbox 2467 2757 2640 2830; x_wconf 73' lang='lat' dir='ltr'><strong>Asclte</strong></span> <span class='ocrx_word' id='word_1_453' title='bbox 2673 2757 2781 2828; x_wconf 78' lang='lat' dir='ltr'><strong>[D.,</strong></span> <span class='ocrx_word' id='word_1_454' title='bbox 2831 2757 3071 2830; x_wconf 73' lang='lat' dir='ltr'><strong>Acisclac}</strong></span> <span class='ocrx_word' id='word_1_455' title='bbox 3115 2759 3328 2830; x_wconf 82' lang='lat' dir='ltr'><strong>virginis</strong></span> <span class='ocrx_word' id='word_1_456' title='bbox 3357 2770 3407 2812; x_wconf 87' lang='lat' dir='ltr'><strong>et</strong></span> <span class='ocrx_word' id='word_1_457' title='bbox 3455 2757 3715 2830; x_wconf 80' lang='lat' dir='ltr'><strong>martyris.</strong></span> <span class='ocrx_word' id='word_1_458' title='bbox 3746 2765 3813 2818; x_wconf 86' lang='grc' dir='ltr'>Τ.</span> 
     </span>
    </p>
   </div>
   <div class='ocr_carea' id='block_1_65' title="bbox 2253 2827 3812 2898">
    <p class='ocr_par' dir='ltr' id='par_1_65' title="bbox 2253 2827 3812 2898">
     <span class='ocr_line' id='line_1_65' title="bbox 2253 2827 3812 2898; baseline 0.008 -22"><span class='ocrx_word' id='word_1_459' title='bbox 2253 2827 2400 2898; x_wconf 74' lang='lat' dir='ltr'><strong>addit</strong></span> <span class='ocrx_word' id='word_1_460' title='bbox 2426 2844 2436 2878; x_wconf 92' lang='lat'>:</span> <span class='ocrx_word' id='word_1_461' title='bbox 2467 2827 2574 2880; x_wconf 85' lang='lat' dir='ltr'><strong>llac</strong></span> <span class='ocrx_word' id='word_1_462' title='bbox 2601 2827 2687 2880; x_wconf 88' lang='lat' dir='ltr'><strong>die</strong></span> <span class='ocrx_word' id='word_1_463' title='bbox 2717 2843 2852 2898; x_wconf 64' lang='lat' dir='ltr'><strong>rosae</strong></span> <span class='ocrx_word' id='word_1_464' title='bbox 2885 2828 3078 2880; x_wconf 89' lang='lat' dir='ltr'><strong>ibidem</strong></span> <span class='ocrx_word' id='word_1_465' title='bbox 3124 2828 3462 2898; x_wconf 83' lang='lat' dir='ltr'><strong>colliguntur.</strong></span> <span class='ocrx_word' id='word_1_466' title='bbox 3496 2827 3812 2894; x_wconf 55' lang='lat' dir='ltr'><strong>A.,&#39;I&#39;Zodem</strong></span> 
     </span>
    </p>
   </div>
   <div class='ocr_carea' id='block_1_66' title="bbox 2255 2897 3814 2973">
    <p class='ocr_par' dir='ltr' id='par_1_66' title="bbox 2255 2897 3814 2973">
     <span class='ocr_line' id='line_1_66' title="bbox 2255 2897 3814 2973; baseline 0.007 -24"><span class='ocrx_word' id='word_1_467' title='bbox 2255 2897 2342 2950; x_wconf 90' lang='lat' dir='ltr'><strong>die</strong></span> <span class='ocrx_word' id='word_1_468' title='bbox 2368 2897 2654 2973; x_wconf 64' lang='lat' dir='ltr'><strong>Camer-aco</strong></span> <span class='ocrx_word' id='word_1_469' title='bbox 2675 2897 2907 2973; x_wconf 67' lang='lat' dir='ltr'><strong>elevatio</strong></span> <span class='ocrx_word' id='word_1_470' title='bbox 2929 2899 3175 2973; x_wconf 78' lang='lat' dir='ltr'><strong>corporis</strong></span> <span class='ocrx_word' id='word_1_471' title='bbox 3312 2899 3356 2973; x_wconf 69' lang='lat'><strong>|&#39;_</strong></span> <span class='ocrx_word' id='word_1_472' title='bbox 3382 2899 3654 2973; x_wconf 50' lang='grc' dir='ltr'><strong>φευξειὶᾲεί</strong></span> <span class='ocrx_word' id='word_1_473' title='bbox 3697 2905 3814 2973; x_wconf 83' lang='lat' dir='ltr'><strong>epi-</strong></span> 
     </span>
    </p>
   </div>
   <div class='ocr_carea' id='block_1_67' title="bbox 2248 2967 3727 3040">
    <p class='ocr_par' dir='ltr' id='par_1_67' title="bbox 2248 2967 3727 3040">
     <span class='ocr_line' id='line_1_67' title="bbox 2248 2967 3727 3040; baseline 0.006 -20"><span class='ocrx_word' id='word_1_474' title='bbox 2248 2970 2414 3034; x_wconf 88' lang='lat' dir='ltr'><strong>scopi,</strong></span> <span class='ocrx_word' id='word_1_475' title='bbox 2447 2968 2508 3020; x_wconf 89' lang='lat' dir='ltr'><strong>A.</strong></span> <span class='ocrx_word' id='word_1_476' title='bbox 2538 2968 2596 3020; x_wconf 84' lang='lat' dir='ltr'><strong>L.</strong></span> <span class='ocrx_word' id='word_1_477' title='bbox 2623 3007 2637 3032; x_wconf 93' lang='lat'><strong>,</strong></span> <span class='ocrx_word' id='word_1_478' title='bbox 2673 2969 2738 3021; x_wconf 84' lang='lat' dir='ltr'><strong>Et</strong></span> <span class='ocrx_word' id='word_1_479' title='bbox 2760 2967 3020 3036; x_wconf 83' lang='lat' dir='ltr'><strong>depositio</strong></span> <span class='ocrx_word' id='word_1_480' title='bbox 3046 2969 3103 3022; x_wconf 86' lang='lat' dir='ltr'><strong>S.</strong></span> <span class='ocrx_word' id='word_1_481' title='bbox 3137 2970 3159 2998; x_wconf 71' lang='grc' dir='ltr'><strong>θ</strong></span> <span class='ocrx_word' id='word_1_482' title='bbox 3201 2968 3442 3024; x_wconf 69' lang='lat' dir='ltr'><strong>Eusebia:</strong></span> <span class='ocrx_word' id='word_1_483' title='bbox 3482 2970 3727 3040; x_wconf 86' lang='lat' dir='ltr'><strong>virginis.</strong></span> 
     </span>
    </p>
   </div>
   <div class='ocr_carea' id='block_1_68' title="bbox 2318 3077 3231 3136">
    <p class='ocr_par' dir='ltr' id='par_1_68' title="bbox 2318 3077 3231 3136">
     <span class='ocr_line' id='line_1_68' title="bbox 2318 3077 3231 3136; baseline 0.008 -7"><span class='ocrx_word' id='word_1_484' title='bbox 2318 3077 2384 3133; x_wconf 74' lang='grc'><strong>11)</strong></span> <span class='ocrx_word' id='word_1_485' title='bbox 2433 3107 2504 3118; x_wconf 88' lang='grc'><strong><em>-</em></strong></span> <span class='ocrx_word' id='word_1_486' title='bbox 2543 3078 2653 3132; x_wconf 81' lang='lat' dir='ltr'><strong>Xlll</strong></span> <span class='ocrx_word' id='word_1_487' title='bbox 2692 3077 2824 3132; x_wconf 74' lang='grc' dir='ltr'>ΚΑΙ..</span> <span class='ocrx_word' id='word_1_488' title='bbox 2865 3078 3028 3134; x_wconf 83' lang='lat' dir='ltr'><strong>Vacat</strong></span> <span class='ocrx_word' id='word_1_489' title='bbox 3057 3079 3231 3136; x_wconf 67' lang='lat' dir='ltr'><strong>Bmda.</strong></span> 
     </span>
    </p>
   </div>
   <div class='ocr_carea' id='block_1_69' title="bbox 2316 3194 3822 3269">
    <p class='ocr_par' dir='ltr' id='par_1_69' title="bbox 2316 3194 3822 3269">
     <span class='ocr_line' id='line_1_69' title="bbox 2316 3194 3822 3269; baseline 0.006 -23"><span class='ocrx_word' id='word_1_490' title='bbox 2316 3195 2377 3269; x_wconf 76' lang='lat' dir='ltr'><strong>D.</strong></span> <span class='ocrx_word' id='word_1_491' title='bbox 2410 3194 2602 3269; x_wconf 61' lang='lat' dir='ltr'><strong>[totum</strong></span> <span class='ocrx_word' id='word_1_492' title='bbox 2639 3195 2662 3234; x_wconf 72' lang='grc' dir='ltr'>ιι</span> <span class='ocrx_word' id='word_1_493' title='bbox 2693 3195 2959 3269; x_wconf 78' lang='lat' dir='ltr'><strong>Maximini</strong></span> <span class='ocrx_word' id='word_1_494' title='bbox 3007 3197 3304 3269; x_wconf 81' lang='lat' dir='ltr'><strong>presbyteri</strong></span> <span class='ocrx_word' id='word_1_495' title='bbox 3353 3207 3407 3252; x_wconf 91' lang='lat' dir='ltr'><strong>et</strong></span> <span class='ocrx_word' id='word_1_496' title='bbox 3456 3199 3724 3269; x_wconf 79' lang='lat' dir='ltr'><strong>martyris,</strong></span> <span class='ocrx_word' id='word_1_497' title='bbox 3762 3207 3822 3255; x_wconf 84' lang='lat' dir='ltr'><strong>et</strong></span> 
     </span>
    </p>
   </div>
   <div class='ocr_carea' id='block_1_70' title="bbox 2251 3264 3819 3336">
    <p class='ocr_par' dir='ltr' id='par_1_70' title="bbox 2251 3264 3819 3336">
     <span class='ocr_line' id='line_1_70' title="bbox 2251 3264 3819 3336; baseline 0.004 -18"><span class='ocrx_word' id='word_1_498' title='bbox 2251 3264 2526 3336; x_wconf 47' lang='lat' dir='ltr'><strong>‘fFaustitti</strong></span> <span class='ocrx_word' id='word_1_499' title='bbox 2556 3266 2764 3320; x_wconf 89' lang='lat' dir='ltr'><strong>diaconi</strong></span> <span class='ocrx_word' id='word_1_500' title='bbox 2793 3275 2847 3336; x_wconf 86' lang='lat' dir='ltr'><strong>et</strong></span> <span class='ocrx_word' id='word_1_501' title='bbox 2866 3267 3075 3319; x_wconf 74' lang='lat' dir='ltr'><strong>Eusebii</strong></span> <span class='ocrx_word' id='word_1_502' title='bbox 3111 3264 3419 3336; x_wconf 84' lang='lat' dir='ltr'><strong>martyrum.</strong></span> <span class='ocrx_word' id='word_1_503' title='bbox 3455 3270 3544 3334; x_wconf 84' lang='lat'><strong>8.,</strong></span> <span class='ocrx_word' id='word_1_504' title='bbox 3567 3264 3819 3336; x_wconf 64' lang='lat' dir='ltr'><strong>Augusti-</strong></span> 
     </span>
    </p>
   </div>
   <div class='ocr_carea' id='block_1_71' title="bbox 2244 3335 3817 3405">
    <p class='ocr_par' dir='ltr' id='par_1_71' title="bbox 2244 3335 3817 3405">
     <span class='ocr_line' id='line_1_71' title="bbox 2244 3335 3817 3405; baseline 0.007 -18"><span class='ocrx_word' id='word_1_505' title='bbox 2244 3335 2386 3388; x_wconf 86' lang='lat' dir='ltr'><strong>dono</strong></span> <span class='ocrx_word' id='word_1_506' title='bbox 2415 3336 2676 3403; x_wconf 86' lang='lat' dir='ltr'><strong>depositio</strong></span> <span class='ocrx_word' id='word_1_507' title='bbox 2719 3337 2774 3389; x_wconf 89' lang='lat' dir='ltr'><strong>S.</strong></span> <span class='ocrx_word' id='word_1_508' title='bbox 2810 3335 2831 3405; x_wconf 57' lang='grc'><strong>1</strong></span> <span class='ocrx_word' id='word_1_509' title='bbox 2860 3336 3118 3401; x_wconf 86' lang='lat' dir='ltr'><strong>Simplicii</strong></span> <span class='ocrx_word' id='word_1_510' title='bbox 3150 3335 3400 3405; x_wconf 74' lang='lat' dir='ltr'><strong>episcopi.</strong></span> <span class='ocrx_word' id='word_1_511' title='bbox 3453 3341 3513 3393; x_wconf 85' lang='grc' dir='ltr'>Β.</span> <span class='ocrx_word' id='word_1_512' title='bbox 3545 3339 3603 3392; x_wconf 90' lang='lat' dir='ltr'><strong>V.</strong></span> <span class='ocrx_word' id='word_1_513' title='bbox 3632 3335 3721 3403; x_wconf 85' lang='lat' dir='ltr'><strong>C.,</strong></span> <span class='ocrx_word' id='word_1_514' title='bbox 3755 3342 3817 3398; x_wconf 89' lang='lat' dir='ltr'><strong>In</strong></span> 
     </span>
    </p>
   </div>
   <div class='ocr_carea' id='block_1_72' title="bbox 2168 3402 3812 3477">
    <p class='ocr_par' dir='ltr' id='par_1_72' title="bbox 2168 3402 3812 3477">
     <span class='ocr_line' id='line_1_72' title="bbox 2168 3402 3812 3477; baseline 0.002 -18"><span class='ocrx_word' id='word_1_515' title='bbox 2168 3407 2215 3468; x_wconf 89' lang='lat' dir='ltr'><strong>C</strong></span> <span class='ocrx_word' id='word_1_516' title='bbox 2245 3402 2494 3477; x_wconf 73' lang='lat' dir='ltr'><strong>Caesarea</strong></span> <span class='ocrx_word' id='word_1_517' title='bbox 2533 3402 2883 3477; x_wconf 73' lang='lat' dir='ltr'><strong>Cappadocia:</strong></span> <span class='ocrx_word' id='word_1_518' title='bbox 2931 3407 3143 3477; x_wconf 68' lang='lat' dir='ltr'><strong>Maximi</strong></span> <span class='ocrx_word' id='word_1_519' title='bbox 3165 3402 3196 3477; x_wconf 43' lang='lat'><strong>,_&#39;</strong></span> <span class='ocrx_word' id='word_1_520' title='bbox 3227 3402 3478 3474; x_wconf 69' lang='lat' dir='ltr'><strong>Muciani,</strong></span> <span class='ocrx_word' id='word_1_521' title='bbox 3511 3402 3770 3476; x_wconf 80' lang='lat' dir='ltr'><strong>NeOpheri</strong></span> <span class='ocrx_word' id='word_1_522' title='bbox 3795 3454 3812 3477; x_wconf 84' lang='grc'><em>,</em></span> 
     </span>
    </p>
   </div>
   <div class='ocr_carea' id='block_1_73' title="bbox 2247 3475 3816 3546">
    <p class='ocr_par' dir='ltr' id='par_1_73' title="bbox 2247 3475 3816 3546">
     <span class='ocr_line' id='line_1_73' title="bbox 2247 3475 3816 3546; baseline 0.001 -16"><span class='ocrx_word' id='word_1_523' title='bbox 2247 3476 2482 3530; x_wconf 82' lang='lat' dir='ltr'><strong>Januarii</strong></span> <span class='ocrx_word' id='word_1_524' title='bbox 2514 3476 2700 3529; x_wconf 83' lang='lat' dir='ltr'><strong>Vitalis</strong></span> <span class='ocrx_word' id='word_1_525' title='bbox 2733 3475 2816 3546; x_wconf 80' lang='grc' dir='ltr'><strong>[Β.</strong></span> <span class='ocrx_word' id='word_1_526' title='bbox 2846 3491 2948 3546; x_wconf 66' lang='lat' dir='ltr'><strong>om.</strong></span> <span class='ocrx_word' id='word_1_527' title='bbox 2980 3475 3208 3546; x_wconf 79' lang='lat' dir='ltr'><strong>Vitatis].</strong></span> <span class='ocrx_word' id='word_1_528' title='bbox 3239 3482 3302 3530; x_wconf 87' lang='lat' dir='ltr'><strong>A.</strong></span> <span class='ocrx_word' id='word_1_529' title='bbox 3335 3478 3420 3542; x_wconf 87' lang='lat' dir='ltr'><strong>T.,</strong></span> <span class='ocrx_word' id='word_1_530' title='bbox 3449 3475 3687 3533; x_wconf 63' lang='lat' dir='ltr'><strong>Catsarea</strong></span> <span class='ocrx_word' id='word_1_531' title='bbox 3717 3475 3816 3534; x_wconf 56' lang='lat' dir='ltr'><strong>na;</strong></span> 
     </span>
    </p>
   </div>
   <div class='ocr_carea' id='block_1_74' title="bbox 2249 3545 3813 3616">
    <p class='ocr_par' dir='ltr' id='par_1_74' title="bbox 2249 3545 3813 3616">
     <span class='ocr_line' id='line_1_74' title="bbox 2249 3545 3813 3616; baseline 0.002 -17"><span class='ocrx_word' id='word_1_532' title='bbox 2249 3549 2349 3600; x_wconf 87' lang='lat' dir='ltr'><strong>tale</strong></span> <span class='ocrx_word' id='word_1_533' title='bbox 2374 3548 2464 3600; x_wconf 87' lang='lat' dir='ltr'><strong>SS.</strong></span> <span class='ocrx_word' id='word_1_534' title='bbox 2497 3545 2753 3608; x_wconf 69' lang='lat' dir='ltr'><strong>Januarii,</strong></span> <span class='ocrx_word' id='word_1_535' title='bbox 2787 3545 3050 3613; x_wconf 81' lang='lat' dir='ltr'><strong>NeOpheri</strong></span> <span class='ocrx_word' id='word_1_536' title='bbox 3074 3557 3126 3616; x_wconf 88' lang='lat' dir='ltr'><strong>et</strong></span> <span class='ocrx_word' id='word_1_537' title='bbox 3154 3545 3364 3602; x_wconf 70' lang='lat' dir='ltr'><strong>Vitals.</strong></span> <span class='ocrx_word' id='word_1_538' title='bbox 3410 3549 3494 3612; x_wconf 85' lang='lat' dir='ltr'><strong>T.,</strong></span> <span class='ocrx_word' id='word_1_539' title='bbox 3527 3549 3813 3616; x_wconf 86' lang='lat' dir='ltr'><strong>Castherii,</strong></span> 
     </span>
    </p>
   </div>
   <div class='ocr_carea' id='block_1_75' title="bbox 2247 3615 3811 3686">
    <p class='ocr_par' dir='ltr' id='par_1_75' title="bbox 2247 3615 3811 3686">
     <span class='ocr_line' id='line_1_75' title="bbox 2247 3615 3811 3686; baseline 0.002 -17"><span class='ocrx_word' id='word_1_540' title='bbox 2247 3616 2497 3669; x_wconf 84' lang='lat' dir='ltr'><strong>Marciani</strong></span> <span class='ocrx_word' id='word_1_541' title='bbox 2525 3626 2577 3668; x_wconf 87' lang='lat' dir='ltr'><strong>et</strong></span> <span class='ocrx_word' id='word_1_542' title='bbox 2604 3616 2853 3684; x_wconf 87' lang='lat' dir='ltr'><strong>Zephori.</strong></span> <span class='ocrx_word' id='word_1_543' title='bbox 2888 3615 2971 3682; x_wconf 86' lang='lat' dir='ltr'><strong>L.,</strong></span> <span class='ocrx_word' id='word_1_544' title='bbox 3009 3619 3062 3668; x_wconf 92' lang='lat' dir='ltr'><strong>In</strong></span> <span class='ocrx_word' id='word_1_545' title='bbox 3093 3615 3330 3671; x_wconf 58' lang='lat' dir='ltr'><strong>Caesarea</strong></span> <span class='ocrx_word' id='word_1_546' title='bbox 3364 3621 3532 3672; x_wconf 85' lang='lat' dir='ltr'><strong>natale</strong></span> <span class='ocrx_word' id='word_1_547' title='bbox 3555 3615 3811 3686; x_wconf 64' lang='lat' dir='ltr'><strong>Januarii,</strong></span> 
     </span>
    </p>
   </div>
   <div class='ocr_carea' id='block_1_76' title="bbox 2246 3686 3815 3810">
    <p class='ocr_par' dir='ltr' id='par_1_76' title="bbox 2246 3686 3815 3810">
     <span class='ocr_line' id='line_1_76' title="bbox 2246 3686 3815 3758; baseline 0.003 -19"><span class='ocrx_word' id='word_1_548' title='bbox 2246 3686 2493 3751; x_wconf 82' lang='lat' dir='ltr'><strong>Caster‘ti,</strong></span> <span class='ocrx_word' id='word_1_549' title='bbox 2526 3686 2758 3755; x_wconf 84' lang='lat' dir='ltr'><strong>ZephOti</strong></span> <span class='ocrx_word' id='word_1_550' title='bbox 2787 3696 2840 3740; x_wconf 91' lang='lat' dir='ltr'><strong>et</strong></span> <span class='ocrx_word' id='word_1_551' title='bbox 2870 3687 3077 3742; x_wconf 82' lang='lat' dir='ltr'><strong>Vitalis.</strong></span> <span class='ocrx_word' id='word_1_552' title='bbox 3124 3687 3192 3741; x_wconf 83' lang='lat' dir='ltr'><strong>Et</strong></span> <span class='ocrx_word' id='word_1_553' title='bbox 3217 3689 3474 3758; x_wconf 89' lang='lat' dir='ltr'><strong>depositio</strong></span> <span class='ocrx_word' id='word_1_554' title='bbox 3496 3692 3551 3744; x_wconf 84' lang='lat' dir='ltr'><strong>S.</strong></span> <span class='ocrx_word' id='word_1_555' title='bbox 3586 3700 3609 3737; x_wconf 77' lang='grc' dir='ltr'><strong><em>ε</em></strong></span> <span class='ocrx_word' id='word_1_556' title='bbox 3641 3691 3815 3745; x_wconf 66' lang='lat' dir='ltr'><strong>Eliso.-</strong></span> 
     </span>
     <span class='ocr_line' id='line_1_77' title="bbox 2246 3757 2590 3810; baseline 0 0"><span class='ocrx_word' id='word_1_557' title='bbox 2246 3757 2372 3810; x_wconf 86' lang='lat' dir='ltr'><strong>beth</strong></span> <span class='ocrx_word' id='word_1_558' title='bbox 2397 3758 2590 3810; x_wconf 68' lang='lat' dir='ltr'><strong>viduae.</strong></span> 
     </span>
    </p>
   </div>
   <div class='ocr_carea' id='block_1_77' title="bbox 2245 3758 2590 3812">
    <p class='ocr_par' dir='ltr' id='par_1_77' title="bbox 2245 3758 2590 3812">
     <span class='ocr_line' id='line_1_78' title="bbox 2245 3758 2590 3812; baseline 0 -2"><span class='ocrx_word' id='word_1_559' title='bbox 2245 3758 2372 3812; x_wconf 83' lang='lat' dir='ltr'><strong>belli</strong></span> <span class='ocrx_word' id='word_1_560' title='bbox 2397 3758 2590 3811; x_wconf 68' lang='lat' dir='ltr'><strong>viduae.</strong></span> 
     </span>
    </p>
   </div>
   <div class='ocr_carea' id='block_1_78' title="bbox 2314 3869 3210 3926">
    <p class='ocr_par' dir='ltr' id='par_1_78' title="bbox 2314 3869 3210 3926">
     <span class='ocr_line' id='line_1_79' title="bbox 2314 3869 3210 3926; baseline -0.003 0"><span class='ocrx_word' id='word_1_561' title='bbox 2314 3870 2407 3926; x_wconf 72' lang='grc'><strong>20.</strong></span> <span class='ocrx_word' id='word_1_562' title='bbox 2439 3899 2506 3910; x_wconf 95' lang='grc'><strong><em>-</em></strong></span> <span class='ocrx_word' id='word_1_563' title='bbox 2544 3869 2636 3924; x_wconf 78' lang='grc' dir='ltr'><strong>ΧΠ</strong></span> <span class='ocrx_word' id='word_1_564' title='bbox 2665 3869 2801 3924; x_wconf 70' lang='grc' dir='ltr'>Κιι..</span> <span class='ocrx_word' id='word_1_565' title='bbox 2847 3869 3007 3922; x_wconf 81' lang='lat' dir='ltr'><strong>Vacat</strong></span> <span class='ocrx_word' id='word_1_566' title='bbox 3038 3869 3210 3923; x_wconf 72' lang='lat' dir='ltr'><strong>Bmda.</strong></span> 
     </span>
    </p>
   </div>
   <div class='ocr_carea' id='block_1_79' title="bbox 2311 3957 3813 4031">
    <p class='ocr_par' dir='ltr' id='par_1_79' title="bbox 2311 3957 3813 4031">
     <span class='ocr_line' id='line_1_80' title="bbox 2311 3957 3813 4031; baseline 0.002 -17"><span class='ocrx_word' id='word_1_567' title='bbox 2311 3959 2400 4025; x_wconf 89' lang='lat' dir='ltr'><strong>D.,</strong></span> <span class='ocrx_word' id='word_1_568' title='bbox 2429 3960 2610 4013; x_wconf 73' lang='lat' dir='ltr'><strong>Roma:</strong></span> <span class='ocrx_word' id='word_1_569' title='bbox 2638 3957 2664 3994; x_wconf 71' lang='lat' dir='ltr'><strong>h</strong></span> <span class='ocrx_word' id='word_1_570' title='bbox 2695 3958 2935 4013; x_wconf 87' lang='lat' dir='ltr'><strong>Pontiani</strong></span> <span class='ocrx_word' id='word_1_571' title='bbox 2960 3973 3108 4028; x_wconf 77' lang='lat' dir='ltr'><strong>papae</strong></span> <span class='ocrx_word' id='word_1_572' title='bbox 3153 3968 3204 4014; x_wconf 93' lang='lat' dir='ltr'><strong>et</strong></span> <span class='ocrx_word' id='word_1_573' title='bbox 3235 3961 3502 4031; x_wconf 81' lang='lat' dir='ltr'><strong>martyris.</strong></span> <span class='ocrx_word' id='word_1_574' title='bbox 3555 3961 3813 4017; x_wconf 62' lang='lat' dir='ltr'><strong>Messana</strong></span> 
     </span>
    </p>
   </div>
   <div class='ocr_carea' id='block_1_80' title="bbox 1943 4053 2411 4109">
    <p class='ocr_par' dir='ltr' id='par_1_80' title="bbox 1943 4053 2411 4109">
     <span class='ocr_line' id='line_1_81' title="bbox 1943 4053 2411 4109; baseline 0 -1"><span class='ocrx_word' id='word_1_575' title='bbox 1943 4055 2028 4108; x_wconf 80' lang='lat' dir='ltr'><strong>SM</strong></span> <span class='ocrx_word' id='word_1_576' title='bbox 2041 4055 2147 4109; x_wconf 77' lang='lat' dir='ltr'>I&#39;I‘H</span> <span class='ocrx_word' id='word_1_577' title='bbox 2185 4053 2411 4108; x_wconf 65' lang='lat' dir='ltr'><strong>NOTIE.</strong></span> 
     </span>
    </p>
   </div>
   <div class='ocr_carea' id='block_1_81' title="bbox 541 4139 2150 4214">
    <p class='ocr_par' dir='ltr' id='par_1_81' title="bbox 541 4139 2150 4214">
     <span class='ocr_line' id='line_1_82' title="bbox 541 4139 2150 4214; baseline 0.002 -16"><span class='ocrx_word' id='word_1_578' title='bbox 541 4139 544 4147; x_wconf 82' lang='grc'>’</span> <span class='ocrx_word' id='word_1_579' title='bbox 639 4150 663 4178; x_wconf 79' lang='grc'><strong><em>⁸</em></strong></span> <span class='ocrx_word' id='word_1_580' title='bbox 691 4145 931 4199; x_wconf 83' lang='lat' dir='ltr'><strong>Romani.</strong></span> <span class='ocrx_word' id='word_1_581' title='bbox 955 4145 1122 4199; x_wconf 64' lang='lat' dir='ltr'><strong>Graeci</strong></span> <span class='ocrx_word' id='word_1_582' title='bbox 1147 4144 1354 4214; x_wconf 90' lang='lat' dir='ltr'><strong>quidem</strong></span> <span class='ocrx_word' id='word_1_583' title='bbox 1379 4146 1430 4198; x_wconf 92' lang='lat' dir='ltr'><strong>in</strong></span> <span class='ocrx_word' id='word_1_584' title='bbox 1454 4145 1652 4199; x_wconf 69' lang='lat' dir='ltr'><strong>Memno</strong></span> <span class='ocrx_word' id='word_1_585' title='bbox 1673 4146 1805 4198; x_wconf 87' lang='lat' dir='ltr'><strong>duos</strong></span> <span class='ocrx_word' id='word_1_586' title='bbox 1823 4145 2150 4214; x_wconf 76' lang='lat' dir='ltr'><strong>distinguunt</strong></span> 
     </span>
    </p>
   </div>
   <div class='ocr_carea' id='block_1_82' title="bbox 565 4215 2146 4286">
    <p class='ocr_par' dir='ltr' id='par_1_82' title="bbox 565 4215 2146 4286">
     <span class='ocr_line' id='line_1_83' title="bbox 565 4215 2146 4286; baseline 0.001 -18"><span class='ocrx_word' id='word_1_587' title='bbox 565 4215 839 4286; x_wconf 80' lang='lat' dir='ltr'><strong>Romanos</strong></span> <span class='ocrx_word' id='word_1_588' title='bbox 868 4227 1181 4286; x_wconf 69' lang='lat' dir='ltr'><strong>martyres;</strong></span> <span class='ocrx_word' id='word_1_589' title='bbox 1216 4217 1440 4269; x_wconf 88' lang='lat' dir='ltr'><strong>alterum</strong></span> <span class='ocrx_word' id='word_1_590' title='bbox 1472 4217 1557 4283; x_wconf 92' lang='lat' dir='ltr'><strong>qui</strong></span> <span class='ocrx_word' id='word_1_591' title='bbox 1586 4217 1652 4269; x_wconf 92' lang='lat' dir='ltr'><strong>ab</strong></span> <span class='ocrx_word' id='word_1_592' title='bbox 1675 4216 1990 4286; x_wconf 68' lang='lat' dir='ltr'><strong>Asclepiade</strong></span> <span class='ocrx_word' id='word_1_593' title='bbox 2015 4233 2146 4283; x_wconf 67' lang='lat' dir='ltr'><strong>pra:-</strong></span> 
     </span>
    </p>
   </div>
   <div class='ocr_carea' id='block_1_83' title="bbox 564 4275 2142 4350">
    <p class='ocr_par' dir='ltr' id='par_1_83' title="bbox 564 4275 2142 4350">
     <span class='ocr_line' id='line_1_84' title="bbox 564 4275 2142 4350; baseline 0.002 -12"><span class='ocrx_word' id='word_1_594' title='bbox 564 4286 705 4339; x_wconf 79' lang='lat' dir='ltr'><strong>fccto</strong></span> <span class='ocrx_word' id='word_1_595' title='bbox 726 4275 1116 4339; x_wconf 57' lang='lat' dir='ltr'><strong>datnnatus&#39;est</strong></span> <span class='ocrx_word' id='word_1_596' title='bbox 1158 4285 1455 4339; x_wconf 57' lang='lat' dir='ltr'><strong>Antiochiae</strong></span> <span class='ocrx_word' id='word_1_597' title='bbox 1489 4275 1599 4338; x_wconf 51' lang='lat' dir='ltr'><strong>&#39;sub</strong></span> <span class='ocrx_word' id='word_1_598' title='bbox 1648 4275 1881 4350; x_wconf 84' lang='lat' dir='ltr'><strong>Galerio,</strong></span> <span class='ocrx_word' id='word_1_599' title='bbox 1899 4275 2142 4341; x_wconf 61' lang='lat' dir='ltr'><strong>&#39;altérttm</strong></span> 
     </span>
    </p>
   </div>
   <div class='ocr_carea' id='block_1_84' title="bbox 563 4354 2141 4425">
    <p class='ocr_par' dir='ltr' id='par_1_84' title="bbox 563 4354 2141 4425">
     <span class='ocr_line' id='line_1_85' title="bbox 563 4354 2141 4425; baseline 0.001 -19"><span class='ocrx_word' id='word_1_600' title='bbox 563 4354 844 4425; x_wconf 74' lang='lat' dir='ltr'><strong>diaconum</strong></span> <span class='ocrx_word' id='word_1_601' title='bbox 876 4355 1281 4415; x_wconf 70' lang='lat' dir='ltr'><strong>Cmsariettsem,</strong></span> <span class='ocrx_word' id='word_1_602' title='bbox 1307 4356 1372 4409; x_wconf 88' lang='lat' dir='ltr'><strong>de</strong></span> <span class='ocrx_word' id='word_1_603' title='bbox 1401 4370 1504 4422; x_wconf 89' lang='lat' dir='ltr'><strong>quo</strong></span> <span class='ocrx_word' id='word_1_604' title='bbox 1543 4356 1821 4422; x_wconf 83' lang='lat' dir='ltr'><strong>Eusebius,</strong></span> <span class='ocrx_word' id='word_1_605' title='bbox 1855 4357 1920 4409; x_wconf 89' lang='lat' dir='ltr'><strong>de</strong></span> <span class='ocrx_word' id='word_1_606' title='bbox 1945 4358 2141 4425; x_wconf 79' lang='lat' dir='ltr'><strong>Marty-</strong></span> 
     </span>
    </p>
   </div>
   <div class='ocr_carea' id='block_1_85' title="bbox 560 4424 2139 4493">
    <p class='ocr_par' dir='ltr' id='par_1_85' title="bbox 560 4424 2139 4493">
     <span class='ocr_line' id='line_1_86' title="bbox 560 4424 2139 4493; baseline 0.001 -15"><span class='ocrx_word' id='word_1_607' title='bbox 560 4425 711 4479; x_wconf 79' lang='lat' dir='ltr'><strong>ribus</strong></span> <span class='ocrx_word' id='word_1_608' title='bbox 751 4424 1064 4486; x_wconf 67' lang='lat' dir='ltr'><strong>Palmstinm,</strong></span> <span class='ocrx_word' id='word_1_609' title='bbox 1090 4439 1209 4489; x_wconf 91' lang='lat' dir='ltr'><strong>cap.</strong></span> <span class='ocrx_word' id='word_1_610' title='bbox 1239 4426 1296 4488; x_wconf 71' lang='lat'><strong>2,</strong></span> <span class='ocrx_word' id='word_1_611' title='bbox 1341 4425 1591 4488; x_wconf 90' lang='lat' dir='ltr'><strong>loquitur,</strong></span> <span class='ocrx_word' id='word_1_612' title='bbox 1623 4441 1777 4493; x_wconf 89' lang='lat' dir='ltr'><strong>quem</strong></span> <span class='ocrx_word' id='word_1_613' title='bbox 1803 4428 1900 4478; x_wconf 88' lang='lat' dir='ltr'><strong>suh</strong></span> <span class='ocrx_word' id='word_1_614' title='bbox 1931 4424 2139 4480; x_wconf 72' lang='lat' dir='ltr'><strong>Diocle-</strong></span> 
     </span>
    </p>
   </div>
   <div class='ocr_carea' id='block_1_86' title="bbox 561 4494 2139 4565">
    <p class='ocr_par' dir='ltr' id='par_1_86' title="bbox 561 4494 2139 4565">
     <span class='ocr_line' id='line_1_87' title="bbox 561 4494 2139 4565; baseline 0.003 -21"><span class='ocrx_word' id='word_1_615' title='bbox 561 4496 706 4565; x_wconf 86' lang='lat' dir='ltr'><strong>tiano</strong></span> <span class='ocrx_word' id='word_1_616' title='bbox 746 4508 956 4562; x_wconf 85' lang='lat' dir='ltr'><strong>passum</strong></span> <span class='ocrx_word' id='word_1_617' title='bbox 996 4508 1117 4547; x_wconf 90' lang='lat' dir='ltr'><strong>esse</strong></span> <span class='ocrx_word' id='word_1_618' title='bbox 1156 4494 1356 4547; x_wconf 90' lang='lat' dir='ltr'><strong>dicunt.</strong></span> <span class='ocrx_word' id='word_1_619' title='bbox 1399 4494 1501 4547; x_wconf 89' lang='lat' dir='ltr'><strong>Sed</strong></span> <span class='ocrx_word' id='word_1_620' title='bbox 1550 4511 1666 4546; x_wconf 82' lang='lat' dir='ltr'><strong>cum</strong></span> <span class='ocrx_word' id='word_1_621' title='bbox 1711 4511 1816 4546; x_wconf 92' lang='lat' dir='ltr'><strong>uno</strong></span> <span class='ocrx_word' id='word_1_622' title='bbox 1843 4497 2139 4565; x_wconf 89' lang='lat' dir='ltr'><strong>eodemque</strong></span> 
     </span>
    </p>
   </div>
   <div class='ocr_carea' id='block_1_87' title="bbox 2256 4142 3810 4214">
    <p class='ocr_par' dir='ltr' id='par_1_87' title="bbox 2256 4142 3810 4214">
     <span class='ocr_line' id='line_1_88' title="bbox 2256 4142 3810 4214; baseline 0.001 -16"><span class='ocrx_word' id='word_1_623' title='bbox 2256 4144 2470 4198; x_wconf 77' lang='lat' dir='ltr'><strong>xitniaui</strong></span> <span class='ocrx_word' id='word_1_624' title='bbox 2505 4144 2729 4197; x_wconf 85' lang='lat' dir='ltr'><strong>diversis</strong></span> <span class='ocrx_word' id='word_1_625' title='bbox 2761 4145 3038 4198; x_wconf 87' lang='lat' dir='ltr'><strong>tormentis</strong></span> <span class='ocrx_word' id='word_1_626' title='bbox 3066 4152 3118 4197; x_wconf 89' lang='lat' dir='ltr'><strong>et</strong></span> <span class='ocrx_word' id='word_1_627' title='bbox 3141 4142 3344 4210; x_wconf 80' lang='lat' dir='ltr'><strong>injuriis</strong></span> <span class='ocrx_word' id='word_1_628' title='bbox 3366 4143 3601 4212; x_wconf 66' lang='lat' dir='ltr'><strong>alit-ctus,</strong></span> <span class='ocrx_word' id='word_1_629' title='bbox 3632 4146 3810 4214; x_wconf 87' lang='lat' dir='ltr'><strong>capite</strong></span> 
     </span>
    </p>
   </div>
   <div class='ocr_carea' id='block_1_88' title="bbox 2253 4216 3806 4285">
    <p class='ocr_par' dir='ltr' id='par_1_88' title="bbox 2253 4216 3806 4285">
     <span class='ocr_line' id='line_1_89' title="bbox 2253 4216 3806 4285; baseline 0.002 -18"><span class='ocrx_word' id='word_1_630' title='bbox 2253 4231 2444 4278; x_wconf 75' lang='lat' dir='ltr'><strong>ett-sus,</strong></span> <span class='ocrx_word' id='word_1_631' title='bbox 2492 4218 2802 4285; x_wconf 78' lang='lat' dir='ltr'><strong>martyrium</strong></span> <span class='ocrx_word' id='word_1_632' title='bbox 2842 4216 3248 4285; x_wconf 71' lang='lat' dir='ltr'><strong>constttttnlavit,</strong></span> <span class='ocrx_word' id='word_1_633' title='bbox 3300 4225 3350 4266; x_wconf 92' lang='lat' dir='ltr'><strong>et</strong></span> <span class='ocrx_word' id='word_1_634' title='bbox 3386 4219 3581 4280; x_wconf 87' lang='lat' dir='ltr'><strong>positus</strong></span> <span class='ocrx_word' id='word_1_635' title='bbox 3629 4229 3710 4269; x_wconf 88' lang='lat' dir='ltr'><strong>est</strong></span> <span class='ocrx_word' id='word_1_636' title='bbox 3739 4219 3806 4270; x_wconf 82' lang='lat' dir='ltr'><strong>ad</strong></span> 
     </span>
    </p>
   </div>
   <div class='ocr_carea' id='block_1_89' title="bbox 2248 4284 3812 4352">
    <p class='ocr_par' dir='ltr' id='par_1_89' title="bbox 2248 4284 3812 4352">
     <span class='ocr_line' id='line_1_90' title="bbox 2248 4284 3812 4352; baseline 0.003 -16"><span class='ocrx_word' id='word_1_637' title='bbox 2248 4286 2304 4338; x_wconf 91' lang='lat' dir='ltr'><strong>S.</strong></span> <span class='ocrx_word' id='word_1_638' title='bbox 2339 4286 2563 4338; x_wconf 78' lang='lat' dir='ltr'><strong>Siuum.</strong></span> <span class='ocrx_word' id='word_1_639' title='bbox 2613 4284 2844 4338; x_wconf 64' lang='lat' dir='ltr'><strong>Usuaun.</strong></span> <span class='ocrx_word' id='word_1_640' title='bbox 2900 4286 3007 4338; x_wconf 86' lang='lat' dir='ltr'><strong>Sub</strong></span> <span class='ocrx_word' id='word_1_641' title='bbox 3051 4284 3332 4340; x_wconf 65' lang='lat' dir='ltr'><strong>Maximino</strong></span> <span class='ocrx_word' id='word_1_642' title='bbox 3375 4301 3581 4352; x_wconf 78' lang='lat' dir='ltr'><strong>passum</strong></span> <span class='ocrx_word' id='word_1_643' title='bbox 3623 4287 3812 4341; x_wconf 67' lang='lat' dir='ltr'><strong>scribit</strong></span> 
     </span>
    </p>
   </div>
   <div class='ocr_carea' id='block_1_90' title="bbox 2247 4354 3136 4413">
    <p class='ocr_par' dir='ltr' id='par_1_90' title="bbox 2247 4354 3136 4413">
     <span class='ocr_line' id='line_1_91' title="bbox 2247 4354 3136 4413; baseline -0.003 -5"><span class='ocrx_word' id='word_1_644' title='bbox 2247 4355 2393 4413; x_wconf 83' lang='lat' dir='ltr'><strong>Atio,</strong></span> <span class='ocrx_word' id='word_1_645' title='bbox 2428 4355 2524 4405; x_wconf 64' lang='lat' dir='ltr'><strong>sub</strong></span> <span class='ocrx_word' id='word_1_646' title='bbox 2559 4354 2832 4407; x_wconf 83' lang='lat' dir='ltr'><strong>Valeriano</strong></span> <span class='ocrx_word' id='word_1_647' title='bbox 2864 4354 3136 4406; x_wconf 80' lang='lat' dir='ltr'><strong>Baronius.</strong></span> 
     </span>
    </p>
   </div>
   <div class='ocr_carea' id='block_1_91' title="bbox 2319 4423 3802 4491">
    <p class='ocr_par' dir='ltr' id='par_1_91' title="bbox 2319 4423 3802 4491">
     <span class='ocr_line' id='line_1_92' title="bbox 2319 4423 3802 4491; baseline 0.003 -17"><span class='ocrx_word' id='word_1_648' title='bbox 2319 4436 2342 4461; x_wconf 72' lang='grc' dir='ltr'>ο</span> <span class='ocrx_word' id='word_1_649' title='bbox 2387 4424 2638 4477; x_wconf 78' lang='lat' dir='ltr'><strong>Faustini.</strong></span> <span class='ocrx_word' id='word_1_650' title='bbox 2676 4425 2765 4477; x_wconf 88' lang='lat' dir='ltr'><strong>Vel</strong></span> <span class='ocrx_word' id='word_1_651' title='bbox 2797 4424 2997 4477; x_wconf 83' lang='lat' dir='ltr'><strong>Fausti.</strong></span> <span class='ocrx_word' id='word_1_652' title='bbox 3031 4424 3124 4476; x_wconf 86' lang='lat' dir='ltr'><strong>Hic</strong></span> <span class='ocrx_word' id='word_1_653' title='bbox 3143 4431 3339 4475; x_wconf 87' lang='lat' dir='ltr'><strong>tantum</strong></span> <span class='ocrx_word' id='word_1_654' title='bbox 3369 4423 3568 4478; x_wconf 61' lang='lat' dir='ltr'><strong>fttluca:</strong></span> <span class='ocrx_word' id='word_1_655' title='bbox 3601 4425 3802 4491; x_wconf 77' lang='lat' dir='ltr'><strong>habuit,</strong></span> 
     </span>
    </p>
   </div>
   <div class='ocr_carea' id='block_1_92' title="bbox 2242 4495 3796 4548">
    <p class='ocr_par' dir='ltr' id='par_1_92' title="bbox 2242 4495 3796 4548">
     <span class='ocr_line' id='line_1_93' title="bbox 2242 4495 3796 4548; baseline 0 -1"><span class='ocrx_word' id='word_1_656' title='bbox 2242 4504 2299 4547; x_wconf 90' lang='lat' dir='ltr'><strong>ttt</strong></span> <span class='ocrx_word' id='word_1_657' title='bbox 2330 4511 2446 4546; x_wconf 84' lang='lat' dir='ltr'><strong>rum</strong></span> <span class='ocrx_word' id='word_1_658' title='bbox 2477 4495 2538 4546; x_wconf 90' lang='lat' dir='ltr'><strong>ad</strong></span> <span class='ocrx_word' id='word_1_659' title='bbox 2565 4495 2897 4548; x_wconf 81' lang='lat' dir='ltr'><strong>ChriSIianns</strong></span> <span class='ocrx_word' id='word_1_660' title='bbox 2929 4495 2978 4546; x_wconf 89' lang='lat' dir='ltr'><strong>itt</strong></span> <span class='ocrx_word' id='word_1_661' title='bbox 3009 4507 3220 4546; x_wconf 83' lang='lat' dir='ltr'><strong>carcere</strong></span> <span class='ocrx_word' id='word_1_662' title='bbox 3250 4495 3488 4547; x_wconf 82' lang='lat' dir='ltr'><strong>detentus</strong></span> <span class='ocrx_word' id='word_1_663' title='bbox 3517 4512 3669 4546; x_wconf 76' lang='lat' dir='ltr'><strong>nt-tno</strong></span> <span class='ocrx_word' id='word_1_664' title='bbox 3700 4512 3796 4547; x_wconf 89' lang='lat' dir='ltr'><strong>att-</strong></span> 
     </span>
    </p>
   </div>
   <div class='ocr_carea' id='block_1_93' title="bbox 560 4555 3804 4635">
    <p class='ocr_par' dir='ltr' id='par_1_93' title="bbox 560 4555 3804 4635">
     <span class='ocr_line' id='line_1_94' title="bbox 560 4555 3804 4635; baseline 0 -17"><span class='ocrx_word' id='word_1_665' title='bbox 560 4564 648 4618; x_wconf 90' lang='lat' dir='ltr'><strong>die</strong></span> <span class='ocrx_word' id='word_1_666' title='bbox 673 4555 862 4635; x_wconf 81' lang='lat' dir='ltr'><strong>ambos</strong></span> <span class='ocrx_word' id='word_1_667' title='bbox 910 4578 1027 4616; x_wconf 87' lang='lat' dir='ltr'><strong>esse</strong></span> <span class='ocrx_word' id='word_1_668' title='bbox 1059 4577 1241 4630; x_wconf 90' lang='lat' dir='ltr'><strong>passos</strong></span> <span class='ocrx_word' id='word_1_669' title='bbox 1270 4605 1283 4626; x_wconf 87' lang='lat'><strong>,</strong></span> <span class='ocrx_word' id='word_1_670' title='bbox 1333 4568 1626 4635; x_wconf 86' lang='lat' dir='ltr'><strong>eodemque</strong></span> <span class='ocrx_word' id='word_1_671' title='bbox 1658 4566 1896 4632; x_wconf 86' lang='lat' dir='ltr'><strong>martyrii</strong></span> <span class='ocrx_word' id='word_1_672' title='bbox 1946 4555 2139 4631; x_wconf 62' lang='lat' dir='ltr'><strong>genere</strong></span> <span class='ocrx_word' id='word_1_673' title='bbox 2166 4555 2216 4616; x_wconf 84' lang='grc' dir='ltr'><strong>Ι)</strong></span> <span class='ocrx_word' id='word_1_674' title='bbox 2243 4567 2389 4619; x_wconf 84' lang='lat' dir='ltr'><strong>deret</strong></span> <span class='ocrx_word' id='word_1_675' title='bbox 2424 4566 2697 4628; x_wconf 52' lang='lat' dir='ltr'><strong>adedere,</strong></span> <span class='ocrx_word' id='word_1_676' title='bbox 2751 4565 2834 4617; x_wconf 78' lang='lat' dir='ltr'><strong>isti</strong></span> <span class='ocrx_word' id='word_1_677' title='bbox 2867 4575 3038 4635; x_wconf 79' lang='lat' dir='ltr'><strong>tamen</strong></span> <span class='ocrx_word' id='word_1_678' title='bbox 3093 4575 3144 4635; x_wconf 83' lang='lat' dir='ltr'><strong>et</strong></span> <span class='ocrx_word' id='word_1_679' title='bbox 3174 4563 3399 4617; x_wconf 75' lang='lat' dir='ltr'><strong>Eusebio</strong></span> <span class='ocrx_word' id='word_1_680' title='bbox 3444 4566 3654 4635; x_wconf 59' lang='lat' dir='ltr'><strong>collega:</strong></span> <span class='ocrx_word' id='word_1_681' title='bbox 3704 4582 3804 4620; x_wconf 82' lang='lat' dir='ltr'><strong>suo</strong></span> 
     </span>
    </p>
   </div>
   <div class='ocr_carea' id='block_1_94' title="bbox 562 4633 2140 4706">
    <p class='ocr_par' dir='ltr' id='par_1_94' title="bbox 562 4633 2140 4706">
     <span class='ocr_line' id='line_1_95' title="bbox 562 4633 2140 4706; baseline 0.002 -17"><span class='ocrx_word' id='word_1_682' title='bbox 562 4633 870 4706; x_wconf 81' lang='lat' dir='ltr'><strong>perfunctos</strong></span> <span class='ocrx_word' id='word_1_683' title='bbox 903 4635 1185 4706; x_wconf 70' lang='lat' dir='ltr'><strong>fateantur,</strong></span> <span class='ocrx_word' id='word_1_684' title='bbox 1217 4636 1346 4706; x_wconf 14' lang='lat' dir='ltr'><strong>quis,</strong></span> <span class='ocrx_word' id='word_1_685' title='bbox 1366 4650 1484 4706; x_wconf 84' lang='lat' dir='ltr'><strong>non</strong></span> <span class='ocrx_word' id='word_1_686' title='bbox 1522 4634 1666 4688; x_wconf 90' lang='lat' dir='ltr'><strong>videt</strong></span> <span class='ocrx_word' id='word_1_687' title='bbox 1693 4635 1884 4688; x_wconf 86' lang='lat' dir='ltr'><strong>frustra</strong></span> <span class='ocrx_word' id='word_1_688' title='bbox 1922 4639 1987 4689; x_wconf 90' lang='lat' dir='ltr'><strong>ah</strong></span> <span class='ocrx_word' id='word_1_689' title='bbox 2037 4637 2140 4692; x_wconf 83' lang='lat' dir='ltr'><strong>illis</strong></span> 
     </span>
    </p>
   </div>
   <div class='ocr_carea' id='block_1_95' title="bbox 559 4703 2141 4774">
    <p class='ocr_par' dir='ltr' id='par_1_95' title="bbox 559 4703 2141 4774">
     <span class='ocr_line' id='line_1_96' title="bbox 559 4703 2141 4774; baseline 0.002 -17"><span class='ocrx_word' id='word_1_690' title='bbox 559 4703 810 4774; x_wconf 84' lang='lat' dir='ltr'><strong>distingui</strong></span> <span class='ocrx_word' id='word_1_691' title='bbox 841 4705 974 4758; x_wconf 90' lang='lat' dir='ltr'><strong>duos</strong></span> <span class='ocrx_word' id='word_1_692' title='bbox 1009 4703 1296 4758; x_wconf 85' lang='lat' dir='ltr'><strong>Romanos.</strong></span> <span class='ocrx_word' id='word_1_693' title='bbox 1333 4705 1492 4758; x_wconf 85' lang='lat' dir='ltr'><strong>Miror</strong></span> <span class='ocrx_word' id='word_1_694' title='bbox 1517 4712 1692 4757; x_wconf 89' lang='lat' dir='ltr'><strong>tamen</strong></span> <span class='ocrx_word' id='word_1_695' title='bbox 1745 4710 1879 4760; x_wconf 88' lang='lat' dir='ltr'><strong>hanc</strong></span> <span class='ocrx_word' id='word_1_696' title='bbox 1927 4716 2141 4760; x_wconf 78' lang='lat' dir='ltr'><strong>sentcn-</strong></span> 
     </span>
    </p>
   </div>
   <div class='ocr_carea' id='block_1_96' title="bbox 558 4775 2138 4844">
    <p class='ocr_par' dir='ltr' id='par_1_96' title="bbox 558 4775 2138 4844">
     <span class='ocr_line' id='line_1_97' title="bbox 558 4775 2138 4844; baseline 0.002 -16"><span class='ocrx_word' id='word_1_697' title='bbox 558 4777 688 4828; x_wconf 89' lang='lat' dir='ltr'><strong>tiam</strong></span> <span class='ocrx_word' id='word_1_698' title='bbox 723 4776 981 4843; x_wconf 85' lang='lat' dir='ltr'><strong>placuisse</strong></span> <span class='ocrx_word' id='word_1_699' title='bbox 1012 4776 1258 4838; x_wconf 80' lang='lat' dir='ltr'><strong>Baronio,</strong></span> <span class='ocrx_word' id='word_1_700' title='bbox 1291 4776 1341 4829; x_wconf 93' lang='lat' dir='ltr'><strong>in</strong></span> <span class='ocrx_word' id='word_1_701' title='bbox 1383 4775 1529 4828; x_wconf 69' lang='lat' dir='ltr'><strong>Notis</strong></span> <span class='ocrx_word' id='word_1_702' title='bbox 1569 4775 1632 4828; x_wconf 88' lang='lat' dir='ltr'><strong>ad</strong></span> <span class='ocrx_word' id='word_1_703' title='bbox 1685 4777 2138 4844; x_wconf 80' lang='lat' dir='ltr'><strong>Martyrologium.</strong></span> 
     </span>
    </p>
   </div>
   <div class='ocr_carea' id='block_1_97' title="bbox 557 4845 2137 4917">
    <p class='ocr_par' dir='ltr' id='par_1_97' title="bbox 557 4845 2137 4917">
     <span class='ocr_line' id='line_1_98' title="bbox 557 4845 2137 4917; baseline -0.001 -16"><span class='ocrx_word' id='word_1_704' title='bbox 557 4845 715 4901; x_wconf 82' lang='lat' dir='ltr'><strong>Cet-te</strong></span> <span class='ocrx_word' id='word_1_705' title='bbox 736 4846 778 4897; x_wconf 91' lang='lat' dir='ltr'><strong>si</strong></span> <span class='ocrx_word' id='word_1_706' title='bbox 795 4845 903 4917; x_wconf 88' lang='lat' dir='ltr'><strong>duo</strong></span> <span class='ocrx_word' id='word_1_707' title='bbox 923 4845 1163 4917; x_wconf 85' lang='lat' dir='ltr'><strong>ejusdem</strong></span> <span class='ocrx_word' id='word_1_708' title='bbox 1187 4845 1414 4899; x_wconf 88' lang='lat' dir='ltr'><strong>nominis</strong></span> <span class='ocrx_word' id='word_1_709' title='bbox 1434 4848 1578 4917; x_wconf 89' lang='lat' dir='ltr'><strong>fuere</strong></span> <span class='ocrx_word' id='word_1_710' title='bbox 1608 4846 1828 4900; x_wconf 81' lang='lat' dir='ltr'><strong>Romani</strong></span> <span class='ocrx_word' id='word_1_711' title='bbox 1855 4859 2068 4917; x_wconf 81' lang='lat' dir='ltr'><strong>martyr.</strong></span> <span class='ocrx_word' id='word_1_712' title='bbox 2089 4864 2137 4912; x_wconf 91' lang='lat' dir='ltr'><strong>s,</strong></span> 
     </span>
    </p>
   </div>
   <div class='ocr_carea' id='block_1_98' title="bbox 557 4915 2139 4986">
    <p class='ocr_par' dir='ltr' id='par_1_98' title="bbox 557 4915 2139 4986">
     <span class='ocr_line' id='line_1_99' title="bbox 557 4915 2139 4986; baseline -0.001 -16"><span class='ocrx_word' id='word_1_713' title='bbox 557 4927 610 4970; x_wconf 91' lang='lat' dir='ltr'><strong>et</strong></span> <span class='ocrx_word' id='word_1_714' title='bbox 637 4917 680 4969; x_wconf 89' lang='lat' dir='ltr'><strong>si</strong></span> <span class='ocrx_word' id='word_1_715' title='bbox 711 4915 870 4969; x_wconf 87' lang='lat' dir='ltr'><strong>ambo</strong></span> <span class='ocrx_word' id='word_1_716' title='bbox 900 4915 1085 4968; x_wconf 90' lang='lat' dir='ltr'><strong>eodem</strong></span> <span class='ocrx_word' id='word_1_717' title='bbox 1133 4917 1218 4969; x_wconf 85' lang='lat' dir='ltr'><strong>die</strong></span> <span class='ocrx_word' id='word_1_718' title='bbox 1249 4916 1558 4986; x_wconf 89' lang='lat' dir='ltr'><strong>martyrium</strong></span> <span class='ocrx_word' id='word_1_719' title='bbox 1612 4918 1750 4983; x_wconf 89' lang='lat' dir='ltr'><strong>passi</strong></span> <span class='ocrx_word' id='word_1_720' title='bbox 1800 4928 1926 4970; x_wconf 87' lang='lat' dir='ltr'><strong>sunt</strong></span> <span class='ocrx_word' id='word_1_721' title='bbox 1952 4915 2139 4972; x_wconf 83' lang='lat' dir='ltr'><strong>Antio-</strong></span> 
     </span>
    </p>
   </div>
   <div class='ocr_carea' id='block_1_99' title="bbox 557 4985 2139 5050">
    <p class='ocr_par' dir='ltr' id='par_1_99' title="bbox 557 4985 2139 5050">
     <span class='ocr_line' id='line_1_100' title="bbox 557 4985 2139 5050; baseline -0.001 -9"><span class='ocrx_word' id='word_1_722' title='bbox 557 4986 711 5050; x_wconf 62' lang='lat' dir='ltr'><strong>Chia},</strong></span> <span class='ocrx_word' id='word_1_723' title='bbox 744 5001 839 5040; x_wconf 89' lang='lat' dir='ltr'><strong>cur</strong></span> <span class='ocrx_word' id='word_1_724' title='bbox 869 4985 1125 5040; x_wconf 87' lang='lat' dir='ltr'><strong>Eusebius</strong></span> <span class='ocrx_word' id='word_1_725' title='bbox 1149 4986 1248 5040; x_wconf 89' lang='lat' dir='ltr'><strong>hoc</strong></span> <span class='ocrx_word' id='word_1_726' title='bbox 1280 4985 1401 5039; x_wconf 83' lang='lat' dir='ltr'><strong>loco</strong></span> <span class='ocrx_word' id='word_1_727' title='bbox 1428 4987 1578 5040; x_wconf 91' lang='lat' dir='ltr'><strong>unius</strong></span> <span class='ocrx_word' id='word_1_728' title='bbox 1608 4988 1866 5040; x_wconf 75' lang='lat' dir='ltr'><strong>duntaxat</strong></span> <span class='ocrx_word' id='word_1_729' title='bbox 1912 4990 2139 5041; x_wconf 83' lang='lat' dir='ltr'><strong>mentio-</strong></span> 
     </span>
    </p>
   </div>
   <div class='ocr_carea' id='block_1_100' title="bbox 558 5055 2138 5125">
    <p class='ocr_par' dir='ltr' id='par_1_100' title="bbox 558 5055 2138 5125">
     <span class='ocr_line' id='line_1_101' title="bbox 558 5055 2138 5125; baseline 0.002 -14"><span class='ocrx_word' id='word_1_730' title='bbox 558 5071 680 5111; x_wconf 89' lang='lat' dir='ltr'><strong>nem</strong></span> <span class='ocrx_word' id='word_1_731' title='bbox 731 5055 896 5110; x_wconf 84' lang='lat' dir='ltr'><strong>fccit?</strong></span> <span class='ocrx_word' id='word_1_732' title='bbox 935 5055 1041 5111; x_wconf 91' lang='lat' dir='ltr'><strong>Sed</strong></span> <span class='ocrx_word' id='word_1_733' title='bbox 1090 5064 1145 5110; x_wconf 91' lang='lat' dir='ltr'><strong>et</strong></span> <span class='ocrx_word' id='word_1_734' title='bbox 1200 5056 1458 5112; x_wconf 87' lang='lat' dir='ltr'><strong>Eusebius</strong></span> <span class='ocrx_word' id='word_1_735' title='bbox 1517 5056 1644 5110; x_wconf 89' lang='lat' dir='ltr'><strong>alibi</strong></span> <span class='ocrx_word' id='word_1_736' title='bbox 1708 5073 1920 5125; x_wconf 86' lang='lat' dir='ltr'><strong>quoque</strong></span> <span class='ocrx_word' id='word_1_737' title='bbox 1984 5058 2138 5125; x_wconf 85' lang='lat' dir='ltr'><strong>hujus</strong></span> 
     </span>
    </p>
   </div>
   <div class='ocr_carea' id='block_1_101' title="bbox 558 5127 2138 5196">
    <p class='ocr_par' dir='ltr' id='par_1_101' title="bbox 558 5127 2138 5196">
     <span class='ocr_line' id='line_1_102' title="bbox 558 5127 2138 5196; baseline 0.001 -16"><span class='ocrx_word' id='word_1_738' title='bbox 558 5129 806 5196; x_wconf 85' lang='lat' dir='ltr'><strong>martyris</strong></span> <span class='ocrx_word' id='word_1_739' title='bbox 833 5127 1152 5182; x_wconf 87' lang='lat' dir='ltr'><strong>mentionem</strong></span> <span class='ocrx_word' id='word_1_740' title='bbox 1182 5127 1327 5191; x_wconf 88' lang='lat' dir='ltr'><strong>fecit,</strong></span> <span class='ocrx_word' id='word_1_741' title='bbox 1361 5128 1412 5180; x_wconf 87' lang='lat' dir='ltr'><strong>itt</strong></span> <span class='ocrx_word' id='word_1_742' title='bbox 1443 5128 1699 5191; x_wconf 89' lang='lat' dir='ltr'><strong>secundo,</strong></span> <span class='ocrx_word' id='word_1_743' title='bbox 1727 5128 1969 5194; x_wconf 83' lang='lat' dir='ltr'><strong>scilicet,</strong></span> <span class='ocrx_word' id='word_1_744' title='bbox 2002 5129 2138 5182; x_wconf 91' lang='lat' dir='ltr'><strong>libro</strong></span> 
     </span>
    </p>
   </div>
   <div class='ocr_carea' id='block_1_102' title="bbox 557 5197 2135 5262">
    <p class='ocr_par' dir='ltr' id='par_1_102' title="bbox 557 5197 2135 5262">
     <span class='ocr_line' id='line_1_103' title="bbox 557 5197 2135 5262; baseline 0.001 -12"><span class='ocrx_word' id='word_1_745' title='bbox 557 5200 625 5250; x_wconf 88' lang='lat' dir='ltr'><strong>de</strong></span> <span class='ocrx_word' id='word_1_746' title='bbox 652 5201 708 5251; x_wconf 76' lang='lat' dir='ltr'><strong>Itt</strong></span> <span class='ocrx_word' id='word_1_747' title='bbox 728 5199 1059 5250; x_wconf 89' lang='lat' dir='ltr'><strong>surrectione</strong></span> <span class='ocrx_word' id='word_1_748' title='bbox 1085 5207 1138 5251; x_wconf 90' lang='lat' dir='ltr'><strong>et</strong></span> <span class='ocrx_word' id='word_1_749' title='bbox 1165 5199 1490 5250; x_wconf 86' lang='lat' dir='ltr'><strong>Asrensioue</strong></span> <span class='ocrx_word' id='word_1_750' title='bbox 1519 5197 1738 5262; x_wconf 91' lang='lat' dir='ltr'><strong>Christi,</strong></span> <span class='ocrx_word' id='word_1_751' title='bbox 1796 5198 1883 5252; x_wconf 91' lang='lat' dir='ltr'><strong>ubi</strong></span> <span class='ocrx_word' id='word_1_752' title='bbox 1912 5197 2135 5252; x_wconf 81' lang='lat' dir='ltr'><strong>Romani</strong></span> 
     </span>
    </p>
   </div>
   <div class='ocr_carea' id='block_1_103' title="bbox 557 5268 2137 5338">
    <p class='ocr_par' dir='ltr' id='par_1_103' title="bbox 557 5268 2137 5338">
     <span class='ocr_line' id='line_1_104' title="bbox 557 5268 2137 5338; baseline 0.001 -18"><span class='ocrx_word' id='word_1_753' title='bbox 557 5271 870 5338; x_wconf 86' lang='lat' dir='ltr'><strong>martyrium</strong></span> <span class='ocrx_word' id='word_1_754' title='bbox 933 5268 1198 5322; x_wconf 88' lang='lat' dir='ltr'><strong>luculente</strong></span> <span class='ocrx_word' id='word_1_755' title='bbox 1245 5276 1299 5338; x_wconf 77' lang='lat' dir='ltr'><strong>et</strong></span> <span class='ocrx_word' id='word_1_756' title='bbox 1355 5268 1586 5321; x_wconf 86' lang='lat' dir='ltr'><strong>oratorie</strong></span> <span class='ocrx_word' id='word_1_757' title='bbox 1634 5269 1908 5332; x_wconf 91' lang='lat' dir='ltr'><strong>describit,</strong></span> <span class='ocrx_word' id='word_1_758' title='bbox 1950 5276 2006 5323; x_wconf 90' lang='lat' dir='ltr'><strong>et</strong></span> <span class='ocrx_word' id='word_1_759' title='bbox 2048 5269 2137 5323; x_wconf 91' lang='lat' dir='ltr'><strong>ubi</strong></span> 
     </span>
    </p>
   </div>
   <div class='ocr_carea' id='block_1_104' title="bbox 555 5335 2137 5407">
    <p class='ocr_par' dir='ltr' id='par_1_104' title="bbox 555 5335 2137 5407">
     <span class='ocr_line' id='line_1_105' title="bbox 555 5335 2137 5407; baseline 0.003 -19"><span class='ocrx_word' id='word_1_760' title='bbox 555 5335 767 5407; x_wconf 82' lang='lat' dir='ltr'><strong>quoque</strong></span> <span class='ocrx_word' id='word_1_761' title='bbox 791 5353 952 5390; x_wconf 91' lang='lat' dir='ltr'><strong>nnutn</strong></span> <span class='ocrx_word' id='word_1_762' title='bbox 985 5339 1241 5392; x_wconf 81' lang='lat' dir='ltr'><strong>duntaxat</strong></span> <span class='ocrx_word' id='word_1_763' title='bbox 1263 5335 1558 5391; x_wconf 79' lang='lat' dir='ltr'><strong>Romanum</strong></span> <span class='ocrx_word' id='word_1_764' title='bbox 1607 5339 1848 5407; x_wconf 80' lang='lat' dir='ltr'><strong>agnoscit</strong></span> <span class='ocrx_word' id='word_1_765' title='bbox 1876 5339 1963 5407; x_wconf 87' lang='lat' dir='ltr'><strong>qui</strong></span> <span class='ocrx_word' id='word_1_766' title='bbox 1995 5355 2137 5394; x_wconf 88' lang='lat' dir='ltr'><strong>mar-</strong></span> 
     </span>
    </p>
   </div>
   <div class='ocr_carea' id='block_1_105' title="bbox 557 5409 1414 5477">
    <p class='ocr_par' dir='ltr' id='par_1_105' title="bbox 557 5409 1414 5477">
     <span class='ocr_line' id='line_1_106' title="bbox 557 5409 1414 5477; baseline 0.002 -19"><span class='ocrx_word' id='word_1_767' title='bbox 557 5411 745 5477; x_wconf 86' lang='lat' dir='ltr'><strong>tyritttn</strong></span> <span class='ocrx_word' id='word_1_768' title='bbox 779 5409 1076 5462; x_wconf 71' lang='lat' dir='ltr'><strong>Antiochite</strong></span> <span class='ocrx_word' id='word_1_769' title='bbox 1100 5421 1286 5475; x_wconf 90' lang='lat' dir='ltr'><strong>passus</strong></span> <span class='ocrx_word' id='word_1_770' title='bbox 1313 5417 1414 5461; x_wconf 90' lang='lat' dir='ltr'><strong>est.</strong></span> 
     </span>
    </p>
   </div>
   <div class='ocr_carea' id='block_1_106' title="bbox 606 5476 2136 5549">
    <p class='ocr_par' dir='ltr' id='par_1_106' title="bbox 606 5476 2136 5549">
     <span class='ocr_line' id='line_1_107' title="bbox 606 5476 2136 5549; baseline 0.004 -20"><span class='ocrx_word' id='word_1_771' title='bbox 606 5476 656 5543; x_wconf 36' lang='grc' dir='ltr'><strong>,ι’</strong></span> <span class='ocrx_word' id='word_1_772' title='bbox 697 5477 989 5549; x_wconf 74' lang='lat' dir='ltr'><strong>Gaugart&#39;ci.</strong></span> <span class='ocrx_word' id='word_1_773' title='bbox 1019 5479 1115 5533; x_wconf 84' lang='lat' dir='ltr'><strong>Hic</strong></span> <span class='ocrx_word' id='word_1_774' title='bbox 1139 5478 1272 5533; x_wconf 89' lang='lat' dir='ltr'><strong>obiit</strong></span> <span class='ocrx_word' id='word_1_775' title='bbox 1303 5479 1362 5532; x_wconf 84' lang='grc' dir='ltr'>Η</span> <span class='ocrx_word' id='word_1_776' title='bbox 1391 5478 1632 5549; x_wconf 83' lang='lat' dir='ltr'><strong>Augusti,</strong></span> <span class='ocrx_word' id='word_1_777' title='bbox 1656 5493 1812 5548; x_wconf 90' lang='lat' dir='ltr'><strong>quem</strong></span> <span class='ocrx_word' id='word_1_778' title='bbox 1843 5478 1983 5534; x_wconf 90' lang='lat' dir='ltr'><strong>diem</strong></span> <span class='ocrx_word' id='word_1_779' title='bbox 2013 5480 2136 5536; x_wconf 91' lang='lat' dir='ltr'><strong>vide</strong></span> 
     </span>
    </p>
   </div>
   <div class='ocr_carea' id='block_1_107' title="bbox 555 5559 733 5612">
    <p class='ocr_par' dir='ltr' id='par_1_107' title="bbox 555 5559 733 5612">
     <span class='ocr_line' id='line_1_108' title="bbox 555 5559 733 5612; baseline 0.011 -14"><span class='ocrx_word' id='word_1_780' title='bbox 555 5559 733 5612; x_wconf 80' lang='lat' dir='ltr'><strong>supra.</strong></span> 
     </span>
    </p>
   </div>
   <div class='ocr_carea' id='block_1_108' title="bbox 629 5615 2130 5688">
    <p class='ocr_par' dir='ltr' id='par_1_108' title="bbox 629 5615 2130 5688">
     <span class='ocr_line' id='line_1_109' title="bbox 629 5615 2130 5688; baseline 0.005 -22"><span class='ocrx_word' id='word_1_781' title='bbox 629 5615 943 5688; x_wconf 33' lang='grc' dir='ltr'><strong>εηιςηερυῑατ.</strong></span> <span class='ocrx_word' id='word_1_782' title='bbox 986 5617 1286 5682; x_wconf 88' lang='lat' dir='ltr'><strong>Ferrarius,</strong></span> <span class='ocrx_word' id='word_1_783' title='bbox 1327 5617 1379 5672; x_wconf 92' lang='lat' dir='ltr'><strong>in</strong></span> <span class='ocrx_word' id='word_1_784' title='bbox 1420 5617 1672 5688; x_wconf 80' lang='lat' dir='ltr'><strong>Catalogo</strong></span> <span class='ocrx_word' id='word_1_785' title='bbox 1721 5634 1818 5676; x_wconf 87' lang='lat' dir='ltr'><strong>suo</strong></span> <span class='ocrx_word' id='word_1_786' title='bbox 1862 5619 2130 5688; x_wconf 80' lang='lat' dir='ltr'><strong>generali,</strong></span> 
     </span>
    </p>
   </div>
   <div class='ocr_carea' id='block_1_109' title="bbox 556 5685 2134 5751">
    <p class='ocr_par' dir='ltr' id='par_1_109' title="bbox 556 5685 2134 5751">
     <span class='ocr_line' id='line_1_110' title="bbox 556 5685 2134 5751; baseline 0.007 -17"><span class='ocrx_word' id='word_1_787' title='bbox 556 5685 766 5751; x_wconf 82' lang='lat' dir='ltr'><strong>ronjicit</strong></span> <span class='ocrx_word' id='word_1_788' title='bbox 802 5686 938 5741; x_wconf 87' lang='lat' dir='ltr'><strong>hanc</strong></span> <span class='ocrx_word' id='word_1_789' title='bbox 969 5703 1088 5742; x_wconf 88' lang='lat' dir='ltr'><strong>esse</strong></span> <span class='ocrx_word' id='word_1_790' title='bbox 1113 5689 1358 5743; x_wconf 89' lang='lat' dir='ltr'><strong>eamdem</strong></span> <span class='ocrx_word' id='word_1_791' title='bbox 1389 5703 1510 5743; x_wconf 89' lang='lat' dir='ltr'><strong>cum</strong></span> <span class='ocrx_word' id='word_1_792' title='bbox 1535 5685 1759 5744; x_wconf 71' lang='lat' dir='ltr'><strong>Eusebia</strong></span> <span class='ocrx_word' id='word_1_793' title='bbox 1782 5685 1903 5745; x_wconf 65' lang='grc' dir='ltr'>θυι).</span> <span class='ocrx_word' id='word_1_794' title='bbox 1929 5685 2134 5746; x_wconf 61' lang='grc' dir='ltr'>’Πειηιιιὲ</span> 
     </span>
    </p>
   </div>
   <div class='ocr_carea' id='block_1_110' title="bbox 555 5756 1272 5824">
    <p class='ocr_par' dir='ltr' id='par_1_110' title="bbox 555 5756 1272 5824">
     <span class='ocr_line' id='line_1_111' title="bbox 555 5756 1272 5824; baseline 0.004 -16"><span class='ocrx_word' id='word_1_795' title='bbox 555 5756 743 5817; x_wconf 88' lang='lat' dir='ltr'><strong>ticen.,</strong></span> <span class='ocrx_word' id='word_1_796' title='bbox 771 5759 836 5807; x_wconf 86' lang='lat' dir='ltr'><strong>de</strong></span> <span class='ocrx_word' id='word_1_797' title='bbox 857 5770 957 5824; x_wconf 88' lang='lat' dir='ltr'><strong>qua</strong></span> <span class='ocrx_word' id='word_1_798' title='bbox 987 5757 1053 5811; x_wconf 83' lang='grc'><strong>16</strong></span> <span class='ocrx_word' id='word_1_799' title='bbox 1084 5759 1272 5811; x_wconf 88' lang='lat' dir='ltr'><strong>Martii.</strong></span> 
     </span>
    </p>
   </div>
   <div class='ocr_carea' id='block_1_111' title="bbox 625 5825 2130 5900">
    <p class='ocr_par' dir='ltr' id='par_1_111' title="bbox 625 5825 2130 5900">
     <span class='ocr_line' id='line_1_112' title="bbox 625 5825 2130 5900; baseline 0.005 -20"><span class='ocrx_word' id='word_1_800' title='bbox 625 5825 653 5867; x_wconf 68' lang='grc' dir='ltr'><strong><em>ἀ</em></strong></span> <span class='ocrx_word' id='word_1_801' title='bbox 682 5825 970 5881; x_wconf 60' lang='lat' dir='ltr'><strong>Maximini.</strong></span> <span class='ocrx_word' id='word_1_802' title='bbox 1015 5827 1117 5883; x_wconf 88' lang='lat' dir='ltr'><strong>Seu</strong></span> <span class='ocrx_word' id='word_1_803' title='bbox 1144 5828 1380 5884; x_wconf 82' lang='lat' dir='ltr'><strong>Maximi.</strong></span> <span class='ocrx_word' id='word_1_804' title='bbox 1413 5829 1513 5895; x_wconf 81' lang='lat' dir='ltr'><strong>Qui</strong></span> <span class='ocrx_word' id='word_1_805' title='bbox 1544 5829 1596 5886; x_wconf 90' lang='lat' dir='ltr'><strong>in</strong></span> <span class='ocrx_word' id='word_1_806' title='bbox 1623 5831 1991 5900; x_wconf 87' lang='lat' dir='ltr'><strong>persecutione</strong></span> <span class='ocrx_word' id='word_1_807' title='bbox 2022 5831 2130 5887; x_wconf 79' lang='lat' dir='ltr'><strong>Ma-</strong></span> 
     </span>
    </p>
   </div>
   <div class='ocr_carea' id='block_1_112' title="bbox 2247 4633 3801 4702">
    <p class='ocr_par' dir='ltr' id='par_1_112' title="bbox 2247 4633 3801 4702">
     <span class='ocr_line' id='line_1_113' title="bbox 2247 4633 3801 4702; baseline 0.003 -16"><span class='ocrx_word' id='word_1_808' title='bbox 2247 4635 2401 4689; x_wconf 87' lang='lat' dir='ltr'><strong>vcnia</strong></span> <span class='ocrx_word' id='word_1_809' title='bbox 2430 4649 2680 4688; x_wconf 88' lang='lat' dir='ltr'><strong>concessa</strong></span> <span class='ocrx_word' id='word_1_810' title='bbox 2704 4644 2804 4698; x_wconf 92' lang='lat' dir='ltr'><strong>est,</strong></span> <span class='ocrx_word' id='word_1_811' title='bbox 2841 4642 2898 4687; x_wconf 92' lang='lat' dir='ltr'><strong>ut</strong></span> <span class='ocrx_word' id='word_1_812' title='bbox 2919 4634 2982 4686; x_wconf 89' lang='lat' dir='ltr'><strong>ad</strong></span> <span class='ocrx_word' id='word_1_813' title='bbox 3007 4633 3338 4686; x_wconf 85' lang='lat' dir='ltr'><strong>confessores</strong></span> <span class='ocrx_word' id='word_1_814' title='bbox 3381 4633 3801 4702; x_wconf 75' lang='lat' dir='ltr'><strong>ingrederentur.</strong></span> 
     </span>
    </p>
   </div>
   <div class='ocr_carea' id='block_1_113' title="bbox 2245 4703 3803 4772">
    <p class='ocr_par' dir='ltr' id='par_1_113' title="bbox 2245 4703 3803 4772">
     <span class='ocr_line' id='line_1_114' title="bbox 2245 4703 3803 4772; baseline 0 -12"><span class='ocrx_word' id='word_1_815' title='bbox 2245 4706 2302 4760; x_wconf 93' lang='lat' dir='ltr'><strong>S.</strong></span> <span class='ocrx_word' id='word_1_816' title='bbox 2350 4706 2575 4759; x_wconf 76' lang='lat' dir='ltr'><strong>Faustus</strong></span> <span class='ocrx_word' id='word_1_817' title='bbox 2623 4705 2806 4771; x_wconf 78' lang='lat' dir='ltr'><strong>plenus</strong></span> <span class='ocrx_word' id='word_1_818' title='bbox 2851 4706 3057 4758; x_wconf 89' lang='lat' dir='ltr'><strong>dierum</strong></span> <span class='ocrx_word' id='word_1_819' title='bbox 3109 4704 3207 4757; x_wconf 91' lang='lat' dir='ltr'><strong>sub</strong></span> <span class='ocrx_word' id='word_1_820' title='bbox 3258 4703 3581 4758; x_wconf 86' lang='lat' dir='ltr'><strong>Diocletiano</strong></span> <span class='ocrx_word' id='word_1_821' title='bbox 3627 4706 3803 4772; x_wconf 87' lang='lat' dir='ltr'><strong>capite</strong></span> 
     </span>
    </p>
   </div>
   <div class='ocr_carea' id='block_1_114' title="bbox 2240 4773 3804 4829">
    <p class='ocr_par' dir='ltr' id='par_1_114' title="bbox 2240 4773 3804 4829">
     <span class='ocr_line' id='line_1_115' title="bbox 2240 4773 3804 4829; baseline 0 -1"><span class='ocrx_word' id='word_1_822' title='bbox 2240 4790 2412 4828; x_wconf 75' lang='lat' dir='ltr'><strong>cmsus</strong></span> <span class='ocrx_word' id='word_1_823' title='bbox 2441 4785 2542 4828; x_wconf 89' lang='lat' dir='ltr'><strong>est.</strong></span> <span class='ocrx_word' id='word_1_824' title='bbox 2593 4775 2756 4827; x_wconf 78' lang='lat' dir='ltr'><strong>Ps&#39;rn.</strong></span> <span class='ocrx_word' id='word_1_825' title='bbox 2790 4791 2856 4828; x_wconf 76' lang='lat' dir='ltr'><strong>ne</strong></span> <span class='ocrx_word' id='word_1_826' title='bbox 2887 4775 3093 4826; x_wconf 79' lang='grc' dir='ltr'>ΝΑτΑι.</span> <span class='ocrx_word' id='word_1_827' title='bbox 3149 4773 3372 4827; x_wconf 82' lang='lat' dir='ltr'><strong>Faustus</strong></span> <span class='ocrx_word' id='word_1_828' title='bbox 3417 4790 3539 4827; x_wconf 87' lang='lat' dir='ltr'><strong>vero</strong></span> <span class='ocrx_word' id='word_1_829' title='bbox 3567 4776 3647 4828; x_wconf 90' lang='lat' dir='ltr'><strong>hic</strong></span> <span class='ocrx_word' id='word_1_830' title='bbox 3677 4791 3804 4829; x_wconf 88' lang='lat' dir='ltr'><strong>con-</strong></span> 
     </span>
    </p>
   </div>
   <div class='ocr_carea' id='block_1_115' title="bbox 2243 4843 3799 4910">
    <p class='ocr_par' dir='ltr' id='par_1_115' title="bbox 2243 4843 3799 4910">
     <span class='ocr_line' id='line_1_116' title="bbox 2243 4843 3799 4910; baseline 0.003 -15"><span class='ocrx_word' id='word_1_831' title='bbox 2243 4845 2385 4899; x_wconf 82' lang='lat' dir='ltr'><strong>fundi</strong></span> <span class='ocrx_word' id='word_1_832' title='bbox 2414 4846 2624 4897; x_wconf 81' lang='lat' dir='ltr'><strong>videtur</strong></span> <span class='ocrx_word' id='word_1_833' title='bbox 2649 4859 2768 4898; x_wconf 93' lang='lat' dir='ltr'><strong>cum</strong></span> <span class='ocrx_word' id='word_1_834' title='bbox 2802 4845 2994 4897; x_wconf 82' lang='lat' dir='ltr'><strong>Fausto</strong></span> <span class='ocrx_word' id='word_1_835' title='bbox 3026 4845 3116 4895; x_wconf 93' lang='lat' dir='ltr'><strong>illo</strong></span> <span class='ocrx_word' id='word_1_836' title='bbox 3158 4843 3380 4898; x_wconf 87' lang='lat' dir='ltr'><strong>diacono</strong></span> <span class='ocrx_word' id='word_1_837' title='bbox 3419 4845 3799 4910; x_wconf 81' lang='lat' dir='ltr'><strong>Alexandrino,</strong></span> 
     </span>
    </p>
   </div>
   <div class='ocr_carea' id='block_1_116' title="bbox 2241 4913 3690 4984">
    <p class='ocr_par' dir='ltr' id='par_1_116' title="bbox 2241 4913 3690 4984">
     <span class='ocr_line' id='line_1_117' title="bbox 2241 4913 3690 4984; baseline 0 -16"><span class='ocrx_word' id='word_1_838' title='bbox 2241 4918 2390 4984; x_wconf 87' lang='lat' dir='ltr'><strong>cujus</strong></span> <span class='ocrx_word' id='word_1_839' title='bbox 2420 4918 2743 4968; x_wconf 89' lang='lat' dir='ltr'><strong>mentionem</strong></span> <span class='ocrx_word' id='word_1_840' title='bbox 2787 4915 2908 4968; x_wconf 90' lang='lat' dir='ltr'><strong>facit</strong></span> <span class='ocrx_word' id='word_1_841' title='bbox 2941 4914 3161 4976; x_wconf 86' lang='lat' dir='ltr'><strong>Euseh.,</strong></span> <span class='ocrx_word' id='word_1_842' title='bbox 3193 4913 3243 4965; x_wconf 91' lang='lat' dir='ltr'><strong>in</strong></span> <span class='ocrx_word' id='word_1_843' title='bbox 3274 4916 3428 4976; x_wconf 86' lang='lat' dir='ltr'><strong>Hist.,</strong></span> <span class='ocrx_word' id='word_1_844' title='bbox 3457 4929 3572 4978; x_wconf 85' lang='lat' dir='ltr'><strong>vni,</strong></span> <span class='ocrx_word' id='word_1_845' title='bbox 3605 4915 3690 4968; x_wconf 82' lang='grc'><strong>11.</strong></span> 
     </span>
    </p>
   </div>
   <div class='ocr_carea' id='block_1_117' title="bbox 2317 4985 3562 5053">
    <p class='ocr_par' dir='ltr' id='par_1_117' title="bbox 2317 4985 3562 5053">
     <span class='ocr_line' id='line_1_118' title="bbox 2317 4985 3562 5053; baseline -0.002 -15"><span class='ocrx_word' id='word_1_846' title='bbox 2317 4985 2335 5023; x_wconf 74' lang='grc' dir='ltr'>ί</span> <span class='ocrx_word' id='word_1_847' title='bbox 2381 4985 2652 5053; x_wconf 83' lang='lat' dir='ltr'><strong>Simplicii.</strong></span> <span class='ocrx_word' id='word_1_848' title='bbox 2685 4986 2782 5050; x_wconf 85' lang='lat' dir='ltr'><strong>Qui</strong></span> <span class='ocrx_word' id='word_1_849' title='bbox 2813 4995 2863 5036; x_wconf 90' lang='lat' dir='ltr'><strong>et</strong></span> <span class='ocrx_word' id='word_1_850' title='bbox 2885 4999 3042 5050; x_wconf 89' lang='lat' dir='ltr'><strong>supra</strong></span> <span class='ocrx_word' id='word_1_851' title='bbox 3071 4986 3278 5046; x_wconf 83' lang='lat' dir='ltr'><strong>colitur,</strong></span> <span class='ocrx_word' id='word_1_852' title='bbox 3309 4985 3378 5038; x_wconf 67' lang='grc'><strong>21</strong></span> <span class='ocrx_word' id='word_1_853' title='bbox 3407 4985 3562 5037; x_wconf 83' lang='lat' dir='ltr'><strong>Junii.</strong></span> 
     </span>
    </p>
   </div>
   <div class='ocr_carea' id='block_1_118' title="bbox 2310 5053 3800 5124">
    <p class='ocr_par' dir='ltr' id='par_1_118' title="bbox 2310 5053 3800 5124">
     <span class='ocr_line' id='line_1_119' title="bbox 2310 5053 3800 5124; baseline -0.001 -16"><span class='ocrx_word' id='word_1_854' title='bbox 2310 5057 2335 5096; x_wconf 78' lang='grc'>⁸</span> <span class='ocrx_word' id='word_1_855' title='bbox 2376 5054 2654 5109; x_wconf 78' lang='lat' dir='ltr'><strong>Elisabeth.</strong></span> <span class='ocrx_word' id='word_1_856' title='bbox 2697 5055 3048 5109; x_wconf 87' lang='lat' dir='ltr'><strong>Nobilis-simis</strong></span> <span class='ocrx_word' id='word_1_857' title='bbox 3092 5055 3142 5106; x_wconf 93' lang='lat' dir='ltr'><strong>in</strong></span> <span class='ocrx_word' id='word_1_858' title='bbox 3183 5053 3446 5124; x_wconf 88' lang='lat' dir='ltr'><strong>Hnngaria</strong></span> <span class='ocrx_word' id='word_1_859' title='bbox 3497 5054 3800 5124; x_wconf 75' lang='lat' dir='ltr'><strong>parentibus</strong></span> 
     </span>
    </p>
   </div>
   <div class='ocr_carea' id='block_1_119' title="bbox 2242 5123 3800 5196">
    <p class='ocr_par' dir='ltr' id='par_1_119' title="bbox 2242 5123 3800 5196">
     <span class='ocr_line' id='line_1_120' title="bbox 2242 5123 3800 5196; baseline -0.003 -17"><span class='ocrx_word' id='word_1_860' title='bbox 2242 5124 2512 5196; x_wconf 82' lang='lat' dir='ltr'><strong>pregenita</strong></span> <span class='ocrx_word' id='word_1_861' title='bbox 2545 5135 2645 5189; x_wconf 87' lang='lat' dir='ltr'><strong>est,</strong></span> <span class='ocrx_word' id='word_1_862' title='bbox 2702 5135 2850 5193; x_wconf 90' lang='lat' dir='ltr'><strong>patre</strong></span> <span class='ocrx_word' id='word_1_863' title='bbox 2883 5127 3102 5196; x_wconf 75' lang='lat' dir='ltr'><strong>Andrea</strong></span> <span class='ocrx_word' id='word_1_864' title='bbox 3143 5123 3493 5196; x_wconf 30' lang='lat' dir='ltr'><strong>rege,’tnatre</strong></span> <span class='ocrx_word' id='word_1_865' title='bbox 3538 5123 3800 5196; x_wconf 77' lang='lat' dir='ltr'><strong>Gertrutle</strong></span> 
     </span>
    </p>
   </div>
   <div class='ocr_carea' id='block_1_120' title="bbox 2239 5195 3802 5264">
    <p class='ocr_par' dir='ltr' id='par_1_120' title="bbox 2239 5195 3802 5264">
     <span class='ocr_line' id='line_1_121' title="bbox 2239 5195 3802 5264; baseline -0.004 -12"><span class='ocrx_word' id='word_1_866' title='bbox 2239 5195 2440 5264; x_wconf 84' lang='lat' dir='ltr'><strong>regina;</strong></span> <span class='ocrx_word' id='word_1_867' title='bbox 2466 5208 2623 5262; x_wconf 88' lang='lat' dir='ltr'><strong>nupta</strong></span> <span class='ocrx_word' id='word_1_868' title='bbox 2644 5196 2909 5250; x_wconf 87' lang='lat' dir='ltr'><strong>Ludovico</strong></span> <span class='ocrx_word' id='word_1_869' title='bbox 2936 5196 3044 5248; x_wconf 86' lang='lat' dir='ltr'><strong>lilio</strong></span> <span class='ocrx_word' id='word_1_870' title='bbox 3069 5195 3311 5248; x_wconf 89' lang='lat' dir='ltr'><strong>llermani</strong></span> <span class='ocrx_word' id='word_1_871' title='bbox 3334 5195 3629 5264; x_wconf 66' lang='lat' dir='ltr'><strong>Thuringite</strong></span> <span class='ocrx_word' id='word_1_872' title='bbox 3654 5196 3802 5259; x_wconf 81' lang='lat' dir='ltr'><strong>prin-</strong></span> 
     </span>
    </p>
   </div>
   <div class='ocr_carea' id='block_1_121' title="bbox 2237 5264 3792 5335">
    <p class='ocr_par' dir='ltr' id='par_1_121' title="bbox 2237 5264 3792 5335">
     <span class='ocr_line' id='line_1_122' title="bbox 2237 5264 3792 5335; baseline -0.005 -13"><span class='ocrx_word' id='word_1_873' title='bbox 2237 5267 2382 5335; x_wconf 88' lang='lat' dir='ltr'><strong>cipi;</strong></span> <span class='ocrx_word' id='word_1_874' title='bbox 2415 5267 2552 5320; x_wconf 90' lang='lat' dir='ltr'><strong>obiit</strong></span> <span class='ocrx_word' id='word_1_875' title='bbox 2593 5276 2767 5320; x_wconf 88' lang='lat' dir='ltr'><strong>autem</strong></span> <span class='ocrx_word' id='word_1_876' title='bbox 2800 5264 3129 5335; x_wconf 55' lang='lat' dir='ltr'><strong>anuo_i2§l,</strong></span> <span class='ocrx_word' id='word_1_877' title='bbox 3177 5275 3230 5318; x_wconf 93' lang='lat' dir='ltr'><strong>et</strong></span> <span class='ocrx_word' id='word_1_878' title='bbox 3258 5269 3459 5331; x_wconf 87' lang='lat' dir='ltr'><strong>sepulta</strong></span> <span class='ocrx_word' id='word_1_879' title='bbox 3503 5275 3581 5317; x_wconf 74' lang='lat' dir='ltr'><strong>est</strong></span> <span class='ocrx_word' id='word_1_880' title='bbox 3629 5265 3680 5316; x_wconf 92' lang='lat' dir='ltr'><strong>in</strong></span> <span class='ocrx_word' id='word_1_881' title='bbox 3712 5279 3792 5317; x_wconf 80' lang='lat' dir='ltr'><strong>ca-</strong></span> 
     </span>
    </p>
   </div>
   <div class='ocr_carea' id='block_1_122' title="bbox 2236 5333 3801 5406">
    <p class='ocr_par' dir='ltr' id='par_1_122' title="bbox 2236 5333 3801 5406">
     <span class='ocr_line' id='line_1_123' title="bbox 2236 5333 3801 5406; baseline -0.003 -16"><span class='ocrx_word' id='word_1_882' title='bbox 2236 5333 2349 5392; x_wconf 81' lang='lat' dir='ltr'><strong>stro</strong></span> <span class='ocrx_word' id='word_1_883' title='bbox 2379 5338 2656 5406; x_wconf 77' lang='lat' dir='ltr'><strong>Margburg</strong></span> <span class='ocrx_word' id='word_1_884' title='bbox 2688 5333 3030 5406; x_wconf 60' lang='lat' dir='ltr'><strong>Altituanuiar.</strong></span> <span class='ocrx_word' id='word_1_885' title='bbox 3061 5333 3229 5406; x_wconf 83' lang='lat' dir='ltr'><strong>Vitam</strong></span> <span class='ocrx_word' id='word_1_886' title='bbox 3264 5337 3418 5404; x_wconf 82' lang='lat' dir='ltr'><strong>hujus</strong></span> <span class='ocrx_word' id='word_1_887' title='bbox 3445 5343 3636 5388; x_wconf 68' lang='lat' dir='ltr'><strong>sanctae</strong></span> <span class='ocrx_word' id='word_1_888' title='bbox 3665 5335 3801 5387; x_wconf 85' lang='lat' dir='ltr'><strong>satis</strong></span> 
     </span>
    </p>
   </div>
   <div class='ocr_carea' id='block_1_123' title="bbox 2237 5405 3227 5477">
    <p class='ocr_par' dir='ltr' id='par_1_123' title="bbox 2237 5405 3227 5477">
     <span class='ocr_line' id='line_1_124' title="bbox 2237 5405 3227 5477; baseline -0.004 -17"><span class='ocrx_word' id='word_1_889' title='bbox 2237 5405 2732 5477; x_wconf 74' lang='lat' dir='ltr'><strong>prolixauiSurius,</strong></span> <span class='ocrx_word' id='word_1_890' title='bbox 2765 5418 2892 5460; x_wconf 87' lang='lat' dir='ltr'><strong>tom.</strong></span> <span class='ocrx_word' id='word_1_891' title='bbox 2932 5405 3016 5477; x_wconf 79' lang='grc' dir='ltr'><strong>γι,</strong></span> <span class='ocrx_word' id='word_1_892' title='bbox 3045 5405 3227 5459; x_wconf 86' lang='lat' dir='ltr'><strong>edidit.</strong></span> 
     </span>
    </p>
   </div>
   <div class='ocr_carea' id='block_1_124' title="bbox 2306 5473 3802 5541">
    <p class='ocr_par' dir='ltr' id='par_1_124' title="bbox 2306 5473 3802 5541">
     <span class='ocr_line' id='line_1_125' title="bbox 2306 5473 3802 5541; baseline -0.003 -12"><span class='ocrx_word' id='word_1_893' title='bbox 2306 5475 2338 5515; x_wconf 76' lang='lat' dir='ltr'><strong>h</strong></span> <span class='ocrx_word' id='word_1_894' title='bbox 2381 5478 2641 5531; x_wconf 78' lang='lat' dir='ltr'><strong>Pontiani.</strong></span> <span class='ocrx_word' id='word_1_895' title='bbox 2691 5477 2761 5531; x_wconf 91' lang='lat' dir='ltr'><strong>De</strong></span> <span class='ocrx_word' id='word_1_896' title='bbox 2811 5477 2910 5530; x_wconf 91' lang='lat' dir='ltr'><strong>hoc</strong></span> <span class='ocrx_word' id='word_1_897' title='bbox 2960 5475 3077 5529; x_wconf 79' lang='lat' dir='ltr'><strong>vide</strong></span> <span class='ocrx_word' id='word_1_898' title='bbox 3123 5489 3306 5541; x_wconf 89' lang='lat' dir='ltr'><strong>supra,</strong></span> <span class='ocrx_word' id='word_1_899' title='bbox 3338 5490 3390 5527; x_wconf 86' lang='lat' dir='ltr'><strong>tv</strong></span> <span class='ocrx_word' id='word_1_900' title='bbox 3424 5474 3538 5527; x_wconf 84' lang='lat' dir='ltr'><strong>Kal.</strong></span> <span class='ocrx_word' id='word_1_901' title='bbox 3580 5473 3802 5535; x_wconf 60' lang='grc' dir='ltr'>θυοδ..</span> 
     </span>
    </p>
   </div>
   <div class='ocr_carea' id='block_1_125' title="bbox 2234 5545 3800 5614">
    <p class='ocr_par' dir='ltr' id='par_1_125' title="bbox 2234 5545 3800 5614">
     <span class='ocr_line' id='line_1_126' title="bbox 2234 5545 3800 5614; baseline -0.005 -12"><span class='ocrx_word' id='word_1_902' title='bbox 2234 5563 2340 5614; x_wconf 89' lang='lat' dir='ltr'><strong>quo</strong></span> <span class='ocrx_word' id='word_1_903' title='bbox 2371 5548 2454 5602; x_wconf 89' lang='lat' dir='ltr'><strong>die</strong></span> <span class='ocrx_word' id='word_1_904' title='bbox 2487 5549 2634 5602; x_wconf 91' lang='lat' dir='ltr'><strong>obiit.</strong></span> <span class='ocrx_word' id='word_1_905' title='bbox 2669 5547 2835 5600; x_wconf 87' lang='lat' dir='ltr'><strong>Hodie</strong></span> <span class='ocrx_word' id='word_1_906' title='bbox 2865 5547 2920 5600; x_wconf 92' lang='lat' dir='ltr'><strong>S.</strong></span> <span class='ocrx_word' id='word_1_907' title='bbox 2955 5545 3196 5597; x_wconf 79' lang='lat' dir='ltr'><strong>Pontiani</strong></span> <span class='ocrx_word' id='word_1_908' title='bbox 3243 5546 3510 5610; x_wconf 86' lang='lat' dir='ltr'><strong>sepultura</strong></span> <span class='ocrx_word' id='word_1_909' title='bbox 3554 5545 3800 5614; x_wconf 75' lang='lat' dir='ltr'><strong>celebra-</strong></span> 
     </span>
    </p>
   </div>
   <div class='ocr_carea' id='block_1_126' title="bbox 2236 5613 3804 5683">
    <p class='ocr_par' dir='ltr' id='par_1_126' title="bbox 2236 5613 3804 5683">
     <span class='ocr_line' id='line_1_127' title="bbox 2236 5613 3804 5683; baseline -0.004 -12"><span class='ocrx_word' id='word_1_910' title='bbox 2236 5613 2356 5683; x_wconf 87' lang='lat' dir='ltr'><strong>tur;</strong></span> <span class='ocrx_word' id='word_1_911' title='bbox 2389 5618 2660 5672; x_wconf 86' lang='lat' dir='ltr'><strong>Usuardus</strong></span> <span class='ocrx_word' id='word_1_912' title='bbox 2691 5633 2820 5670; x_wconf 86' lang='lat' dir='ltr'><strong>vero</strong></span> <span class='ocrx_word' id='word_1_913' title='bbox 2868 5628 2920 5670; x_wconf 92' lang='lat' dir='ltr'><strong>et</strong></span> <span class='ocrx_word' id='word_1_914' title='bbox 2953 5616 3205 5668; x_wconf 73' lang='lat' dir='ltr'><strong>Dtrttttitts</strong></span> <span class='ocrx_word' id='word_1_915' title='bbox 3255 5630 3369 5667; x_wconf 84' lang='lat' dir='ltr'><strong>eam</strong></span> <span class='ocrx_word' id='word_1_916' title='bbox 3400 5616 3664 5668; x_wconf 84' lang='lat' dir='ltr'><strong>celebrant</strong></span> <span class='ocrx_word' id='word_1_917' title='bbox 3705 5613 3804 5683; x_wconf 82' lang='lat' dir='ltr'><strong>die</strong></span> 
     </span>
    </p>
   </div>
   <div class='ocr_carea' id='block_1_127' title="bbox 2233 5682 3802 5754">
    <p class='ocr_par' dir='ltr' id='par_1_127' title="bbox 2233 5682 3802 5754">
     <span class='ocr_line' id='line_1_128' title="bbox 2233 5682 3802 5754; baseline -0.005 -12"><span class='ocrx_word' id='word_1_918' title='bbox 2233 5682 2598 5754; x_wconf 72' lang='lat' dir='ltr'><strong>praecedente;</strong></span> <span class='ocrx_word' id='word_1_919' title='bbox 2653 5689 2742 5740; x_wconf 89' lang='lat' dir='ltr'><strong>sed</strong></span> <span class='ocrx_word' id='word_1_920' title='bbox 2773 5687 3010 5752; x_wconf 88' lang='lat' dir='ltr'><strong>sepultus</strong></span> <span class='ocrx_word' id='word_1_921' title='bbox 3040 5687 3231 5739; x_wconf 92' lang='lat' dir='ltr'><strong>dicitur</strong></span> <span class='ocrx_word' id='word_1_922' title='bbox 3283 5685 3568 5737; x_wconf 80' lang='lat' dir='ltr'><strong>Pontianus</strong></span> <span class='ocrx_word' id='word_1_923' title='bbox 3596 5699 3649 5754; x_wconf 9' lang='lat' dir='ltr'><strong>ix,</strong></span> <span class='ocrx_word' id='word_1_924' title='bbox 3678 5682 3802 5734; x_wconf 77' lang='lat' dir='ltr'><strong>Kal.</strong></span> 
     </span>
    </p>
   </div>
   <div class='ocr_carea' id='block_1_128' title="bbox 2165 5753 3804 5824">
    <p class='ocr_par' dir='ltr' id='par_1_128' title="bbox 2165 5753 3804 5824">
     <span class='ocr_line' id='line_1_129' title="bbox 2165 5753 3804 5824; baseline -0.005 -12"><span class='ocrx_word' id='word_1_925' title='bbox 2165 5766 2172 5772; x_wconf 87' lang='lat'>‘</span> <span class='ocrx_word' id='word_1_926' title='bbox 2234 5753 2485 5812; x_wconf 85' lang='lat' dir='ltr'><strong>Decctnb.</strong></span> <span class='ocrx_word' id='word_1_927' title='bbox 2517 5758 2568 5811; x_wconf 90' lang='lat' dir='ltr'><strong>in</strong></span> <span class='ocrx_word' id='word_1_928' title='bbox 2598 5756 2848 5820; x_wconf 82' lang='lat' dir='ltr'><strong>Catalogo</strong></span> <span class='ocrx_word' id='word_1_929' title='bbox 2888 5755 3055 5810; x_wconf 86' lang='lat' dir='ltr'><strong>veteri</strong></span> <span class='ocrx_word' id='word_1_930' title='bbox 3105 5770 3132 5808; x_wconf 87' lang='lat' dir='ltr'><strong>a</strong></span> <span class='ocrx_word' id='word_1_931' title='bbox 3161 5754 3523 5824; x_wconf 84' lang='lat' dir='ltr'><strong>Papcbrochio</strong></span> <span class='ocrx_word' id='word_1_932' title='bbox 3569 5753 3716 5808; x_wconf 87' lang='lat' dir='ltr'><strong>edito</strong></span> <span class='ocrx_word' id='word_1_933' title='bbox 3751 5754 3804 5804; x_wconf 86' lang='lat' dir='ltr'><strong>in</strong></span> 
     </span>
    </p>
   </div>
   <div class='ocr_carea' id='block_1_129' title="bbox 2233 5825 2988 5896">
    <p class='ocr_par' dir='ltr' id='par_1_129' title="bbox 2233 5825 2988 5896">
     <span class='ocr_line' id='line_1_130' title="bbox 2233 5825 2988 5896; baseline -0.005 -12"><span class='ocrx_word' id='word_1_934' title='bbox 2233 5829 2380 5886; x_wconf 89' lang='lat' dir='ltr'><strong>Actis</strong></span> <span class='ocrx_word' id='word_1_935' title='bbox 2405 5827 2531 5892; x_wconf 77' lang='lat'><strong>$8.,</strong></span> <span class='ocrx_word' id='word_1_936' title='bbox 2562 5836 2691 5882; x_wconf 91' lang='lat' dir='ltr'><strong>tom.</strong></span> <span class='ocrx_word' id='word_1_937' title='bbox 2724 5827 2739 5880; x_wconf 96' lang='lat' dir='ltr'><strong>I</strong></span> <span class='ocrx_word' id='word_1_938' title='bbox 2769 5825 2988 5896; x_wconf 84' lang='lat' dir='ltr'><strong>Aprilis.</strong></span> 
     </span>
    </p>
   </div>
  </div>
