4110 6486
332 338 388 396 ιί
402 337 467 396 09

1441 337 1631 395 SECT.
1673 334 1739 392 11.
1782 367 1851 378 -
1886 330 2459 391 ΜΑΒΤΥΒΟΕΟΕΙΑ,

3455 333 3512 390 Η
3525 333 3595 392 1'0

1571 431 1802 488 EDITIO
1837 427 2310 485 COLONIENSIS.

325 532 378 585 in
423 527 725 584 Sardiniam
769 527 1100 598 deportatur,
1139 525 1317 596 ibique
1359 526 1583 581 fustibus
1624 536 1904 588 mactatus,
1938 526 1986 582 A
2086 521 2146 574 D.
2194 519 2232 572 Χ
2275 518 2410 572 Κιι..
2455 516 2692 572 Deceua.
2735 515 2920 570 Natale
2960 524 3156 571 sanctae
3195 514 3406 570 Ceciliae
3437 516 3600 586 νηλειε-

324 620 641 690 martyrium
667 618 1077 673 consummavit.
1101 617 1308 685 Corpus
1331 615 1447 685 ejus
1467 631 1493 667 a
1519 615 1750 669 Fabiano
1777 629 1907 682 papa

323 713 582 776 relatum,
615 718 774 776 atque
818 710 866 762 in
916 707 1226 763 cmmetnrio
1255 705 1457 761 Callisti
1503 705 1773 772 sepultum
1804 714 1905 758 est.

324 781 554 854 Seditin
586 799 895 868 episcopatu
929 813 1099 851 annos
1137 812 1363 863 novem,
1412 809 1624 849 menses
1655 795 1907 862 quinque,

323 892 438 943 dies
466 890 622 942 duos.
673 888 823 954 Apud
865 888 1100 942 Siciliam
1133 887 1399 940 civitatem
1445 884 1744 946 Mesanam,
1791 899 1911 936 san-

324 991 531 1032 ctorum
567 980 768 1046 Ampeii
813 987 867 1032 et
897 978 1047 1046 Gagi.
1104 979 1257 1044 Apud
1299 976 1626 1029 lfabillonem
1668 973 1909 1029 Silvestri

327 1070 590 1137 episc0pi.
644 1069 699 1122 in
751 1069 1002 1123 Heraclea
1054 1069 1220 1130 Bassi,
1272 1067 1530 1136 Dionysii,
1581 1065 1812 1134 Agapiti,
1859 1073 1912 1118 et

323 1163 550 1213 aliorum
582 1160 951 1228 quadraginta.

397 1251 457 1303 (ἶ.
501 1250 570 1304 ΧΙ
610 1249 743 1304 ΚΜ..
791 1251 1029 1303 Deceue.
1078 1248 1265 1303 Natale
1312 1247 1450 1302 beati
1502 1246 1651 1311 Ruﬁ,
1692 1245 1761 1299 de
1806 1257 1911 1313 quo

327 1341 516 1396 beatus
548 1341 742 1395 Paulus
771 1341 1048 1409 apostolus
1077 1340 1141 1392 ad
1180 1339 1450 1392 Romanos
1492 1336 1676 1391 scribit
1707 1354 1719 1388 :
1754 1334 1912 1390 Salu-

328 1443 434 1485 tate
482 1433 670 1502 liufum
719 1437 965 1497 electum,
998 1441 1042 1484 et
1071 1439 1286 1483 matrem
1315 1433 1429 1500 ejus
1468 1437 1515 1480 et
1548 1442 1731 1479 meam.
1782 1423 1910 1478 Item

328 1521 508 1574 natale
539 1521 710 1574 sancti
760 1520 921 1573 Mauri
957 1519 1224 1589 martyris,
1258 1517 1346 1585 qui
1396 1517 1462 1570 ab
1508 1514 1729 1569 infantia
1759 1513 1913 1568 Citri-

324 1611 531 1663 stianus
563 1610 693 1674 luit,
723 1610 1060 1662 orationibus
1087 1620 1140 1661 et
1180 1607 1399 1676 jejuniis
1431 1620 1658 1670 vacans;
1693 1606 1780 1673 qui
1813 1603 1913 1658 sub

324 1702 654 1758 Numeriano
696 1705 1018 1772 imperatore
1047 1711 1100 1756 et
1127 1701 1377 1757 Celerino
1405 1701 1659 1770 praefecto
1688 1701 1913 1756 diversis

328 1796 504 1864 plenis
533 1804 866 1860 maceratus,
903 1795 1004 1848 hoc
1033 1803 1116 1848 est
1135 1834 1150 1858 ,
1185 1795 1413 1860 primum
1444 1793 1669 1847 fustibus
1699 1791 1913 1846 nodosis

2016 611 2120 676 uis,
2158 608 2316 663 Marci
2383 608 2624 670 Aurelii,
2659 616 2712 661 et
2740 605 3018 660 Commodi
3051 607 3426 674 imperatorum
3461 615 3597 661 tem-

2016 699 2259 767 poribus,
2286 710 2406 766 qure
2433 709 2686 764 sponsum
2717 708 2870 748 suum
2899 693 3269 760 Valerianum,
3297 704 3350 748 ct
3378 693 3594 748 fratrem

2012 791 2128 859 ejus
2156 787 2475 852 Tiburtium,
2506 787 2571 841 ad
2601 785 2922 842 credendum
2951 785 3159 840 Chrism
3193 786 3500 854 perdocuit,
3532 801 3594 841 ac

2013 884 2206 939 deinde
2232 883 2297 936 ad
2330 881 2643 952 martyrium
2690 879 2946 934 incitavit.
2987 878 3133 932 lianc
3161 877 3469 931 Almachius
3502 893 3595 932 nr-

2012 978 2095 1031 bis
2122 974 2407 1046 prtefectus
2437 981 2556 1041 post
2598 971 2909 1042 martyrium
2941 985 3125 1026 eorum
3159 969 3324 1023 teneri
3352 967 3474 1022 fecit
3499 1009 3512 1030 ,
3545 981 3600 1022 et

2013 1078 2071 1121 ut
2118 1066 2270 1120 thura
2318 1063 2650 1119 dzemonibus
2697 1070 2940 1130 poneret,
2982 1059 3201 1127 itnpelti.
3252 1058 3599 1128 Apparittircs

2013 1175 2140 1214 vero
2169 1159 2504 1214 attendentes
2530 1156 2777 1211 decorem
2807 1162 2863 1210 et
2893 1152 3228 1223 prudentiam
3257 1152 3390 1220 ejus,
3437 1164 3596 1220 roga-

2014 1257 2135 1312 bant
2165 1271 2280 1310 eam
2325 1270 2391 1309 ne
2420 1253 2526 1309 tale
2564 1253 2726 1308 decus
2763 1251 3055 1306 omitteret.
3099 1247 3169 1302 At
3199 1247 3283 1302 illa
3313 1247 3594 1302 consilium

2014 1345 2222 1416 pietatis
2246 1345 2324 1401 eis
2351 1344 2676 1400 sufﬁcienter
2706 1341 3004 1406 insinuans,
3027 1354 3148 1394 cum
3175 1338 3242 1392 ad
3270 1336 3595 1395 credendum

2013 1440 2224 1496 Christo
2253 1447 2529 1510 permotos
2557 1446 2839 1503 cerneret,
2873 1437 3000 1492 dicit
3029 1437 3108 1492 eis
3140 1454 3153 1489 :
3187 1435 3262 1490 ite
3281 1477 3295 1496 ,
3326 1434 3489 1490 dicite
3519 1435 3602 1488 in-

2016 1531 2153 1584 felici
2183 1529 2462 1584 Almachio
2490 1527 2632 1597 quod
2663 1542 2762 1596 ego
2790 1527 3028 1582 inducias
3068 1535 3211 1595 peto,
3244 1535 3296 1580 et
3338 1524 3473 1580 intra
3503 1523 3602 1579 do-

2015 1639 2158 1676 mum
2189 1638 2363 1677 meam
2389 1621 2576 1676 faciam
2599 1622 2782 1675 venire
2803 1621 2890 1686 qui
2914 1635 3007 1674 vos
3027 1634 3214 1673 omnes
3239 1619 3360 1672 vitae
3381 1627 3598 1672 aeternas

2014 1711 2175 1766 faciat
2214 1712 2520 1782 participes.
2566 1709 2800 1765 Veniens
2840 1710 3000 1779 igitur
3039 1723 3170 1778 papa
3214 1708 3476 1774 Urbanus,
3507 1708 3602 1762 ba-

2017 1803 2236 1871 ptizavit
2266 1802 2542 1872 plusquam
2565 1801 2980 1870 quadringentos
3009 1800 3293 1869 promiscui
3317 1813 3478 1855 sexus
3505 1798 3602 1853 bo-

323 1901 518 1950 etesus,
567 1885 760 1941 deinde
802 1886 1091 1954 plumbatis
1129 1887 1331 1950 iussum
1374 1893 1458 1939 est
1507 1883 1751 1938 maxillas
1798 1883 1905 1951 ejus

2019 1869 2210 1948 mines.
2243 1869 2436 1946 lterum
2464 1869 2773 1947 Almiacbius
2804 1893 3012 1945 beatam
3037 1890 3305 1945 Caeciliam
3335 1889 3434 1945 sibi
3465 1904 3602 1957 pra:-

322 1978 615 2043 contundi;
651 1987 832 2046 postea
863 1976 915 2029 in
944 1977 1173 2044 equuleo
1203 1974 1486 2043 suspendi,
1515 1983 1672 2041 atque
1700 1973 1913 2041 ungulis

323 2072 462 2135 radi,
494 2080 548 2124 et
578 2071 848 2138 lampades
890 2069 1140 2124 ardentes
1189 2068 1445 2122 lateribus
1482 2069 1596 2136 ejus
1637 2066 1910 2135 applicari,

323 2163 391 2216 ad
421 2171 719 2216 extremum
749 2177 880 2216 vero
904 2170 1067 2230 caput
1098 2161 1212 2229 ejus
1250 2158 1538 2227 amputari.
1584 2157 1748 2227 Cujus
1788 2171 1907 2211 cor-

329 2269 429 2322 pus
459 2261 613 2306 nocte
640 2261 816 2305 nautae
841 2251 1073 2305 Africani
1103 2257 1509 2319 cegnoscentes,
1534 2263 1600 2302 ex
1626 2262 1717 2300 sua
1746 2247 1911 2316 patria

319 2355 525 2408 ortum,
573 2351 902 2412 rapuerunt,
921 2351 976 2396 et
1021 2341 1296 2396 volventes
1344 2356 1467 2394 eum
1516 2337 1913 2393 linteaminibus

324 2433 561 2498 mundis,
588 2447 707 2486 cum
740 2431 1070 2486 aromatibus
1101 2441 1391 2501 posuerunt
1421 2431 1471 2484 in
1503 2429 1910 2498 sarc0phagum,

324 2525 768 2592 scripseruntque
808 2524 874 2578 ad
918 2533 1076 2591 caput
1119 2523 1276 2592 ejus:
1312 2523 1404 2577 Dei
1451 2531 1504 2576 et
1544 2520 1740 2575 Christi
1785 2520 1910 2575 Jesu

327 2617 554 2668 famulus
584 2615 815 2681 Maurus,
849 2614 952 2669 hoc
980 2615 1231 2669 sarculum
1263 2629 1358 2683 pro
1385 2613 1584 2668 Christi
1616 2614 1719 2668 ﬁde
1750 2612 1912 2666 relin-

326 2721 517 2775 quens,
551 2706 708 2760 vitam
741 2715 993 2760 atternam
1031 2705 1333 2774 acquisivit.
1380 2703 1653 2758 Celeriuus
1683 2718 1912 2772 namque

330 2800 629 2865 przelectus,
665 2810 852 2851 nautas
889 2799 1051 2866 jussit
1089 2799 1502 2868 comprehendi;
1537 2808 1592 2853 at
1618 2800 1689 2852 illi
1722 2813 1912 2853 omnes

329 2887 595 2956 fugerunt.
629 2887 773 2943 Tune
801 2889 958 2958 jussit
981 2904 1195 2954 navem,
1226 2889 1279 2943 in
1307 2905 1408 2958 qua
1441 2891 1689 2960 martyris
1718 2905 1912 2959 corpus

330 2989 484 3042 erat,
515 2981 798 3034 sarmentis
825 2981 1067 3048 impleri,
1101 2991 1152 3034 et
1181 2981 1300 3048 igne
1325 2983 1624 3048 supposito,
1652 2981 1703 3034 in
1737 2982 1910 3035 medio

330 3067 466 3120 mari
508 3070 784 3135 comburi;
827 3070 920 3124 sed
965 3071 1294 3140 gubernante
1334 3071 1577 3136 Domino,
1623 3085 1909 3143 martyrem

325 3170 517 3221 suum,
547 3157 636 3212 ubi
667 3157 849 3224 voluit,
878 3158 944 3211 ad
976 3171 1184 3228 portum
1213 3159 1401 3214 salutis
1432 3159 1698 3227 perduxit.

2014 1981 2213 2037 sentari
2243 1981 2419 2050 jussit.
2463 1982 2529 2067 F‘t
2553 1997 2671 2036 cum
2704 1982 3114 2051 insuperabilem
3147 1997 3262 2036 eam
3310 1982 3360 2035 iu
3389 1983 3598 2037 confes-

2014 2075 2162 2130 sione
2207 2072 2331 2128 ﬁdei
2373 2087 2690 2141 permanere
2718 2070 2947 2138 videret,
2988 2071 3140 2140 jubet
3175 2079 3234 2126 ut
3275 2071 3341 2126 ad
3381 2070 3598 2126 domum

2015 2181 2164 2222 suam
2197 2165 2506 2230 duceretur,
2546 2171 2602 2220 et
2641 2163 2714 2218 ibi
2747 2164 2972 2219 ﬂammis
3010 2162 3347 2219 balnearibus
3376 2176 3598 2218 concre-

2018 2265 2277 2310 maretur.
2313 2253 2411 2309 Ubi
2442 2254 2644 2308 inclusa
2676 2252 2762 2309 die
2804 2253 3012 2324 integro
3047 2261 3102 2309 et
3143 2262 3319 2320 nocte,
3363 2253 3513 2321 quasi
3545 2254 3597 2307 in

2017 2347 2134 2400 loco
2175 2345 2366 2416 frigido
2396 2344 2599 2416 integra
2642 2345 2874 2414 perstitit
2921 2344 3165 2408 sanitate,
3215 2359 3336 2399 cum
3385 2359 3596 2411 semper

2014 2439 2260 2494 incendia
2304 2439 2460 2509 lignis
2506 2439 2774 2506 congestis
2823 2438 3272 2492 ministraren'ur.
3320 2436 3469 2504 Quod
3501 2452 3598 2491 auo

2013 2529 2170 2584 diens
2214 2529 2541 2593 Almaebius,
2591 2529 2735 2582 misit
2777 2529 2864 2596 qui
2908 2542 3024 2582 eam
3070 2527 3400 2582 decollaret:
3442 2543 3596 2591 quam

2014 2620 2304 2689 spiculator
2336 2618 2490 2671 tertio
2519 2619 2625 2672 ictu
2653 2619 2932 2686 percussit,
2962 2617 3054 2672 sed
3086 2628 3244 2683 caput
3267 2617 3382 2682 ejus
3408 2632 3594 2685 ampu-

2014 2717 2128 2762 tare
2157 2723 2259 2762 non
2290 2708 2494 2776 potuit,
2534 2708 2822 2778 supervixit
2849 2716 3027 2760 autem
3059 2705 3254 2763 triduo.
3288 2706 3436 2762 Tunc
3464 2722 3591 2760 sau-

2015 2808 2131 2852 ctus
2159 2799 2406 2854 Urbanus
2446 2813 2638 2866 corpus
2678 2797 2794 2866 ejus
2839 2794 3088 2852 auferens
3135 2805 3311 2860 nocte,
3354 2796 3600 2866 sepelivit

2017 2905 2133 2944 eam
2165 2890 2304 2944 inter
2333 2890 2564 2951 collegas
2596 2903 2722 2942 suos
2753 2889 3052 2957 episc0pos.
3107 2888 3234 2944 Item
3263 2904 3457 2944 saneta:
3490 2887 3597 2943 Me-

2014 2982 2271 3036 derasma:
2301 2980 2539 3052 virginis.

2088 3075 2149 3129 E.
2192 3074 2262 3128 ix
2291 3075 2422 3130 Kac.
2460 3074 2696 3129 Ducena.
2741 3073 2922 3130 Nat-ile
2951 3073 3116 3128 sancti
3146 3072 3458 3126 Clementis.
3499 3069 3594 3125 ilio

2017 3180 2236 3238 quartus
2265 3177 2383 3234 post
2415 3165 2629 3222 Petrum
2663 3168 2844 3220 Romae
2874 3167 3156 3235 episcopus
3193 3164 3469 3220 ordinatus
3492 3176 3595 3219 est.

1581 3247 1810 3302 EDITIO
1854 3249 2355 3312 BOLLANDIANA.

324 3336 534 3411 Ampeti
562 3335 969 3411 e_t_Gaii._B.__i/.
1003 3334 1091 3411 C._,
1123 3335 1185 3411 i_n_
1205 3334 1412 3411 Eraciia
1443 3336 1614 3411 Bassi,
1645 3337 1900 3411 Dionysii,
1934 3346 1979 3407 C
2015 3347 2248 3399 lumbaui
2280 3345 2506 3399 abbatis.
2540 3347 2605 3400 1‘.
2635 3346 2749 3411 eius
2780 3347 3005 3399 natalem
3041 3346 3211 3411 primo
3254 3345 3372 3400 loco
3401 3345 3585 3403 refert.

319 3405 555 3460 Orionis.
591 3405 651 3459 V.
681 3405 764 3469 C.,
791 3407 842 3458 In
864 3406 1113 3476 HiSpania
1140 3406 1349 3459 Maximi
1375 3408 1688 3476 presbyteri.
1725 3405 1900 3473 A.'T.,

326 3477 562 3529 Eraclea:
593 3478 762 3528 natale
810 3475 910 3530 SS.
944 3475 1091 3545 Gagii
1140 3483 1194 3528 et
1227 3476 1482 3541 Dionysii.
1533 3475 1622 3539 T.,
1655 3477 1818 3531 Bas$ii
1849 3488 1905 3532 et

319 3545 538 3598 Classii.
592 3547 655 3598 A.
694 3547 751 3598 L.
775 3585 790 3608 ,
819 3546 872 3598 In
907 3545 1150 3609 Hispania
1199 3545 1462 3611 depositio
1509 3546 1565 3598 8.
1596 3555 1619 3582 α
1651 3548 1903 3615 Crispini.

323 3615 415 3677 T.,
447 3616 500 3666 In
544 3615 723 3668 Sicilia
774 3616 947 3680 passio
994 3616 1054 3668 S.
1085 3615 1332 3682 Ampelii.
1388 3615 1471 3681 8.,
1524 3615 1576 3667 In
1624 3617 1904 3670 Antiochia

323 3685 502 3755 natale
530 3685 624 3737 SS.
653 3685 826 3739 Basilii
859 3697 912 3737 et
932 3685 1187 3755 Dioiiysii.
1211 3685 1459 3738 Taurinis
1488 3685 1700 3742 civitate
1729 3689 1904 3743 natale

322 3753 426 3809 SS.
459 3755 485 3793 b
517 3756 732 3817 Octavi,
766 3755 1026 3809 Solutoris
1056 3753 1111 3808 et
1138 3755 1476 3810 Adventoris.

395 3864 484 3920 21.
515 3895 582 3906 -—-
615 3866 680 3919 XI
713 3864 848 3920 ΚΜ..
882 3866 1050 3922 Vacat
1075 3867 1253 3922 Barda.

399 3979 497 4030 D.:
532 3977 672 4043 Rnli,
705 3994 860 4046 quem
906 3979 1194 4039 Apostolus
1241 3979 1304 4031 ad
1350 3978 1619 4032 Romanos
1665 3978 1904 4034 scribens

325 4060 352 4088 ε
385 4049 596 4101 salutat.
629 4050 690 4103 ιζ.
728 4050 812 4114 ιη,
847 4050 898 4101 in
931 4050 1210 4102 Antiochia
1248 4049 1431 4101 Basilei
1465 4059 1514 4101 et
1546 4051 1776 4111 Auxilii,
1807 4052 1903 4100 Sa-

322 4119 543 4181 turnini,
575 4116 770 4180 Carali,
809 4119 1034 4187 Eutycii.
1085 4119 1170 4184 8.,
1205 4119 1255 4170 In
1289 4119 1562 4172 Antiochia
1597 4121 1770 4171 natale
1799 4120 1895 4172 SS.

324 4189 542 4259 Basiiei,
579 4188 748 4241 Auxili
780 4187 898 4258 [νη
933 4187 1140 4259 Auxii],
1177 4189 1418 4241 Matruni.
1476 4191 1536 4240 Et
1562 4188 1683 4259 alibi
1731 4191 1903 4243 natale

322 4257 424 4313 SS.
457 4258 708 4312 Demetrii
735 4300 747 4320 ,
777 4258 1067 4324 Quintiani,
1092 4257 1357 4312 'Sisinnii.
1413 4263 1475 4310 A.
1505 4261 1568 4312 'l‘.
1597 4257 1681 4322 L.,
1716 4262 1900 4312 Antio-

323 4329 462 4380 cltite
491 4329 664 4381 natale
689 4340 990 4381 sanctorum
1022 4329 1210 4381 Basilci
1235 4339 1286 4380 et
1307 4328 1593 4381 Saturnini.
1628 4330 1680 4381 lu
1708 4329 1900 4382 ilistria

322 4397 537 4452 civitate
570 4399 742 4454 natale
773 4401 829 4454 ὃ.
863 4397 890 4438 ἀ
920 4398 1088 4452 Mauri
1122 4399 1386 4468 martyris.
1421 4398 1512 4464 L.,
1547 4399 1609 4451 Et
1634 4399 1693 4452 S.
1727 4402 1748 4430 ⁸
1790 4402 1898 4452 (ἶο-

2013 3418 2171 3471 Addit
2204 3415 2261 3471 L.
2292 3435 2303 3469 :
2339 3416 2466 3469 item
2499 3416 2845 3470 Prmsentatio
2875 3416 3040 3469 beata:
3071 3416 3248 3470 Mariae
3279 3416 3516 3484 viiginis.

2080 3505 2169 3559 2'2.
2202 3535 2267 3547 —
2298 3504 2340 3559 Χ
2364 3505 2500 3559 ΚΑι..
2531 3505 2713 3559 Natale
2741 3506 2796 3560 S.
2829 3502 2846 3541 ί
2878 3504 3089 3557 Cecilia:
3127 3504 3345 3574 virginis
3391 3519 3508 3572 quae
3536 3515 3586 3557 et

2011 3611 2264 3664 sponsum
2290 3611 2443 3649 suum
2469 3596 2806 3650 Valerianum
2835 3604 2888 3649 et
2912 3595 3124 3650 fratrem
3147 3595 3262 3662 ejus
3282 3595 3602 3650 'l‘iburtium.

2013 3686 2077 3740 ad
2106 3686 2427 3740 credendum
2475 3684 2693 3741 Christo
2737 3701 2799 3741 ac
2831 3688 3137 3757 martyrium
3189 3685 3463 3756 perdoeuit
3489 3702 3503 3751 ;
3533 3695 3590 3740 et

2015 3776 2126 3844 ipsa
2157 3777 2348 3832 deinde
2397 3780 2781 3847 martyrizavit,
2834 3780 3008 3847 ignem
3053 3778 3268 3848 quidem
3309 3793 3589 3848 superans,

2013 3868 2106 3920 sed
2137 3866 2281 3919 ferro
2309 3868 2481 3920 occisa
2510 3867 2606 3920 sub
2634 3868 2908 3921 Almaebio
2953 3869 3103 3922 Urbis
3135 3867 3404 3936 prtefecto.

2085 3962 2146 4010 A.
2183 3957 2268 4019 T.,
2303 3957 2617 4009 Alexandria
2653 3958 2827 4010 natale
2857 3958 2950 4012 SS.
2989 3958 3240 4011 l)entetrii
3288 3967 3341 4012 et
3373 3958 3582 4013 Felicis.

2012 4027 2312 4096 Suessionis
2359 4027 2620 4088 depositio
2663 4028 2720 4080 S.
2749 4027 3060 4081 Medi-esizim
3109 4027 3349 4096 virginis.
3402 4028 3495 4093 0.,
3526 4027 3586 4084 ¹Ιιι

2010 4093 2341 4160 Cappadocia
2402 4096 2502 4150 SS.
2536 4097 2773 4164 Longini,
2808 4097 3010 4151 Leontii
3057 4109 3104 4150 et
3151 4093 3351 4150 Fausti.
3399 4097 3460 4151 C.
3499 4097 3611 4165 νη,

2011 4166 2242 4238 Maximi.
2272 4167 2385 4238 S.,8
2417 4167 2636 4233 Longini
2668 4167 2756 4238 qui
2785 4168 2922 4221 latus
2977 4166 3182 4221 Domini
3234 4168 3417 4222 lancea
3458 4182 3586 4238 ape-

2014 4241 2137 4290 ruit.
2192 4237 2290 4289 Ms.
2319 4237 2577 4289 [.mtiense
2604 4237 2712 4306 hic
2758 4240 2914 4291 habet
2955 4239 3185 4306 elogium
3239 4237 3584 4302 prolixius’ex

2012 4305 2193 4371 Floro,
2217 4307 2355 4375 quod
2388 4308 2506 4360 vide
2538 4305 2669 4360 infra
2696 4323 2746 4360 tv
2775 4307 2949 4361 Nonas
2973 4305 3299 4361 Decembris.

2076 4397 2169 4454 23.
2201 4427 2258 4437 --
2300 4397 2368 4451 IX
2401 4395 2535 4452 ΚΜ..
2568 4397 2749 4452 Romae
2795 4399 2968 4454 natale
3013 4397 3070 4454 S.
3094 4396 3123 4435 ιι
3153 4398 3439 4454 Clementis
3467 4401 3591 4468 epi-

1707 4489 1912 4543 SMi'l‘il
1953 4487 2042 4542 ΝΟ
2061 4487 2179 4542 ΗΕ.

399 4581 424 4608 ⁸
464 4577 707 4643 Crispini.
750 4578 844 4632 ilic
868 4585 922 4632 et
956 4577 1211 4630 Maximus
1248 4576 1436 4631 eodem
1467 4584 1708 4646 tempore
1759 4579 1898 4647 passi
1932 4579 1980 4636 D
2009 4577 2213 4632 abbatis
2243 4577 2502 4646 discipuli.
2534 4579 2631 4646 Qui
2664 4587 2941 4647 psstquam
2986 4579 3037 4631 in
3073 4577 3398 4648 Britanniam
3425 4577 3576 4648 traji-

321 4658 447 4704 sunt
473 4649 617 4712 juxta
652 4649 863 4702 Hieron.
897 4648 1048 4700 Mart.

399 4719 423 4754 ι’
463 4717 657 4771 Octavi.
691 4719 764 4772 De
798 4719 1015 4772 Octavio
1044 4727 1098 4769 et
1118 4717 1276 4771 sociis
1297 4727 1377 4771 est
1401 4731 1578 4772 sermo
1607 4717 1900 4784 Ambrosii,

323 4796 416 4843 aut
445 4788 500 4844 S.
536 4789 743 4841 Maximi
774 4789 1006 4855 episc0pi
1037 4787 1402 4840 Tauriuensis.

397 4866 421 4895 ο
463 4859 693 4913 Salutat.
727 4859 911 4926 Capite
939 4873 1022 4910 svr
1053 4858 1114 4908 ad
1147 4857 1299 4911 Rulli.
1340 4857 1491 4911 Hunc
1518 4867 1752 4912 creatum
1785 4873 1903 4912 esse

321 4927 631 4996 episcopum
663 4927 971 4981 Thebanum
1004 4927 1162 4980 tradit
1193 4927 1487 4982 Dorotheus
1532 4929 1581 4980 in
1609 4928 1856 4996 Synepsi.

391 4996 418 5036 ά
442 4997 634 5052 Mauri.
666 4998 759 5051 Hic
788 5014 852 5052 ex
881 4997 1091 5051 civitate
1117 4997 1342 5050 Castella
1378 4999 1661 5061 provinciae
1710 4999 1898 5050 Alii-:0

319 5068 599 5130 oriundus,
633 5083 752 5121 cum
784 5077 924 5122 esset
950 5081 1205 5120 annorum
1229 5081 1341 5128 vttt,
1374 5067 1592 5121 Romam
1629 5067 1897 5133 profectus

321 5150 426 5202 e5t,
457 5139 540 5190 ubi
569 5139 717 5206 jussu
746 5136 974 5192 Celeriui
1008 5137 1240 5201 praefecti
1286 5137 1387 5190 sub
1418 5137 1736 5192 Numeriano
1767 5141 1891 5204 imp.

321 5206 546 5260 fustibus
577 5207 816 5268 caiditur.
849 5207 1134 5276 plumbatis
1179 5208 1542 5273 contunditur,
1592 5211 1640 5260 in
1673 5210 1896 5273 equnlco

320 5279 680 5348 suspenditur,
734 5275 944 5348 ungulis
1021 5275 1208 5348 ferreis
1260 5277 1550 5348 laceratur,
1605 5279 1895 5329 novissime

319 5347 500 5414 gladio
529 5349 701 5408 capite
729 5347 1016 5400 truncatur.
1050 5347 1234 5400 Nautte
1263 5348 1474 5416 quidam
1506 5347 1621 5415 ejus
1649 5350 1894 5401 conci-cs

319 5430 515 5484 corpus
535 5418 598 5469 ad
621 5419 765 5472 littus
791 5418 1081 5470 Parentium
1109 5419 1339 5471 civitatis
1370 5417 1657 5484 provincia:
1688 5417 1897 5471 Histriae

322 5488 608 5550 deducunt,
644 5489 730 5540 ubi
761 5488 803 5539 is
834 5501 1020 5554 magna
1052 5487 1360 5542 celebritate
1389 5488 1462 5541 ιιιὶ
1493 5497 1770 5554 patronus,
1803 5491 1900 5540 lic-

255 5592 266 5598 .
320 5555 602 5678 glesizeque
645 5557 886 5612 tutelaris
929 5557 1123 5610 colitur
1173 5556 1271 5611 hac
1316 5557 1429 5627 ipsa
1475 5559 1584 5611 die.
1636 5557 1800 5612 Pern.
1832 5574 1897 5613 ne

370 5641 527 5678 ΑτΑι.

370 5641 527 5678 ΔΤΑΙ..

397 5700 422 5728 ο
460 5695 775 5750 Columbani.
811 5693 979 5750 Gente
1025 5694 1260 5759 Hiberni,
1316 5696 1484 5765 patria
1535 5698 1895 5765 Lageniensis,

319 5763 554 5834 Congalli
589 5766 972 5822 Dancborensis
998 5765 1226 5822 ρωποι)ῐὶ
1280 5763 1333 5819 iri
1361 5763 1896 5823 Orientali'Hibernia

2009 4651 2152 4701 ciens
2185 4650 2252 4702 ibi
2280 4650 2576 4714 aliquandiu
2605 4661 2962 4703 commoratus
3005 4657 3171 4708 esset,
3202 4663 3342 4702 anno
3371 4647 3580 4708 589,7in

2011 4717 2360 4782 lim-gundiam
2389 4720 2714 4777 secontulit,
2766 4719 2854 4770 ubi
2896 4718 3198 4769 cmnobium
3247 4718 3582 4772 Luxovienso

2008 4790 2180 4854 poSuit
2210 4789 2615 4854 etguber-navit.
2670 4788 2726 4839 Ei
2755 4796 3030 4854 postquam
3075 4802 3244 4838 aunOs
3297 4786 3464 4841 ferme
3499 4791 3577 4840 vi-

2005 4858 2134 4923 ginti
2169 4858 2462 4923 prtefuisset
2486 4873 2514 4908 a
2545 4857 2875 4909 Theoderico
2901 4857 3290 4909 Austrsisiorum
3335 4872 3478 4925 rege,
3511 4872 3580 4912 eo

2007 4926 2146 4993 quod
2175 4937 2354 4993 stupra
2383 4926 2496 4993 ejus
2517 4927 2676 4981 solito
2704 4925 2919 4980 liberius
2939 4927 3368 4992 reprehenderet,
3403 4933 3452 4978 in
3480 4941 3580 4982 ex-

2005 4999 2177 5066 silium
2206 5007 2354 5050 actus
2381 5008 2481 5051 est.
2535 4999 2812 5066 Peragrata
2860 4997 3018 5061 igitur
3045 4997 3286 5050 universa
3318 4995 3484 5049 Gallia
3529 4998 3582 5050 in

2007 5065 2204 5119 Italiam
2233 5070 2538 5132 serecepit,
2571 5069 2654 5119 ubi
2676 5065 2763 5120 ’ab
2793 5067 3072 5133 Agilulpho
3107 5067 3578 5134 Longoliardirum

2006 5151 2129 5201 rege
2178 5139 2347 5190 locum
2401 5147 2756 5202 opportunum
2813 5149 2996 5190 nactus
3043 5136 3419 5188 mnuasmrium
3476 5137 3575 5189 llo-

2007 5205 2186 5260 bicnsc
2232 5222 2394 5273 prope
2421 5208 2690 5274 Neapolim
2736 5209 3046 5259 construxit.
3091 5206 3254 5260 Jonas
3286 5205 3578 5260 monachus

2007 5275 2279 5330 Bobiensis
2324 5276 2440 5344 ejus
2470 5276 2637 5330 Vitam
2691 5277 2922 5342 scripsit,
2951 5292 3070 5344 qnte
3100 5285 3274 5328 exstat
3302 5277 3437 5341 apud
3471 5274 3581 5327 Ma-

2004 5345 2212 5410 biiloo.,
2254 5362 2375 5400 saec.
2423 5350 2613 5401 nAct.
2650 5346 2776 5402 Ben.
2815 5345 2943 5400 Vide
2991 5347 3152 5399 etiam
3197 5359 3390 5413 supra,
3447 5345 3580 5398 Hist.

2005 5417 2172 5476 Et-cl.,
2207 5433 2260 5478 Il,
2297 5417 2347 5469 ἀν.
2529 5417 2532 5422 ’

2079 5490 2096 5528 f
2131 5484 2368 5539 Cmciliaz.
2406 5486 2583 5539 Passaa
2613 5485 2714 5539 sub
2745 5485 3046 5540 Alexandro
3096 5484 3218 5552 imp-
3240 5494 3441 5547 ratore,
3476 5500 3580 5538 non

2001 5557 2100 5610 sub
2141 5555 2451 5618 Commodo,
2483 5566 2541 5609 ut
2572 5557 2839 5609 Usuardus
2867 5567 2921 5609 et
2947 5558 3060 5608 Ado
3087 5564 3354 5619 asserunt,
3382 5564 3584 5625 marty-

2005 5628 2083 5680 rio
2114 5625 2252 5678 enim
2284 5634 2532 5679 coronata
2563 5637 2644 5679 est
2686 5636 2926 5693 tempore
2964 5625 3156 5679 Urbtni
3193 5639 3370 5691 papae.

2079 5699 2102 5767 fi
2136 5695 2389 5767 I._oﬁngini._
2408 5696 2582 5767 llicﬂet
2609 5710 2765 5763 supra
2793 5696 3006 5767 colitur,
3037 5695 3116 5767 15
3138 5695 3333 5750 Martii.

2080 5757 2102 5795 ³⁵
2148 5757 2437 5822 Clementis.
2487 5757 2838 5837 Chronologia
2887 5757 3240 5826 sttOCessionis
3287 5767 3576 5836 primorum
