4110 6464
334 285 461 344 1113

1390 287 1579 344 SECT.
1625 291 1690 345 11.
1733 319 1799 328 ——-
1840 289 2407 347 MARTYKOLOGIA.

3438 296 3587 357 Hil-

1547 399 1774 454 liDlTlO
1812 398 2282 457 COLONIENSIS.

323 492 702 549 Antiochenam
734 492 871 549 rexit
910 489 1200 546 Ecclesiam
1221 537 1235 561 ,
1271 494 1635 561 persecutione
1675 492 1885 563 Trajani
1919 496 1965 553 A
1993 494 2130 549 drini
2162 497 2399 566 episcopi
2421 539 2436 564 ,
2471 498 2610 553 inter
2652 502 2947 571 praecipuos
2980 504 3199 572 egregii.
3254 505 3348 560 llic
3377 508 3586 565 duode-

326 586 604 636 damnatus
633 582 696 636 ad
732 582 950 644 bestias,
1002 582 1225 636 Romam
1254 583 1462 637 vinctus
1508 583 1764 648 mittitur;
1810 583 1898 637 ubi

328 690 586 747 prmsente
606 678 854 745 Trajano,
879 677 1303 733 circumsedente
1336 688 1543 742 senatu,
1576 678 1693 745 pilis
1719 679 1895 748 plum-

330 769 443 824 beis
487 768 716 836 scapular
747 768 860 835 ejus
892 768 1117 836 primum
1163 776 1400 822 contusa:
1421 808 1437 833 ,
1471 768 1663 822 deinde
1693 769 1901 838 ungulis

333 863 494 915 .‘atera
527 860 640 929 ejus
665 861 940 924 dilaniata,
973 870 1028 915 et
1056 861 1314 931 lapidibus
1346 863 1549 927 asperis
1574 862 1860 915 confricata
1885 880 1899 925 ;

332 964 449 1022 post
490 968 738 1019 expansa:
778 968 966 1007 manus
1005 952 1144 1022 ejus,
1190 962 1245 1007 et
1284 953 1388 1021 igni
1432 954 1669 1022 repletae,
1704 968 1903 1024 papyro

331 1047 450 1101 oleo
482 1046 657 1099 infuso
684 1058 732 1100 et
764 1046 1003 1110 incenso,
1034 1046 1195 1099 latera
1221 1045 1336 1112 ejus
1366 1046 1575 1111 adusta,
1604 1054 1722 1113 post
1747 1062 1905 1111 super

332 1137 590 1190 carbones
639 1137 938 1203 pavimento
993 1148 1270 1202 aspersos,
1330 1135 1416 1189 ubi
1470 1145 1664 1189 sancta:
1712 1136 1905 1204 planta:

334 1226 476 1280 illius
501 1233 784 1279 steterunt.
829 1222 956 1277 Post
989 1225 1179 1277 lectum
1206 1225 1563 1279 flammantem
1586 1269 1600 1292 ,
1635 1233 1750 1294 post
1779 1224 1905 1278 dor-

333 1334 449 1373 sum
502 1318 618 1388 ejus
670 1317 879 1386 ungulis
933 1316 1209 1371 discissum
1267 1327 1321 1371 et
1371 1318 1732 1383 dilaceratum,
1788 1328 1908 1385 post

333 1417 539 1464 acetum
589 1418 642 1463 et
688 1408 877 1472 salem,
923 1409 1111 1477 quibus
1156 1410 1317 1476 plaga:
1363 1408 1477 1477 ejus
1525 1408 1714 1462 infusa:
1761 1417 1905 1471 sunt,

334 1508 453 1568 post
503 1498 730 1552 vinculis
764 1497 951 1552 ferreis
1000 1499 1149 1551 beata
1203 1497 1340 1550 illius
1380 1498 1615 1558 astricta,
1647 1507 1701 1550 et
1748 1497 1907 1563 pedes

336 1589 386 1642 in
420 1588 521 1642 ima
551 1589 784 1644 carceris
814 1589 866 1642 in
895 1588 1037 1657 ligno
1068 1588 1378 1652 conclusos;
1412 1587 1500 1641 ttbi
1532 1588 1698 1641 tribus
1723 1588 1909 1642 diebus

336 1696 397 1735 ac
440 1682 680 1734 noctibus
727 1696 913 1747 panem
961 1695 1066 1733 non
1115 1679 1419 1745 comedens,
1468 1687 1521 1732 et
1567 1695 1755 1748 aquam
1800 1695 1907 1733 non

337 1771 524 1826 bibens
569 1770 784 1823 mansit.
835 1771 1067 1825 Sedente
1112 1784 1210 1838 pro
1258 1769 1504 1823 tribunali
1552 1769 1805 1841 Trajano,
1854 1772 1907 1824 in

337 1858 754 1929 amphitheatro,
787 1870 1140 1913 concurrente
1168 1859 1313 1912 omni
1343 1858 1490 1913 turba
1523 1858 1908 1927 Romanorum,
1945 1843 1987 1903 Β

338 1950 529 2020 ligatus
558 1950 764 2004 duobus
793 1947 1044 2017 objicitur
1074 1948 1339 2005 leonibus.
1368 1949 1606 2018 Cumque
1642 1949 1751 2019 jam
1786 1966 1914 2020 pro-

332 2042 509 2111 jcctus
555 2041 750 2095 bestias
802 2040 1073 2109 rugientes
1119 2038 1364 2105 audiret,
1410 2040 1605 2093 ardore
1652 2040 1908 2109 patiendi,

338 2134 457 2189 ait:
491 2131 602 2185 Viri
647 2130 870 2184 Romani
915 2131 1004 2200 qui
1048 2131 1149 2184 hoc
1191 2140 1460 2186 certamen
1500 2133 1773 2200 spectatis,
1808 2150 1911 2187 non

340 2223 453 2277 sine
498 2236 656 2276 causa
709 2222 965 2287 laboravi,
1015 2223 1135 2288 quia
1185 2238 1288 2276 non
1339 2232 1555 2291 propter
1602 2225 1912 2292 pravitatem

340 2315 457 2367 hmc
486 2314 676 2382 patior,
737 2313 829 2367 sed
877 2321 1096 2381 propter
1126 2314 1373 2382 pietatem
1413 2314 1732 2369 frumentum
1764 2316 1918 2370 Chri-

341 2406 408 2458 sti
458 2418 600 2469 sum,
645 2403 893 2457 dentibus
942 2404 1233 2457 bestiarum
1285 2404 1472 2467 molar,
1520 2414 1576 2458 ut
1625 2406 1775 2473 panis
1826 2405 1920 2459 Dei

344 2494 573 2547 mundus
614 2492 874 2546 inveniar.
920 2493 1045 2546 llaec
1087 2494 1174 2546 illo
1216 2493 1446 2558 dicente,
1481 2507 1825 2549 accurrerunt
1852 2495 1919 2549 ad

344 2601 465 2640 eum
495 2584 697 2650 leones,
728 2596 779 2639 et
806 2600 874 2638 ex
908 2593 1132 2653 utraque
1162 2594 1309 2653 parte
1338 2600 1498 2653 super
1525 2601 1642 2638 eum
1681 2586 1921 2640 inciden-

347 2689 445 2740 tes,
484 2677 905 2745 praefocaverunt
932 2692 1052 2730 eum
1088 2677 1476 2736 tantummodo.
1508 2688 1559 2730 et
1601 2692 1705 2732 non
1739 2678 1922 2747 tetige-

345 2777 469 2821 runt
501 2781 689 2819 carnes
718 2766 853 2834 ejus.
898 2766 1025 2819 Item
1069 2765 1251 2819 Romae
1282 2769 1456 2821 natale
1493 2771 1660 2822 sancti
1690 2766 1925 2838 Chryso-

346 2858 469 2930 goni
519 2859 787 2927 martyris,
829 2857 919 2925 qui
971 2872 1063 2924 per
1108 2858 1376 2911 biennium
1420 2858 1567 2926 jussu
1615 2858 1925 2912 Diocletiani

346 2947 622 3017 conjectus
653 2947 810 3001 estin
837 2948 1078 3010 vincula;
1113 2947 1199 2999 ubi
1232 2947 1389 2999 multa
1421 2961 1702 3015 perpes~us
1729 2958 1925 3002 sancta:

345 3038 647 3091 Anastasius
676 3036 943 3090 alimoniis
975 3036 1272 3098 fovebatur,
1317 3036 1380 3090 ad
1426 3038 1667 3091 ultimum
1697 3039 1926 3093 decolla-

348 3137 434 3184 tus
474 3139 587 3194 est,
639 3138 692 3181 et
732 3128 782 3181 in
833 3142 977 3180 mare
1020 3126 1307 3194 projectus.
1351 3126 1558 3195 Corpus
1588 3128 1703 3197 ejus
1746 3130 1922 3184 Zoilus

349 3232 517 3272 senex
548 3202 828 3287 presbyter
869 3219 1173 3283 inventum,
1216 3218 1446 3272 adunato
1475 3219 1647 3287 capite
1686 3220 1736 3271 in
1778 3220 1926 3274 cubi-

348 3307 473 3362 culo
518 3322 615 3361 suo
660 3307 960 3360 collocavit.
1016 3307 1082 3359 Et
1130 3306 1304 3361 natale
1351 3308 1520 3362 sancti
1566 3310 1924 3366 Crescentiani

352 3398 622 3467 martyris,
653 3398 751 3450 sub
782 3397 1149 3463 persecutione
1178 3396 1499 3450 Maximiani.

425 3485 490 3541 G.
534 3485 618 3540 VII
658 3485 792 3539 Kac.
834 3485 1071 3540 Dscsus.
1113 3485 1297 3542 Natale
1323 3488 1491 3542 sancti
1523 3488 1663 3543 Petri
1696 3492 1920 3547 Alexan.

2000 588 2141 641 cimo
2168 589 2509 657 episcopatus
2551 590 2631 643 sui
2673 605 2811 644 anno
2843 593 3082 662 martyrii
3114 608 3364 649 coronam
3396 600 3585 666 capitis

2002 678 2409 733 obtruncatione
2441 681 2763 748 promeruit,
2802 690 3039 750 tempore
3072 683 3376 739 Maximiani
3422 690 3587 755 impe-

2004 770 2235 834 ratoris;
2276 784 2395 824 cum
2440 785 2545 838 quo
2587 772 2743 825 simul
2790 781 2843 828 et
2889 773 2975 827 alii
3025 775 3203 842 plures
3243 792 3306 831 ex
3354 778 3587 849 Egypto

2004 858 2238 927 episcopi
2283 860 2634 925 trucidantur,
2665 860 2773 915 fere
2816 877 2934 915 cum
2967 863 3175 918 clericis
3199 874 3252 919 et
3283 866 3430 921 laicis
3460 885 3585 922 sex-

2004 949 2171 1002 centis
2194 949 2487 1018 sexaginta.
2533 949 2627 1003 llic
2656 950 2778 1003 dum
2823 952 2874 1004 in
2907 967 3119 1007 carcere
3161 966 3483 1023 servaretur,
3533 966 3588 1010 et

2007 1039 2286 1094 universus
2333 1040 2558 1118 populus
2597 1041 2935 1095 Alexandria:
2980 1046 3124 1097 urbis
3168 1046 3308 1099 fores
3354 1048 3586 1101 carceris

2006 1133 2315 1185 observaret
2361 1147 2543 1185 amore
2588 1134 2751 1201 patris
2794 1135 2911 1201 sui,
2962 1136 3120 1189 Arios
3171 1137 3371 1202 infelix,
3425 1139 3512 1207 qui
3557 1153 3587 1191 a

2008 1219 2162 1274 beato
2203 1220 2357 1274 Petro
2385 1224 2877 1277 excommunicatus
2913 1232 2967 1278 et
3005 1225 3327 1295 degradatus
3373 1237 3591 1295 propter

2008 1313 2197 1381 dogma
2244 1314 2442 1368 erroris
2497 1315 2813 1384 habebatur,
2864 1318 3073 1385 cognita
3121 1320 3380 1373 sententia
3426 1319 3591 1372 Maxi-

2009 1405 2165 1458 miani
2196 1405 2451 1459 adversus
2481 1402 2691 1460 beatum
2741 1409 2949 1460 Petrum
2976 1448 2989 1472 ,
3038 1408 3225 1462 festiue
3258 1410 3496 1476 pervenit
3522 1409 3589 1462 atl

2009 1496 2308 1561 ecclesiam,
2356 1498 2644 1552 obsecrans
2690 1505 2746 1549 ut
2795 1512 2889 1563 pro
2935 1511 3000 1550 eo
3044 1497 3217 1551 clerus
3267 1506 3317 1550 et
3364 1497 3589 1565 populus

2010 1587 2148 1656 apud
2178 1587 2429 1655 episcopo
2531 1587 2920 1655 intercederet,
2966 1597 3155 1654 putans
3194 1588 3333 1657 quod
3368 1598 3485 1657 post
3513 1588 3592 1641 di-

2012 1693 2247 1733 scessum
2290 1680 2417 1746 'ejos
2472 1678 2586 1747 ipse
2640 1680 2905 1733 levaretur
2951 1682 3255 1749 episcopus.
3308 1681 3593 1735 Venientes

2013 1769 2172 1838 igitur
2200 1770 2287 1839 qui
2320 1771 2553 1839 rogaturi
2585 1771 2821 1838 fuerant,
2850 1782 3129 1840 coeperunt
3160 1787 3254 1839 pro
3280 1772 3407 1825 Ario
3440 1773 3595 1827 beato

2016 1864 2263 1931 episcopo
2309 1862 2644 1931 supplicare;
2676 1865 2868 1932 quibus
2908 1875 3121 1918 sanctus
3164 1865 3443 1932 episcopus
3471 1880 3595 1919 cunt

2015 1968 2207 2023 magno
2231 1953 2461 2020 suspirio
2491 1953 2764 2020 respondit
2791 1971 2803 2005 :
2838 1954 2967 2018 Quia
2992 1954 3101 2022 jam
3133 1954 3290 2008 Arius
3320 1954 3426 2007 Deo
3453 1968 3596 2007 more

2017 2051 2156 2115 tuus,
2187 2057 2215 2095 a
2250 2043 2381 2096 facie
2410 2043 2500 2096 Dei
2533 2043 2802 2111 proiectus
2829 2053 2993 2110 esset,
3025 2043 3145 2110 quia
3173 2044 3403 2113 graviter
3430 2044 3483 2098 in
3511 2059 3598 2099 es-

2015 2132 2183 2186 sentia
2215 2132 2438 2185 Deitatis
2466 2133 2885 2201 blaSphemasset
2908 2175 2920 2198 ,
2953 2132 3315 2202 dogmatizans
3347 2134 3553 2188 Patrem
3579 2177 3593 2197 ,

2017 2229 2073 2277 et
2099 2220 2286 2274 Filium
2314 2236 2376 2275 ac
2399 2221 2649 2289 Spiritum
2678 2232 2915 2275 sanctum
2948 2236 3051 2275 non
3080 2237 3200 2276 esse
3229 2222 3381 2275 unius
3408 2235 3597 2278 essen-

2021 2315 2105 2368 tiaa
2141 2327 2195 2369 et
2238 2324 2460 2367 naturas.
2510 2314 2574 2367 Et
2604 2312 3009 2381 apprehendens
3055 2312 3189 2365 duos
3236 2312 3597 2381 presbyteros,

2020 2408 2378 2463 Alexandrum
2404 2416 2455 2460 et
2487 2407 2772 2468 Achillam,
2803 2406 2867 2458 de
2898 2406 3047 2458 turba
3080 2418 3319 2459 seorsum
3340 2444 3356 2467 ,
3389 2404 3464 2456 ait
3490 2403 3600 2457 illis

2019 2506 2225 2552 secrete
2253 2513 2268 2551 :
2301 2498 2408 2565 Ego
2435 2496 2645 2563 quidem
2674 2495 2773 2548 etsi
2817 2504 3062 2563 peccator
3101 2509 3246 2558 sum,
3282 2504 3456 2546 tamen
3489 2492 3600 2545 scio

2022 2603 2106 2643 me
2134 2589 2411 2642 vocatione
2439 2586 2643 2640 ccelesti
2676 2586 2738 2638 ad
2780 2585 2919 2638 hunc
2957 2598 3179 2651 agonem
3213 2582 3450 2652 martyrii
3480 2596 3603 2635 esse

2024 2688 2288 2732 vocatum.
2324 2677 2481 2730 Vobis
2509 2676 2666 2745 igitur
2694 2675 2951 2728 confiteor
2975 2674 3285 2743 mysterium
3317 2672 3433 2734 Dei,
3461 2672 3599 2740 quod

2023 2769 2151 2823 mihi
2194 2769 2483 2821 revelatum
2515 2776 2631 2831 est,
2664 2766 2782 2833 quia
2811 2780 2905 2817 vos
2935 2774 3053 2832 post
3082 2764 3390 2831 martyrium
3426 2776 3600 2814 meum

2025 2860 2204 2914 sedem
2236 2868 2289 2912 et
2317 2859 2675 2924 episcopatum
2721 2870 2895 2909 meum
2926 2850 3260 2906 consecuturi
3291 2850 3442 2917 estis,
3469 2859 3521 2905 et
3552 2860 3603 2901 tu

2026 2948 2239 3019 quidem
2274 2949 2473 3016 primus
2516 2945 2721 2999 Achilla
2747 2986 2761 3009 ,
2803 2953 2920 3013 post
2964 2951 3013 2995 te
3043 2957 3167 2995 vero
3198 2939 3513 2994 Alexander.
3551 2939 3604 2991 In

2027 3039 2125 3092 hac
2175 3039 2301 3091 hora
2353 3037 2543 3101 noctis,
2590 3044 2645 3088 ut
2676 3034 2827 3087 vobis
2859 3042 3022 3086 totum
3070 3031 3137 3085 de
3182 3029 3308 3084 Atio
3348 3029 3604 3097 aperiam,

2027 3148 2147 3186 cum
2174 3131 2397 3184 solemni
2426 3126 2810 3182 consuetudine
2839 3126 2945 3177 Deo
2969 3122 3285 3177 sacrificium
3309 3121 3606 3174 orationum

2030 3238 2480 3279 consummassem
2502 3264 2518 3285 ,
2546 3236 2672 3275 ecce
2699 3220 2877 3273 subito
2906 3218 3149 3287 apparuit
3180 3216 3307 3268 mihi
3339 3216 3390 3267 in
3425 3216 3607 3268 habitu

2032 3316 2180 3386 pueri
2217 3313 2458 3368 Christus
2489 3311 2745 3365 Dominus
2776 3324 2954 3373 meus;
2996 3307 3059 3360 ad
3090 3306 3238 3373 cujus
3271 3306 3605 3373 pra'sentiam

2031 3406 2315 3476 splendore
2355 3403 2515 3458 nimio
2561 3403 2874 3465 illustratus,
2919 3399 3118 3452 vultum
3161 3397 3455 3463 majestatis
3493 3398 3609 3459 ejus

2035 3513 2137 3551 non
2168 3496 2406 3550 valebam
2453 3493 2713 3562 aspicere.
2764 3492 2890 3543 Erat
2927 3499 3101 3542 autem
3148 3488 3360 3541 indutus
3400 3486 3609 3540 colobio

1581 3583 1762 3639 EDITI
1790 3591 1808 3637 1
1848 3590 2358 3648 BOLLANDIANA.

432 3670 493 3723 V.
523 3669 609 3732 C.,
637 3668 837 3722 Eodem
867 3668 951 3723 die
974 3669 1029 3724 S.
1066 3670 1359 3724 Eleutherii
1408 3683 1460 3723 et
1491 3673 1725 3729 Maximi.
1780 3679 1843 3731 Et
1869 3683 1925 3734 S.

360 3739 597 3863 Flaviani
644 3738 878 3821 episcopi
930 3748 984 3793 et
1024 3740 1366 3794 coafessoris.
1418 3742 1484 3796 Et
1535 3745 1592 3797 S.
1646 3747 1927 3805 ‘liomani

362 3826 482 3863 nres
524 3822 678 3863 vtert.

362 3822 678 3880 presbyteri.

429 3902 518 3957 25.
549 3930 618 3940 —-
646 3900 733 3955 Vll
758 3900 889 3955 Kac.
917 3900 1099 3955 Natale
1127 3901 1183 3955 S.
1209 3902 1237 3942 ι)
1269 3903 1410 3957 Petri
1436 3905 1668 3975 episcopi
1704 3909 1932 3964 Alexan-

364 3994 498 4047 drini
525 4010 539 4055 ;
570 3994 799 4063 quicum
843 4002 985 4047 esset
1011 3994 1257 4048 omnibus
1296 3995 1585 4050 adornatus
1617 4000 1928 4069 virtutibus,

366 4085 417 4136 in
446 4082 734 4153 Scripturis
758 4097 968 4153 quoque
989 4082 1182 4138 divinis
1210 4084 1403 4139 nullius
1432 4087 1664 4155 priorum
1690 4090 1932 4155 inferior,

2048 3698 2174 3737 vere
2202 3679 2454 3737 sacerdos
2479 3688 2528 3731 et
2560 3677 2727 3730 hostia
2762 3676 2889 3737 Deo,
2932 3674 3105 3728 subito
3134 3673 3336 3741 capitur
3361 3684 3517 3741 atque
3542 3688 3608 3727 ex

2034 3772 2304 3828 Maximini
2358 3778 2624 3837 prtecepto
2685 3767 2856 3834 capite
2907 3768 3285 3828 obtruncatur;
3332 3779 3450 3817 cum
3504 3778 3611 3832 quo

2033 3862 2192 3917 simul
2216 3872 2265 3914 et
2293 3860 2381 3913 alii
2414 3860 2590 3927 plures
2619 3873 2682 3912 ex
2714 3857 2941 3927 (Egypto
2966 3856 3311 3911 trucidantur.
3337 3854 3603 3923 Scriptum

2036 3955 2090 4009 in
2126 3953 2355 4007 Historia
2383 3951 2608 4014 Eccles.,
2640 3950 2774 4002 libro
2806 3963 2970 4004 uono.

2110 4064 2170 4118 Β.
2204 4064 2263 4117 ν.
2284 4064 2369 4127 C.,
2400 4062 2464 4116 Et
2486 4061 2543 4117 S.
2578 4067 2599 4094 ε
2631 4060 2891 4115 Caterina:
2915 4056 3009 4130 [V.
3033 4055 3346 4127 Ecaterinae]
3372 4055 3609 4125 virginis.

1742 4180 1944 4237 SMITII
1982 4177 2207 4236 NOTAE.

438 4274 465 4304 ⁸
503 4263 743 4338 Romani.
797 4263 976 4338 Quem
1007 4264 1261 4318 Martinus
1302 4266 1625 4322 Turonensis
1671 4272 1947 4338 episcopus

368 4336 652 4404 sepulturae
680 4334 889 4388 locavit.
942 4335 1031 4387 Est
1061 4344 1236 4387 autem
1286 4338 1584 4401 sepulcrum
1633 4334 1749 4405 ejus
1779 4334 1949 4395 conti-

369 4422 524 4481 gpnm
558 4405 831 4481 Dlaviensi
854 4405 1073 4481 castello
1102 4419 1261 4481 super
1289 4405 1433 4459 littus
1458 4408 1628 4481 amnis
1655 4409 1941 4481 Ceronnm.

371 4473 537 4530 Gneo.
569 4476 767 4528 'l‘unox.
800 4475 866 4527 de
893 4473 1041 4526 Glor.
1069 4477 1296 4527 confess.
1320 4515 1335 4537 ,
1368 4491 1484 4541 cap.
1514 4476 1605 4529 46.
1655 4479 1725 4532 Ibi
1757 4480 1944 4533 etiam-

371 4563 496 4600 num
526 4544 715 4597 visitur
740 4544 952 4597 abbatia
1001 4543 1313 4616 S.ltoman_i
1362 4560 1519 4611 quam
1567 4549 1936 4616 Augustiniani

372 4616 609 4669 canonici
640 4615 908 4682 regulares
937 4613 1224 4680 possident.
1279 4614 1595 4682 Sigibertus,
1645 4613 1710 4671 ad
1742 4632 1936 4672 annum

2053 4268 2242 4322 stituit.
2269 4265 2461 4318 Passus
2482 4262 2649 4317 (35129
2678 4262 2877 4317 mensis
2901 4262 3087 4330 Athyr,
3122 4263 3208 4330 qui
3231 4261 3515 4328 respondet
3541 4259 3614 4313 25

2055 4338 2250 4392 mensis
2296 4334 2633 4402 Novembris,
2672 4349 2788 4387 cum
2816 4334 2887 4386 26
2929 4335 2977 4386 itt
3012 4333 3247 4385 Ecclesia
3280 4332 3464 4384 Latina
3491 4331 3609 4401 ejus

2052 4406 2306 4462 memoria
2339 4405 2636 4457 celebratur
2667 4408 2716 4455 in
2751 4404 2987 4456 Romano
3020 4403 3411 4472 Martyrologio.
3436 4402 3608 4456 Crteci

2049 4495 2137 4531 rm
2184 4477 2300 4530 Kal.
2355 4475 2625 4534 Decemb.,
2673 4488 2860 4542 nempe
2887 4471 2957 4525 24
2984 4471 3278 4533 Νηνηὸειη
3322 4473 3612 4526 celebrant.

2046 4548 2269 4616 Coptttzc
2318 4546 2368 4597 iu
2418 4544 2747 4616 Kalcttdario
2775 4559 2873 4598 suo
2901 4543 2976 4616 itd
3008 4542 3041 4593 2
3072 4542 3267 4616 tne_nsis
3316 4542 3535 4616 Athyr,“
3561 4543 3611 4594 iu

2043 4610 2359 4671 Sel-deniano
2398 4617 2462 4667 ad
2506 4614 2576 4664 25
2601 4613 2857 4681 ejusdem.
2899 4611 3090 4665 Eussu.
3139 4610 3447 4681 RENatJno'r,
3475 4610 3609 4664 llist.

374 4686 499 4749 535,
528 4699 681 4753 quem
706 4679 1054 4754 penultimum
1090 4681 1319 4754 Gratiani
1341 4679 1479 4749 imp.
1513 4679 1673 4739 fuisse
1702 4687 1848 4754 dicit,
1879 4704 1941 4742 ac
1970 4687 2022 4747 D
2048 4687 2462 4754 patriarcharum
2490 4679 2747 4736 Alexand.
2777 4682 2998 4735 Jacobit.
3034 4683 3244 4741 lissam,
3274 4679 3420 4733 Eccl.
3472 4681 3606 4735 llist.

378 4752 596 4819 proinde
621 4769 813 4806 annum
844 4752 950 4806 582
970 4797 983 4820 ,
1016 4753 1128 4804 lucc
1158 4753 1351 4808 habet:
1406 4773 1423 4805 t
1450 4757 1502 4809 ltt
1532 4754 1700 4810 Gallia
1730 4752 1943 4812 sanctus

380 4825 645 4882 Romanus
674 4823 962 4878 Blaviensis
992 4823 1140 4875 obiit.
1163 4840 1182 4873 ι

448 4896 475 4933 b
516 4892 679 4947 Petri.
738 4893 833 4946 Hic
873 4908 904 4946 a
935 4894 1151 4946 Theona
1196 4895 1444 4963 episcopo
1485 4895 1844 4950 Alexandrino
1871 4897 1937 4950 ad

378 4965 710 5017 diaconatum
733 4978 965 5032 moxque
990 4964 1053 5016 ad
1083 4965 1431 5017 sacerdotium
1464 4976 1735 5032 promotus
1755 4978 1858 5030 est,
1889 4978 1943 5021 et

378 5036 596 5086 'l‘heona
643 5043 851 5087 mortuo
892 5036 1030 5088 circa
1071 5048 1158 5088 an.
1202 5033 1325 5095 500,
1377 5033 1423 5087 ei
1480 5038 1529 5087 in
1574 5037 1938 5102 episcopatum

379 5103 656 5157 successit.
702 5102 800 5172 Per
827 5105 1112 5157 triennium
1145 5104 1429 5157 Ecclesium
1458 5105 1938 5172 administraverat,

382 5190 503 5226 cum
531 5186 670 5225 anno
708 5171 813 5225 505
840 5175 1098 5227 exarserit
1123 5175 1390 5228 dirissima
1423 5174 1729 5229 Diocletiani
1763 5171 1945 5243 perse-

382 5245 548 5311 cutio,
579 5245 628 5296 in
659 5257 761 5310 qua
790 5243 927 5297 inter
955 5244 1089 5296 alios
1112 5247 1415 5298 innumeros
1442 5246 1626 5297 Petrus
1648 5247 1946 5312 apprehen-

384 5328 474 5365 sus
520 5323 634 5377 est;
697 5326 924 5382 cumque
968 5315 1018 5365 id
1066 5314 1371 5381 imperatori
1433 5314 1788 5380 signiﬁcatum
1844 5323 1944 5379 est,

386 5386 651 5435 mandavit
680 5394 732 5433 ut
756 5385 801 5435 ei
834 5392 994 5449 caput
1022 5384 1441 5438 ahsciuderetur.
1476 5386 1738 5437 Achillam
1766 5393 1944 5437 autem

384 5467 505 5504 cum
531 5452 629 5505 sibi
656 5467 1017 5523 successorem
1058 5455 1407 5520 designasset,
1438 5470 1578 5507 anno
1602 5470 1741 5506 nono
1765 5468 1946 5523 perse-

384 5523 638 5584 cutionis,
670 5521 719 5575 id
750 5532 849 5593 est
879 5538 1019 5577 anno
1060 5524 1250 5577 Christi
1296 5526 1424 5585 5H,
1465 5521 1776 5593 martyrium
1812 5539 1941 5576 con-

386 5592 686 5663 summavit.
748 5591 840 5645 llic
875 5607 992 5645 cum
1040 5594 1286 5645 scivissct
1330 5596 1508 5646 Arium
1548 5591 1639 5647 sua
1676 5594 1943 5663 impietate

390 5660 570 5715 turbas
600 5664 791 5730 ubique
817 5664 1158 5729 excitantetn,
1189 5677 1309 5714 eum
1341 5665 1583 5726 deposuit
1614 5675 1660 5716 et
1706 5660 1942 5717 Ecclesia

388 5731 607 5799 pepulit,
640 5740 694 5785 et
723 5748 986 5801 nunquam
1027 5733 1089 5784 atl
1119 5734 1541 5787 communionem
1586 5733 1833 5788 Ecclesia:
1865 5749 1950 5788 rc-

2052 4751 2145 4816 'vu,
2177 4755 2277 4816 52;
2312 4768 2384 4816 Ix,
2408 4751 2461 4803 6.

2126 4796 2460 4877 ἒῐῖιὶεὶ-ἷῖιᾱιῖ
2514 4820 2682 4875 Verba
2726 4818 2962 4879 Eusebii,
2996 4818 3087 4871 lib.
3119 4834 3233 4881 vm,
3265 4832 3383 4886 cap.
3426 4819 3514 4883 tt,
3545 4818 3612 4874 de

2049 4895 2273 4948 muliere
2310 4890 2472 4946 nobili
2520 4891 2873 4944 Alexandrina
2912 4904 3068 4957 quam
3119 4888 3435 4942 Maximinus
3464 4904 3609 4942 ama-

2050 4965 2157 5025 bat,
2201 4978 2319 5030 qum
2362 4961 2617 5014 Baronius
2644 4976 2783 5014 anno
2814 4960 2911 5014 507
2944 4958 3174 5030 explicat
3208 4960 3274 5011 de
3322 4959 3612 5030 certamine

2048 5035 2106 5088 S.
2141 5029 2443 5087 Catharina:
2464 5031 2677 5099 virginis
2704 5042 2758 5084 et
2783 5029 3052 5094 martyris,
3082 5030 3149 5099 de
3169 5044 3229 5099 ea
3262 5029 3479 5095 intelligi
3507 5043 3609 5081 non

2050 5112 2290 5171 possunt,
2323 5098 2563 5167 alioquin
2605 5117 2663 5153 ea
2708 5099 3015 5171 martyrium
3062 5098 3160 5171 sub
3191 5098 3476 5151 Maximino
3507 5112 3611 5151 non

2052 5170 2501 5230 Consummasset,
2534 5171 2672 5238 quod
2705 5182 2877 5223 tamen
2930 5170 3182 5221 Baronius
3221 5179 3461 5221 astruere
3488 5182 3610 5238 con-

2050 5244 2239 5298 tendit.
2295 5241 2351 5296 S.
2382 5235 2681 5293 Catharinte
2720 5250 2834 5293 acta
2864 5239 2997 5304 apud
3031 5238 3245 5293 Surium
3275 5240 3338 5289 atl
3372 5239 3509 5289 diem
3538 5235 3609 5292 25

2049 5312 2365 5365 Novembris
2392 5311 2608 5361 tradunt
2648 5311 2812 5378 ipsam
2846 5308 3111 5362 Maximini
3155 5309 3303 5375 jussu
3345 5309 3604 5378 martyrio

2050 5383 2332 5446 affectam;
2392 5380 2581 5431 mulier
2635 5376 2758 5431 vero
2799 5381 2866 5431 de
2909 5393 3009 5446 qua
3063 5378 3294 5445 loquitur
3344 5376 3603 5430 Eusebius

2051 5452 2241 5504 exsilio
2288 5457 2489 5502 tantum
2534 5451 2748 5501 tnnltata
2791 5458 2895 5502 cst.
2938 5449 3041 5502 Sed
3073 5464 3167 5500 nec
3196 5447 3306 5514 ipsa
3331 5461 3448 5514 quae
3473 5447 3613 5515 apud

2056 5522 2446 5585 Metaphrasten
2474 5530 2685 5572 exstant
2714 5518 2868 5583 Acta,
2901 5533 2997 5571 nec
3025 5532 3139 5585 qua:
3169 5516 3277 5569 Leo
3310 5519 3533 5570 Allatius
3562 5517 3615 5571 in

2046 5605 2138 5645 sua
2168 5591 2233 5643 de
2256 5588 2592 5644 Simeonibus
2623 5588 2851 5641 Diatriba
2875 5589 3052 5649 refert,
3078 5586 3305 5653 legit-ima
3328 5596 3469 5652 sunt,
3494 5601 3615 5639 eum

2051 5664 2101 5713 in
2132 5660 2246 5713 istis
2277 5660 2521 5713 dicatur:
2554 5675 2573 5708 ι
2605 5662 2758 5711 Anno
2787 5658 3057 5726 trigesimo
3086 5659 3291 5725 quinto,
3316 5658 3613 5724 imperante

2054 5730 2217 5801 impio
2260 5743 2322 5786 ac
2362 5725 2624 5785 scelerato
2669 5725 2952 5796 Maxentio,
2994 5745 3013 5779 ›
3062 5742 3180 5798 quae
3209 5741 3427 5797 prorsus
3464 5726 3620 5783 fabu-
