4110 6446
600 296 737 359 1115

1311 296 1508 353 ἢεί).ιί
1552 296 1997 355 YENERABILIS
2034 296 2182 353 OPP.
2224 296 2399 355 PARS
2438 299 2525 355 ιν.
2565 330 2636 343 -
2675 299 3053 357 IIISTORICA.

3714 304 3849 362 1116

1869 413 2093 467 EDITIO
2130 413 2598 469 COLONIENSIS.

592 505 754 561 nimis
798 505 1049 569 candido,
1100 502 1237 573 quod
1283 503 1611 558 conscissum
1662 518 1690 556 a
1738 518 1947 557 summo
1995 519 2159 572 usque
2188 511 2238 569 Α
2264 504 2402 558 beati
2433 503 2664 573 episcopi
2689 514 2742 557 et
2763 504 3033 575 martyris,
3065 502 3161 557 θυι)
3192 504 3459 558 Antonino
3488 504 3842 579 imperatore,

595 598 862 657 deorstt'tt,
893 595 1143 648 ambabus
1170 596 1407 647 manibus
1435 595 1785 663 coniungebat
1805 596 1945 649 circa
1975 605 2157 663 pectus

589 701 779 746 suum,
836 685 1223 750 quodammodo
1275 686 1585 753 eooperiens
1638 686 1926 739 nuditatem
1984 700 2155 739 suam.

590 778 756 842 Quem
786 787 844 829 ut
874 778 1012 843 vidi,
1049 778 1236 831 timore
1268 777 1430 829 nimio
1460 786 1753 843 correptus.
1788 776 1996 829 tandem
2027 791 2158 829 con-

590 868 814 922 fortatus
843 870 925 922 aio
952 870 1015 922 ad
1048 884 1165 923 eum
1197 888 1208 923 :
1241 869 1373 935 Quid
1401 867 1519 921 est?
1562 868 1806 931 domine,
1837 867 1974 935 quod
2006 866 2159 921 video

590 962 817 1012 tunieam
852 968 989 1012 tuam
1020 961 1237 1013 scissam
1266 977 1294 1013 a
1324 973 1530 1012 summo
1560 974 1723 1027 usque
1750 958 2034 1011 deorsum?
2061 958 2157 1023 Qui

587 1050 918 1114 respondens
963 1050 1095 1102 dixit
1144 1049 1269 1102 ntilti
1319 1068 1329 1101 :
1372 1048 1622 1114 Quotidie
1671 1050 1792 1101 inde
1843 1059 2053 1112 tractas,
2106 1059 2157 1103 et

588 1141 760 1193 ne~cis
798 1141 1064 1208 quomodo
1107 1142 1264 1193 scissa
1297 1152 1396 1195 est.
1430 1141 1587 1193 Arius
1619 1155 1844 1207 namque
1883 1140 1985 1193 hoc
2018 1140 2156 1202 fecit,

585 1232 674 1300 qui
704 1232 974 1298 separavit
1002 1246 1030 1284 a
1063 1246 1149 1285 me
1192 1233 1439 1300 populum
1473 1232 1797 1285 haereditatis
1827 1246 1979 1293 meae,
2013 1246 2159 1283 com~

585 1335 824 1389 paratum
870 1323 1123 1390 sanguine
1154 1338 1295 1376 meo.
1345 1322 1598 1391 Prmcipio
1640 1337 1800 1386 nunc,
1847 1330 1899 1374 ct
1942 1335 2154 1387 moneo,

586 1428 654 1467 ne
683 1430 801 1467 eum
833 1415 1057 1482 recipias
1102 1414 1153 1467 in
1200 1414 1660 1479 communionem;
1712 1429 1808 1467 nec
1852 1412 2158 1481 rogantibus

584 1507 664 1559 his
688 1508 773 1576 qui
806 1514 1006 1562 venturi
1036 1519 1157 1561 sunt
1185 1509 1247 1561 ad
1280 1518 1348 1572 te,
1375 1524 1503 1575 quos
1532 1510 1620 1562 ille
1646 1509 1921 1571 direxerit,
1946 1510 2154 1563 veniam

582 1600 631 1653 ei
673 1615 739 1653 ne
780 1612 1017 1668 pracStes.
1068 1602 1192 1655 llaec
1234 1617 1351 1670 qua:
1399 1602 1487 1655 tibi
1541 1602 1907 1664 manifestavi,
1951 1600 2157 1654 duobus

582 1691 905 1761 presbyteris
945 1704 998 1744 tu
1042 1702 1221 1746 notum
1263 1693 1443 1761 facias,
1489 1704 1544 1746 ut
1594 1693 1691 1760 ipsi
1744 1704 1861 1759 post
1906 1700 1985 1758 te,
2035 1707 2155 1745 eum

583 1785 1078 1839 anathematizando
1109 1787 1393 1855 abjiciant,
1435 1805 1501 1842 ne
1542 1790 1766 1857 populus
1806 1788 1945 1842 illius
1977 1803 2156 1843 errore

2262 600 2348 664 qui
2402 600 2540 651 inter
2583 598 2684 651 alia
2736 597 2868 651 facta
2920 597 3169 651 miracula
3219 608 3484 652 mortuum
3536 600 3829 654 suscitavit.

2261 688 2442 741 Romae
2471 687 2662 757 Syricii
2693 686 2965 755 episcopi,
2995 694 3047 740 et
3081 688 3129 739 in
3160 684 3335 754 Capua
3366 686 3672 753 Nicanoris,
3704 688 3834 741 Cas-

2261 778 2392 830 siani
2445 785 2499 830 et
2545 775 2879 830 Felicissimi.
2933 777 3313 844 Augustuduno
3360 778 3625 845 depositio
3671 783 3832 834 sancti

2261 867 2527 920 Amatoris
2567 865 2824 934 episcopi.
2873 865 2928 919 lit
2968 866 3271 919 Nicomedia
3312 867 3452 920 beati
3495 868 3709 922 Marculi
3751 884 3832 921 sa-

2259 954 2490 1009 cerdotis
2516 964 2570 1009 et
2599 955 2865 1025 martyris,
2891 957 2977 1024 qui
3009 958 3333 1024 temporibus
3363 956 3668 1012 Constantis
3697 962 3830 1022 regis

2262 1047 2471 1115 tyranni
2522 1048 2919 1113 persecutiones
2960 1049 3215 1101 maximas
3265 1050 3496 1119 pertulit,
3544 1051 3607 1103 ad
3653 1063 3827 1105 extre-

2260 1148 2405 1191 mum
2432 1140 2499 1193 ab
2524 1142 2627 1192 alta
2659 1155 2788 1207 rupe
2819 1140 3177 1209 praecipitatus
3204 1152 3304 1195 est.

2333 1251 2390 1302 Β.
2436 1250 2474 1301 ν
2516 1251 2649 1304 Kac.
2694 1251 2928 1305 Dccsns.
2969 1251 3151 1307 Natale
3193 1263 3493 1308 sanctorum
3542 1264 3826 1326 martyrum

2261 1339 2444 1393 Vitalis
2474 1349 2525 1393 et
2555 1340 2815 1408 Agricola:
2837 1382 2850 1405 ,
2884 1340 2972 1409 qui
3012 1341 3149 1409 apttd
3190 1341 3481 1398 Bononiam
3512 1346 3696 1399 urbem
3726 1344 3828 1399 Ita-

2261 1430 2340 1483 lia:
2386 1440 2501 1498 post
2542 1431 2643 1483 alia
2689 1440 2947 1484 tormenta
2990 1432 3173 1487 ultimo
3217 1433 3478 1499 crucifixi,
3523 1438 3829 1505 martyrium

2258 1520 2661 1588 compleverunt
2702 1538 2714 1572 ε
2760 1536 2985 1590 quorum
3034 1536 3254 1589 corpora
3302 1526 3664 1590 postmodum,
3711 1542 3827 1581 eum

2258 1620 2437 1661 essent
2488 1609 2660 1677 posita
2708 1609 2846 1664 inter
2894 1610 3135 1679 sepulcra
3184 1612 3499 1677 Judazorum,
3543 1624 3597 1669 et
3640 1617 3830 1683 populo

2257 1698 2558 1754 Christiano
2584 1708 2803 1770 prorsus
2834 1702 3120 1769 incognita,
3156 1702 3336 1757 beatus
3362 1704 3671 1758 Ambrosius
3698 1706 3824 1772 ipsis

2260 1794 2456 1844 sanctis
2486 1791 2803 1860 martyribus
2834 1791 3193 1845 revelantihus
3213 1834 3225 1853 ,
3264 1796 3400 1861 apud
3446 1795 3826 1850 llononiensem

582 1874 892 1942 decipiatur.
950 1877 1343 1931 Exlinrtationis
1398 1878 1557 1941 igitur
1603 1894 1902 1933 sermonem
1951 1881 2027 1934 eis
2080 1879 2155 1933 fa—
2186 1857 2232 1914 Β
2262 1882 2528 1935 civitatem
2574 1882 2805 1949 reperit,
2855 1898 3081 1951 qumque
3128 1895 3390 1940 exstructa
3438 1886 3661 1941 ecclesia
3706 1904 3827 1943 cum

579 1963 747 2027 ciens,
798 1973 850 2017 et
898 1966 947 2018 in
995 1967 1267 2019 catholicae.
1316 1968 1438 2021 fidei
1488 1969 1688 2022 unitate
1739 1978 1795 2021 ut
1844 1974 2152 2034 manerent,

578 2056 957 2108 commendans
985 2070 1077 2109 eos
1123 2057 1366 2122 Domino,
1399 2059 1449 2110 in
1477 2075 1633 2126 quem
1665 2058 2040 2123 crediderant,
2076 2058 2157 2112 di-

577 2147 721 2201 misit
753 2151 804 2201 in
855 2164 1000 2217 pace.
1052 2151 1247 2203 Eodem
1295 2153 1379 2205 die
1424 2152 1601 2221 passio
1630 2163 1826 2206 sancta:
1856 2152 2155 2207 Catltarinte

578 2239 794 2308 virginis
825 2250 874 2293 et
904 2243 1150 2312 martyris
1179 2242 1403 2306 Christi,
1433 2254 1487 2298 et
1515 2245 1758 2299 aliorum.

644 2333 710 2385 A.
754 2332 816 2386 VI
854 2334 987 2389 ΚΑι..
1034 2338 1267 2391 licesnn.
1309 2338 1490 2391 Natale
1520 2339 1688 2392 sancti
1721 2336 1837 2392 Lini
1866 2352 2034 2407 papas,
2064 2339 2153 2407 qui

576 2434 695 2491 post
721 2428 1015 2494 apostolum
1050 2429 1259 2483 Petrum
1305 2430 1508 2498 primus
1538 2429 1831 2484 Romanam
1865 2430 2151 2484 Ecclesiam

578 2518 750 2571 tenuit
776 2534 943 2574 annos
974 2521 1276 2590 duodecim,
1310 2537 1519 2576 menses
1552 2533 1680 2585 tres,
1707 2522 1819 2577 dies
1851 2521 2147 2575 duodecim.

572 2603 671 2659 llic
702 2622 763 2661 ex
811 2622 1073 2677 praecepto
1118 2612 1253 2665 beati
1301 2615 1440 2667 Petri
1472 2612 1746 2669 constituit
1778 2621 1828 2665 ut
1874 2613 2061 2667 mulier
2100 2614 2150 2666 in

570 2695 848 2751 ecclesiam
878 2701 1051 2756 velato
1090 2703 1259 2771 capite
1292 2704 1565 2769 introiret,
1614 2714 1668 2758 et
1709 2705 1960 2773 martyrio
1992 2718 2147 2757 coro-

571 2795 756 2851 natus,
804 2795 1041 2858 sepu’tus
1070 2805 1149 2845 est
1184 2795 1234 2846 in
1264 2794 1538 2848 Vaticano.
1587 2794 1737 2861 Apud
1775 2794 2145 2849 Alexandriam

570 2878 743 2930 natale
789 2889 1093 2934 sanctorum
1145 2896 1459 2953 martyrum,
1506 2885 1684 2938 Fausti
1729 2885 2044 2953 presbyteri,
2094 2894 2149 2939 et

572 2966 685 3030 Dii,
719 2976 767 3020 et
799 2970 1094 3034 Ammonii,
1129 2974 1213 3039 qui
1244 2989 1362 3027 cum
1393 2974 1547 3027 beato
1580 2974 1735 3028 Petro
1761 2974 1997 3042 ejusdem
2030 2976 2140 3043 epi-

2260 1985 2450 2041 magna
2481 1970 2716 2024 fidelium
2751 1970 2937 2024 la-titia
2967 1982 3021 2025 et
3050 1972 3343 2027 dainionum
3377 1974 3547 2043 poenis
3575 1976 3826 2031 confiten-

2259 2065 2387 2118 tium
2417 2062 2602 2115 merita
2632 2071 2947 2131 martyrum,
2977 2062 3075 2115 sub
3095 2063 3259 2117 altare
3286 2065 3546 2131 deposuit.
3580 2065 3634 2120 In
3658 2067 3826 2121 Gallia

2258 2153 2468 2207 civitate
2497 2151 2757 2219 Regensi,
2791 2153 2965 2206 natale
3008 2154 3176 2207 sancti
3210 2154 3416 2209 Maximi
3446 2157 3706 2225 episcopi,
3738 2161 3827 2223 qui

2258 2248 2508 2314 primaeva
2559 2254 2714 2297 tetate
2760 2242 3013 2296 virtutum
3064 2246 3295 2298 omnium
3344 2249 3504 2313 gratia
3551 2249 3826 2315 prceditus,

2257 2336 2482 2401 primum
2516 2332 2829 2387 Liriniensis
2860 2332 3089 2386 omniiin
3132 2333 3305 2398 Pater,
3345 2335 3535 2389 deinde
3573 2336 3826 2405 Regensis

2256 2423 2510 2476 ECCIBSlLk
2541 2421 2838 2489 cpiscopus,
2873 2422 3035 2490 signis
3064 2433 3113 2477 et
3146 2422 3395 2491 prodigiis
3424 2425 3643 2495 inclytus
3690 2429 3824 2477 exr-

2257 2517 2339 2569 tit.
2375 2514 2611 2581 Denique
2649 2514 2786 2567 inter
2817 2515 2919 2567 alia
2957 2523 3104 2582 gesta
3137 2516 3409 2584 magnifica
3453 2526 3558 2568 tres
3588 2526 3822 2569 mortuos

2256 2605 2458 2669 vivens,
2492 2620 2651 2657 unum
2685 2614 2848 2672 tactu,
2879 2619 2982 2673 quo
3015 2606 3077 2658 ad
3110 2606 3404 2671 sepulcrum
3435 2607 3719 2660 vehebatur
3743 2608 3823 2660 lo-

2253 2699 2394 2764 culi,
2428 2708 2692 2751 mortuum
2725 2698 3022 2750 suscitavit.
3068 2696 3121 2750 In
3152 2698 3448 2751 Nicomedia
3484 2699 3653 2752 natale
3682 2699 3822 2752 Mar-

2252 2792 2391 2857 colli,
2426 2790 2562 2843 Petri
2585 2831 2599 2853 ,
2633 2789 2869 2851 Numeri,
2904 2788 3171 2855 llicrentc,
3204 2799 3257 2844 et
3286 2789 3483 2844 Melosi.
3520 2790 3584 2843 Et
3609 2791 3821 2859 deposi-

2251 2884 2323 2935 tio
2353 2882 2527 2948 Uptati
2559 2880 2812 2948 episcopi.

2315 2969 2376 3025 C.
2407 2970 2468 3024 IV
2504 2970 2743 3024 KALEND.
2798 2969 3032 3023 Dscsua.
3058 2998 3126 3009 —
3152 2969 3333 3023 Natale
3380 2972 3544 3025 sancti
3593 2972 3819 3029 Sosthe-

566 3070 731 3125 scopo
766 3056 989 3127 jubente
1018 3061 1334 3117 Maximiano
1377 3063 1618 3117 trucidati
1650 3073 1789 3118 sunt.
1826 3064 2025 3117 Eodem
2058 3064 2148 3119 die
2178 3054 2223 3115 C
2258 3077 2371 3125 nes,
2399 3062 2647 3130 discipuli
2672 3062 3039 3130 apostolorum
3070 3072 3123 3118 et
3144 3062 3435 3132 Trophimi,
3466 3063 3530 3118 de
3552 3079 3655 3133 quo
3682 3067 3821 3120 serie

1842 3156 2070 3209 EDITIO
2110 3151 2609 3210 BOLLANIHANA.

566 3242 631 3315 A.
658 3240 719 3315 Τ.
755 3242 843 3315 Ι...
864 3242 1072 3315 Eodem
1117 3245 1207 3299 die
1246 3247 1423 3315 passio
1461 3246 1521 3303 S.
1552 3246 1835 3302 Caterinre.
1885 3247 1969 3315 8.,
2005 3246 2140 3301 Alibi

566 3309 805 3376 Luciani,
832 3314 1101 3377 Marciani,
1129 3309 1425 3371 Claudiani.

632 3380 721 3434 215.
754 3411 822 3424 -—-
857 3383 919 3436 Vl
951 3384 1086 3440 ΚΜ..
1125 3386 1287 3439 Vacat
1316 3388 1490 3440 Baeda.

639 3450 724 3515 υ..
769 3452 949 3525 Romae
981 3457 1006 3484 ⁸
1039 3455 1153 3525 Lini
1196 3472 1364 3523 papce,
1393 3466 1446 3510 et
1478 3457 1762 3512 Alexandri
1809 3456 2042 3525 episcopi
2087 3466 2141 3510 et

564 3523 815 3593 rnartyris
840 3525 976 3587 passi
1002 3540 1051 3576 XI
1077 3524 1477 3587 Kal.0ctobris,
1497 3542 1523 3578 a
1553 3543 1682 3593 papa
1705 3523 1931 3581 Damaso
1956 3542 2003 3579 vt
2021 3526 2136 3579 Kal.

563 3590 873 3647 Decembris
893 3595 1150 3656 translati,
1169 3597 1377 3658 quando
1398 3590 1731 3650 festivitatem
1757 3598 1968 3650 dicavit.
1999 3598 2053 3648 ll.
2073 3595 2133 3649 C.

560 3660 624 3733 Υ.
645 3665 704 3733 A.
727 3663 789 3715 Τ.
818 3662 899 3733 L.,
928 3663 1109 3716 Romae
1137 3666 1229 3719 SS.
1256 3666 1468 3719 bSiricii
1491 3669 1720 3733 episcopi
1755 3677 1808 3721 et
1835 3666 2126 3721 Saturnini.

562 3730 618 3802 l_n
643 3731 881 3802 Aquileia
910 3739 928 3761 ο
964 3733 1224 3787 Valeriani
1256 3738 1485 3802 episc0pi
1518 3730 1571 3791 et
1592 3730 1935 3791 confessoris.
1976 3739 2031 3787 li.
2063 3738 2125 3788 Α.

560 3799 624 3852 Τ.
655 3800 737 3865 l..,
767 3803 1130 3871 Augustiduno
1162 3799 1420 3873 depositio
1441 3799 1507 3862 'S.
1542 3808 1807 3860 Amatoris
1835 3808 2091 3876 episcopi.

626 3891 714 3943 27.
740 3921 810 3930 ——
844 3892 881 3945 V
907 3892 1044 3947 Kac.
1081 3894 1242 3948 Vacat
1267 3897 1438 3953 Bmda.

631 3960 693 4013 V.
730 3961 807 4022 (3..
844 3963 895 4015 In
930 3966 1230 4019 Nicnmedia
1276 3968 1530 4031 Marcelli,
1563 3968 1725 4028 Petri,
1768 3968 2008 4028 Serenm,
2042 3968 2130 4019 Vi-

556 4032 745 4085 ctorini
778 4031 887 4103 [C.,
921 4035 1237 4108 Luctorinij.
1270 4037 1331 4091 ν.
1357 4039 1414 4093 C.
1446 4039 1530 4105 D.,
1568 4039 1619 4092 In
1650 4039 1863 4093 civitate
1891 4039 2126 4092 Bunoi=ia

2253 3244 2515 3315 Agricolae
2541 3252 2593 3297 et
2617 3242 2805 3297 Vitalis
2831 3254 3145 3315 martyrum.
3177 3245 3239 3299 A.
3272 3244 3355 3310 L.,
3389 3245 3689 3300 Nicomedia
3722 3265 3820 3301 na-

2254 3314 2357 3368 tale
2381 3315 2480 3369 SS.
2511 3315 2669 3387 Petri,
2704 3315 2935 3387 Marcelli
2969 3314 3052 3387 [L.
3082 3331 3209 3381 om.,
3241 3315 3511 3387 Marcelli],
3537 3327 3586 3369 et
3610 3318 3810 3383 Serini;

2252 3400 2474 3454 quorum
2522 3384 2655 3435 alter
2686 3400 2781 3451 pro
2827 3384 2930 3438 fide
2972 3384 3166 3438 Christi
3215 3384 3516 3447 crucifixus.
3548 3388 3681 3440 alter
3712 3391 3812 3443 fuit

2242 3458 2413 3520 capite
2446 3454 2647 3520 plexos.
2682 3456 2896 3507 Rectius
2923 3464 2976 3508 et
3005 3455 3256 3520 integrius
3286 3457 3347 3508 Τ.
3380 3456 3460 3517 Β..
3508 3456 3810 3512 Nicmnedia

2245 3527 2416 3579 natale
2448 3525 2544 3578 SS.
2581 3524 2834 3587 Marcelli,
2865 3524 3002 3577 Petri
3036 3537 3087 3578 et
3115 3526 3320 3580 Sereni.
3349 3526 3399 3578 In
3433 3526 3571 3578 Italia
3595 3528 3810 3582 civitate

2245 3595 2476 3649 Bononia
2507 3598 2683 3662 passio
2708 3596 2799 3648 SS.
2831 3596 3085 3656 Agricola:
3122 3607 3174 3649 et
3202 3596 3413 3657 Vitalis;
3438 3598 3605 3664 pergit
3631 3598 3691 3649 T.
3723 3614 3814 3650 so-

2236 3666 2341 3719 lum
2371 3684 2382 3716 :
2411 3667 2643 3729 Quorum
2694 3666 2827 3717 alter
2866 3665 2961 3717 fuit
3003 3680 3100 3731 pro
3147 3667 3247 3719 lide
3277 3665 3467 3718 Christi
3499 3667 3803 3729 cruciﬁxus,

2233 3740 2369 3789 atter
2385 3737 2553 3799 capite
2574 3735 2783 3800 plexus.
2805 3736 2857 3787 ln
2877 3735 3174 3788 Mediolano
3189 3737 3359 3788 natale
3376 3735 3609 3801 Joannis,
3625 3736 3805 3791 Severi

2242 3818 2399 3874 atque
2428 3804 2884 3874 Andrem._lidem
2918 3806 3175 3858 habentur
3224 3808 3271 3857 in
3307 3805 3364 3858 L.
3396 3806 3499 3859 Sed
3532 3822 3801 3871 perperam

2246 3872 2567 3943 praiponitur
2614 3891 2626 3927 :
2672 3872 2901 3929 Civitate
2934 3874 3167 3929 Bononia
3198 3879 3368 3945 passio
3402 3874 3649 3944 Agricola:
3694 3880 3802 3929 vir-

2237 3963 2397 4015 gtnis.

2305 4037 2395 4091 28.
2427 4067 2495 4075 ——
2526 4035 2589 4090 IV
2623 4035 2755 4090 ΚΑΙ..
2787 4036 2950 4090 Vacat
2976 4035 3149 4090 Baeda.

1965 4127 2170 4185 SMlTll
2211 4125 2439 4182 NOTAE.

555 4214 688 4267 losa.
716 4214 1124 4281 Papebrocbius,
1152 4221 1200 4273 in
1229 4219 1671 4287 premeridibus
1696 4221 2124 4282 Grmco-Moscis,

552 4288 873 4357 (tua-“Apriqri
923 4296 1067 4339 ῐυηιο
1105 4292 1421 4344 Sanctorum
1468 4294 1666 4345 mensis
1714 4294 1833 4346 Maii
1881 4292 2122 4357 praeﬁxit,

553 4355 617 4404 ad
648 4354 785 4405 diem
816 4355 885 4406 25
916 4359 1110 4410 mensis
1162 4360 1473 4413 Novembris
1522 4365 1595 4414 ait
1630 4381 1640 4414 :
1684 4381 1701 4413 α
1743 4354 1983 4415 Harcatcr
2007 4376 2124 4414 nam

554 4420 744 4487 (ira-ci,
772 4424 940 4477 Latini
964 4428 1753 4500 (Zatharinamiappellant.Acta
1786 4433 1921 4500 apud
1951 4440 2125 4484 utros-

553 4507 657 4567 que
704 4503 957 4567 quantum
1012 4499 1206 4550 habent
1258 4499 1720 4567 admirabilitatis,
1773 4499 1916 4553 tanto
1964 4504 2119 4554 etiam

551 4562 684 4634 plus
718 4565 1050 4619 difficultatis
1105 4570 1374 4634 patiuntur
1422 4570 1487 4623 ad
1540 4562 1875 4625 obtinendam
1939 4573 2115 4625 fidi-nt.

548 4632 725 4705 Nihilo
767 4636 929 4687 levior
958 4632 1210 4705 objicitur
1240 4641 1480 4693 molestia
1512 4641 1651 4695 circa
1695 4643 1828 4695 sacri
1878 4642 2118 4705 corporis

547 4704 875 4775 admontem
906 4704 1047 4759 Sinai
1085 4712 1505 4775 translationem,
1538 4713 1942 4767 indubitabilem
1969 4704 2115 4766 illam

547 4772 758 4841 quidem
789 4779 961 4843 quoad
989 4779 1359 4845 substantiam,
1392 4772 1684 4845 sedquoad
1717 4793 1965 4837 auctores
1999 4784 2116 4845 eius

545 4857 607 4894 ac
637 4853 840 4911 tempus
874 4863 1121 4916 perquam
1165 4852 1465 4903 obscuram.
1510 4853 1619 4906 Hoc
1656 4863 1885 4913 certum,
1920 4854 2113 4905 nttllam

545 4928 666 4967 esse
688 4927 923 4995 sanctam
954 4923 1110 4995 cujus.
1143 4919 1280 4995 fama
1319 4923 1596 4995 cultusque
1630 4924 1810 4990 primis
1842 4933 1958 4989 post
1992 4938 2114 4995 per-

544 4989 829 5057 secutionis
859 4992 1066 5040 saeculis
1098 4989 1340 5057 ignotior,
1374 4989 1638 5047 celebrior
1663 5002 1839 5047 autem
1866 4993 2112 5046 aetatibus

548 5054 932 5127 posterioribus
964 5054 1138 5123 fuerit,
1192 5075 1293 5113 non
1326 5063 1494 5113 solum
1527 5066 1577 5114 in
1609 5064 1888 5127 Orientali,
1936 5064 2027 5115 sed
2061 5074 2113 5115 et

545 5126 598 5175 iti
632 5124 955 5201 Occidentali
990 5130 1245 5183 Ecclesia.
1282 5132 1332 5183 Iit
1366 5142 1550 5186 nostro
1591 5134 1767 5201 Belgio
1795 5124 1931 5185 haud
1962 5132 2113 5186 facile

545 5196 788 5272 reperias
826 5199 1243 5272 ullamprhem,
1279 5215 1343 5254 ac
1388 5218 1453 5256 ne
1492 5196 1741 5272 Oppidum
1783 5203 1997 5271 quidem
2030 5202 2110 5256 vel

545 5267 884 5339 municipium
906 5309 922 5330 ,
968 5270 1054 5322 ubi
1090 5272 1201 5324 haec
1227 5282 1408 5324 saneta
1441 5267 1544 5327 non
1567 5267 1767 5328 habeat
1798 5267 1879 5328 vel
1918 5273 2107 5339 altare,

543 5340 620 5385 Vel
652 5338 924 5403 templum,
955 5351 1058 5392 etc.
1101 5359 1117 5390 ι

616 5406 639 5485 ξ
670 5404 805 5485 limi.
826 5408 915 5485 _l)e
934 5412 1041 5485 hoc
1074 5411 1190 5465 ride
1217 5413 1481 5485 superius,
1514 5412 1582 5469 25
1610 5413 1962 5485 Septembris.

615 5468 875 5548 b_Sirt'cii.
927 5477 1149 5536 Creatns
1198 5468 1528 5538 est'Siriciits
1560 5468 1713 5538 anno
1758 5484 1884 5548 585,
1932 5468 2108 5538 Mero-

543 5541 778 5624 baude."
810 5558 862 5601 et
894 5549 1141 5624 Saturnio
1168 5568 1309 5608 coss.
1344 5555 1428 5624 Itri
1448 5554 1801 5616 Marcellinus,
1829 5541 1918 5623 qui
1947 5555 2105 5608 etiam

542 5613 809 5692 scilicjus
856 5620 1038 5673 tribuit
1067 5637 1233 5677 annos
1274 5640 1361 5679 xv.
1389 5623 1609 5679 Mortem
1640 5625 1697 5681 S.
1739 5613 1913 5679 Siricii
1958 5640 2107 5693 palm

540 5695 904 5768 Sills‘lgllllluw
934 5694 1224 5768 reperimus
1246 5695 1309 5768 ad
1334 5695 1470 5749 hunc
1495 5694 1825 5768 ipsum_d_iem
1851 5695 1904 5768 in
1928 5698 2106 5768 multis

540 5754 961 5826 Martyrologiis;
995 5754 1047 5815 in
1077 5764 1392 5832 quibusdam
1431 5754 1555 5822 vero
1592 5778 1622 5820 a
1664 5764 2015 5835 Florentinio,
2050 5766 2102 5823 in

2244 4217 2392 4270 Notis
2423 4217 2487 4271 ad
2521 4217 2949 4287 Martyrologium
3002 4218 3057 4273 S.
3105 4220 3430 4289 llit-ronymi,
3460 4223 3524 4274 ad
3554 4222 3690 4277 diem
3727 4224 3796 4279 26

2238 4289 2492 4342 Novemb.
2542 4289 2868 4352 memoratis,
2919 4288 3033 4354 ejus
3072 4290 3332 4352 depositio
3390 4294 3688 4347 inscribitur
3731 4296 3793 4350 ad

2239 4374 2326 4411 \‘lll
2358 4358 2582 4411 Kalend.
2627 4358 2825 4423 Martii;
2859 4368 2905 4410 et
2934 4358 2982 4410 itt
3010 4359 3260 4423 Catalogo
3291 4365 3451 4413 veteri
3484 4377 3511 4415 a
3545 4363 3792 4419 Bollando

2237 4430 2400 4489 edita,
2432 4439 2576 4481 tomo
2615 4428 2631 4481 1
2656 4426 2813 4493 Apr.,
2841 4429 3029 4482 dicitur
3052 4432 3287 4495 sepultus
3315 4446 3379 4483 \'ll
3406 4432 3620 4486 Kalend.
3655 4435 3791 4486 Mar-

2237 4502 2310 4551 tii.
2349 4498 2542 4552 Verum
2576 4509 2799 4564 uterque
2828 4498 2941 4551 dies
2972 4500 3034 4550 ad
3065 4501 3292 4567 aliquam
3335 4500 3393 4558 S.
3423 4502 3591 4556 Siricii
3619 4513 3788 4558 trans-

2229 4571 2480 4622 lationem
2512 4570 2681 4635 potius
2710 4568 3020 4622 rcferendtts
3052 4580 3150 4622 est.

2298 4644 2319 4671 ο
2375 4638 2657 4692 Valeriani.
2693 4638 2787 4691 Hic
2817 4638 3055 4691 interfuit
3084 4640 3284 4709 synodo
3312 4655 3449 4694 anno
3475 4642 3577 4697 570
3601 4643 3790 4699 habita:

2223 4708 2405 4782 Ijomaa
2433 4710 2830 4782 episcoporum,
2855 4723 3002 4782 exiit.
3034 4708 3265 4775 Quorum
3289 4713 3530 4779 synodica
3565 4717 3787 4782 epistola

2222 4778 2407 4832 Graece
2433 4780 2575 4848 leges
2607 4778 2741 4850 apud
2766 4778 3190 4850 _Tlteo_vloretunt,
3225 4797 3281 4849 tt,
3316 4778 3400 4845 17,
3433 4792 3485 4835 et
3513 4778 3645 4850 apud
3687 4785 3787 4839 So-

2221 4866 2453 4920 zotneni,
2508 4864 2599 4910 vtt,
2641 4848 2731 4920 27.
2766 4848 3005 4900 Interfuit
3048 4852 3204 4903 etiam
3234 4854 3437 4920 synodo
3464 4848 3784 4920 Aquileiensi

2218 4935 2359 4973 anno
2403 4919 2501 4972 581
2535 4918 2815 4971 celebrata:
2860 4928 3042 4970 contra
3079 4918 3369 4974 Palladium
3414 4935 3463 4975 et
3495 4918 3785 4978 Secundi:-

2218 5004 2343 5043 num
2376 4989 2672 5042 haereticos.
2708 4988 2801 5041 llic
2827 4988 3217 5052 Aquileiensetn
3249 4992 3554 5055 Ecclesiain,
3585 5010 3613 5046 a
3644 4993 3778 5047 For-

2221 5061 2493 5111 tunatiano
2544 5064 2938 5125 praedecessore
2967 5074 3064 5112 suo
3099 5062 3484 5126 labefactatam,
3533 5066 3595 5117 ab
3638 5067 3783 5118 omni

2219 5128 2333 5201 labe
2362 5130 2631 5201 citissime
2651 5130 2908 5197 purgavit,
2939 5144 3164 5201 eamque
3193 5148 3323 5184 nova
3372 5136 3654 5201 propagine
3682 5150 3783 5201 op-

2217 5200 2465 5252 timorum
2509 5200 2823 5252 clericorum
2857 5197 2951 5251 toti
2999 5202 3111 5252 orbi
3142 5197 3479 5269 conspicuam
3532 5197 3779 5268 reddidit,

2215 5269 2286 5322 ita
2345 5279 2401 5321 ut
2451 5271 2804 5339 Hieronymus
2855 5270 2903 5321 in
2957 5270 3224 5323 Orientem
3286 5273 3649 5339 profecturus,
3713 5276 3778 5328 ad

2142 5344 2143 5347 “
2215 5339 2494 5393 fruendum
2527 5355 2721 5409 “eorum
2766 5340 3060 5406 consortio,
3110 5342 3375 5410 a'iquanto
3424 5353 3658 5410 tempore
3707 5345 3783 5399 ibi:

2212 5411 2539 5477 consederit,
2590 5414 2884 5477 meritoque
2931 5410 2997 5461 de
3054 5412 3115 5463 iis
3164 5417 3213 5463 in
3255 5412 3513 5467 Chronico
3544 5414 3776 5467 dixerit:

2215 5497 2235 5531 ι
2274 5480 2639 5546 Aquileienses
2662 5480 2838 5534 clerici
2872 5477 3022 5543 quasi
3052 5481 3247 5533 chorus
3279 5484 3548 5537 beatorum
3578 5485 3777 5537 haben-

2212 5558 2315 5603 tur.
2353 5568 2371 5601 ι
2430 5551 2620 5603 llalmit
2662 5562 3023 5603 successorem
3057 5566 3203 5616 teque
3244 5564 3479 5606 sanctum
3524 5554 3778 5607 Chroma-

2211 5620 2363 5693 tium.
2400 5620 2633 5693 Meminit
2659 5620 2897 5693 ejusdem
2933 5618 3195 5693 Valeriani
3231 5620 3477 5693 Bullinus
3502 5624 3776 5693 presbyter

2209 5690 2589 5758 Aquileiensis,
2625 5692 2803 5744 Iibrot
2838 5690 3033 5745 luvect.
3070 5691 3327 5750 Batonius
3371 5694 3422 5749 in
3466 5692 3619 5751 Mart.
3651 5690 3770 5749 eum

2208 5759 2464 5832 postridie
2487 5759 2740 5819 celebrat.
