4110 6486
315 372 451 428 “I7

1449 365 1638 425 SECT.
1680 344 1854 422 ιι.’-
1894 367 2455 426 MARTYROLOGIA.

3433 370 3570 430 {HS

1579 483 1803 539 EDITIO
1841 483 2304 539 COLONIENSIS.

305 579 380 633 bit
406 576 688 647 Apostolus
716 575 781 630 ad
812 574 1150 631 Timotheum
1176 592 1189 629 :
1218 575 1553 647 Tropliimum
1596 587 1766 629 autem
1793 591 1878 629 τεο
1910 581 1962 637 Α
1987 576 2246 640 stacliius,
2276 575 2593 630 Cresconius
2624 584 2678 630 et
2726 574 3156 645 Crescentianus,
3204 589 3257 633 et
3284 579 3457 647 Felix,
3504 590 3557 633 et

302 670 427 733 liqui
452 668 708 733 inﬁrmum
755 665 950 720 Meleti.
984 665 1080 719 ilic
1113 665 1180 721 ab
1228 667 1487 733 apostolis
1520 666 1701 719 Romae
1735 665 1879 719 ordi-

303 772 459 815 natus
488 762 791 830 episcopus,
838 758 1041 827 primus
1073 758 1137 812 ad
1168 759 1438 814 Arelatem
1472 758 1655 812 urbem
1694 757 1881 812 Gallia!

302 855 425 906 illuc
473 852 542 906 ob
585 851 783 904 Christi
835 850 1172 920 evangelium
1229 850 1629 920 praedicandum
1682 849 1880 902 missus

300 956 416 998 est:
448 959 512 998 ex
540 942 693 1012 cujus
728 942 900 1006 fonte,
933 952 993 995 ut
1026 942 1213 996 beatus
1240 956 1371 1011 papa
1396 941 1637 994 Zosimus
1668 938 1879 1003 scribit,

303 1044 409 1087 tota
442 1030 611 1086 Gallia
646 1031 773 1086 fidei
802 1032 946 1085 rivos
971 1034 1198 1101 accepit,
1229 1031 1315 1099 qui
1346 1032 1482 1101 apud
1513 1031 1763 1085 eamdem
1793 1047 1882 1084 ur-

300 1124 422 1179 bem
454 1118 513 1178 in
547 1138 675 1193 pace
704 1122 929 1191 quievit,
969 1123 1212 1190 Gregorii
1245 1138 1418 1192 papae,
1470 1123 1557 1191 qui
1608 1122 1749 1176 rexit
1781 1121 1881 1175 Ec-

301 1218 521 1272 clesiam
575 1230 743 1271 annos
789 1216 1003 1271 decem.
1054 1216 1152 1271 llic
1193 1217 1472 1270 constituit
1510 1216 1561 1269 in
1606 1229 1815 1269 canone
1849 1229 1879 1268 a

301 1308 580 1364 sacerdote
633 1307 960 1362 dicendum:
995 1306 1230 1373 Quorum
1275 1305 1567 1361 solemnitas
1626 1306 1775 1359 hodie
1826 1305 1878 1357 in

300 1410 569 1472 conspectu
615 1408 717 1453 tua:
769 1399 1060 1469 Majestalis
1110 1399 1412 1464 celebratur,
1468 1396 1684 1461 Domine
1737 1396 1873 1450 Deus

302 1500 491 1554 noster,
524 1498 627 1542 toto
668 1489 723 1541 in
763 1489 882 1542 orbe
928 1497 1195 1554 terrarum,
1240 1489 1369 1541 inter
1390 1503 1606 1557 quorum
1635 1503 1725 1539 nos
1754 1502 1878 1539 con-

297 1581 479 1647 sortia,
511 1588 566 1634 et
608 1590 823 1633 caetera.
854 1579 1107 1648 Sepultus
1146 1587 1225 1631 est
1259 1579 1310 1631 in
1340 1579 1569 1632 ecclesia
1608 1576 1745 1631 beati
1777 1577 1878 1630 Pe-

301 1672 369 1726 tri
401 1671 646 1738 apostoli.
682 1669 883 1724 Eodem
913 1668 1001 1723 die
1049 1667 1218 1722 sancti
1261 1667 1379 1720 Ruli
1412 1670 1683 1736 martyris,
1721 1678 1879 1734 quem

300 1760 558 1815 Dominus
590 1758 747 1814 Jesus
793 1757 1039 1812 Christus
1090 1772 1208 1811 cum
1251 1758 1394 1812 omni
1428 1756 1592 1810 domo
1635 1770 1730 1811 sua
1777 1765 1875 1823 per

298 1848 707 1921 Chrysogonum
748 1857 1036 1918 martyrem
1069 1846 1309 1901 lucratus
1357 1855 1460 1914 est,
1495 1857 1546 1901 et
1576 1860 1696 1900 cum
1730 1845 1875 1899 onmi

1990 669 2330 733 Hortulauus,
2360 676 2414 723 et
2442 667 2848 735 Florentianus,
2877 670 3109 723 damnati
3133 670 3324 724 exsilio
3345 685 3560 726 cursum

1989 760 2109 813 vita:
2141 775 2251 813 suae
2279 772 2807 814 consummaverunt.
2844 761 3062 815 Vienna:
3118 763 3286 815 sancti
3329 762 3561 832 Philippi

1990 851 2230 918 ejusdem
2277 851 2428 904 urhis
2460 850 2718 920 episcopi.
2754 850 2807 904 ln
2857 850 3009 920 Syria
3054 851 3359 922 Trepliimi,
3392 850 3568 906 Theo-

1986 942 2107 1002 doli,
2143 939 2401 1008 Expicati,
2430 941 2668 1008 Eruceri,
2704 941 2922 995 Eusebii
2964 950 3021 997 ct
3060 942 3201 996 Julii.

2059 1034 2119 1086 ι).
2150 1033 2212 1087 ΙΙΙ
2244 1032 2377 1088 Kac.
2439 1032 2675 1087 Decem.
2704 1062 2773 1073 —
2799 1034 2980 1089 Roma:
3027 1037 3204 1090 natale
3255 1036 3425 1089 sancti
3465 1036 3567 1089 Sa-

1987 1124 2183 1177 turnini
2210 1125 2485 1192 martyris,
2512 1131 2566 1178 et
2586 1123 2814 1178 Sisinnii
2839 1124 3076 1191 diaconi,
3109 1128 3206 1180 sub
3229 1126 3565 1191 Maximiano,

1984 1228 2012 1265 a
2044 1228 2149 1282 quo
2177 1212 2350 1282 primo
2382 1213 2519 1267 inter
2551 1214 2691 1268 alios
2721 1229 2908 1268 servos
2947 1214 3037 1269 Dei
3079 1215 3337 1282 damnati,
3385 1216 3449 1269 ad
3491 1217 3567 1270 fo-

1985 1300 2230 1354 diendam
2263 1316 2507 1365 arenam,
2555 1302 2618 1354 ad
2650 1301 2923 1356 faciendas
2957 1304 3192 1358 thermas
3224 1304 3566 1367 Diocletiani,

1982 1390 2174 1444 deinde
2220 1390 2272 1444 in
2324 1405 2541 1446 carcere
2592 1392 2682 1445 diu
2735 1403 2865 1448 sunt
2916 1397 3214 1462 macerati;
3247 1397 3334 1449 uhi
3370 1397 3568 1451 multos

1983 1480 2206 1550 gentiles
2233 1480 2490 1535 docentes
2521 1482 2889 1552 baptizabant,
2928 1495 2981 1539 et
3009 1486 3185 1539 denuo
3218 1488 3419 1551 educti,
3448 1490 3562 1540 vin-

1981 1572 2051 1625 cti
2080 1573 2281 1625 catenis
2324 1588 2387 1626 ac
2442 1573 2596 1627 nudis
2633 1575 2853 1641 pedibus
2904 1587 3028 1629 ante
3076 1577 3388 1644 prmfectum
3421 1578 3566 1631 urbis

1982 1663 2292 1717 Laodicium
2334 1663 2470 1731 jussi
2523 1675 2645 1718 sunt
2685 1664 2737 1718 in
2789 1669 3021 1736 equuleo
3053 1668 3242 1733 levari,
3273 1679 3325 1723 ct
3366 1671 3567 1723 attrahi

1982 1755 2182 1815 nervis.
2235 1765 2289 1808 et
2334 1754 2562 1808 fustibus
2628 1769 2692 1809 ac
2736 1756 3111 1825 scorpionibus
3161 1757 3315 1812 cazdi.
3361 1759 3565 1824 Quibus

1981 1848 2139 1899 etiam
2174 1847 2513 1916 postmodum
2564 1849 2808 1904 ﬂammas
2862 1850 2927 1905 ad
2961 1852 3126 1906 latera
3152 1851 3315 1919 jussit
3345 1851 3562 1921 apponi,

297 1941 460 1995 domo
505 1955 603 1995 sua
644 1938 1010 1993 Diocletianus
1042 1938 1284 2007 punitum
1317 1936 1533 1991 Christo
1582 1947 1870 2006 martyrem
1907 1939 1953 1999 B
1981 1947 2034 1991 et
2087 1938 2362 2005 depositos
2401 1939 2468 1992 de
2514 1942 2743 2008 equuleo
2792 1944 2966 2010 capite
3019 1946 3274 1998 truncari.
3327 1946 3564 2009 Quorum

297 2032 449 2086 fecit.
503 2029 656 2098 Apud
708 2027 942 2083 Africam
998 2029 1172 2081 natale
1226 2039 1532 2080 sanctorum
1576 2036 1873 2097 martyrum

295 2108 445 2191 Papii
478 2129 535 2175 et
566 2122 822 2173 Mansueti
850 2119 1249 2189 episcoporum,
1270 2118 1360 2187 qui
1389 2128 1632 2186 tempore
1664 2116 1875 2171 Vanda-

298 2212 417 2267 lica:
459 2211 849 2282 persecutionis
894 2209 993 2263 sub
1044 2209 1338 2263 Genserico
1367 2222 1491 2277 rege
1525 2208 1749 2273 Ariano,
1780 2221 1875 2278 pro

300 2306 423 2361 [idei
452 2305 725 2359 catholicae
756 2301 1094 2366 defensione,
1122 2300 1477 2356 candentibus
1507 2300 1631 2355 ferri
1662 2299 1877 2355 laminis

298 2406 413 2454 toto
442 2411 667 2465 corpore
708 2394 902 2460 adusti,
933 2394 1225 2463 gloriosum
1272 2408 1500 2463 agonem
1531 2407 1875 2447 consumma-

308 2498 516 2545 verunt.
549 2488 664 2553 Quo
696 2488 747 2541 in
804 2496 1044 2554 tempore
1089 2484 1249 2539 etiam
1281 2484 1369 2538 alii
1415 2484 1587 2538 sancti
1617 2483 1874 2553 epiSCOpi,

304 2582 357 2637 id
388 2591 487 2646 est,
521 2578 947 2646 Quodvultdeus,
977 2578 1413 2650 Carthagincnsis
1441 2578 1731 2643 Valeanus,
1765 2576 1871 2631 Ur-

298 2672 492 2739 banus,
524 2673 806 2739 Crescens,
830 2678 884 2725 et
911 2672 1001 2740 qui
1042 2678 1262 2725 vocatur
1300 2668 1654 2734 Habetdeum,
1687 2674 1742 2723 et
1767 2668 1875 2721 Eu-

1979 2043 2208 2098 corpora
2256 2030 2515 2098 colligens
2562 2030 2767 2085 Trason
2821 2046 2939 2085 cum
2992 2032 3200 2087 Joanne
3249 2036 3566 2105 presbytero

1979 2120 2227 2186 sepelivit
2258 2120 2308 2174 in
2342 2122 2542 2189 prmdio
2581 2137 2677 2177 suo
2709 2122 2788 2176 via
2832 2123 3057 2178 Salaria.
3089 2124 3245 2194 Apud
3273 2125 3560 2179 Tholosam

1982 2209 2157 2264 natale
2209 2211 2377 2264 sancti
2427 2211 2700 2266 Saturnini
2756 2211 3035 2282 episc0pi,
3089 2216 3177 2281 qui
3230 2217 3566 2285 temporibus

1982 2302 2125 2357 Decii
2167 2304 2219 2355 in
2263 2301 2521 2371 Capitolio
2567 2302 2806 2372 ejusdem
2847 2304 2997 2358 urbis
3029 2313 3206 2360 tentus
3255 2321 3284 2359 a
3316 2308 3555 2375 paganis,

1982 2407 2047 2446 eo
2075 2391 2214 2461 quod
2244 2392 2310 2445 ad
2342 2395 2459 2459 ejus
2491 2394 2833 2461 praesentiam
2863 2410 3051 2450 omnes
3080 2396 3150 2449 dii
3181 2396 3417 2463 ipsorum
3463 2398 3567 2452 ob-

1980 2480 2278 2549 mutefacti,
2322 2483 2526 2537 nullum
2578 2483 3005 2539 sacriﬁcantibus
3033 2494 3260 2554 possent
3301 2488 3430 2541 dare
3476 2503 3567 2542 re-

1982 2588 2261 2642 sponsum,
2309 2582 2464 2629 tauro
2495 2576 2558 2628 ad
2592 2575 2863 2629 victimam
2907 2587 3207 2646 praeparato
3235 2577 3448 2632 funibus
3488 2593 3568 2633 re-

1982 2664 2177 2735 ligatus
2234 2673 2336 2720 est.
2368 2666 2485 2732 Quo
2527 2667 2897 2722 vehementius
2942 2669 3237 2736 stimulato,
3285 2685 3313 2723 a
3358 2685 3566 2724 summa

1552 2759 1778 2814 EDITIO
1819 2758 2321 2815 BOLLANDIANA.

374 2854 464 2919 D.,
507 2853 532 2882 °
579 2850 858 2907 Sosthenis
909 2850 1151 2918 discipuli
1195 2851 1584 2918 apostolorum.
1637 2850 1703 2903 Et
1753 2851 1869 2903 Ruﬁ

301 2924 585 2994 martyris,
616 2938 736 2976 cum
769 2920 913 2975 omni
950 2922 1110 2973 domo
1136 2936 1229 2974 sua
1263 2936 1357 2987 per
1403 2924 1431 2962 ι»
1465 2921 1869 2989 Chrysogonum

304 2996 513 3050 lucrati.
557 2994 730 3046 Africa
780 3001 800 3027 ε
842 2991 1035 3050 Papirii
1085 3002 1137 3045 et
1181 2990 1438 3044 Mansueti
1477 2994 1869 3050 episcopormn.

304 3005 513 3050 lucrati.
557 3005 730 3046 Alrica
780 3005 800 3027 ε
842 3005 1035 3059 l’apll'll
1085 3005 1137 3045 et
1181 3005 1438 3044 mansueti
1477 3005 1870 3057 episcoporum.

303 3064 575 3140 B.AC._Y.,
599 3063 662 3140 .l_n
693 3061 844 3132 Syria
876 3060 1173 3140 Τι’(ξριξξιηξζ
1208 3060 1752 3140 Tlieoiioli,uEiiceri_i.
1806 3060 1874 3140 [Et

298 3136 425 3188 alibi
457 3128 569 3206 [Bg
590 3132 649 3206 C.
696 3128 811 3206 οἵῃ.Δ
839 3139 900 3206 et
939 3128 1103 3206 alibi]_
1133 3129 1367 3206 Eusebii,
1408 3129 1671 3206 Jt_tl_ii._A._
1699 3129 1788 3206 L.,_
1815 3130 1872 3206 [η

300 3197 478 3275 εγτὶθῖ
508 3204 593 3275 Τ..
637 3203 725 3275 ln_
741 3199 919 3275 Aﬁica
955 3197 1141 3275 natale
1169 3197 1267 3252 SS.
1300 3199 1598 3267 Trophimi,
1633 3199 1869 3265 Eusebii,

296 3268 444 3332 Julii.
477 3275 539 3329 T.
570 3273 658 3337 L.,
691 3273 756 3325 Et
784 3268 1040 3324 Theodoli
1075 3279 1388 3336 martyrum.

371 3362 461 3418 ‘29.
494 3392 562 3403 —-
608 3362 671 3415 ΙΙΙ
715 3361 848 3415 ΚΑι..
883 3360 1065 3413 liomm
1097 3360 1155 3414 S.
1199 3359 1471 3414 Saturnini
1531 3360 1780 3431 martyris
1825 3368 1881 3415 et

302 3456 329 3496 ἆ
352 3454 544 3509 Setinis
587 3464 642 3506 et
669 3450 889 3506 Sisinnii
930 3449 1133 3503 diaconi
1164 3449 1264 3504 sub
1292 3448 1613 3503 Maximiano
1640 3466 1652 3502 ε
1690 3449 1741 3521 [a
1774 3465 1880 3519 quo

302 3548 476 3617 primo
508 3546 647 3600 inter
673 3545 809 3599 alios
852 3543 1090 3597 damnati
1121 3542 1186 3597 ad
1220 3542 1520 3597 fodiendum
1564 3557 1776 3597 arenam
1808 3543 1879 3597 ad

299 3640 568 3695 iaciendas
614 3637 853 3693 thermas
906 3636 1283 3703 Diocletianas,
1335 3635 1530 3691 deinde
1570 3637 1620 3690 in
1662 3650 1878 3691 carcere

297 3734 388 3788 diu
420 3741 543 3786 sunt
572 3730 847 3785 macerati.
878 3728 976 3783 Ubi
1021 3727 1215 3782 multos
1245 3728 1469 3797 gentiles
1498 3727 1753 3782 docentes
1780 3726 1879 3781 ba-

299 3824 610 3893 ptizabant;
660 3830 714 3875 et
762 3820 937 3874 denuo
979 3819 1179 3887 educti,
1219 3820 1379 3873 vincti
1409 3818 1609 3873 catenis
1640 3828 1693 3872 et
1720 3819 1877 3872 nudis

297 3914 521 3983 pedibus
554 3921 677 3967 ante
706 3911 1011 3981 praelectum
1045 3910 1201 3965 Urbis
1245 3908 1551 3964 Laodiciam
1577 3908 1713 3977 jussi
1755 3916 1878 3962 sunt

299 4005 353 4058 in
397 4003 624 4072 equuleo
667 4001 838 4057 levari
887 4007 940 4054 et
969 4000 1187 4065 attrahi,
1234 3998 1411 4054 nervis
1457 4009 1510 4054 et
1548 4000 1774 4053 fustibus
1816 4013 1881 4052 ac

303 4094 679 4162 scorpionibus
720 4091 872 4154 caadi,
905 4090 1096 4158 quibus
1142 4093 1302 4146 etiam
1355 4092 1689 4160 postmodum
1721 4090 1879 4144 liam-

306 4201 425 4242 mas
449 4186 512 4239 ad
538 4186 699 4239 latera
724 4183 884 4252 jussit
924 4184 1146 4252 apponi,
1179 4192 1232 4236 ct
1260 4183 1533 4250 depositos
1561 4184 1626 4236 de
1656 4184 1879 4251 equulco

302 4280 479 4348 capite
522 4286 542 4313 ε
599 4273 879 4347 truncari].
933 4277 1169 4339 Quorum
1214 4290 1439 4344 corpora
1494 4290 1615 4330 cum
1674 4274 1882 4328 Joanne

305 4369 620 4442 presbytero
663 4365 920 4434 colligens
959 4363 1203 4417 Thrason
1238 4366 1319 4417 vir
1363 4364 1879 4429 Christianissimus,

305 4459 397 4530 qui
427 4460 493 4513 de
524 4455 858 4510 facultatibus
887 4455 996 4509 suis
1036 4455 1357 4525 martyribus
1400 4457 1564 4508 multa
1615 4454 1885 4508 ministra-

306 4562 476 4615 verat,
525 4546 767 4617 sepelivit
814 4561 867 4599 in
916 4544 1114 4613 praedio
1160 4558 1256 4597 suo
1286 4544 1367 4598 via
1415 4543 1640 4597 Salaria.
1690 4544 1782 4597 llis
1828 4543 1880 4596 in

1986 2848 2002 2886 ί
2024 2848 2215 2918 Papias
2245 2859 2298 2905 et
2324 2849 2535 2903 Maurus
2559 2868 2573 2916 ;
2604 2850 2691 2918 qui
2720 2866 2839 2904 mox
2863 2852 3235 2920 comprehensi
3262 2868 3289 2906 a
3316 2851 3563 2908 Laodicio

1976 2950 2031 2997 et
2057 2956 2162 2995 non
2194 2942 2360 2995 multo
2388 2950 2507 3010 post
2534 2942 2788 3012 martyrio
2818 2944 3059 2996 coronati
3088 2950 3232 2997 sunt.
3280 2944 3551 3013 Scriptum

1975 3034 2028 3088 in
2053 3032 2228 3088 Gestis
2253 3033 2484 3089 Marcelli
2514 3048 2683 3103 paptc.
2717 3034 2918 3090 Eodem
2940 3036 3026 3090 die
3049 3036 3222 3106 vigilia
3249 3036 3306 3091 S.
3331 3036 3561 3092 Andreae

1979 3126 2228 3194 apostoli.

1903 3261 1951 3323 ο
2002 3322 2005 3323 ν
2034 3237 2274 3323 iBreviu-s
2296 3237 2405 3323 ιε
2429 3236 2526 3323 Qui
2560 3244 2677 3323 post
2704 3251 2974 3323 carcerem
3002 3238 3051 3291 in
3076 3239 3358 3320 equuleum
3391 3240 3550 3297 levati

1985 3309 2167 3360 nervis
2197 3306 2407 3360 attracti
2436 3347 2450 3370 ,
2495 3307 2709 3361 tandem
2740 3308 2911 3376 capite
2958 3312 3185 3362 truncati
3232 3319 3394 3375 sunt;
3430 3326 3564 3380 quo-

1981 3391 2097 3432 rum
2121 3391 2366 3447 corpora,
2392 3386 2495 3432 etc.

2050 3488 2239 3544 Florus
2264 3488 2315 3542 in
2351 3492 2415 3543 A.
2456 3498 2510 3543 et
2536 3488 2602 3543 Τ.
2638 3508 2650 3543 :
2687 3488 2886 3543 Eodem
2920 3489 3002 3543 die
3034 3491 3207 3556 passio
3235 3490 3292 3546 S.
3328 3498 3353 3535 8
3387 3491 3559 3565 Chry-

1978 3580 2116 3635 sauti
2179 3588 2233 3634 et
2258 3578 2451 3642 Darim,
2480 3596 2598 3633 cum
2629 3580 2899 3647 octoginta
2943 3580 3217 3643 militibus,
3244 3582 3329 3648 qui
3363 3597 3458 3650 per
3484 3584 3543 3638 S.

1980 3671 2332 3740 Chrysantum
2349 3670 2410 3722 ad
2432 3669 2587 3723 Iidem
2606 3668 2868 3737 conversi,
2888 3669 3106 3737 jubentc
3122 3669 3440 3724 Numeriano
3462 3671 3557 3726 im-

1983 3773 2249 3833 peratore,
2278 3763 2475 3831 pariter
2497 3771 2620 3816 sunt
2642 3761 2930 3817 interfecti.
2956 3762 3285 3833 Chrysantus
3303 3772 3357 3819 et
3380 3765 3558 3831 Daria,

1981 3864 2099 3926 pest
2130 3855 2275 3924 plura
2306 3863 2590 3919 tormenta,
2626 3861 2746 3921 post
2769 3868 3035 3918 carceres,
3065 3854 3283 3917 bestias,
3315 3863 3367 3908 et
3391 3871 3560 3923 equu-

1982 3949 2093 4003 leos
2120 3948 2316 4018 pariter
2347 3947 2396 3999 in
2429 3944 2632 3999 foveam
2662 3945 2808 3998 missi
2840 3944 3101 4014 lapidibus
3134 3945 3312 3998 obruti
3344 3955 3491 4001 sunt.

2054 4065 2193 4119 Idem
2232 4063 2423 4118 Florus
2454 4062 2505 4115 in
2534 4062 2600 4116 Α.
2633 4060 2696 4114 Τ.
2734 4059 2795 4114 L.
2831 4077 2843 4113 :
2873 4060 3064 4114 Tolosa
3094 4058 3269 4127 passio
3310 4060 3366 4114 S.
3402 4060 3432 4097 ¹ι
3462 4062 3560 4116 Sa-

1985 4156 2181 4211 turnini
2229 4153 2487 4222 episcopi,
2518 4152 2604 4221 qui
2660 4162 2901 4219 tempore
2943 4150 3111 4215 Decii,
3164 4150 3467 4204 Germanici
3509 4158 3566 4204 et

1984 4248 2128 4302 Grati
2156 4256 2327 4300 tentus
2350 4260 2379 4297 a
2405 4259 2620 4313 paganis
2645 4258 2707 4296 ac
2738 4252 2891 4296 tauro
2920 4242 3190 4309 alligatus,
3213 4241 3280 4295 de
3297 4240 3564 4308 Capitolio

1987 4340 2359 4408 prmeipitatur.
2404 4336 2510 4390 Nec
2541 4350 2690 4389 mora
2723 4335 2861 4389 inter
2885 4335 3089 4403 primos
3118 4333 3410 4388 descensus
3439 4348 3565 4401 gra-

1984 4432 2145 4486 duum
2178 4431 2319 4483 illius
2348 4430 2519 4495 capite
2549 4425 2758 4492 colliso,
2800 4426 3022 4480 cerebro
3056 4438 3305 4489 excusso,
3351 4431 3403 4478 et
3447 4438 3569 4477 cor-

1986 4537 2113 4591 pore
2140 4520 2284 4575 omni
2317 4519 2674 4573 membrorum
2728 4528 2877 4584 parte
2904 4516 3160 4573 lacerato.
3205 4515 3417 4584 dignam
3451 4514 3560 4571 Deo

309 4644 488 4703 medio
552 4639 843 4696 certamine
897 4635 1081 4705 positis
1130 4636 1470 4691 crediderunt
1514 4634 1617 4689 duo
1688 4634 1890 4687 milites
1924 4614 2223 4686 Danimam
2253 4610 2498 4667 Chrisms
2527 4610 2758 4679 33°69“-

1660 4723 1864 4781 SMITII
1904 4722 2135 4779 NOTAE.

381 4838 408 4867 ⁸
449 4824 730 4884 Sosthem’s.
763 4822 859 4889 Qui
894 4819 989 4874 fuit
1016 4821 1081 4874 de
1110 4837 1206 4875 Lxx
1230 4819 1524 4888 discipulis,
1554 4825 1607 4871 et
1635 4832 1735 4870 una
1757 4831 1877 4889 cum

306 4902 469 4957 Paulo
500 4899 699 4950 litteras
741 4888 805 4945 ad
854 4892 1156 4945 Corinthios
1199 4893 1431 4955 scripsit.
1469 4889 1685 4950 Eosea.,
1732 4888 1871 4941 llist.

312 4973 458 5027 Eccl.
490 4984 527 5031 ι,
557 4964 643 5020 12.
689 4963 820 5017 Eum
861 4965 1164 5031 episcopum
1205 4957 1873 5031 Colophonisordinatum

307 5040 471 5096 tradit
501 5028 793 5091 Derotheus
822 5034 873 5085 in
898 5028 1170 5105 'Synopsi;
1222 5032 1378 5099 idque
1407 5044 1472 5084 ex
1521 5028 1786 5098 Hippolyti
1818 5028 1876 5081 li~.

308 5112 450 5168 bello
481 5108 544 5159 de
576 5121 675 5160 ιη
706 5104 998 5169 discipulis.

400 5179 427 5218 ι)
483 5177 883 5245 Chrysogonum.
940 5174 1124 5245 Petrus
1189 5173 1257 5227 de
1306 5169 1479 5245 Nata].
1542 5169 1872 5245 tradit‘eum

310 5250 553 5316 exemplo
585 5240 642 5299 Β.
673 5240 971 5316 Sebastiani
989 5246 1247 5316 martyris
1269 5242 1512 5316 addidit"!
1536 5240 1731 5294 Christi
1756 5255 1881 5293 con-

310 5311 545 5381 versum,
574 5327 627 5370 et
652 5329 770 5368 cum
798 5314 941 5367 omni
971 5311 1251 5369 domo’sua
1281 5328 1308 5363 a
1333 5311 1391 5367 S.
1425 5311 1712 5381 Polycarpo
1738 5325 1885 5381 pres-

312 5396 499 5464 bytero
523 5379 884 5464 baptizatum;
922 5384 973 5437 in
1013 5387 1436 5464 veteribussero
1459 5379 1583 5436 Mss.
1628 5379 1884 5464 Barpiiius

311 5452 497 5517 scribit
528 5460 665 5512 hunc
696 5469 797 5509 oua
822 5470 943 5510 cum
967 5456 1077 5509 suis
1105 5470 1134 5508 a
1166 5456 1224 5511 S.
1249 5456 1594 5523 Chrysogono
1625 5454 1688 5505 ad
1725 5452 1886 5505 fidem

310 5543 647 5589 COIIVCI‘SIIHI.

388 5608 410 5636 ε
452 5598 678 5668 Papirii.
735 5596 915 5650 Potius
964 5594 1237 5668 Papiniaui
1292 5591 1844 5668 Uticensis_ep_iscopi
1874 5633 1889 5657 ,

314 5670 426 5739 qui,
464 5664 615 5737 juiita
670 5669 930 5739 Victorem
984 5666 1308 5739 Uticensem,
1351 5667 1441 5719 lib.
1468 5682 1511 5739 ἰ
1559 5666 1624 5718 de
1668 5664 1880 5718 Perseo.

314 5735 591 5806 Wandal.,
610 5737 881 5793 candentis
908 5737 1026 5789 ferri
1052 5736 1259 5806 laminis
1283 5744 1392 5789 toto
1420 5735 1637 5789 adustus
1659 5743 1738 5788 est
1765 5748 1885 5806 cor-

321 5826 469 5887 pore.
498 5803 752 5868 Similiter
780 5817 834 5864 ct
860 5807 1164 5863 Mansuetus
1198 5803 1495 5863 Uricitanus
1528 5808 1577 5861 in
1611 5815 1761 5876 porta
1794 5804 1877 5857 in-

1992 4824 2189 4865 census
2221 4815 2304 4862 est
2334 4808 2654 4869 Fornitana,
2688 4805 2787 4859 sub
2820 4802 3097 4858 Geiserico
3124 4815 3250 4871 rege
3276 4798 3501 4871 Ariano.

2062 4879 2087 4917 ά
2127 4877 2341 4931 Samiis.
2375 4876 2563 4932 Potius
2608 4867 2778 4931 senis.
2820 4877 2996 4929 Senex
3043 4867 3327 4928 enim'fuit
3376 4873 3433 4922 ὃ.
3471 4867 3575 4921 Sa-

1993 4951 2276 5003 lurninus.

2068 5031 2090 5059 ο
2132 5019 2415 5073 Truncari.
2449 5019 2547 5073 Via
2579 5033 2657 5072 sc.
2690 5014 3031 5070 Nomentana
3067 5012 3321 5067 miliario.
3363 5008 3572 5078 Sepulti

1991 5099 2172 5143 autem
2206 5100 2331 5144 sunt
2351 5091 2452 5144 sub
2478 5090 2562 5143 die
2581 5087 2928 5157 quartoiKal.
2960 5085 3383 5157 Decetnli.,_licot
3416 5081 3575 5157 hodie

1990 5162 2271 5284 foluntur.
2325 5161 2458 5216 Vide
2503 5150 2637 5213 Acta
2691 5158 2749 5212 S.
2785 5156 3024 5212 Marcelli
3055 5155 3197 5223 apud
3230 5153 3475 5206 Bolland.
3510 5150 3576 5202 16

2025 5246 2261 5284 anuarn.

2025 5246 2261 5284 anuarit.

2067 5303 2084 5342 ῐ
2135 5305 2344 5372 Papias.
2372 5301 2447 5354 De
2472 5300 2577 5372 his,
2605 5313 2794 5372 supra,
2814 5295 2939 5349 vide
2962 5292 3033 5349 29
3056 5290 3311 5372 Januarii.

2064 5377 2087 5443 β
2130 5354 2577 5443 original/mpii
2603 5354 2689 5443 hii
2714 5354 2851 5430 vide,
2877 5379 3056 5443 supra.
3089 5364 3176 5417 die
3203 5358 3275 5413 25
3304 5354 3495 5443 Octob.

2064 5440 2092 5480 ¹³
2133 5429 2424 5500 Saturnini.
2456 5440 2614 5507 Greg.
2647 5429 2966 5509 Turou.,gde
2991 5435 3143 5509 Glor.
3184 5440 3374 5509 marta,‘
3398 5429 3488 5508 lib.
3522 5440 3562 5495 l,

1996 5532 2046 5572 c.
2076 5516 2165 5580 48,
2190 5514 2375 5568 asserit
2398 5512 2456 5567 S.
2481 5501 2818 5564 Saturninum
2848 5506 2915 5580 ab
2941 5506 3301 5580 apostolorum
3325 5501 3560 5580 discipu-

2000 5568 2066 5641 lis
2097 5568 2259 5640 fuisse
2304 5583 2629 5640 ordinatum,
2658 5568 2989 5649 dissentiens
3033 5588 3061 5626 a
3111 5573 3287 5649 seipse
3331 5568 3382 5649 in
3422 5568 3512 5648 lib.
3552 5579 3572 5624 ι

2002 5658 2160 5721 Ηζει.,
2191 5670 2307 5723 cap.
2337 5651 2425 5710 '50.
2450 5651 2536 5704 ubi
2564 5648 2928 5723 ex_ipsinsm_et
2957 5641 3226 5723 Saturnini
3250 5641 3418 5723 Actis,
3447 5641 3564 5723 ejus

1994 5704 2608 5790 'i‘blosanireipisicopatns
2635 5704 2841 5772 initium
2871 5716 3032 5771 Decio
3054 5722 3108 5770 et
3135 5713 3297 5770 Grato
3320 5704 3491 5776 coss.,'
3517 5704 3569 5764 id

1994 5808 2095 5867 est,
2130 5810 2265 5852 anno
2291 5793 2415 5862 ‘2"0,
2441 5793 2735 5861 consignat.
