4110 6460
619 325 754 381 illi)

1322 327 1517 380 ΒΗ)Αέ
1561 328 2007 383 \‘ENERABILIS
2046 329 2194 383 OPP.
2236 328 2409 381 PARS
2451 326 2534 380 IV.
2580 356 2641 365 -—-
2684 325 3058 381 lllSTOlllCA.

3719 327 3842 383 “20

1870 442 2092 495 EDlTlO
2128 439 2582 495 COLONIENSIS.

608 530 853 598 Capitolii
908 546 1029 586 arce
1062 547 1157 599 per
1203 547 1388 585 omnes
1438 533 1630 601 gradus
1669 534 2023 600 praecipitatus
2066 544 2165 595 est,
2198 538 2246 592 Α
2276 546 2501 600 corpore
2529 541 2730 597 tensus,
2781 540 2842 585 ut
2879 530 3084 599 longius
3128 530 3476 596 cruciaretur,
3509 530 3675 585 biduo
3719 533 3838 587 inibi

609 625 784 691 capite
814 623 1019 689 colliso,
1050 638 1378 692 excussoque
1396 624 1646 687 cerebro,
1678 634 1730 678 et
1772 625 1915 677 omni
1945 638 2167 691 corpore

612 713 863 766 dilaniato
910 714 1119 785 dignam
1150 714 1365 767 Christo
1410 715 1637 767 animam
1687 714 1972 766 exhalavit.
2006 714 2167 780 Cujus

615 820 806 873 corpus
833 805 882 857 in
915 808 1138 859 ecclesia
1168 805 1330 874 digno
1360 804 1560 858 honore
1597 815 1903 858 veneratur.
1948 805 2010 857 Et
2040 804 2169 871 vigi-

608 896 674 948 lia
701 898 868 948 sancti
902 897 1128 951 Andreae
1165 897 1429 963 Apostoli.

679 986 742 1039 Ε.
765 988 914 1041 Poto.
947 986 1081 1041 Kac.
1116 989 1349 1041 Decaua.
1376 1017 1445 1026 -—
1469 987 1521 1040 ln
1563 988 1772 1040 civitate
1812 987 1997 1041 l’atras
2046 1003 2167 1057 pro-

607 1075 795 1129 vinciae
842 1076 1076 1139 Achate,
1112 1078 1284 1130 natale
1330 1077 1465 1129 beati
1508 1076 1735 1130 Andreas
1782 1078 2045 1142 Apostoli,
2079 1078 2167 1143 qui

606 1169 987 1233 interpretatur
1034 1171 1215 1233 virilis,
1261 1171 1344 1223 vel
1386 1172 1618 1233 decorus,
1651 1169 1811 1224 frater
1860 1172 2023 1224 Petri.
2073 1171 2166 1225 llic

616 1259 919 1322 pra‘dieavit
954 1261 1003 1311 in
1034 1259 1271 1329 Scythia,
1302 1260 1388 1328 qui
1420 1262 1487 1313 ab
1519 1260 1656 1327 Egea
1692 1262 2003 1326 proconsule
2024 1275 2170 1315 com-

606 1352 919 1415 prehensus,
975 1366 1093 1403 cum
1148 1362 1548 1419 perseveranter
1604 1353 1656 1406 in
1708 1352 1808 1405 [ide
1856 1352 2055 1405 Christi
2110 1362 2166 1405 et

606 1439 894 1508 Evangelio
944 1440 1181 1503 duraret,
1237 1457 1451 1495 carcere
1491 1444 1703 1496 clausus
1749 1445 2000 1511 primum,
2046 1443 2167 1496 inde

605 1543 783 1579 coram
832 1530 1151 1597 proconsule
1204 1531 1514 1597 gravissime
1558 1546 1747 1591 cmsus,
1811 1532 1875 1583 ad
1925 1532 2168 1582 ultimum

604 1635 761 1674 cruce
794 1620 970 1691 ligatis
1018 1621 1262 1675 manibus
1306 1632 1359 1675 et
1399 1621 1640 1689 pedibus,
1693 1621 2011 1688 futtibusque
2062 1629 2172 1672 toto

2270 622 2582 689 supervixit,
2614 637 2721 675 non
2751 635 2967 675 cessans
3006 637 3065 674 ea
3103 637 3221 690 qua:
3253 622 3344 675 Dei
3399 632 3543 687 sunt,
3594 625 3847 690 populum

2275 713 2490 767 docere.
2521 713 2761 779 Cumque
2798 712 2852 766 hi
2881 712 2970 781 qui
3002 711 3220 765 Christo
3249 712 3591 766 crediderant
3622 713 3851 767 Domino

2269 805 2400 858 satis
2448 814 2687 873 agerent,
2736 812 2794 859 ut
2846 805 3225 873 deponeretur,
3278 805 3587 875 Egeamque
3634 817 3690 859 ut
3744 808 3853 860 hoc

2272 897 2612 962 perlicerent,
2670 896 2938 950 nolentem
2984 897 3343 965 impellerent,
3401 898 3691 963 Apostolus
3742 899 3836 949 Do-

2271 987 2399 1040 mini
2449 989 2827 1041 circumstante
2870 988 3091 1057 populo,
3135 998 3188 1041 et
3216 987 3357 1056 Bgea
3409 990 3750 1054 proconsule,
3783 1002 3833 1042 nt

2266 1080 2562 1134 solveretur
2586 1090 2795 1147 agente,
2828 1090 2945 1148 post
2972 1080 3131 1132 verba
3157 1078 3414 1133 orationis
3442 1079 3648 1148 fulgore
3675 1082 3832 1133 ciale-

2268 1170 2333 1223 sti
2379 1170 2490 1225 fere
2531 1186 2634 1225 una
2678 1170 2912 1239 desuper
2948 1169 3322 1224 circumfulsus
3353 1169 3504 1233 hora,
3556 1184 3675 1222 cum
3722 1172 3832 1233 ipso

2268 1260 2468 1315 lumine
2509 1261 2829 1316 abscedente
2872 1261 3122 1315 emittens
3172 1259 3419 1327 spiritum
3469 1259 3709 1325 perrexit
3766 1262 3843 1311 ad

2270 1352 2579 1406 Dominum.
2608 1353 2773 1422 Cujus
2793 1366 2987 1420 corpus
3016 1350 3297 1404 Maximilla
3322 1350 3681 1415 potentissima
3709 1365 3821 1401 ma-

2272 1450 2541 1493 tronarum
2572 1451 2883 1494 reverenter
2908 1439 3204 1506 depositum
3228 1438 3490 1505 sepelivit.
3524 1437 3675 1504 Apud
3694 1439 3832 1489 San-

2273 1536 2459 1581 ctonas
2488 1546 2520 1583 n
2542 1530 2663 1582 utale
2690 1531 2857 1583 sancti
2882 1529 3167 1598 Tropltiani
3192 1529 3445 1598 episcopi,
3476 1527 3683 1581 virtutis
3708 1529 3828 1582 viri.

2277 1618 2458 1673 “0mm
2487 1621 2705 1685 Castuli,
2742 1621 3064 1689 Euprepitis.

1840 1730 2064 1784 EDITIO
2108 1730 2613 1789 801.1.ANDIANA.

678 1822 738 1875 Β.
777 1823 839 1876 ν.
881 1824 966 1884 C.,
1002 1823 1199 1876 Eodem
1231 1823 1315 1875 die
1341 1823 1513 1881 vigilia
1562 1823 1621 1877 8.
1653 1822 2165 1894 Andremapostoli.
2202 1827 2246 1885 B
2278 1825 2479 1888 Patras,
2508 1828 2678 1893 passio
2702 1827 2760 1881 S.
2784 1827 3006 1880 Andreae
3035 1825 3258 1894 apostoli
3285 1841 3300 1890 ;
3323 1824 3408 1893 qui
3429 1823 3713 1878 cruciﬁxus
3745 1840 3839 1892 pro

609 1892 690 1954 8.,
723 1894 784 1946 Et
812 1896 981 1947 natale
1011 1894 1109 1947 SS.
1135 1894 1452 1959 Chrysanthi
1495 1903 1547 1947 ct
1580 1894 1747 1947 Dario:
1776 1901 1831 1946 et
1860 1892 2047 1945 Mauri.
2076 1891 2165 1958 C.,

607 1962 770 2015 Mauri
796 1972 850 2015 et
874 1963 1091 2015 aliorum
1126 1978 1286 2015 mu.

671 2050 759 2105 50.
784 2082 852 2092 --
882 2068 915 2105 ll
944 2052 1077 2106 liae.
1111 2051 1291 2105 Natale
1318 2051 1377 2106 S.
1410 2053 1635 2106 Andreae
1663 2053 1909 2119 apostoli.

676 2142 891 2197 Plenius
924 2144 1107 2198 Florus
1140 2146 1188 2198 in
1220 2146 1373 2201 A.T.
1418 2144 1478 2199 L.
1527 2164 1539 2198 :
1590 2146 1643 2199 lu
1690 2146 1908 2212 Achaia,
1956 2145 2169 2199 civitate

2272 1918 2470 1971 Christi
2505 1918 2719 1969 nomine
2744 1932 2896 1969 suum
2928 1916 3217 1984 complevit
3245 1915 3579 1984 martyrium.

2348 2006 2405 2057 8.
2442 2006 2622 2059 Romae
2651 2009 2821 2058 natale
2864 2008 2919 2059 S.
2976 2005 3223 2066 Maurilii,
3273 2006 3512 2065 Consuli,
3545 2004 3831 2059 'l‘beodnli.

2275 2076 2357 2138 C.,
2392 2074 2456 2128 Et
2485 2077 2509 2103 ⁸
2536 2076 2907 2130 Mettiolanensi
2937 2077 2994 2132 S.
3026 2076 3292 2129 Amatoris
3313 2076 3573 2146 episcopi.

1984 2236 2188 2291 SMl'l‘ll
2233 2234 2321 2289 ΝΟ
2338 2232 2457 2288 DE.

675 2332 698 2359 ⁸
734 2324 1011 2389 Videlicet,
1048 2326 1096 2379 in
1126 2327 1337 2379 civitate
1361 2326 1769 2382 Mediolancnsi.

1881 2596 2553 2678 DECEMBER.

1846 2748 2073 2803 EDITIO
2117 2747 2579 2803 COLONlENSlS.

1205 2847 1588 2901 DECEMBER.

961 2936 1129 2989 Habet
1156 2938 1260 2989 dies
1295 2953 1439 3002 uxr,
1473 2940 1642 2989 lunam
1673 2953 1818 2990 xxtx.

708 3025 765 3077 F.
800 3024 1039 3079 KALEND.
1089 3026 1324 3080 Dcccue.
1358 3057 1425 3065 —
1454 3027 1639 3080 Natale
1675 3032 1979 3079 sanctorum
2031 3039 2172 3079 mar-

610 3123 781 3183 tyrum
812 3113 1094 3183 Chrysanti
1124 3124 1176 3167 et
1219 3114 1407 3179 Darite,
1441 3115 1527 3183 qui
1562 3124 1799 3183 tempore
1838 3114 2166 3181 Numeriani,

606 3204 784 3273 judice
812 3205 1055 3260 Celeriuo
1103 3206 1282 3260 Romae
1328 3207 1470 3273 passi
1520 3216 1662 3259 sunt.
1695 3206 1974 3275 Chrysanti
2021 3216 2171 3274 pater

611 3293 878 3349 Polemius
922 3296 999 3349 vir
1028 3296 1244 3349 illustris
1285 3297 1528 3350 l'uit:hie
1575 3297 1737 3350 lilium
1781 3314 1933 3352 suum
1965 3297 2171 3351 cuidam

610 3384 802 3448 virgini
849 3384 1141 3454 conjunxit,
1192 3402 1348 3452 quam
1405 3401 1471 3439 ex
1522 3388 1871 3442 nobilissimis
1923 3388 2176 3441 Romanis

612 3474 776 3527 luisse
824 3486 1072 3540 constat;
1116 3475 1251 3531 hanc
1300 3476 1627 3545 Chrysantus
1670 3478 1735 3531 ad
1787 3478 1943 3532 fidem
1980 3478 2174 3531 Christi

612 3576 949 3632 convertens,
993 3568 1246 3636 baptizari
1290 3568 1434 3622 fecit.
1486 3567 1814 3639 Factumque
1855 3577 1938 3623 est
1981 3578 2038 3621 ut
2084 3583 2178 3637 per

2202 3256 2249 3318 C

2286 2846 2644 2912 Clll'ysnlllum
2701 2839 2983 2895 multitudo
3024 2842 3258 2893 virorum
3289 2848 3342 2893 et
3389 2854 3481 2907 per
3511 2839 3721 2895 Dariam
3764 2843 3855 2894 in-

2285 2934 2641 2989 numerabiles
2673 2932 2883 2986 femina:
2922 2931 2984 2985 ad
3017 2930 3211 2985 Christi
3239 2932 3461 3000 gratiam
3490 2932 3845 2991 conﬂuerent.

2283 3025 2573 3079 l’rmfectus
2601 3038 2828 3092 namque
2850 3023 3151 3086 Celerinus,
3183 3024 3595 3087 comprehensos
3626 3027 3845 3079 tradidit

2279 3114 2505 3167 Claudio
2540 3116 2772 3177 tribuno,
2798 3114 2884 3180 qui
2914 3113 3242 3183 septuaginta
3275 3113 3464 3167 milites
3494 3116 3557 3167 atl
3588 3124 3841 3182 torquen-

2279 3204 2405 3257 dum
2452 3206 2624 3271 dedit,
2654 3205 2740 3271 qui
2794 3204 2969 3257 nervis
3016 3204 3195 3259 crudis
3223 3220 3341 3257 cum
3383 3207 3695 3273 astringunt,
3740 3208 3849 3261 sed

2281 3312 2404 3349 mox
2430 3297 2712 3364 ligamenta
2745 3295 2919 3348 omnia
2962 3295 3195 3349 resoluta
3238 3304 3377 3349 sunt.
3413 3296 3606 3351 Deinde
3638 3299 3690 3351 in
3721 3299 3837 3365 cip-

2280 3403 2426 3455 pum,
2474 3387 2542 3439 ita
2578 3396 2633 3439 ut
2682 3387 2731 3438 in
2788 3384 2945 3440 tertio
2987 3394 3181 3452 puncto
3210 3385 3326 3453 ejus
3375 3386 3551 3438 tibiam
3596 3397 3840 3440 coarcta-

2282 3486 2419 3543 rent,
2452 3493 2571 3532 eum
2610 3478 2845 3542 mittunt,
2891 3492 3009 3529 mox
3042 3478 3245 3543 ligneus
3292 3476 3474 3543 cippus
3517 3477 3566 3531 in
3603 3478 3845 3532 cinerem

2283 3568 2585 3622 resolvitur.
2634 3565 2783 3621 Tune
2812 3566 3131 3636 perfundunt
3175 3580 3294 3619 eum
3328 3566 3451 3621 lotio
3482 3566 3712 3622 humano
3740 3583 3837 3637 pu-

1847 3678 2074 3733 EDlTIl)
2115 3674 2620 3731 BOLLANDIANA.

685 3767 736 3820 l.
765 3796 835 3808 --
864 3768 1146 3821 KADENDIS.
1184 3768 1342 3822 Vacat
1369 3768 1545 3822 Baeda.

683 3856 877 3912 Florus
906 3860 955 3911 in
983 3860 1045 3911 Α.
1069 3859 1132 3912 Τ.
1161 3858 1221 3912 L.
1254 3900 1265 3911 .
1295 3858 1347 3911 lu
1376 3859 1630 3913 Noviomo
1653 3858 1913 3928 depositio
1935 3859 1989 3913 S.
2017 3860 2041 3887 ⁸
2074 3860 2178 3913 Eli-

612 3948 682 4017 gii
726 3948 956 4015 episcopi
998 3956 1054 4001 et
1096 3949 1437 4014 confesso'is,
1480 3951 1566 4018 qui
1610 3950 1660 4003 in
1703 3950 1896 4019 palatio
1943 3951 2175 4004 Lotharii

612 4041 757 4110 regis
796 4040 1119 4094 Francorum
1166 4056 1352 4111 magna
1397 4041 1671 4110 prudentia
1700 4053 1751 4096 et
1784 4042 2041 4109 religione
2078 4044 2176 4096 mi-

612 4146 764 4195 Cans,
802 4132 1082 4199 episeopus
1113 4132 1280 4186 factus
1310 4133 1471 4185 multa
1500 4147 1721 4200 corpora
1752 4144 2057 4187 sanctorum
2092 4148 2177 4187 re-

616 4237 841 4276 movens
886 4224 1260 4277 decentissime
1289 4224 1592 4287 tumulavit,
1628 4224 1909 4278 virtutibus
1936 4226 2177 4280 maximis

612 4324 670 4367 et
698 4314 863 4382 signis
889 4314 1259 4367 miraculorum
1285 4314 1534 4369 efﬂoruit.

2354 3766 2441 3830 0.,
2476 3766 2657 3818 Romae
2677 3761 2705 3801 ιι
2733 3762 3048 3832 Chrysanthi
3094 3770 3146 3814 et
3174 3762 3358 3832 iDat'ize
3406 3772 3711 3831 martyrum,
3743 3766 3833 3832 qui

2287 3846 2522 3900 tempore
2566 3831 2888 3895 Ntmteriani,
2936 3832 3115 3899 judice
3158 3831 3420 3896 Celeriuo,
3473 3833 3647 3885 llntme
3688 3831 3828 3899 ptSSi

2281 3914 2421 3957 sunt.
2452 3904 2513 3955 V.
2535 3903 2622 3967 C.,
2648 3902 2959 3954 Interamnze
2986 3903 3095 3954 sive
3125 3901 3329 3953 Narniis
3357 3903 3410 3954 8.
3438 3904 3459 3930 ί
3491 3902 3687 3953 Proculi
3718 3906 3830 3967 epi-

2281 3979 2423 4043 scopi
2455 3984 2507 4025 et
2532 3975 2800 4052 martyris.
2826 3974 2878 4024 In
2902 3972 3157 4025 Torrentt-
3179 3969 3260 4055 [Ε.
3290 3968 3487 4051 'l‘hure]
3511 3972 3565 4025 8.
3586 3972 3825 4026 Mtrinre.

2286 4044 2373 4097 γ..
2410 4042 2485 4097 Ad
2518 4043 2707 4097 Ursum
2756 4044 3006 4097 ntleatum
3047 4042 3103 4095 8.
3154 4042 3419 4095 Candide.
3468 4048 3528 4093 Α.
3557 4041 3619 4094 Τ.
3651 4041 3711 4094 ι..
3746 4044 3825 4097 Β..

2286 4048 2373 4110 V.,
2410 4048 2485 4097 Ad
2518 4048 2707 4097 Ursum
2756 4048 3006 4108 pilealum
3047 4048 3103 4095 8.
3154 4048 3419 4095 Candida.
3468 4048 3528 4093 Α.
3557 4048 3619 4094 'l'.
3651 4048 3711 4094 ι..
3746 4048 3828 4106 8.,

2285 4114 2465 4166 Romae
2496 4114 2671 4166 natale
2700 4114 2754 4165 8.
2785 4112 3058 4165 Candidae.
3093 4111 3175 4175 8.,
3206 4112 3347 4164 Lucii
3377 4121 3429 4163 et
3450 4110 3679 4173 Marium,
3704 4112 3835 4163 Am-

2282 4184 2435 4245 boni,
2488 4182 2660 4236 Filati.
2712 4183 2970 4234 Noviomo
3014 4181 3520 4251 civitateidcpositio
3566 4180 3832 4251 ,S.7Eligii

2281 4255 2517 4323 episcopi
2549 4263 2605 4306 et
2632 4252 2976 4306 confessoris.
3017 4250 3202 4305 Natale
3224 4250 3281 4305 8.
3311 4250 3684 4305 Constantiani.

1986 4425 2193 4482 SMITll
2234 4428 2461 4486 ΝΟΤᾸΞ.

686 4538 707 4568 ⁸
741 4536 915 4606 Eligii.
963 4536 1061 4601 Qui
1096 4545 1255 4607 gente
1278 4535 1456 4589 Gallus
1487 4536 1583 4589 fuit
1610 4537 1660 4590 in
1694 4536 1810 4589 vico
1842 4537 2175 4592 Cat’alacensi
2207 4532 2253 4591 υ
2280 4555 2419 4593 anno
2444 4539 2570 4603 665,
2600 4555 2661 4594 ex
2700 4538 2896 4607 vulgari
2941 4537 3158 4604 calculo,
3204 4536 3491 4590 secundum
3531 4535 3662 4590 alios
3704 4551 3839 4589 vero

611 4623 773 4675 prope
819 4607 999 4659 urbem
1047 4606 1405 4667 Lemovicum,
1459 4615 1609 4673 patre
1659 4606 1948 4671 Eucherio,
1995 4618 2160 4663 matre

608 4677 841 4745 Terrigia
889 4686 1061 4737 natus,
1097 4677 1144 4728 in
1179 4678 1309 4729 urbe
1341 4675 1618 4729 Lemovica
1673 4687 1839 4731 artem
1881 4676 2161 4730 aurifabri-

607 4762 726 4800 nam
756 4746 1056 4813 aliquandiu
1086 4748 1340 4800 exercuit.
1369 4746 1522 4799 Anno
1552 4746 1674 4809 653,
1705 4748 1903 4811 legatus
1931 4764 1956 4795 :t
1991 4747 2158 4807 Dagn-

606 4818 756 4871 herto
781 4831 901 4884 rege
941 4817 989 4867 in
1038 4816 1358 4869 Britanniam
1401 4817 1657 4869 minorem
1699 4818 1892 4871 missus
1924 4817 2159 4870 inducias

604 4902 726 4938 cum
774 4886 1043 4952 Clipniaco
1090 4886 1223 4939 duce
1279 4887 1493 4954 pepigit.
1548 4886 1774 4939 Plurima
1822 4886 1946 4937 dum
1998 4886 2159 4938 laicus

604 4957 779 5011 adhuc
828 4968 969 5009 esset
1012 4957 1250 5009 cmnobia
1283 4972 1345 5009 ac
1377 4956 1618 5008 basilicas
1660 4956 1916 5015 condidit,
1950 4970 2009 5008 ac
2042 4965 2154 5007 tan-

604 5027 724 5079 dent
752 5027 1031 5092 episcopus
1063 5026 1431 5078 Novinmensis
1458 5028 1731 5077 ordinatus
1760 5035 1841 5077 est
1869 5040 2009 5078 anno
2036 5024 2157 5087 640,

606 5112 737 5162 non,
789 5096 862 5148 uti
900 5097 1056 5163 vulgo
1081 5096 1353 5163 supputari
1392 5095 1543 5158 solet,
1575 5109 1713 5145 anno
1744 5095 1865 5157 656,
1894 5096 2029 5161 quod
2072 5095 2165 5146 de-

606 5174 866 5219 monstrat
911 5167 1132 5218 Carolus
1174 5167 1221 5218 le
1264 5164 1469 5226 Cointe,
1503 5166 1690 5217 Annal.
1717 5164 1907 5217 Franc.
1939 5173 2070 5221 tom.
2100 5164 2162 5222 ll.

604 5239 694 5289 ad.
726 5253 814 5289 an.
843 5235 967 5299 6w,
996 5250 1139 5287 num.
1165 5235 1254 5299 20,
1293 5248 1397 5289 etc.
1442 5235 1728 5301 Episcopus
1775 5236 1940 5286 laetus
1989 5234 2166 5287 Eccle-

605 5308 697 5357 siis
725 5307 1067 5361 exstruendis
1110 5314 1161 5358 et
1194 5305 1494 5358 imbuendis
1535 5304 1634 5356 lide
1682 5304 1974 5357 Christiana
2008 5302 2165 5356 Fian-

606 5377 737 5437 dris,
786 5375 985 5436 Frisiis.
1036 5388 1083 5429 et
1136 5376 1325 5429 Suevis
1370 5389 1583 5441 operam
1635 5373 1795 5425 dedit.
1856 5378 2007 5426 Auno
2038 5374 2163 5439 till,

604 5447 830 5499 (‘Oucilio
860 5447 1194 5499 Cabilonensi
1245 5461 1297 5498 ιιι
1347 5445 1600 5497 interfuit.
1643 5444 1795 5495 Anno
1824 5442 1948 5505 650,
1981 5457 2163 5495 mona-

606 5518 825 5568 smrium
858 5516 1087 5570 virorum
1122 5516 1373 5577 annari,
1399 5516 1686 5581 puellarum
1712 5513 1947 5566 Noviomi
1980 5512 2162 5564 Condi-

604 5584 701 5643 dtt,
733 5596 784 5638 et
816 5584 1103 5639 Ecclesiam
1136 5588 1536 5641 Cortracensem
1569 5583 1625 5637 8.
1657 5584 1861 5636 Martini
1894 5582 2162 5635 memoria:

603 5651 817 5707 dicavit.
845 5654 983 5707 Obiit
1014 5654 1263 5708 Kalendis
1295 5654 1667 5708 Decembribus
1696 5668 1833 5705 anno
1862 5654 1983 5713 (558,
2014 5653 2160 5718 juxta

605 5721 751 5794 Pagi,
772 5724 822 5777 in
844 5736 938 5779 sua
959 5724 1147 5779 Critica
1170 5723 1814 5792 historico-chronologica
1839 5723 1901 5777 ad
1926 5739 2010 5779 au.
2036 5721 2158 5785 665;

2266 4610 2391 4663 965.
2444 4610 2573 4663 Acta
2620 4611 2738 4677 ejus
2777 4623 2805 4660 a
2850 4607 2908 4661 8.
2960 4607 3219 4661 Audoeno
3264 4607 3682 4677 scripta-recitat
3728 4607 3829 4659 Stt-

2265 4681 2377 4731 rius
2403 4690 2530 4733 tom.
2561 4676 2657 4734 Vl.
2678 4680 2802 4732 Vide
2822 4688 2873 4732 et
2894 4678 3173 4742 Molanum,
3198 4678 3249 4729 in
3273 4676 3501 4731 lndiculo
3519 4688 3825 4731 sanctorum

2266 4749 2447 4803 Bclaii.

2267 4766 2719 4888 Deipsi}:rysamlti.
2752 4818 2825 4872 De
2852 4816 2936 4872 his
2965 4816 3103 4881 vide,
3139 4829 3317 4885 supra,
3347 4816 3433 4871 die
3452 4814 3519 4869 25
3548 4815 3727 4869 Octob.
3760 4826 3818 4871 ct

2261 4887 2330 4940 29
2354 4890 2606 4940 Novemb.

2354 4890 2606 4943 Novemb.

2341 4962 2363 4989 ο
2402 4957 2631 5013 Proculi.
2669 4958 2739 5012 De
2767 4957 2988 5012 Proculo
3018 4965 3069 5009 et
3095 4955 3312 5022 Ephebo
3332 4964 3386 5011 et
3412 4954 3704 5025 Apollonio,
3730 4956 3827 5023 qui

2273 5028 2331 5083 S.
2366 5028 2696 5082 Valentinum
2740 5027 3085 5095 sepelierunt,
3136 5026 3273 5089 vide,
3325 5040 3503 5095 supra,
3555 5024 3631 5095 ll_
3666 5024 3820 5095 Febr.

2273 5099 2328 5152 S.
2362 5098 2609 5152 Proculus
2640 5093 2918 5165 episcopus
2951 5097 3322 5148 luteramensis
3352 5094 3414 5147 ad
3440 5093 3698 5165 Kalendas
3722 5094 3820 5165 Ja-

2274 5169 2435 5220 nuarii
2465 5164 2693 5221 refertur
2719 5184 2745 5219 a
2777 5167 3040 5221 Galesinio
3070 5175 3117 5218 el
3151 5166 3427 5229 Ferrario;
3457 5164 3641 5215 colitur
3666 5164 3831 5217 etiam

2273 5238 2521 5291 Bononiae
2562 5238 2759 5291 {Junii
2787 5251 2905 5290 cum
2954 5236 3123 5288 altero
3164 5234 3384 5287 Proculo
3431 5233 3625 5293 milite;
3657 5233 3821 5286 Inter-

2272 5323 2442 5360 amnae
2479 5321 2605 5360 vero
2639 5310 2660 5360 l
2700 5307 3025 5368 Decembris,
3060 5304 3195 5369 quod
3226 5305 3309 5356 tali
3340 5304 3426 5357 die
3454 5304 3685 5370 corporis
3710 5302 3827 5369 ejus

2274 5378 2409 5430 facta
2466 5378 2738 5429 translatio
2789 5377 2975 5428 fuerat.
3031 5375 3159 5428 Vide
3201 5373 3266 5427 de
3312 5373 3367 5427 8.
3420 5372 3639 5424 Proculo
3689 5373 3829 5425 inter

2270 5457 2528 5515 martyres
2569 5446 3025 5515 lnteramnenses,
3058 5444 3309 5515 llApr.,
3350 5444 3489 5515 apud
3533 5445 3661 5495 Acta
3692 5455 3829 5515 sano

2269 5510 2496 5568 elotum.
2528 5516 2801 5576 Duronius,
2834 5517 2884 5568 in
2912 5514 3059 5567 Notis
3080 5514 3143 5565 ad
3173 5510 3307 5567 hunc
3330 5513 3491 5577 diem,
3516 5526 3632 5564 eum
3654 5510 3823 5563 alium

2269 5584 2431 5638 fuisse
2459 5584 2672 5653 conjicit
2714 5601 2741 5637 a
2786 5588 2840 5637 S.
2886 5584 3106 5636 Proculo
3136 5582 3531 5649 lnteramnensi,
3556 5589 3607 5636 et
3629 5579 3829 5638 Usuar-

2269 5655 2366 5711 dus
2392 5654 2534 5711 illum
2565 5664 2713 5711 voeat
2743 5655 3126 5725 presbyterum.
