4110 6474
277 337 407 390 1121

1358 328 1547 384 SECT.
1586 329 1652 385 ll.
1692 358 1760 370 -κ-
1800 329 2353 387 MARTYROLOGIA.

3368 336 3504 391 1122

1477 440 1696 494 EDITlO
1738 439 2192 498 COLONIENSIS.

276 532 591 595 tentiSsimo,
622 542 676 585 ut
724 531 1001 594 maleﬁcia,
1035 530 1300 597 inquiunt,
1351 531 1605 594 amittas;
1639 531 1730 584 sed
1766 530 1839 583 fe-
1867 539 1915 592 Α
1946 547 2137 600 corpus
2185 533 2426 600 jussione
2474 536 2810 604 imperatoris
2861 538 3023 593 biduo
3070 540 3121 594 in
3164 540 3279 596 foro
3312 545 3503 613 jncuit,

274 634 358 675 tor
407 624 455 675 in
496 636 710 674 suavem
756 621 977 675 odorem
1027 628 1259 674 mutatus
1295 630 1396 675 est.
1441 621 1640 674 Deinde
1689 620 1837 675 corio

275 713 474 765 recenti
508 712 729 765 vitulino
762 711 960 763 nodum
1003 725 1125 764 eum
1157 710 1543 777 constringunt,
1574 718 1627 763 et
1656 709 1719 763 ad
1748 723 1837 763 so-

274 805 376 856 lem
408 802 699 856 lerteutem
750 809 1095 869 componunt,
1126 800 1218 854 sed
1248 801 1446 853 virtute
1494 799 1703 853 Domini
1748 814 1838 853 co-

274 894 407 945 rium
440 902 494 944 ut
521 903 657 957 erat,
690 893 848 944 molle
881 891 1188 957 permansit.
1232 889 1434 943 Deinde
1464 890 1682 955 collum,
1726 904 1838 943 ma-

276 996 375 1034 nus
408 996 470 1034 ac
496 981 678 1050 pedes,
730 981 932 1033 catenis
978 979 1165 1034 ferreis
1191 981 1634 1046 constringentes,
1669 980 1840 1032 reclu-

272 1074 404 1126 dunt
435 1073 484 1123 in
514 1071 894 1125 obscurissimo
926 1069 1066 1133 loco,
1119 1079 1173 1123 et
1220 1070 1393 1121 statim
1422 1079 1622 1122 catena:
1651 1068 1838 1122 soluta:

262 1170 414 1227 sunt,
449 1171 501 1215 et
532 1173 719 1229 magna
773 1160 861 1211 lux
919 1158 1141 1211 infulsit.
1193 1157 1348 1210 Daria
1394 1171 1520 1211 vero
1551 1157 1602 1210 in
1630 1158 1838 1226 publico

274 1253 611 1302 meretricum
645 1248 883 1316 lupanari
915 1248 1148 1314 ponitur,
1196 1247 1292 1301 sed
1327 1248 1406 1299 leo
1436 1246 1504 1301 de
1549 1262 1706 1301 cavea
1749 1263 1839 1302 ve.

274 1344 427 1395 niens
453 1343 517 1394 ad
549 1342 764 1395 tutelam
798 1341 1008 1394 Domini
1044 1340 1236 1394 virtute
1275 1340 1322 1393 ei
1352 1342 1597 1394 donatur.
1628 1341 1724 1407 Qui
1757 1342 1837 1393 in-

267 1445 484 1498 greSsus
512 1431 720 1497 cellam,
770 1429 820 1483 in
853 1446 952 1497 qua
981 1438 1164 1485 sancta
1217 1430 1306 1483 llei
1345 1430 1396 1484 in
1429 1430 1669 1482 oratione
1704 1446 1837 1497 pro-

268 1528 429 1573 strata
460 1521 687 1589 iacebat,
716 1519 865 1589 juxta
908 1521 1282 1589 prosternitur,
1326 1530 1381 1572 ut
1414 1520 1689 1573 venientes
1720 1534 1747 1573 a
1780 1535 1838 1576 se

268 1612 571 1679 repelleret.
601 1610 735 1665 Dum
765 1612 877 1665 haec
904 1612 1081 1664 omnia
1113 1610 1390 1664 Celerinus
1417 1610 1725 1677 imperatori
1756 1610 1837 1665 in-

267 1702 528 1769 dicasset,
561 1702 647 1756 ille
670 1702 829 1771 jussit
860 1715 952 1755 eos
982 1700 1102 1755 duci
1133 1702 1215 1754 via
1246 1700 1452 1755 Salaria
1482 1700 1534 1754 in
1566 1702 1833 1765 arenario,

258 1801 323 1845 et
354 1793 503 1845 vivos
530 1792 748 1861 deponi,
779 1802 832 1846 et
858 1799 996 1844 terra
1028 1784 1091 1843 ac
1118 1789 1380 1859 lapidibus
1396 1790 1571 1844 obrui.
1601 1790 1836 1860 Contigit

266 1896 322 1937 ut
354 1886 420 1938 ad
465 1885 604 1939 diem
639 1884 829 1938 natalis
876 1899 1058 1938 eorum
1104 1884 1306 1937 inﬁnita
1341 1882 1518 1952 populi
1552 1882 1831 1936 multitudo
1868 1866 1909 1925 Β

263 1980 651 2024 concurreret:
695 1970 795 2023 hoc
853 1971 1150 2021 nuntiatum
1205 1977 1287 2023 est
1342 1969 1688 2037 imperatori,
1742 1970 1829 2039 qui

258 2063 417 2131 jussit
448 2074 503 2116 ut
530 2063 580 2115 in
611 2062 827 2115 introitu
859 2068 1059 2130 crypta:
1089 2060 1261 2129 paries
1303 2061 1607 2126 levaretur;
1654 2075 1718 2114 ac
1754 2060 1832 2115 sic

254 2154 460 2205 iactum
489 2162 570 2205 est
613 2160 670 2204 ut
696 2166 881 2205 omnes
913 2152 1036 2203 dum
1066 2159 1395 2204 sacramenta
1429 2150 1623 2204 Christi
1657 2153 1831 2221 perci-

260 2252 478 2310 perent,
542 2241 778 2310 martyrii
818 2240 1041 2307 gloriam
1087 2240 1453 2306 celebrarent;
1505 2242 1645 2295 inter
1699 2255 1833 2309 quos

262 2345 420 2387 erant
452 2334 710 2386 Diodorus
743 2333 1019 2401 presbyter
1068 2341 1122 2385 et
1173 2332 1519 2386 Martiuiauns
1552 2333 1829 2400 diaconus,

256 2433 321 2477 et
365 2424 574 2489 plurimi
619 2423 959 2476 clericorum.
992 2421 1111 2488 Ipso
1138 2422 1224 2474 die
1266 2424 1400 2475 beati
1449 2422 1603 2490 Egilii
1636 2422 1832 2476 Novio-

256 2513 474 2567 .mensis
508 2512 764 2581 episcopi.
807 2512 989 2565 Roma:
1011 2510 1283 2573 Candidas,
1316 2512 1563 2566 Umboni.

335 2605 401 2657 G.
455 2603 516 2655 ιν
564 2603 697 2657 Non.
753 2603 988 2657 Dscsnn.
1020 2601 1296 2654 —Natale
1350 2611 1546 2654 saneta:
1596 2601 1834 2656 Viniante

249 2695 537 2764 martyris,
571 2694 845 2748 beatorum
879 2703 1170 2763 martyrum
1200 2691 1375 2744 Fausti
1421 2702 1472 2745 et
1503 2692 1737 2746 Dalmatia
1770 2694 1831 2745 ﬁ-

254 2785 376 2848 lim,
404 2803 521 2853 qua!
542 2786 762 2855 juliente
785 2784 994 2838 Juliano
1017 2786 1337 2850 imperatore
1365 2786 1623 2851 sacrilego
1652 2787 1831 2839 tandiu

254 2878 552 2943 plumbatis
584 2892 718 2931 caesa
750 2884 855 2944 est,
887 2875 1059 2930 donec
1096 2874 1341 2942 spiritum
1376 2875 1653 2939 redderet;
1683 2878 1833 2945 cujus

1946 622 2155 675 tandem
2209 634 2415 690 raptum
2463 634 2616 678 nocte
2654 641 2681 678 a
2709 625 2916 681 Joanne
2949 629 3281 699 presbytero,
3327 635 3508 701 sepul-

1942 718 2052 763 tum
2085 721 2167 764 est
2193 712 2240 763 in
2274 713 2452 777 domo,
2503 713 2590 767 ubi
2623 724 2791 769 mater
2818 727 2875 770 et
2913 732 3065 771 soror
3088 719 3202 788 ejus
3239 722 3503 779 Demetria

1936 801 2041 868 jam
2071 803 2293 868 sepultzr
2323 812 2500 867 erant,
2529 804 2673 871 juxta
2707 806 2959 871 palatium
3006 808 3363 865 Licievanum.
3400 814 3503 868 Ro-

1942 911 2041 947 ma:
2091 895 2267 948 natale
2306 906 2613 949 sanctorum
2646 882 2928 962 Primeuti,
2982 901 3245 970 Pentiani,
3288 904 3508 967 Pimini,

1942 983 2179 1047 Ditnetri,
2234 985 2465 1039 Jubiani.
2521 986 2575 1039 ltt
2641 988 2971 1053 Mauritania,
3030 990 3235 1058 Severi,
3292 993 3509 1062 Securi,

1936 1068 2192 1133 Januarii,
2234 1072 2502 1126 Victorini.

2009 1166 2074 1214 Δ.
2116 1159 2179 1213 Ill
2208 1160 2341 1214 Non.
2379 1163 2615 1216 Dscsue.
2641 1163 2879 1232 -—'l‘ingi
2932 1166 3207 1231 metr0p0li
3254 1169 3502 1223 Maurita-

1939 1250 2041 1303 nia:
2075 1254 2248 1305 natale
2276 1255 2445 1305 sancti
2473 1252 2709 1306 Cassiani
2758 1255 3073 1325 presbyteri,
3103 1258 3318 1325 gloriosi
3361 1277 3503 1314 mar-

1939 1340 2090 1408 tyris.
2126 1341 2250 1393 Item
2280 1350 2582 1394 sanctorum
2615 1351 2908 1411 martyrum
2950 1343 3155 1399 Claudii
3196 1349 3413 1416 tribuni,
3444 1360 3501 1403 et

1940 1431 2121 1484 uxoris
2158 1432 2272 1499 ejus
2301 1432 2536 1495 llilarizc,
2571 1447 2631 1485 ac
2660 1432 2887 1487 ﬁliorum
2917 1434 3124 1489 Jasoois
3150 1447 3203 1490 et
3230 1439 3416 1506 Mauri,
3446 1450 3502 1496 et

1939 1520 2208 1587 sexaginta
2263 1522 2526 1586 militum,
2583 1524 2671 1591 qui
2721 1538 2908 1577 omnes
2953 1527 3018 1578 ad
3072 1529 3498 1594 praedicationem

1945 1612 2085 1665 beati
2139 1612 2458 1682 Chrysanthi
2508 1614 2852 1668 crediderunt
2901 1616 2952 1669 in
2995 1617 3223 1671 Christo.
3254 1620 3403 1685 Quod
3445 1632 3505 1675 ut

1941 1704 2241 1757 nuntiatum
2296 1712 2379 1758 est
2428 1704 2738 1771 imperatori
2782 1704 3121 1771 Numeriano,
3148 1706 3303 1775 jussit
3345 1710 3503 1762 Clau—

1943 1794 2092 1849 dium
2127 1796 2391 1849 tribunum
2420 1797 2621 1865 ingenti
2650 1811 2776 1849 Saxo
2802 1796 3067 1866 alligatum
3102 1799 3420 1869 prmcipitem
3448 1802 3499 1855 in

1940 1884 2113 1938 medio
2145 1884 2275 1935 mari
2308 1884 2444 1947 dari,
2477 1885 2672 1938 milites
2700 1900 2826 1938 vero
2856 1888 3210 1955 septuaginta,
3243 1904 3361 1941 cum
3384 1892 3503 1954 qui-

1942 1974 2038 2027 bus
2061 1973 2311 2028 Jasonem
2338 1985 2389 2028 et
2433 1974 2668 2027 Maurum
2718 1974 2851 2028 ﬁlios
2880 1974 3085 2030 Claudii
3131 1979 3339 2046 capitali
3380 1995 3502 2038 seu-

1942 2067 2103 2121 teutia
2139 2065 2332 2134 puniri.
2369 2066 2493 2120 Erat
2538 2077 2712 2119 autem
2764 2068 2814 2118 in
2846 2067 2965 2120 loco
2995 2069 3080 2121 ubi
3110 2068 3352 2122 decollati
3380 2081 3504 2124 sunt

1940 2156 2220 2211 colliculus
2262 2155 2534 2223 antiquus,
2572 2156 2711 2210 hunc
2759 2156 3111 2210 emundantes
3163 2170 3314 2211 nocte
3343 2159 3503 2213 Chri-

1939 2247 2117 2311 stiani,
2151 2246 2311 2299 simul
2341 2246 2393 2299 in
2426 2262 2587 2299 unum
2611 2248 2785 2298 omnia
2818 2261 3040 2315 corpora
3070 2247 3395 2314 sepelierunt
3418 2249 3499 2303 via

1938 2335 2160 2389 Salaria.
2205 2335 2442 2401 Corpora
2499 2347 2673 2387 autem
2720 2334 2930 2387 Jasonis
2977 2346 3033 2387 et
3077 2334 3240 2389 Mauri
3289 2334 3503 2404 collegit

1938 2437 2119 2480 sancta
2179 2426 2400 2488 llilaria,
2457 2425 2638 2479 relicta
2692 2434 2913 2493 martyr,
2967 2426 3053 2478 ubi
3101 2425 3224 2478 dum
3275 2425 3503 2479 assiduis

1939 2518 2266 2571 orationibus
2334 2527 2586 2577 vacaret,
2652 2515 2895 2583 migravit
2957 2517 3020 2567 ad
3084 2515 3377 2569 Dominum.
3446 2518 3500 2570 In

1940 2608 2143 2661 Oriente
2186 2605 2441 2670 Mecrobi,
2470 2604 2703 2658 Claudici
2752 2614 2805 2658 et
2858 2603 3066 2658 Felicis.
3101 2604 3153 2657 ln
3202 2604 3502 2660 Nicomedia

1943 2697 2167 2757 Atubici.
2200 2694 2431 2749 Victoris
2462 2705 2510 2749 et
2540 2694 2688 2747 Julii.
2714 2693 2768 2746 In
2802 2692 2975 2747 Africit
2995 2693 3222 2759 Claudii,
3246 2693 3499 2761 Crispini,

1939 2789 2177 2857 Magime,
2204 2787 2438 2849 Joannis,
2463 2785 2736 2852 Stephani.
2762 2786 2815 2838 In
2846 2786 3113 2839 Pannonia
3142 2789 3308 2841 sancti
3345 2788 3498 2857 Agri-

1940 2880 2094 2931 οιιιιι).

1474 2966 1699 3021 ΕυΙΉΟ
1742 2968 2235 3026 BULLANDHNA.

336 3058 433 3111 Ms.
466 3057 728 3110 Lartiense
766 3055 849 3108 hic
881 3055 1038 3108 habet
1065 3055 1289 3122 elogium
1318 3055 1411 3108 SS.
1441 3056 1759 3122 Chrysanlhi
1793 3065 1916 3124 etc
1950 3061 2063 3121 sim,
2112 3058 2325 3110 Juliani.
2362 3056 2444 3113 l...
2478 3056 2654 3107 ltnmr
2688 3057 2857 3107 natale
2887 3064 3189 3109 sanctorqu
3227 3056 3503 3121 Victorini,

264 3130 436 3181 Dat-ia:
484 3143 637 3191 supra
696 3127 945 3187 relatum,
999 3134 1106 3175 tum
1152 3125 1335 3174 addit:
1370 3127 1568 3176 Eodem
1619 3129 1705 3180 die
1746 3131 1842 3180 ad-

266 3208 457 3249 a'entus
502 3204 804 3249 sanctarum
838 3195 1179 3263 reliquiarum
1208 3194 1274 3246 de
1308 3193 1439 3246 urbe
1469 3196 1844 3249 Coastautino-

271 3270 525 3335 politana.

338 3358 393 3412 Ξ.
424 3386 493 3396 -
519 3355 716 3410 Notus.
745 3352 911 3407 Vacat
944 3351 1121 3416 Bmda,

339 3447 531 3503 Florus
580 3446 631 3499 in
688 3444 750 3499 Α.
782 3454 833 3498 et
871 3444 957 3507 T.,
1007 3444 1179 3511 primo
1209 3441 1347 3503 loco,
1371 3449 1424 3495 et
1455 3442 1504 3495 in
1537 3441 1621 3509 L.,
1652 3443 1743 3497 sed
1776 3443 1839 3497 ad

247 3556 304 3595 οι
349 3540 472 3594 Kal.
527 3537 875 3591 Decembris:
911 3533 1242 3605 Cappadocia
1285 3534 1503 3588 civitate
1556 3535 1733 3601 passio
1778 3535 1837 3590 S.

263 3631 490 3701 Longini
535 3628 716 3683 militis
746 3628 833 3698 qui
866 3628 1002 3681 latus
1036 3624 1246 3680 Domini
1285 3626 1465 3680 lancea
1493 3625 1685 3679 dicitur
1711 3641 1838 3695 ape-

263 3723 458 3778 fuisse.
493 3721 595 3787 Qui
628 3733 918 3774 conversus
961 3718 1027 3771 ad
1072 3716 1226 3771 ﬁdem
1253 3730 1370 3770 cum
1408 3713 1676 3770 Christum
1708 3731 1840 3785 pra:-

266 3815 494 3877 dicaret,
554 3819 733 3865 tentus
784 3814 850 3863 ab
892 3809 1112 3864 Octavio
1162 3807 1432 3876 praelecto,
1483 3817 1757 3876 postquam
1789 3807 1837 3863 ei

270 3906 462 3959 dentes
493 3900 635 3956 ferro
662 3898 917 3954 confracti
948 3908 1071 3952 sunt
1101 3897 1385 3968 linguaque
1414 3896 1670 3963 abscissa,
1696 3895 1840 3966 capi-

272 3995 433 4048 talem
458 3993 615 4045 subiit
650 3992 991 4045 sententiam.

352 4083 435 4145 ν..
470 4081 651 4134 Βυιιιω
703 4081 877 4135 natale
912 4081 970 4136 S.
1013 4078 1294 4145 Primitivi,
1318 4079 1581 4142 Pontiani,
1606 4076 1835 4132 Piminii.

276 4154 414 4206 Alibi
460 4151 603 4214 Veri,
645 4151 845 4212 Severi,
891 4150 1147 4206 Januarii.
1199 4150 1382 4204 Romae
1438 4150 1494 4203 S.
1524 4152 1550 4177 ⁸
1586 4149 1836 4203 Bibiante.

271 4226 339 4276 Α.
372 4224 458 4285 Ἰ“.,
491 4220 672 4273 Romae
701 4222 888 4273 natalis
919 4220 1012 4274 SS.
1042 4219 1320 4284 Victorini,
1356 4218 1625 4278 Demetrii,
1651 4228 1707 4271 et
1738 4220 1837 4270 Do-

269 4291 423 4346 natii.
448 4291 488 4343 Τ
497 4330 534 4358 .,
571 4290 634 4342 Et
662 4291 836 4358 passio
874 4289 970 4343 SS.
1020 4290 1305 4355 Pritnenti,
1347 4290 1615 4353 Pontiani,
1651 4286 1837 4341 Dalro-

1951 3127 2247 3185 Primentii,
2300 3127 2562 3186 Pontani,
2615 3124 2863 3186 Dalrosii,
2910 3127 3134 3178 Demetii
3179 3136 3233 3178 et
3281 3126 3497 3179 Urbani.

1957 3197 2044 3259 D.,
2075 3196 2256 3247 Roma!
2283 3194 2541 3247 Jutiniani
2576 3202 2623 3243 et
2650 3192 2828 3246 Fausti
2855 3207 3162 3262 martyrum.
3190 3197 3252 3246 Et
3273 3195 3506 3249 Dal‘rosa‘.

1951 3265 2091 3318 ﬁliae.
2114 3266 2169 3316 Β.
2194 3264 2409 3331 Agnetis
2428 3263 2697 3331 secundm.
2720 3264 2807 3324 (2.,
2834 3263 3012 3315 Itonia:
3035 3265 3220 3315 natalis
3251 3263 3498 3326 Pintenti,

1955 3333 2213 3396 Pontiani,
2248 3330 2469 3385 l’isiuni.
2503 3330 2662 3396 Alibi,
2706 3332 2909 3398 Securi,
2945 3332 3199 3395 Januarii,
3237 3332 3497 3393 Vibiautc.

1944 3402 2196 3455 Dairosaa.
2232 3403 2315 3464 D.,
2363 3403 2542 3454 ltomte
2583 3402 2755 3453 natale
2801 3401 2898 3454 SS.
2952 3402 3185 3463 Primiti,
3234 3401 3499 3462 Pontiani,

1948 3472 2169 3526 Viniani.
2205 3471 2540 3525 C(enomanis
2577 3471 2785 3523 civitate
2828 3471 3088 3537 depositio
3111 3474 3167 3525 S.
3194 3476 3222 3516 δ
3256 3471 3499 3525 Domuoli

1946 3543 2179 3609 episc0pi
2226 3553 2276 3596 et
2319 3542 2460 3595 coni.
2510 3541 2564 3593 in
2608 3541 2909 3594 Mauritania
2964 3542 3169 3607 Securi,
3227 3538 3504 3609 Victorini,

1945 3612 2239 3667 Fortunati.

2016 3708 2070 3763 5.
2100 3736 2168 3749 -—
2197 3710 2260 3763 Ill
2284 3708 2480 3764 Nomas.
2516 3706 2672 3760 Vacat
2705 3706 2879 3759 Baeda.

2020 3799 2104 3864 D.,
2139 3798 2319 3853 Roma:
2350 3801 2370 3829 ε
2396 3798 2595 3851 Claudii
2619 3797 2834 3851 Tribuni
2859 3808 2909 3851 et
2934 3795 3142 3850 llilarize
3164 3794 3345 3849 uxoris
3368 3795 3505 3861 ejus,

1946 3878 2001 3924 et
2026 3868 2229 3924 Jasoms
2255 3881 2305 3922 et
2347 3869 2533 3920 Mauri.
2587 3869 2647 3920 ll.
2677 3869 2735 3921 C.
2789 3868 2869 3927 ν..
2917 3868 2971 3918 In
3022 3866 3236 3919 Oriente
3281 3865 3505 3931 Meroni,

1945 3941 2177 3992 Llaudici
2226 3946 2280 3991 et
2332 3936 2547 3991 Felicis.
2600 3937 2654 3990 lu
2707 3934 2879 3988 Africa
2926 3934 3216 4001 CriSpium,
3270 3936 3501 4003 Magnae,

1941 4009 2181 4063 Joannis.
2215 4008 2271 4059 Β.
2316 4010 2380 4059 Α.
2413 4006 2477 4059 Τ.
2510 4006 2595 4071 L.,
2628 4007 2682 4060 ln
2712 4007 2886 4058 Africa
2920 4010 3092 4057 natale
3120 4005 3217 4058 SS.
3253 4004 3501 4071 Crispini,

1940 4079 2135 4147 Magni,
2175 4076 2416 4147 Joannis.
2448 4077 2511 4147 Τ.
2546 4076 2630 4138 L.,
2678 4076 2765 4147 Et
2787 4075 3042 4147 Stephani
3076 4086 3392 4147 martyrum.
3421 4072 3506 4147 B_.,

1941 4141 2215 4215 Stephani,
2271 4144 2517 4209 Victoris,
2565 4144 2793 4199 Martini.
2831 4149 2883 4197 lu
2926 4143 3159 4197 Dooonia
3206 4141 3304 4198 SS.
3350 4141 3505 4212 Agri-

1941 4220 2070 4273 cola:
2099 4227 2152 4269 et
2176 4215 2203 4255 ἀ
2228 4215 2491 4270 Cassiani.

1620 4377 1826 4433 SMlTll
1863 4372 2086 4430 ΝΟΤᾹΞ.

1620 4378 1826 4433 SMITH
1863 4378 2086 4430 NOTIE.

348 4485 371 4510 ἰ
402 4474 648 4527 Bibiana’.
692 4473 873 4526 Fausti
922 4480 975 4525 et
1023 4470 1257 4525 Dafrosze
1298 4468 1439 4522 ﬁlice.
1473 4467 1600 4532 Quae
1626 4466 1845 4536 jubente
1875 4469 1921 4529 C
1951 4461 2436 4536 Claudiumjussit
2464 4459 2813 4536 Numerianus
2844 4457 3356 4536 imperator_ingettti
3384 4471 3514 4511 saxo

273 4548 595 4607 imperatore
619 4543 829 4595 Juliano
863 4542 1043 4594 tandiu
1076 4539 1355 4608 plumbatis
1382 4552 1516 4608 caesa
1543 4547 1644 4599 est,
1670 4540 1839 4589 donec

273 4604 515 4683 spiritum
564 4614 827 4683 redderet.
876 4610 1040 4683 Cujus
1078 4604 1276 4683 eorpus
1307 4610 1463 4662 biduo
1489 4604 1840 4683 jussu_impe-

277 4675 465 4738 ratotis
524 4686 574 4733 itt
626 4683 737 4734 loro
779 4675 983 4747 jacuit';
1045 4681 1253 4732 tandem
1307 4686 1513 4744 raptqu
1559 4692 1584 4724 a
1632 4675 1837 4729 Joanne

278 4756 609 4823 [il'taab)'lci:li,
644 4755 908 4823 sepultum
938 4757 1019 4801 est
1046 4751 1307 4823 indotno.
1350 4747 1434 4823 ubi
1469 4754 1634 4797 mater
1660 4754 1833 4823 _et_so-

278 4815 367 4876 i-or
397 4815 507 4889 ejus
540 4815 801 4873 Demetria
829 4820 936 4889 jam
975 4820 1191 4889 sepultm
1220 4827 1372 4889 erant
1405 4815 1837 4889 jtnttapalatium

276 4883 606 4949 Licinianum
633 4883 993 4944 [terna-Atio.
1020 4883 1093 4941 De
1124 4891 1220 4940 hac
1247 4887 1297 4939 in
1323 4884 1437 4938 Vita
1471 4886 1531 4938 S.
1564 4883 1841 4953 Pigtuenii,

273 4964 349 5018 24
376 4962 563 5016 Martii.

238 5036 241 5037 ⁷
354 5033 379 5070 b
416 5031 670 5084 Domnoli.
713 5029 887 5084 Pridie
924 5027 1202 5082 defunctos
1227 5038 1306 5079 est
1333 5025 1390 5079 S.
1424 5023 1736 5085 Domnulus,
1792 5030 1846 5075 et

280 5104 347 5158 ad
378 5118 497 5157 eum
538 5100 676 5153 diem
725 5100 863 5152 illius
906 5099 1096 5152 festum
1136 5095 1489 5149 anniversaria
1535 5094 1847 5146 celebritate

284 5173 537 5227 reeolitur
566 5186 595 5223 a
620 5170 1124 5224 Cenomanensibus.
1156 5167 1258 5219 Sed
1293 5165 1472 5216 nescio
1497 5177 1662 5231 quare
1692 5162 1845 5214 hodie

284 5251 626 5303 alienioratur,
661 5241 759 5292 nisi
793 5240 929 5307 quod
965 5240 1072 5301 ille,
1103 5239 1188 5305 qui
1230 5235 1395 5303 pridie
1432 5235 1655 5297 colatur,
1705 5231 1847 5284 facili

279 5327 468 5368 errore
498 5311 561 5363 ad
592 5321 898 5378 sequentem
930 5308 1066 5359 diem
1110 5307 1387 5358 referatur.

363 5393 386 5420 ε
420 5381 645 5435 Claudii.
672 5371 792 5442 ’ραι
822 5394 885 5431 ex
916 5385 1253 5443 persecutore
1286 5379 1450 5427 lactus
1482 5382 1560 5426 est
1591 5371 1848 5425 ChriStia-

289 5467 408 5516 ltllS,
435 5468 555 5505 cum
586 5450 799 5502 vidisset
825 5448 1222 5516 Chrysanthutn
1255 5446 1428 5496 omnia
1479 5453 1737 5516 tormenta
1762 5456 1851 5516 sn-

288 5511 582 5594 peraut‘etn,
624 5530 677 5572 et
708 5511 993 5594 audivisset
1032 5531 1152 5569 eum
1197 5515 1327 5594 deos
1373 5512 1606 5591 gentium
1649 5511 1851 5594 apt-itis

288 5581 584 5649 iatiouibus
631 5589 1025 5649 confutantetu;
1080 5599 1175 5637 nec
1220 5593 1421 5635 tantum
1456 5583 1566 5651 ipse
1598 5582 1659 5631 ad
1694 5581 1848 5651 ﬁdem

287 5675 576 5716 conversus
600 5667 699 5723 est,
733 5657 827 5711 sed
859 5665 911 5711 et
941 5655 1130 5708 llitaria
1160 5668 1290 5723 uxor
1318 5660 1451 5718 ejus,
1478 5650 1535 5704 et
1567 5652 1654 5702 ﬁlii
1688 5650 1848 5723 Jasntt

288 5745 343 5790 et
393 5732 600 5785 Jlaurus
648 5720 767 5782 cum
814 5725 1143 5796 septuaginta
1201 5722 1494 5786 militibus;
1549 5737 1613 5777 es
1661 5720 1849 5789 quibus

1948 4535 2218 4603 alligatum
2250 4528 2301 4585 in
2330 4532 2532 4603 (intueri
2566 4531 2887 4603 praecipitem
2918 4528 3054 4603 dari,
3084 4529 3289 4603 milites
3305 4542 3433 4603 vero
3460 4537 3514 4580 et

1946 4597 2083 4657 ﬁlios
2125 4605 2287 4670 ipsius
2329 4600 2536 4654 Claudii
2578 4600 2789 4665 capitali
2832 4601 3087 4651 sententia
3124 4598 3312 4670 puniri.
3350 4597 3508 4670 Beata

1944 4684 2120 4726 autem
2146 4665 2358 4726 'tlilaria
2399 4684 2518 4721 cum
2563 4670 2787 4720 ﬁliorum
2832 4680 3054 4732 corpora
3088 4666 3406 4732 sepeliisset,
3440 4665 3507 4717 ad

1948 4758 2131 4794 eorum
2171 4742 2471 4807 sepuICrum
2515 4751 2673 4789 orans
2716 4738 2871 4801 paulo
2916 4744 3031 4801 post
3061 4748 3090 4786 a
3123 4734 3336 4807 paganis
3367 4742 3507 4785 tenta

1947 4813 2189 4879 migravit
2234 4802 2311 4859 'ad
2373 4808 2672 4879 Dominum.
2731 4807 2923 4879 Eorum
2972 4818 3056 4879 re_s
3104 4817 3269 4869 gesta:
3312 4802 3513 4879 juncta:

1948 4874 2206 4934 habentur
2255 4879 2397 4929 Actis
2433 4877 2530 4931 SS.
2579 4874 2899 4942 Chrysautlii
2930 4884 2983 4927 et
3014 4874 3180 4925 Dante
3227 4874 3362 4939 apud
3410 4874 3510 4942 Su-

1946 4949 2121 5013 rium,
2174 4959 2303 5001 tom.
2360 4945 2421 5013 V,
2470 4946 2557 5000 die
2598 4941 2923 5007 250cm»,
2969 4951 3024 4997 et
3066 4943 3202 5011 apud
3251 4944 3392 4995 Petr.
3442 4941 3511 4995 de

1945 5016 2118 5071 Natal.

2019 5088 2043 5124 ἀ
2078 5086 2329 5141 Cassiani.
2385 5086 2478 5139 llic
2520 5101 2623 5139 non
2670 5083 2934 5146 Bononize,
2984 5081 3078 5136 sed
3118 5080 3266 5149 Tingi
3317 5088 3513 5132 metro-

1950 5159 2053 5225 poli
2101 5158 2425 5211 Mauritanim
2457 5156 2751 5222 Tingitana:
2781 5168 2966 5222 passas
3004 5163 3102 5225 est.
3132 5152 3228 5225 Qui
3259 5158 3514 5225 excepto-

1951 5221 2023 5281 ris
2050 5228 2281 5281 ofﬁcium
2311 5229 2341 5281 d
2370 5243 2400 5280 u
2424 5221 2637 5294 gerens,
2692 5221 2900 5277 tandem
2950 5223 3157 5276 ccelitus
3202 5221 3511 5294 inspiratus,

1951 5299 2277 5351 exsecrabile
2334 5291 2485 5349 duitt
2533 5295 2954 5347 Christianorum
3026 5293 3138 5344 neci
3199 5291 3507 5351 deservire;

1954 5368 2093 5421 unde
2138 5372 2443 5419 renuntiatis
2473 5367 2645 5419 eidem
2677 5364 2872 5427 ofﬁcio,
2904 5363 3003 5416 sub
3038 5361 3332 5415 Christiana
3377 5372 3507 5410 cou-

1955 5438 2180 5490 lessione
2212 5438 2533 5503 triumphum
2556 5438 2751 5488 meruit
2775 5435 3018 5503 obtinere
3046 5429 3328 5503 martyrii;
3359 5428 3511 5494 cujus

1954 5522 2143 5573 corpus
2177 5508 2227 5559 in
2275 5502 2487 5574 prtel'ata
2517 5506 2734 5559 civitate
2763 5502 3071 5557 tumulatum
3107 5502 3228 5574 inde
3256 5511 3508 5566 processu

1958 5570 2205 5644 teniporis
2249 5570 2313 5628 ad
2363 5578 2628 5631 csvitziteni
2688 5573 2999 5628 lmolensem
3050 5570 3361 5624 translatum
3405 5574 3514 5621 est.

1959 5647 2121 5701 Ρετιι.
2156 5662 2219 5700 ut:
2248 5646 2444 5699 Narin.
