4110 6466
315 339 448 391 Ηὲἢ

1446 332 1635 388 SECT.
1680 334 1745 387 II.
1786 365 1851 375 —-
1885 332 2441 389 MARTYROLOGIA.

3430 340 3563 395 1150

1560 445 1787 501 Εῡιτίυ
1824 445 2292 504 COLONIENSIS.

304 542 560 613 przrsidis,
602 542 823 610 plurima
873 548 1139 593 tormenta
1174 552 1444 607 perpessa,
1486 538 1776 593 novissime
1816 540 1868 593 in
1897 545 1945 603 Α
1976 543 2103 595 tenti
2150 549 2293 605 sunt,
2341 550 2395 594 et
2437 554 2528 594 ora
2568 540 2802 607 ipsorum
2851 540 3110 609 lapidibus
3144 549 3387 609 contusa,
3437 560 3559 599 rur.

302 635 525 702 equuleo
555 646 811 699 suspensa
854 640 911 685 et
939 631 1283 699 exungulata,
1334 628 1521 683 faculis
1569 630 1878 685 ardentibus

300 740 363 777 ex
415 737 637 789 utroque
694 723 857 777 latere
910 721 1190 791 appositis,
1239 720 1433 774 hausto
1478 721 1601 788 igne
1629 721 1875 789 spiritum

298 817 553 879 reddidit,
593 828 645 867 et
701 814 1045 868 cernentibus
1093 812 1410 867 Christianis
1462 810 1514 864 in
1560 811 1739 878 specie
1788 825 1876 865 co-

300 908 494 958 lumba:
524 909 691 958 niveas
718 906 834 972 ejus
863 904 1038 957 anima
1064 903 1260 956 ctelum
1287 901 1459 970 petiit.
1491 899 1654 969 Cujus
1680 916 1876 967 corpus

297 1011 390 1063 per
416 995 644 1048 triduum
687 993 840 1063 jussu
886 993 1133 1061 praesidis
1195 991 1447 1060 pependit
1498 991 1548 1044 iu
1580 992 1740 1058 ligno.
1772 991 1876 1045 Sed

293 1088 379 1140 cui
410 1103 513 1140 non
556 1086 787 1139 humana
819 1084 1052 1147 fuerant,
1103 1082 1284 1136 divina
1314 1090 1438 1136 sunt
1466 1096 1722 1136 concessa
1760 1095 1879 1133 mu~

295 1192 446 1229 nera.
497 1176 626 1229 Nam
685 1178 772 1227 nix
805 1174 1034 1241 desuper
1062 1174 1253 1241 puella:
1300 1187 1496 1239 corpus
1537 1172 1787 1240 aspersit.
1820 1182 1877 1225 ut

292 1267 434 1336 quod
463 1282 527 1321 ex
559 1275 783 1330 utraque
815 1273 961 1332 parte
988 1264 1261 1330 appositus
1288 1261 1425 1331 ignis
1442 1262 1647 1315 ardoris
1674 1262 1755 1314 sui
1788 1262 1877 1315 in-

293 1358 483 1411 cendio
515 1358 955 1425 conflagraverat,
990 1354 1148 1408 nivali
1196 1355 1428 1408 candore
1452 1362 1763 1421 coopertum
1797 1353 1875 1405 di-

292 1452 414 1502 vina
445 1450 614 1517 gratia
643 1448 939 1501 dealbaret.
993 1446 1188 1515 Sicque
1214 1460 1244 1499 a
1276 1444 1876 1499 Christianis‘reveren-

295 1551 376 1593 ter
424 1542 623 1604 ablata,
675 1548 730 1593 et
777 1538 1063 1592 devotione
1105 1536 1286 1590 debita
1335 1535 1434 1588 sub
1501 1548 1657 1588 sacro
1712 1534 1872 1588 altari

287 1634 554 1700 deposita,
581 1632 957 1685 miraculorum
983 1629 1149 1697 gratia
1169 1628 1486 1681 illustratur.
1510 1626 1664 1694 Apud
1688 1624 1875 1694 praefa-

290 1736 397 1779 tatn
445 1725 631 1777 urbem
662 1724 841 1789 passio
872 1733 1068 1775 saneta:
1094 1719 1268 1785 JlllitB,
1316 1735 1432 1789 quae
1472 1717 1573 1772 fuit
1601 1718 1875 1786 convirgi-

292 1815 429 1868 nalis
475 1816 642 1867 beatm
674 1814 918 1879 Eulaliae,
953 1827 1182 1882 qumque
1212 1812 1290 1865 illi
1323 1810 1387 1863 ad
1419 1811 1723 1880 passionem
1751 1825 1875 1878 pro-

1982 646 2207 701 sumque
2256 632 2483 698 equuleo
2526 632 2672 697 torti,
2717 641 2771 687 et
2812 643 2930 700 post
2969 633 3080 687 hare
3109 634 3195 687 diu
3246 636 3296 688 in
3339 650 3556 691 carcere

1984 726 2258 790 macerati,
2310 725 2597 780 novissime
2642 726 2821 795 gladio
2860 734 2983 780 sunt
3025 727 3280 795 percussi.
3340 728 3555 784 Viennae

1981 816 2154 870 sancti
2197 815 2419 870 Sindulll
2452 816 2682 886 episcOpi
2713 826 2763 870 et
2793 818 3135 871 confessoris.

2054 908 2109 960 B.
2146 907 2207 960 111
2239 907 2355 960 Inus
2396 907 2631 961 Deceua.
2667 936 2735 947 —-
2770 907 3001 961 Danielis
3043 911 3333 977 prophetm.
3371 910 3558 966 Romae

1979 997 2192 1050 Damasi
2241 1012 2409 1066 papae,
2437 999 2527 1067 qui
2571 998 2708 1051 rexit
2742 998 3034 1052 Ecclesium
3066 1016 3234 1054 annos
3278 1001 3465 1056 decem
3503 1011 3559 1057 et

1979 1098 2122 1155 octo,
2154 1105 2363 1144 menses
2391 1101 2519 1158 tres,
2544 1090 2657 1143 dies
2691 1091 2843 1143 duos.
2872 1091 2965 1144 llic
2987 1091 3255 1145 constituit
3283 1102 3339 1147 ttt
3366 1093 3561 1148 Psalmi

1988 1180 2075 1233 diu
2129 1189 2397 1247 noctuque
2436 1190 2763 1234 canerentur
2795 1196 2889 1249 per
2936 1195 3121 1235 omnes
3150 1182 3424 1236 ecclesias.
3465 1184 3560 1237 IIic

1983 1269 2147 1322 multa
2207 1284 2433 1339 cerpora
2486 1279 2795 1324 sanctorum
2857 1272 3153 1339 requisivit,
3224 1280 3277 1326 et
3335 1274 3558 1337 invenit,

1977 1375 2203 1427 quorum
2248 1362 2557 1414 memoriam
2606 1362 2764 1415 etiam
2808 1362 3049 1415 versibus
3077 1362 3387 1417 declaravit.
3427 1363 3557 1418 Item

1978 1448 2161 1502 Horme
2205 1450 2381 1503 natale
2427 1456 2730 1503 sanctorum
2778 1457 3074 1519 martyrum
3110 1451 3374 1518 Pontiani,
3410 1449 3553 1506 Prte-

1978 1543 2161 1593 texuati
2216 1551 2377 1610 atque
2418 1540 2694 1606 Tarsonis,
2746 1542 2832 1609 qui
2880 1551 3068 1612 potens
3112 1552 3164 1597 et
3222 1544 3458 1612 locuples
3487 1545 3555 1599 de

1980 1629 2319 1683 facultatibus
2347 1631 2458 1684 suis
2489 1645 2609 1683 cum
2643 1640 2784 1685 esset
2813 1630 3165 1695 Christianus,
3191 1635 3387 1688 sanctis
3411 1651 3552 1689 mar~

1981 1718 2187 1788 tyribus
2236 1719 2287 1772 in
2320 1719 2630 1773 carceribus
2675 1729 2729 1773 et
2770 1721 2819 1772 in
2852 1722 3082 1774 metallis
3110 1720 3398 1789 damnatis,
3438 1725 3551 1778 vic~

1980 1819 2087 1862 tum
2119 1810 2474 1876 ministrabat,
2506 1826 2601 1879 per
2627 1814 2838 1867 beatum
2870 1811 3125 1865 Sisinfum
3168 1822 3221 1867 et
3245 1812 3547 1883 Cyriacum,

288 1906 494 1971 peranti
545 1902 815 1957 individua
868 1916 1051 1957 comes
1098 1913 1152 1955 et
1203 1902 1402 1956 sodalis
1449 1900 1696 1955 adhaesit.
1738 1900 1867 1953 Item
1900 1892 1948 1952 B
1975 1916 2078 1955 non
2111 1911 2231 1970 post
2260 1902 2429 1955 multo
2467 1912 2520 1957 et
2551 1903 2664 1971 ipse
2692 1910 2868 1955 tentus
2903 1917 2932 1954 a
2967 1902 3284 1956 Maximiano
3319 1905 3547 1972 palmam

298 1996 438 2065 apud
466 1996 723 2064 Hispalim
751 1995 1038 2059 civitatem,
1081 2002 1387 2047 sanctorum
1424 2001 1717 2063 martyrum
1742 1992 1870 2045 Car-

287 2086 510 2155 cophori
543 2085 860 2155 presbyteri,
893 2096 944 2137 et
974 2083 1205 2137 Abnndii
1230 2082 1463 2147 diaconi,
1496 2084 1583 2152 qui
1616 2095 1870 2151 persecu-

288 2181 434 2229 tione
466 2176 796 2239 Diocletiani,
828 2178 927 2229 sub
945 2174 1126 2243 judice
1157 2174 1417 2229 Martiano
1448 2174 1500 2228 in
1531 2174 1869 2230 confessione

283 2268 481 2321 Christi
507 2268 678 2335 primo
706 2266 932 2321 fustibus
956 2265 1327 2320 crudelissime
1349 2266 1474 2320 cmsi
1504 2275 1650 2330 sunt,
1673 2266 1868 2321 deinde

282 2358 334 2410 in
366 2371 655 2421 carcerem,
686 2365 876 2425 negato
905 2355 1025 2410 cibo
1052 2366 1105 2409 et
1136 2370 1281 2422 pou,
1330 2357 1520 2410 retrusi
1552 2372 1566 2422 ;
1596 2358 1736 2411 unde
1768 2371 1862 2425 per

282 2448 532 2517 angelum
577 2447 747 2513 ducti,
796 2457 849 2501 et
879 2446 1100 2500 verbum
1148 2446 1240 2501 Dei
1272 2447 1621 2515 praedicantes
1666 2449 1856 2502 iterum

1974 1992 2213 2062 martyrii
2259 2008 2380 2045 cum
2424 1992 2631 2045 duobus
2669 1993 2787 2045 aliis
2818 1994 3092 2060 percipere
3143 1994 3355 2048 meruit.
3390 1994 3444 2048 In
3472 1994 3547 2048 ci-

1973 2082 2135 2137 vitate
2163 2081 2436 2136 Ambianis
2476 2081 2681 2147 Galliae,
2709 2092 3010 2135 sanctorum
3040 2091 3332 2152 martyrum
3371 2083 3552 2137 Victo.

1976 2172 2075 2227 rici
2104 2182 2158 2228 et
2186 2172 2464 2227 Fusciani.
2504 2171 2561 2226 In
2594 2172 2841 2241 Hispania
2892 2172 3065 2225 sancti
3094 2172 3360 2242 Eutychii,
3393 2172 3549 2245 cujus

1970 2272 2118 2332 gesta
2154 2263 2434 2327 habentur,
2462 2270 2517 2315 et
2544 2261 2710 2316 sancti
2740 2260 2988 2315 Gentiani
3021 2264 3292 2330 martyris.

2043 2351 2103 2407 C.
2138 2353 2286 2406 Puto.
2319 2352 2435 2407 Inus
2487 2351 2722 2407 DECEHB.
2772 2379 2840 2391 —-
2880 2351 3197 2407 Sanctorum
3251 2361 3542 2421 martyrum

1968 2445 2352 2515 Ilermogenis,
2418 2444 2604 2498 Donati
2660 2454 2713 2498 et
2782 2444 3004 2498 aliorum
3054 2442 3237 2512 viginti
3290 2442 3538 2501 duorum.

1524 2559 1748 2615 EDITIO
1791 2556 2296 2614 BOLLANDIANA.

283 2675 471 2728 colona
509 2673 722 2728 civitate
772 2672 1060 2741 Ilispaniae,
1091 2672 1192 2726 sub
1223 2671 1455 2725 Daciano
1486 2671 1710 2738 prmside
1741 2686 1859 2738 quas

279 2779 397 2816 cum
427 2771 572 2818 esset
600 2762 853 2817 tredecim
895 2776 1178 2826 annorum,
1213 2770 1332 2831 post
1360 2762 1584 2829 plurima
1615 2772 1858 2816 tormen-

275 2862 350 2913 ta,
380 2854 642 2907 decollata
669 2861 772 2917 est,
804 2861 857 2905 et
887 2852 1161 2907 resiliente
1198 2852 1265 2906 ab
1289 2866 1349 2906 ea
1373 2852 1569 2920 capite,
1610 2853 1854 2905 columba

278 2947 344 2996 dc
370 2959 594 3012 corpore
621 2945 737 3012 ejus
762 2946 908 2998 exire
934 2943 1047 2997 visa
1079 2952 1183 2998 est.

349 3038 437 3101 'I‘.,
473 3037 591 3104 Ipso
617 3038 703 3091 die
733 3037 792 3092 S.
823 3038 851 3067 ⁸
887 3036 1104 3091 Valeria:
1129 3034 1347 3102 virginis
1376 3044 1431 3090 et
1469 3034 1739 3105 martyris.
1766 3033 1852 3099 Β..

279 3111 334 3163 In
366 3111 579 3162 civitate
610 3106 860 3161 Arvernis
886 3106 1063 3160 natale
1087 3105 1142 3159 S.
1176 3105 1463 3173 Agricolas.

352 3200 436 3252 11.
461 3196 616 3251 -111
646 3198 784 3251 Ibus.
814 3196 1001 3248 Natale
1029 3195 1083 3250 S.
1110 3200 1139 3239 b
1170 3194 1376 3247 Damasi
1408 3208 1577 3262 papas.

350 3290 540 3344 Florus
569 3289 621 3341 in
670 3288 734 3341 A.
767 3286 833 3340 Τ.
882 3284 966 3338 L.:
1015 3285 1066 3338 In
1100 3284 1270 3338 Gallia
1315 3283 1530 3340 civitate
1579 3283 1861 3340 Ambianis

279 3380 455 3448 passio
500 3378 599 3433 SS.
649 3376 921 3440 Gentiani,
959 3375 1227 3439 Victorici,
1258 3383 1312 3429 et
1345 3374 1615 3442 Fusciani,
1649 3373 1739 3445 qui
1763 3372 1857 3427 Vi-

278 3471 511 3525 ctorious
552 3483 614 3520 ac
644 3465 937 3519 Fuscianus
966 3481 994 3517 a
1023 3466 1188 3517 Homa
1220 3464 1443 3533 egressi,
1470 3464 1692 3517 verbum
1736 3461 1857 3516 vita:

286 3560 530 3631 pluribus
572 3558 882 3611 nuntiantes
913 3565 1150 3623 tempore
1193 3554 1494 3608 Maximiani
1540 3553 1679 3608 circa
1729 3554 1858 3605 Am-

280 3651 455 3709 bianis
483 3664 513 3704 a
542 3649 845 3704 Hictiovaro
874 3646 1099 3717 praeside
1125 3644 1525 3714 comprehensi,
1551 3644 1697 3713 prius
1717 3642 1858 3696 ferro

1966 2670 2210 2724 manibus
2233 2680 2352 2738 post
2382 2678 2588 2738 tergum
2621 2668 2811 2722 vinctis
2842 2668 2895 2722 in
2925 2681 3143 2723 carcere
3168 2678 3287 2723 sunt
3320 2668 3541 2733 reclusi,

1964 2760 2161 2815 deinde
2201 2761 2253 2814 in
2282 2761 2504 2815 naribus
2533 2771 2582 2814 et
2611 2759 2829 2814 auribus
2859 2750 3043 2813 eorum
3078 2759 3299 2815 sudibus
3328 2760 3539 2815 immis-

1965 2848 2063 2914 sis,
2092 2858 2145 2904 et
2175 2849 2342 2903 clavis
2368 2849 2422 2903 in
2468 2848 2736 2917 capitibus
2783 2848 3073 2916 transfixis,
3118 2850 3367 2906 decollati
3396 2862 3544 2906 sunt.

1966 2937 2021 2991 In
2052 2953 2187 3007 quos
2214 2940 2403 3009 spiritu
2436 2940 2694 3004 irruente,
2731 2939 2976 2994 manibus
3012 2940 3187 3007 capita
3231 2942 3444 3009 propria
3474 2942 3542 3000 ad

1967 3027 2253 3098 hOSpitium
2287 3030 2347 3083 Β.
2380 3028 2628 3084 Gentiani
2653 3033 2904 3100 martyris
2929 3043 3095 3101 usque
3122 3038 3415 3100 portantes,
3444 3031 3545 3089 ibiv

1893 3137 1933 3193 ο
1964 3115 2086 3173 dem
2119 3118 2509 3187 requieverunt.

2043 3231 2126 3295 8.,
2160 3229 2212 3282 In
2242 3228 2562 3283 Alexandria
2611 3228 2881 3284 Sammoni
2907 3240 2960 3284 et
2987 3228 3226 3285 Emeriti.
3258 3232 3310 3285 In
3342 3234 3534 3289 Antio.

1964 3300 2082 3355 chia
2111 3300 2211 3356 SS.
2236 3298 2454 3362 Zosimi,
2486 3298 2655 3363 Pauli,
2682 3308 2737 3353 et
2764 3300 2994 3368 Cyriaci.
3026 3301 3078 3353 In
3107 3300 3272 3355 Gallia
3302 3304 3524 3361 civitate

1966 3371 2528 3445 Ambia_nense_nat_ale
2573 3370 2670 3445 ξε.
2704 3370 2915 3445 Victrici
2953 3377 3007 3425 et
3034 3370 3281 3427 Fusciani
3325 3383 3523 3445 marty-

1965 3455 2101 3493 rum.
2137 3442 2198 3492 A.
2229 3448 2282 3493 et
2310 3437 2399 3505 T.,
2431 3439 2496 3491 Et
2530 3452 2547 3477 ι
2580 3438 2909 3493 Praetextati.

2037 3526 2123 3579 I2.
2147 3556 2213 3565 —
2239 3524 2275 3579 II
2302 3524 2441 3580 lous.
2470 3525 2632 3580 Vacat
2656 3526 2833 3581 Baeda.

2041 3616 2101 3669 V.
2141 3616 2200 3671 Β.
2252 3616 2309 3671 1).
2359 3620 2423 3671 A.
2454 3616 2516 3671 Τ.
2544 3616 2627 3683 (3.,
2676 3617 2861 3672 Natale
2908 3617 3006 3673 SS.
3034 3618 3058 3654 ά
3093 3618 3435 3689 Hermogenis
3480 3632 3536 3681 et

1670 3730 1876 3789 SMITH
1916 3730 2149 3787 ΝΟΤίΕ.

349 3840 378 3868 ι
423 3827 665 3883 Valeriis.
714 3827 837 3881 Ha:c
878 3826 1069 3881 colitur
1116 3827 1409 3881 Letnovicis
1452 3827 1504 3880 in
1557 3826 1743 3882 Gallia.
1773 3830 1852 3882 Ex

278 3899 398 3958 Kal.
433 3909 485 3951 et
529 3914 766 3952 mnuum.
800 3898 1050 3951 Ecclesiae
1081 3898 1425 3953 Letnovicen.
1470 3897 1765 3965 Ferrarius,
1800 3898 1853 3951 in

281 3970 525 4040 catalogo
554 3969 827 4040 generali,
854 3967 1038 4040 scribit
1068 3983 1194 4040 eam
1244 3969 1408 4040 fuisse
1453 3968 1761 4034 discipulam
1791 3968 1850 4023 S.

280 4037 533 4096 Martialis
567 4039 716 4105 primi
749 4038 1000 4105 episcopi,
1029 4038 1097 4089 ab
1132 4053 1196 4091 eo
1222 4038 1286 4089 ad
1330 4037 1488 4091 Iidem
1518 4051 1853 4101 conversam,

279 4124 333 4166 et
365 4109 575 4162 tandem
620 4108 793 4177 capite
825 4117 1140 4177 truncatam,
1173 4106 1312 4174 quod
1359 4108 1569 4175 nuptias
1600 4107 1857 4174 Stephani

281 4182 433 4234 ducis
463 4176 773 4246 respuisset.
803 4176 930 4245 Ejus
975 4191 1171 4244 cnrpus
1216 4192 1356 4231 nunc
1401 4177 1454 4231 in
1502 4178 1859 4232 Cambonensi

281 4249 526 4305 rcenobio
556 4248 892 4303 Lemovicen.
941 4247 1166 4301 diteces.
1194 4249 1455 4301 asservari
1502 4248 1718 4301 dicitur.
1753 4248 1861 4301 Hac

279 4322 366 4375 die
395 4320 585 4372 colitur
610 4319 724 4386 ejus
766 4319 1041 4380 memoria,
1072 4332 1173 4385 qua
1224 4317 1536 4386 martyrium
1583 4331 1738 4385 passa
1776 4327 1861 4371 est

279 4392 379 4444 sub
406 4384 807 4456 Claudio—imp.
868 4387 925 4441 In
988 4385 1230 4441 Romano
1263 4384 1636 4456 Martyrologio
1691 4386 1861 4457 pridie

280 4462 492 4515 colitur.

354 4530 378 4565 δ
423 4529 655 4582 Damasi.
685 4527 788 4594 Qui
838 4527 935 4580 fuit
962 4525 1176 4579 Antonii
1203 4525 1479 4593 cujusdam
1507 4524 1666 4592 filius,
1701 4537 1856 4595 gente

292 4602 581 4668 Hispanus,
635 4600 800 4667 patria
842 4613 905 4650 ex
948 4598 1156 4668 Mantua
1183 4596 1549 4668 Carpetauus,
1589 4607 1857 4668 quentia-

281 4665 408 4727 meti
434 4671 523 4722 alii
567 4665 1041 4729 Tarraconensem,
1071 4666 1161 4719 alii
1208 4680 1273 4719 ex
1316 4665 1584 4720 Lusitanis
1630 4666 1856 4735 lgedita-

282 4757 409 4795 num
451 4739 616 4794 fuisse
659 4740 886 4792 volunt:
921 4738 1175 4792 Ecclesiae
1218 4737 1472 4789 Romamn
1514 4736 1613 4790 sub
1642 4738 1857 4791 Liberio

280 4813 560 4873 diaconus,
593 4809 790 4863 deinde
818 4810 1113 4877 presbyter,
1144 4806 1373 4877 denique
1403 4808 1685 4875 episcopus
1715 4821 1857 4859 anno

280 4881 388 4934 366
413 4882 758 4942 constitutus,
799 4879 902 4933 alia
935 4876 1145 4931 interim
1178 4876 1407 4930 factione
1449 4877 1698 4931 Ursinum
1739 4880 1855 4931 sive

288 4950 586 5005 Ursicinum
631 4950 913 5004 diaconum
959 4949 1141 5002 [lunias
1189 4947 1496 5015 episcopum
1545 4948 1852 5001 ordinante.

283 5022 474 5088 Magna
522 5030 767 5087 utrinque
792 5018 1154 5083 contentione,
1186 5026 1241 5071 et
1284 5019 1449 5070 multo
1473 5018 1735 5088 sanguine
1766 5032 1854 5071 res

281 5087 401 5145 acta
430 5098 531 5155 est,
561 5091 695 5143 adeo
722 5098 779 5142 ut
801 5104 908 5142 uno
934 5090 1042 5153 die,
1067 5097 1284 5141 notante
1311 5087 1613 5151 Ammiano,
1641 5102 1855 5142 cxxxvtt

282 5166 429 5216 cives
456 5160 617 5215 occisi
648 5168 789 5212 sunt.
820 5159 959 5223 Quin
983 5160 1140 5212 etiam
1171 5159 1260 5211 diu
1293 5159 1345 5211 in
1376 5156 1605 5212 Ursicini
1644 5168 1853 5225 partem

285 5232 505 5285 immani
533 5229 851 5285 crudelitate
892 5230 1147 5283 Damasus
1187 5229 1459 5291 saeviebat,
1493 5228 1536 5280 si
1570 5242 1695 5281 vera
1723 5242 1854 5280 nar-

283 5311 408 5355 rant
436 5300 716 5355 Faustinus
766 5309 821 5354 et
862 5299 1194 5353 Marcellinus
1242 5300 1295 5352 in
1346 5297 1654 5367 praefatione
1694 5312 1851 5364 quam

285 5371 493 5428 [libello
524 5385 740 5439 precum
774 5372 1160 5437 pmmiserunt.
1192 5366 1357 5423 Victo
1388 5373 1599 5439 demum
1638 5366 1849 5439 Ursino,

287 5437 545 5495 Damasus
573 5441 755 5494 sedem
788 5442 1018 5507 quietam
1048 5441 1235 5493 tenuit.
1273 5439 1427 5493 Circa
1471 5454 1559 5492 an.
1590 5437 1719 5499 569,
1753 5437 1851 5490 ha-

288 5514 394 5566 bita
438 5512 620 5565 Romae
666 5513 891 5579 synodo,
937 5510 1261 5563 Auxentium
1307 5508 1856 5579 Mediolanensemuet

283 5583 497 5636 concilii
548 5577 896 5635 Ariininensis
944 5583 1077 5632 Acta
1124 5579 1424 5640 damnavit;
1470 5579 1732 5647 fidemque
1760 5577 1853 5630 Ni-

285 5668 490 5706 caenam
530 5650 884 5705 confirmavit.
934 5652 1089 5702 Anno
1131 5648 1255 5712 575,
1288 5650 1444 5701 aliam
1474 5651 1655 5702 Itonia:
1688 5663 1849 5716 syno-

290 5724 415 5777 dum
448 5723 648 5785 habuit,
684 5723 765 5773 cui
819 5719 1058 5773 interfuit
1106 5720 1292 5775 Petrus
1318 5719 1704 5775 Alexandrinus
1735 5719 1850 5793 epi-

572 5836 843 5898 PATBOL.
893 5833 1109 5897 XCIV.

1960 3838 2180 3893 seopus,
2213 3824 2264 3875 in
2293 3834 2398 3893 qua
2426 3816 2779 3893 Apollinarem
2828 3816 3048 3893 ejusque
3096 3816 3411 3893 discipulum
3438 3819 3530 3893 ’Ῑίτ

1958 3885 2231 3948 moiheum
2278 3885 2346 3944 ob
2388 3885 2630 3941 haeresim
2669 3886 2930 3954 deposuit.
2958 3886 3114 3941 Anno
3155 3887 3280 3950 '58I,
3312 3890 3529 3947 concilii

1955 3957 2524 4027 Constantinopolitani
2555 3957 2735 4027 Patres
2776 3956 2841 4009 ad
2872 3958 3132 4027 synodum
3166 3956 3349 4011 Romae
3393 3973 3524 4012 eon-

1960 4034 2277 4103 gregandaﬁm
2311 4026 2607 4103 invitavit.
2638 4026 2896 4103 Damasus
2942 4026 3077 4103 obiit
3100 4027 3420 4103 anno_58-I._
3467 4038 3527 4082 ut

1964 4093 2186 4158 Testatur
2215 4102 2439 4166 Prosper
2469 4099 2518 4148 in
2550 4096 2835 4160 Chronico,
2866 4104 2919 4149 et
2956 4093 3150 4166 evincit
3191 4095 3517 4166 epitaphium

1962 4174 2133 4228 Siricii
2162 4172 2277 4241 ejus
2303 4164 2786 4241 successoris._Hoc
2814 4175 2989 4241 tamen
3017 4166 3070 4241 i_n
3110 4164 3333 4241 dubium
3363 4180 3517 4241 revof

1963 4253 2050 4296 cat
2105 4234 2495 4311 Papebrochios
2533 4242 2586 4289 in
2635 4236 2839 4311 Conatu
2867 4234 3407 4311 chronicis-historico
3451 4236 3519 4291 ad

1964 4303 2272 4381 Catalog'mn
2318 4308 2651 4381 pontificum,
2689 4306 2828 4374 quod
2883 4305 3233 4381 Marcellinus
3260 4303 3312 4358 in
3349 4304 3520 4381 Chro-

1967 4385 2087 4438 nico
2109 4375 2285 4437 Siricii
2316 4375 2521 4433 initium
2571 4376 2673 4430 sub
2719 4375 3067 4443 praecedentis
3113 4375 3236 4427 anni
3287 4376 3525 4428 consuli~

1888 4444 1938 4504 D
1968 4456 2063 4508 bus
2113 4453 2408 4519 consignet.
2458 4446 2563 4519 Sed
2618 4444 2952 4519 Marcellinus
3002 4446 3065 4519 Ain
3114 4444 3275 4519 hujus
3329 4446 3526 4519 saeculi

1960 4526 2121 4578 rebus
2173 4513 2472 4577 referendis
2520 4517 2591 4570 ita
2643 4515 2951 4584 frequenter
3002 4514 3053 4567 in
3121 4513 3523 4583 chronologiam

1961 4604 2166 4661 peccat,
2197 4602 2253 4646 ut
2280 4593 2474 4645 mirum
2499 4586 2691 4661 non_sit
2716 4587 2772 4661 in
2796 4584 2968 4661 Siricii
2990 4583 3210 4661 exordio
3236 4584 3519 4661 statuendo

1959 4652 2192 4720 errasse.
2221 4661 2571 4728 Hieronymus
2616 4656 2668 4728 in
2712 4653 3092 4728 Martyrologio
3136 4652 3525 4728 depositionem

1962 4732 2171 4786 Damasi
2200 4731 2265 4784 ad
2307 4746 2340 4781 χ
2390 4720 2515 4782 Dec.
2550 4724 2745 4786 refert;
2792 4720 3169 4776 auctius’vero
3216 4720 3519 4778 Chronicon

1959 4817 2196 4857 veéerum
2230 4799 2557 4868 pontificum,
2578 4804 2641 4868 get
2666 4792 2948 4868 Catalogus
2977 4804 3007 4843 a
3031 4789 3393 4868 Papebrochio
3423 4806 3522 4858 pu-

1957 4873 2181 4926 blicatus
2204 4858 2244 4931 ,’
2277 4868 2427 4936 cujus
2478 4858 2659 4936 titulus
2701 4881 2715 4917 :
2750 4858 3371 4936 Nominutapo’stolorum
3393 4899 3438 4936 ,_
3463 4869 3518 4916 et

1959 4953 2139 4997 noster
2188 4930 2358 4995 Baeda
2376 4940 2461 4991 die
2487 4951 2539 4990 ιι
2571 4934 2820 4988 Deceml).
2860 4930 3119 4985 accidisse
3142 4932 3342 4985 dicunt.
3401 4930 3515 4998 Qua

1957 5028 2021 5065 ex
2049 5011 2351 5065 diversitate
2372 5017 2618 5062 constare
2647 5003 2855 5057 videtur
2892 5001 3172 5056 Damasum
3200 5001 3287 5054 die
3311 4999 3519 5056 decima

1962 5082 2209 5137 Deeemb.
2242 5080 2307 5133 ad
2335 5079 2500 5132 Deum
2529 5076 2803 5145 migrasse,
2844 5080 2900 5125 et
2942 5071 3198 5145 postridie
3220 5073 3520 5145 sepulturas

1958 5153 2263 5206 mandatum
2311 5163 2438 5203 esse
2485 5140 2629 5216 apud
2672 5144 2810 5198 viam
2845 5142 3189 5198 Ardeatinam
3218 5141 3271 5196 in
3301 5140 3518 5195 basilica

1957 5237 2112 5291 quam
2144 5222 2256 5291 ipse
2276 5219 2604 5291 condiderat.

2034 5306 2055 5330 ο
2098 5280 2413 5344 Ιίἀςιεπιηιὶ.
2442 5289 2536 5342 llic
2562 5302 2663 5343 una
2692 5299 2811 5340 cum
2842 5282 3115 5337 Thrasone
3153 5291 3206 5336 et
3235 5280 3517 5345 Pontiano,

1958 5372 2010 5416 et
2040 5363 2155 5417 aliis
2197 5362 2376 5414 multis
2405 5358 2522 5413 sine
2568 5370 2788 5412 numero
2836 5356 3015 5407 Itonia:
3064 5354 3163 5405 sub
3198 5353 3515 5405 Maximiano

1956 5437 2231 5501 capitalem
2275 5430 2409 5499 jussi
2464 5438 2587 5501 sunt
2632 5427 2813 5501 subire
2858 5430 3197 5478 sententiam.
3248 5423 3415 5477 I’srn.
3450 5436 3516 5477 os

1957 5498 2181 5567 Nini“,
2210 5501 2434 5555 Hmaou.
2465 5498 2809 5568 Martyrolog.
2843 5563 2855 5568 _
3150 5563 3163 5568 _
3204 5532 3207 5533 ν

2030 5576 2054 5611 ά
2101 5560 2455 5641 Ηὲνηιοσεηὶδ.
2490 5560 2666 5623 1108111
2702 5560 2944 5635 paludem
2972 5563 3254 5641 quamdam
3276 5575 3395 5641 esse
3420 5560 3518 5641 de-

1959 5660 2180 5707 mersos,
2214 5656 2276 5695 ac
2297 5633 2375 5695 sic
2418 5633 2724 5708 martyrium
2756 5649 3173 5701 consummasse,
3207 5634 3430 5689 habetur
3462 5633 3514 5693 in

1960 5719 2226 5775 'l‘bt‘sattro
2254 5710 2519 5777 concion.,
2555 5722 2684 5765 tom.
2717 5708 2777 5763 II.

3057 5824 3131 5885 36
