4110 6448
600 308 739 363 4151

1318 303 1521 357 usus:
1566 283 2013 356 VEMIItAtilLlS
2052 300 2200 355 ore.
2246 299 2417 353 rans
2456 300 2546 358 tv.
2588 330 2655 341 —
2696 302 3073 361 llISTURlCA.

3731 314 3855 369 H32

1849 411 2070 467 EDI'I‘IO
2101 410 2560 468 COLONIENSIS.

609 513 761 582 Apud
793 508 1164 566 Alexandriam
1194 507 1470 562 beatorum
1502 517 1793 576 martyrum
1819 504 2093 573 Epimachi
2120 511 2177 559 et
2206 507 2252 565 Α
2281 516 2487 558 mortua
2531 509 2883 561 nuntiaretur.
2926 508 3093 575 Quam
3145 509 3362 566 lenones
3405 514 3710 572 nullatenus
3740 534 3851 572 mo-

611 604 918 667 Alexandri,
945 603 1029 671 qui
1062 600 1229 654 multo
1259 610 1500 668 tempore
1537 609 1593 653 et
1617 603 1821 667 magnis
1850 596 2174 652 cruciatibus

613 696 938 749 vinculorum
976 700 1031 745 et
1059 692 1292 745 carceris
1323 690 1467 755 torti,
1500 689 1708 757 ignibus
1739 688 1801 739 ad
1849 696 2173 754 postremum

608 786 847 842 consumi
893 783 1168 853 iubentur.
1222 781 1349 835 Item
1402 788 1704 834 sanctarum
1736 788 1961 847 quatuor
1987 775 2177 831 mulie-

610 899 745 943 rum,
804 879 1178 941 Ammonariae,
1237 876 1533 937 Mercurize,
1596 871 1892 940 ῡιοηγείςιξς
1949 879 2003 924 et
2049 870 2174 923 item

610 974 726 1025 alia:
779 970 1156 1030 Amtnonarite,
1206 981 1323 1033 qua:
1367 965 1494 1019 dum
1529 964 1686 1017 nimia
1715 961 2013 1016 constantia
2061 968 2177 1015 ute-

612 1070 791 1115 rentur
840 1060 976 1128 apud
1004 1058 1267 1127 iudicem,
1304 1065 1357 1109 et
1387 1055 1477 1108 ille
1503 1056 1843 1108 erubesceret
1870 1051 2006 1105 vinci
2036 1064 2065 1103 a
2098 1049 2177 1104 fe-

612 1152 803 1217 minis,
846 1150 1098 1203 inauditis
1150 1153 1540 1200 tormentorum
1581 1143 1867 1213 generibus
1918 1140 2178 1201 toleratis,

613 1243 769 1295 finem
814 1242 1049 1295 omnium
1100 1239 1238 1292 ferro
1288 1237 1529 1290 credente
1575 1234 1896 1303 suscipiunt,
1946 1232 2180 1303 gloriose

609 1332 746 1401 apud
779 1330 1153 1385 Alexandriam
1184 1327 1427 1395 Sepultte.

680 1424 741 1477 D.
776 1424 891 1477 lous
922 1422 1157 1475 Dsceus.
1187 1447 1256 1460 —-
1286 1418 1436 1486 Apud
1484 1418 1775 1486 Syracusas
1827 1414 2020 1471 Sicilire
2051 1413 2180 1467 civi-

612 1526 770 1571 tatem
799 1526 995 1569 sancta:
1037 1512 1210 1567 Lucite
1239 1511 1460 1578 virginis
1498 1519 1552 1564 et
1583 1506 1855 1577 martyris,
1881 1522 2000 1575 qua:
2032 1517 2183 1572 passa

610 1618 691 1662 est
738 1606 1103 1675 persecutione
1144 1601 1453 1657 Diocletiani
1508 1609 1561 1652 et
1600 1598 1897 1651 Maximiani
1946 1597 2044 1648 sub
2086 1594 2189 1647 Pa-

610 1700 822 1754 schasio
870 1695 1160 1751 consulari.
1192 1694 1312 1747 ilmc
1346 1690 1672 1745 nobilissima
1708 1689 2181 1757 Syracusanorum,

615 1799 892 1859 postquam
943 1790 1121 1843 omnia
1166 1802 1259 1841 sua
1295 1800 1412 1853 quae
1455 1785 1521 1837 de
1562 1782 1871 1852 parentibus
1898 1784 1944 1835 ei
1978 1796 2189 1834 reman-

2282 613 2403 651 vere
2455 608 2716 666 poterant.
2749 599 2898 654 Tunc
2945 601 3191 669 praecepit
3240 603 3560 660 Paschasius
3590 620 3645 661 ut
3673 610 3843 678 ignem

2279 693 2551 761 cepiosum
2606 694 2746 748 circa
2778 709 2895 748 eam
2937 696 3307 759 accenderent,
3339 710 3390 751 et
3419 700 3589 767 picem
3633 713 3683 755 et
3720 706 3845 758 resi-

2283 798 2424 848 nam,
2475 794 2530 838 et
2578 784 2789 838 fervens
2834 786 3009 839 oleum
3066 801 3225 854 super
3270 804 3385 841 eam
3420 791 3721 857 iactarent;
3755 796 3841 848 sed

2289 874 2376 927 illa
2424 874 2475 927 in
2526 875 2738 928 nomine
2788 875 2993 927 Domini
3055 879 3199 929 stetit
3255 878 3557 933 immobilis.
3614 880 3838 937 Tandem

2281 963 2457 1031 gladio
2501 964 2551 1015 in
2609 973 2821 1032 gutture
2876 979 3051 1019 merso
3107 980 3393 1032 percussa,
3465 971 3695 1036 quandiu
3758 989 3841 1025 ro-

2284 1054 2380 1107 luit
2465 1054 2669 1107 turbam
2739 1054 3166 1108 circumstantem
3246 1057 3471 1109 allocuta
3557 1072 3677 1122 est,
3744 1076 3835 1118 nec

2283 1146 2499 1199 omnino
2533 1157 2737 1198 mortua
2774 1156 2873 1205 est,
2914 1146 3084 1199 donec
3115 1147 3445 1202 venientibus
3482 1152 3837 1207 sacerdotibus

2284 1235 2712 1287 communionem
2750 1234 3003 1287 dominici
3033 1236 3272 1300 corporis
3298 1248 3351 1291 et
3401 1242 3672 1307 sanguinis
3699 1244 3837 1294 arei-

2286 1336 2467 1394 peret;
2497 1325 2699 1392 sepulta
2729 1325 2783 1379 in
2836 1326 2953 1379 loco
2982 1324 3037 1378 in
3069 1341 3174 1393 quo
3199 1341 3445 1394 percussa
3490 1341 3590 1395 est,
3625 1331 3837 1387 basilica

2286 1431 2442 1483 supra
2472 1430 2668 1483 corpus
2697 1415 2812 1481 eius
2841 1414 3176 1484 postmodum
3200 1416 3474 1472 aedilicata.

2361 1506 2419 1558 Ε.
2472 1504 2591 1557 XIX
2638 1503 2877 1558 KALEND.
2908 1503 3028 1558 Jan.
3078 1532 3147 1543 —
3185 1509 3333 1573 Apud
3362 1509 3692 1565 Antiochiam
3723 1528 3841 1567 san-

2287 1605 2494 1650 ctorum
2540 1605 2831 1665 martyrum
2868 1594 3050 1652 Drusi.
3084 1593 3305 1660 Zosimi,
3336 1601 3542 1654 Arsenii
3582 1613 3636 1655 et
3664 1602 3839 1658 lsidori

2288 1697 2447 1755 atque
2477 1685 2768 1740 Theodori.
2805 1685 2957 1753 Apud
2986 1687 3362 1743 Alexandriam
3392 1691 3659 1747 beatorum
3706 1711 3841 1749 mar-

2291 1786 2463 1847 tyrum
2511 1776 2759 1841 Heronis,
2790 1776 3052 1843 Dioscori,
3083 1779 3171 1847 qui
3210 1779 3308 1833 sub
3338 1780 3560 1835 Deciana
3592 1800 3831 1851 persecu-

611 1854 813 1943 serant,
864 1878 1204 1946 pauperibus,
1254 1875 1453 1937 viduis,
1484 1874 1760 1942 orphanis,
1790 1872 2103 1941 peregrinis,
2134 1880 2187 1925 ct
2218 1854 2263 1913 Β
2290 1870 2434 1923 tione
2490 1870 2649 1923 variis
2681 1871 2964 1923 tormentis
3007 1870 3271 1934 dilaniati,
3322 1872 3606 1930 novissime
3638 1877 3839 1945 ignibus

615 1974 722 2028 Deo
746 1971 1096 2028 servientibus
1140 1969 1400 2035 distraxit,
1433 1982 1461 2021 a
1504 1982 1701 2035 Sponso
1728 1981 1843 2031 suo,
1876 1963 2017 2034 quod
2046 1974 2188 2018 esset

612 2065 934 2130 Christiana,
963 2061 1253 2115 Paschasio
1282 2060 1482 2121 delata,
1514 2058 1888 2128 lmpellebatur
1929 2056 1993 2109 ad
2021 2055 2186 2109 sacri-

614 2156 877 2209 ficandum
921 2154 1277 2207 dmmonibus.
1329 2152 1461 2217 Quae
1502 2166 1623 2205 cum
1670 2149 1821 2204 nullo
1866 2148 2023 2203 modo
2049 2162 2181 2202 con-

612 2247 856 2308 sentiret,
893 2244 1121 2298 traditur
1164 2243 1464 2309 lenonibus,
1498 2252 1552 2295 ut
1586 2243 1834 2310 populum
1866 2240 1929 2294 ad
1960 2240 2178 2294 castita—

612 2349 720 2392 tem
776 2337 891 2407 ejus
940 2337 1245 2401 invitarent,
1296 2344 1349 2389 et
1399 2334 1580 2388 tandiu
1619 2334 1982 2398 deluderetur,
2014 2332 2183 2385 donec

2288 1968 2412 2013 sunt
2459 1956 2657 2012 traditi.
2689 1955 2822 2011 Item
2855 1958 2995 2013 beati
3035 1959 3272 2028 Lupicini
3306 1960 3614 2019 Viennensis
3665 1966 3840 2021 Eccle-

2286 2049 2382 2103 size
2408 2049 2577 2103 octavi
2606 2048 2869 2117 episcopi.
2893 2049 3045 2117 Apud
3069 2048 3301 2118 Cyprum
3330 2052 3506 2107 natale
3530 2056 3696 2109 sancti
3718 2056 3838 2126 Spi-

2287 2138 2492 2194 ridonis
2541 2137 2778 2207 episcopi
2839 2139 3165 2193 admirandae
3209 2141 3545 2197 beatitudinis
3598 2146 3715 2209 viri,
3758 2151 3842 2214 qui

2286 2246 2422 2286 unus
2486 2228 2583 2283 fuit
2626 2229 2697 2286 de
2743 2232 2848 2285 illis
2892 2232 3303 2299 confessoribus,
3333 2249 3463 2303 quos
3505 2234 3843 2295 Maximianus

2291 2324 2495 2379 dextris
2526 2325 2695 2377 oculis
2738 2323 2969 2393 emissis,
3018 2333 3073 2380 et
3098 2327 3315 2380 sinistro
3356 2329 3548 2398 poplite
3583 2331 3843 2407 succisso,

1856 2421 2081 2476 EDII‘IO
2122 2412 2624 2475 BOLLANDIANA.

617 2521 829 2574 Donati.
860 2519 923 2572 V.
957 2518 1013 2573 Β.
1044 2516 1104 2571 (Ἰ.
1140 2518 1227 2582 D.,
1262 2516 1328 2569 Et
1351 2516 1572 2567 aliorum
1602 2512 1779 2580 viginti
1811 2510 2056 2564 duorum.
2089 2510 2176 2573 D.,

614 2590 764 2655 Apud
788 2588 1162 2643 Alexandriam
1190 2593 1213 2619 ⁸
1233 2584 1498 2652 Epitnaclti
1529 2595 1580 2636 et
1610 2582 1914 2655 Alexandri;
1943 2583 2030 2655 qui
2057 2595 2177 2655 enni

614 2650 783 2712 multo
807 2668 1044 2725 tempore
1067 2658 1116 2709 in
1151 2650 1370 2708 vinculis
1393 2664 1445 2708 et
1466 2654 1782 2708 cruciatibus
1806 2654 2034 2725 carceris
2059 2650 2177 2705 torti

611 2740 663 2785 et
694 2722 931 2784 confecti
963 2726 1423 2797 perdurassetttjn
1474 2726 1597 2797 iide,
1642 2725 1851 2797 ignibus
1891 2722 1955 2775 ad
1976 2732 2175 2797 _extre-

618 2818 759 2853 mum
788 2790 1036 2868 iubent-ur
1064 2798 1323 2868 consumi.
1360 2795 1442 2868 [_..,
1472 2796 1534 2868 It_t_
1559 2790 1688 2868 pago
1722 2790 2038 2868 Yllilmth‘T.
2063 2796 2176 2868 ⁸Λ.,

615 2859 879 2935 υιξροεῖιὶο
909 2869 964 2922 S.
994 2867 1018 2903 δ
1052 2867 1322 2921 Walerici.
1368 2859 1471 2935 ι...
1500 2859 1771 2935 Ερἰξέᾳυί.
1804 2861 1889 2923 Τ.,
1939 2859 2169 2935 confes-

608 2929 766 2991 soris.
802 2941 864 2991 A.
893 2939 983 2998 Τ..
1035 2937 1089 2989 ln
1139 2936 1405 3001 llispaniis
1447 2933 1507 2987 S.
1538 2943 1559 2970 ε
1596 2932 1811 2985 Eulaliae
1851 2940 1905 2984 et
1953 2929 2171 2983 alterius

596 3001 835 3076 'virginis
864 3008 1082 3060 nimiutn
1112 3016 1282 3058 tortzc.

694 3128 863 3182 l5.—
895 3126 1081 3179 lotam.
1116 3124 1299 3178 Natale
1338 3122 1395 3177 S.
1426 3121 1600 3176 Luciae
1642 3120 1859 3190 virginis
1898 3118 1965 3173 de
2013 3116 2178 3188 Syra-

614 3220 756 3275 cusis
805 3218 903 3273 sub
946 3214 1227 3269 Paschasio
1254 3213 1558 3268 consulari:
1588 3226 1746 3282 quam
1793 3224 1914 3265 cum
1962 3209 2182 3263 lenones

613 3323 954 3378 corrumpere
982 3348 996 3374 ,
1036 3307 1255 3375 iubente
1302 3304 1623 3366 Paschasio,
1685 3301 1909 3364 vellent,
1959 3299 2181 3352 nullate-

613 3417 710 3457 nus
750 3416 869 3456 eam
902 3412 1115 3453 movere
1146 3406 1445 3465 potuerunt,
1478 3408 1575 3449 nec
1616 3394 1824 3449 funibus
1855 3390 2046 3446 additis
2089 3398 2180 3444 aut

621 3495 782 3545 boum
824 3491 1035 3560 paribus
1080 3488 1349 3557 plurimis;
1404 3487 1607 3555 picem,
1660 3486 1920 3545 resinam,
1973 3483 2181 3539 fervens

612 3584 812 3648 oleum,
844 3578 973 3635 nihil
1004 3579 1125 3632 lazsa
1153 3578 1404 3644 suscepit.
1430 3575 1665 3629 Tandem
1690 3575 1864 3644 gladio
1896 3574 1946 3627 in
1973 3573 2175 3627 viscera

614 3688 812 3739 merso,
847 3685 1119 3742 percussa,
1151 3684 1248 3723 nec
1289 3678 1462 3722 tamen
1491 3679 1697 3721 mortua
1744 3676 1845 3731 est,
1879 3666 2049 3719 donec
2093 3677 2179 3717 ve-

622 3764 890 3821 nientibus
917 3760 1296 3827 sacerdotibus,
1328 3759 1753 3813 communionem
1785 3755 2033 3812 dominici
2063 3768 2178 3807 coro

2290 2504 2433 2573 poris
2457 2512 2512 2557 et
2538 2500 2809 2570 sanguinis
2838 2505 3059 2572 accepit.
3090 2504 3250 2559 Passa
3279 2516 3357 2561 est
3388 2516 3625 2577 tempore
3645 2510 3845 2567 Diocle-

2288 2594 2413 2649 tiani
2442 2601 2497 2648 et
2528 2593 2848 2647 Maximiani.

2359 2686 2517 2739 Deest
2547 2686 2647 2737 hoc
2692 2685 2934 2737 ultimum
2982 2684 3226 2741 Lmticnsi
3268 2689 3362 2742 Ms.
3396 2692 3737 2747 Atrebatense
3767 2706 3843 2747 est

2290 2756 2342 2809 in
2390 2756 2649 2823 principio
2692 2756 3059 2808 contractius:
3090 2761 3217 2821 Qua:
3260 2776 3378 2811 cum
3418 2763 3513 2814 sub
3562 2762 3845 2817 Paschasio

2288 2828 2494 2893 picem,
2570 2824 2798 2878 resinam
2854 2834 2909 2879 et
2965 2828 3169 2883 fervens
3216 2829 3387 2882 oleum
3443 2831 3601 2884 illicsa
3661 2848 3845 2887 susce-

2331 2905 2474 2947 isset.

2292 2910 2510 3017 p'siili'.
2544 2962 2627 3027 L.,
2662 2963 2781 3031 Ipso
2806 2965 2893 3019 die
2922 2966 2973 3019 in
3005 2966 3172 3019 Gallia
3201 2967 3482 3022 Cameraco
3510 2970 3719 3024 civitate
3747 2973 3845 3027 de-

2215 3034 2261 3097 C
2297 3034 2495 3107 positio
2514 3033 2572 3088 S.
2597 3034 2621 3069 ἀ
2647 3038 2885 3089 Autberti
2916 3036 3146 3103 episcopi
3174 3047 3228 3089 et
3256 3040 3591 3092 cont‘eSsoris.
3625 3046 3712 3107 A.,
3748 3043 3845 3097 Per

2288 3119 2445 3177 quem
2480 3104 2730 3177 Dominus
2760 3108 3010 3177 miracula
3054 3107 3261 3173 operari
3310 3108 3551 3174 dignatus
3592 3122 3675 3163 est
3699 3104 3845 3177 pra:-

2289 3176 2449 3227 clara.
2482 3176 2570 3240 T.,
2606 3176 2799 3229 Eodem
2828 3176 2914 3229 die
2945 3177 3205 3240 depositio
3232 3177 3289 3231 S.
3317 3185 3339 3212 ε
3369 3177 3548 3231 Jtidoci
3577 3176 3846 3236 confesso-

2290 3246 2387 3301 ris.
2432 3244 2516 3308 Ι...
2544 3246 2856 3316 _Et_natale
2898 3245 2956 3301 S.
2988 3242 3007 3283 ί
3040 3246 3223 3299 Udiliae
3271 3247 3515 3316 virginis;
3542 3265 3661 3316 qua:
3703 3267 3843 3306 caeca

2288 3324 2428 3375 nata.
2463 3313 2557 3367 sed
2589 3330 2616 3367 a
2647 3313 2755 3367 Deo
2803 3326 3003 3379 curata,
3050 3324 3102 3368 et
3143 3317 3209 3370 de
3246 3313 3394 3369 sacro
3442 3313 3582 3371 fonte
3618 3335 3646 3369 a
3679 3324 3846 3375 tribus

2289 3385 2550 3460 episcopis
2580 3394 2821 3460 suscepta
2855 3384 2973 3460 fuit.
3097 3383 3182 3447 C.,
3205 3387 3351 3460 _Alih_i
3388 3388 3703 3460 Leocandidi
3735 3390 3843 3460 [C.,

2282 3452 2535 3524 Locandi]
2574 3455 2897 3509 confessoris
2928 3466 2981 3511 et
3014 3454 3291 3509 Valentini.
3324 3457 3408 3522 8.,
3439 3456 3699 3512 Ravenna
3735 3452 3848 3513 ita;

2284 3525 2386 3575 tale
2432 3521 2534 3577 SS.
2563 3525 2818 3578 Valentini
2866 3537 2920 3580 et
2977 3524 3241 3579 Leuchadi
3296 3521 3680 3583 coiifessorum.
3731 3530 3844 3584 Ile-

2282 3594 2527 3673 diolano,
2570 3598 2744 3663 passio
2799 3595 2898 3650 SS.
2945 3606 3237 3667 martyrum
3269 3604 3292 3643 ϐ
3323 3598 3560 3653 Gervasii
3604 3612 3657 3653 et
3714 3598 3847 3654 Pro-

2288 3671 2426 3715 tasn.

2357 3754 2443 3806 14.
2467 3783 2536 3793 -
2560 3752 2677 3808 XIX
2706 3754 2842 3810 ΚΜ..
2868 3755 2986 3812 Jan.
3023 3754 3185 3810 Vacat
3216 3755 3387 3810 Baeda.

1997 3843 2201 3900 SMITH
2241 3840 2465 3897 ΝΟΤιΕ.

689 3967 711 3993 ι
756 3956 1048 4025 Epimachi.
1084 3958 1156 4011 De
1186 3958 1267 4011 his
1298 3956 1417 4011 vide
1440 3956 1657 4020 Euscb.,
1690 3972 1759 4019 vr,
1794 3956 1882 4010 41.
1916 3955 2084 4011 Graeci
2113 3957 2179 4009 de

618 4029 903 4094 Epimacho
976 4039 1137 4094 agunt
1200 4032 1424 4082 natalem
1487 4028 1626 4079 diem
1682 4026 1847 4095 pridie
1898 4025 2017 4080 Kal.
2075 4027 2180 4079 No-

617 4099 815 4161 \‘Blllb.,
849 4097 964 4166 eius
992 4112 1118 4150 vero
1146 4098 1547 4151 translationem
1571 4097 2080 4165 Constantinopolim
2105 4095 2182 4149 fa-

614 4182 748 4219 ciam
774 4169 1012 4219 recolunt
1045 4182 1073 4219 v
1098 4167 1217 4220 Idus
1240 4167 1434 4221 Martii.

685 4236 709 4273 ιι
748 4236 1009 4289 Waterici.
1040 4238 1139 4300 Qui
1181 4238 1275 4290 fuit
1302 4237 1670 4291 Arvernensis.
1707 4234 1843 4288 Vixit
1889 4235 2180 4289 monachus

615 4308 663 4357 in
696 4306 1018 4359 mOnusterio
1046 4310 1269 4360 Autumo
1298 4317 1351 4359 et
1380 4304 1752 4371 Antissiodori,
1784 4306 1905 4358 dein
1940 4306 2177 4359 Luxovii.

617 4382 653 4426 A
686 4390 809 4441 rege
838 4374 1068 4427 Clotario
1097 4390 1212 4426 eum
1243 4390 1503 4428 consensu
1549 4374 1914 4429 Ambranensis
1942 4377 2173 4442 episcopi

616 4446 785 4495 locum
811 4444 1115 4496 Leuconaus
1143 4446 1190 4495 in
1222 4460 1351 4512 pago
1376 4443 1716 4498 thmacensi
1738 4446 1801 4495 ad
1835 4445 2175 4498 habitandum

614 4513 838 4578 accepit,
871 4514 956 4564 tibi
1004 4520 1376 4567 monasterium
1410 4515 1722 4567 construxit.
1754 4513 1897 4567 Obiit
1940 4515 2093 4568 hodie
2124 4524 2179 4570 et

614 4585 825 4649 quidem
874 4585 957 4651 die
1008 4582 1298 4645 Dotninico,
1332 4585 1540 4637 vivente
1590 4597 1711 4651 rege
1755 4583 2004 4648 Clotario,
2038 4600 2178 4638 anno

610 4653 808 4707 ChriSIi
850 4650 981 4707 622.
1035 4653 1235 4719 Duplici
1282 4656 1382 4705 alia
1440 4650 1745 4707 celebritate
1790 4653 1982 4706 colitur
2037 4655 2175 4708 idem

611 4731 829 4776 sanctus
868 4726 920 4775 in
962 4736 1058 4776 suo
1088 4725 1443 4777 tuoiiaSterio:
1479 4738 1669 4791 nempe
1700 4722 1812 4776 Kal.
1850 4725 2042 4790 April.,
2074 4739 2178 4792 quo

612 4793 698 4845 die
728 4794 780 4845 in
819 4794 1059 4846 Romano
1099 4794 1471 4864 Martyrologio
1518 4798 1686 4845 loenm
1719 4795 1897 4858 habet,
1934 4809 2175 4848 eorume-

614 4873 853 4916 moratur
890 4865 1006 4929 eius
1052 4863 1324 4917 translatio
1354 4863 1402 4915 a’
1433 4866 1710 4917 Bercundo
1740 4866 2175 4917 Ambianensium

612 4934 861 5001 episcOpo
902 4930 1039 4986 facta
1066 4947 1097 4986 e
1126 4934 1324 5000 capella
1354 4932 1406 4986 in
1434 4949 1533 5002 qua
1565 4935 1739 5002 ipsius
1763 4948 1955 4997 corpus
1998 4933 2177 5001 sepul-

613 5014 721 5055 tum
753 5002 923 5055 fuerat
952 5002 1003 5055 in
1026 5003 1303 5055 ecclesiam
1330 5001 1633 5055 monasterii
1666 5001 2009 5069 principalem
2037 5005 2174 5062 :alia

612 5074 890 5125 celebritas
920 5071 1102 5125 incidit
1139 5072 1189 5123 in
1236 5072 1374 5125 diem
1424 5073 1708 5125 secundam
1760 5070 1931 5135 Junii,
1964 5075 2177 5141 quando

612 5142 849 5208 eiusdem
888 5156 1077 5209 corpus
1120 5156 1183 5194 ex
1233 5141 1536 5194 Bertiniano
1583 5146 1906 5193 monasterio
1953 5144 2174 5195 relatum

613 5223 691 5264 est
723 5226 813 5276 per
841 5211 1111 5280 Hugonem
1132 5212 1383 5279 Capetum
1406 5226 1545 5262 anno
1566 5210 1690 5280 98!.
1717 5209 1844 5263 Vide
1865 5211 1978 5275 ejus
2005 5211 2173 5263 Vitam

615 5284 665 5333 in
698 5279 982 5335 Mabilloriii
1014 5281 1209 5335 sarculo
1239 5296 1274 5335 ιι
1321 5284 1440 5334 Act.
1472 5281 1599 5334 Ben.
1631 5279 1742 5334 Non
1792 5292 1935 5334 recte
1981 5282 2176 5335 dicitur

611 5365 910 5419 episcopus.

640 5426 703 5501 ,ε
745 5419 989 5475 Eulalite.
1052 5419 1209 5487 Vide,
1265 5434 1459 5489 supra,
1518 5434 1568 5473 iv
1617 5419 1742 5474 ldus
1800 5418 1955 5489 huius
2018 5433 2173 5474 men-

610 5503 705 5542 Sis-

683 5558 708 5596 ἀ
739 5561 982 5614 Autberti.
1016 5560 1073 5615 S.
1106 5559 1390 5613 Autbertns
1420 5560 1622 5614 refulsit
1650 5558 1977 5626 temporibus
2009 5560 2175 5628 [lago-

613 5626 747 5680 berti
782 5632 915 5696 regis
982 5631 1091 5683 Sub
1139 5646 1202 5683 eo
1248 5630 1519 5682 llatinonia
1566 5630 1874 5681 mirabiliter
1928 5632 1976 5681 in
2017 5626 2172 5682 Chri-

610 5697 779 5750 stiana
818 5697 1069 5768 religione
1094 5701 1251 5768 coepit
1281 5701 1501 5765 ﬂorere;
1537 5700 1718 5754 habuit
1745 5703 1885 5755 enim
1920 5702 1968 5753 in
2000 5716 2061 5753 ea
2093 5701 2171 5752 di-

2209 4412 2257 4471 D

2283 3955 2516 4021 seipnlos
2559 3954 2903 4009 Landelinnm
2936 3953 3179 4009 abbatem
3211 3955 3477 4026 Crispinii,
3511 3957 3842 4015 Vincentium

2284 4026 2656 4094 Madelgarium
2688 4029 2957 4096 comitem,
2986 4036 3039 4078 et
3068 4028 3340 4096 coniugem
3381 4029 3495 4096 eius
3534 4028 3591 4084 S.
3628 4030 3845 4085 Walde-

2285 4098 2513 4149 trudetn.
2546 4096 2687 4149 Obiit
2736 4093 3008 4167 cameraci
3058 4097 3196 4149 circa
3232 4093 3329 4149 'an.
3363 4093 3483 4161 668,
3514 4110 3568 4153 et
3608 4103 3846 4167 sepultus

2285 4175 2367 4219 est
2405 4175 2553 4219 extra
2584 4180 2762 4217 muros
2790 4166 2839 4217 in
2864 4164 2929 4237 _S.
2980 4166 3118 4219 Petri
3164 4167 3407 4229 ecclesia,
3436 4184 3551 4236 qua:
3579 4164 3845 4237 ampliatis

2284 4238 2548 4289 moenibus
2580 4250 2717 4287 nunc
2746 4244 2828 4286 est
2863 4235 2996 4286 intra
3028 4251 3226 4299 muros,
3255 4238 3313 4290 S.
3342 4235 3577 4291 Autberti
3607 4235 3843 4294 ab'batia.

2289 4304 2417 4357 Vide
2448 4304 2563 4373 eius
2598 4304 2766 4356 Vitam
2797 4306 2931 4371 apud
2963 4306 3197 4369 Surium,
3230 4317 3358 4359 tom.
3392 4309 3474 4360 γι.

2357 4380 2380 4407 θ
2407 4374 2614 4427 Ιιιίιοοὶ.
2647 4376 2760 4438 Quo
2805 4389 2945 4427 anno
2983 4376 3039 4429 S.
3071 4375 3297 4429 Judocus
3343 4377 3549 4440 obierit,
3585 4378 3843 4432 incertum

2280 4453 2383 4498 est.
2412 4443 2645 4498 Judicael
2681 4444 2961 4498 Britanniae
2990 4446 3206 4498 minoris
3234 4462 3322 4500 rex
3350 4444 3547 4500 Judoco
3574 4447 3718 4501 fratri
3744 4457 3847 4502 Ar-

2281 4529 2496 4585 moricae
2518 4516 2772 4585 ditionem
2800 4516 3069 4582 resignare
3093 4516 3255 4569 voluit
3280 4532 3416 4569 anno
3445 4517 3720 4585 Dagoberti
3754 4520 3841 4581 15,

2279 4582 2477 4636 Christi
2507 4583 2627 4635 656.
2658 4582 2913 4647 Judociis,
2947 4585 3237 4651 impetratis
3267 4596 3386 4638 octo
3434 4582 3632 4639 dierum
3688 4590 3843 4641 indu-

2279 4656 2398 4717 ciis,
2430 4655 2481 4705 in
2515 4655 2791 4706 Pontivum
2822 4654 2971 4725 fugit,
3003 4656 3087 4706 ubi
3120 4654 3255 4723 apud
3300 4656 3617 4725 liaytnonem
3649 4658 3839 4712 ducem

2279 4737 2374 4791 per
2401 4734 2603 4790 septem
2634 4737 2801 4775 annos
2830 4724 3143 4790 hospitatus,
3176 4741 3315 4778 anno
3344 4724 3467 4789 ολδ,
3499 4728 3549 4779 in
3594 4730 3842 4781 solitudi-

2278 4808 2399 4847 nem
2449 4794 2819 4847 Brahicensem
2850 4808 2910 4847 se
2954 4796 3171 4860 recepit.
3207 4797 3412 4849 Exactis
3447 4798 3635 4849 ibidem
3681 4800 3839 4853 anuis

2277 4873 2423 4929 octo,
2450 4862 2670 4916 secessit
2698 4861 2748 4914 in
2794 4862 2966 4916 locum
3012 4866 3163 4930 cuius
3192 4867 3504 4919 vocabulum
3536 4867 3836 4931 ltuniacus;

2277 4934 2428 4985 annis
2458 4932 2540 4997 l5,
2560 4946 2683 5005 seu,
2732 4932 2804 4985 uti
2834 4934 2995 5005 apud
3022 4932 3229 5005 Suriutn
3274 4936 3479 5005 legitur,
3508 4938 3567 4989 14
3591 4937 3697 4991 illic
3724 4952 3843 4991 mo.

2278 5013 2507 5056 raturus.
2560 5001 2757 5055 Ultimo
2805 5003 3043 5057 consedit
3091 5003 3142 5055 in
3193 5001 3661 5059 loco'monasterii
3714 5010 3837 5072 sui;

2276 5074 2504 5137 quandiu
2536 5072 2605 5125 ibi
2652 5073 2928 5136 manserit,
2970 5072 3184 5126 dubium
3228 5085 3328 5129 est.
3362 5077 3513 5129 Certe
3562 5076 3837 5131 aediﬁcatts

2278 5140 2413 5194 facili
2445 5143 2860 5215 _opera_duobus
2890 5142 3155 5215 oratoriis,
3192 5146 3426 5215 ltomano
3474 5146 3659 5199 itinere
3716 5162 3844 5215 per-

2276 5225 2321 5281 at
2343 5222 2414 5275 to,
2444 5212 2586 5265 brevi
2616 5211 2911 5266 decessisse
2942 5213 3178 5265 scribunt
3207 5214 3522 5278 Florentius,
3554 5217 3689 5281 apud
3716 5211 3840 5270 ‘Sn-

2276 5280 2437 5347 rinrn,
2471 5281 2721 5353 torn.Vl,
2757 5291 2824 5353 et_
2860 5294 3042 5353 auctor
3089 5297 3383 5353 anonymus
3411 5288 3543 5352 apud
3592 5280 3839 5339 Mabillo-

2276 5353 2443 5414 nium,
2471 5352 2665 5404 saeculo
2703 5366 2758 5403 ιι.
2801 5350 3033 5405 Judocus
3061 5350 3385 5406 autem'ante
3412 5350 3604 5408 annum
3636 5356 3839 5411 Christi

2274 5418 2378 5473 665
2407 5421 2625 5473 ltomatn
2672 5422 2937 5487 profectus
2964 5432 3081 5486 est;
3109 5424 3356 5488 quocirca
3387 5426 3498 5477 eius
3540 5428 3715 5478 obitus
3759 5428 3838 5479 vi-

2274 5489 2426 5543 detur
2450 5490 2513 5542 ad
2545 5505 2738 5541 annum
2769 5492 2869 5543 668
2899 5490 3225 5545 referendus.

2352 5563 2370 5601 ί
2409 5560 2612 5611 Oditiw.
2641 5562 2767 5624 Qua:
2789 5562 2976 5615 claruit
3007 5564 3145 5614 circa
3167 5576 3361 5615 annum
3391 5561 3517 5627 700,
3548 5573 3603 5617 ut
3627 5575 3835 5620 constat

2274 5642 2338 5684 ex
2368 5629 2563 5681 Chron.
2590 5629 2767 5682 Germ.

2346 5708 2371 5746 ς
2403 5699 2641 5753 Cervarii.
2672 5702 2740 5754 be
2771 5700 2850 5754 his
2878 5701 3016 5765 vide,
3042 5716 3219 5771 supra,
3246 5701 3331 5756 die
3356 5716 3441 5755 XIX
3468 5702 3627 5756 Junii.
