4110 6460
285 300 413 353 IRS

1395 297 1582 353 SECT.
1628 297 1689 352 li.
1738 326 1806 338 —
1838 290 2391 354 MARTYROLOGIA.

3366 276 3513 351 tm

1521 412 1742 468 ΙὶῐὶΙἸῚΟ
1779 407 2246 467 COLONIENSIS.

279 524 369 574 per
400 508 607 560 metalla
660 507 1022 574 damnaverat,
1049 508 1138 574 qui
1188 506 1345 561 etiam
1381 504 1846 575 propheticamvi-
1880 524 1922 575 Α
1952 500 2206 562 Candidi,
2262 497 2473 552 Creliani
2503 538 2515 556 .
2566 495 2763 560 Marci,
2818 494 3053 549 Januarii
3107 502 3162 549 et
3215 494 3510 556 Fortunati.

277 608 379 648 tam
405 596 577 649 duxit.
608 595 863 664 Lugdune
894 594 1077 649 Galiiai
1122 596 1289 649 sancti
1327 596 1553 649 Viatoris
1583 593 1842 662 episcopi.

282 686 497 739 lthemis
550 684 740 739 Nicasii
771 686 1027 754 epiSCOpi,
1087 696 1139 739 et
1190 685 1482 755 Eutropia,
1518 684 1764 753 Aspedia:
1795 693 1848 739 et

274 777 551 831 Theodoli.

345 867 403 920 F.
452 867 611 921 XVIII
662 867 895 923 ΚΑιεΝι).
929 868 1046 923 JAN.
1081 898 1149 909 --
1189 869 1336 937 Apud
1381 868 1617 922 Africam
1667 870 1843 923 sancti

278 957 536 1011 Valeriani
565 959 797 1026 episcopi
842 968 897 1014 et
924 959 1268 1025 confessoris,
1308 961 1395 1029 qui
1430 971 1667 1028 tempore
1703 960 1840 1012 Van-

273 1048 455 1102 daliczc
507 1051 890 1116 persecutionis
944 1066 1062 1105 cum
1127 1068 1189 1103 ex
1239 1063 1500 1120 przecepto
1571 1050 1839 1106 Gcnserici

273 1139 409 1207 regis
441 1141 617 1194 Ariani
677 1140 741 1193 ad
773 1141 1086 1196 tradendum
1144 1143 1321 1197 divina
1352 1143 1599 1211 mysteria
1650 1142 1732 1195 vel
1779 1141 1841 1194 li-

275 1230 396 1283 bros
443 1236 775 1284 arctarentor
825 1233 1007 1285 cuncti
1062 1233 1266 1286 Domini
1321 1232 1646 1297 sacerdotes,
1681 1232 1752 1284 ita
1785 1239 1841 1284 ut

272 1319 409 1373 idem
462 1321 606 1389 impii
652 1323 830 1376 Ariani
880 1324 945 1376 de
994 1324 1120 1391 ipsis
1154 1323 1326 1392 palliis
1368 1324 1547 1375 altaris
1593 1320 1841 1374 caniisias

270 1413 371 1465 sibi
419 1422 471 1466 et
523 1413 795 1467 femoralia
848 1415 1100 1477 facerent,
1147 1415 1368 1467 viriliter
1412 1430 1477 1466 ne
1508 1421 1839 1465 sacramenta

273 1503 450 1557 divina
484 1507 716 1558 traderet
762 1505 1043 1570 dimicans,
1097 1516 1243 1558 extra
1294 1504 1561 1559 civitatem
1598 1503 1837 1571 singula-

270 1591 400 1646 riter
428 1593 621 1658 expelli
659 1594 836 1661 jussus
865 1603 968 1659 e~t,
1013 1602 1067 1648 et
1095 1593 1165 1648 ita
1201 1602 1542 1662 praeceptum,
1576 1604 1632 1647 ut
1663 1594 1839 1648 nullos

270 1696 393 1735 eum
424 1698 593 1750 neque
622 1683 672 1736 in
702 1684 879 1747 domo,
910 1699 1080 1753 neque
1109 1685 1160 1737 in
1195 1700 1322 1753 agro
1359 1684 1647 1740 dimitteret
1680 1684 1837 1737 habi-

278 1783 411 1828 tare.
464 1776 702 1844 Cumque
744 1784 883 1828 esset
929 1790 1185 1829 annormu
1229 1777 1501 1843 plusquam
1549 1775 1832 1843 octrginta,

272 1862 324 1914 in
364 1872 523 1917 strata
566 1865 766 1931 publica
800 1865 963 1918 multo
1019 1873 1253 1933 tempore
1296 1866 1459 1933 jacuit
1508 1865 1679 1919 nudus
1728 1866 1827 1919 sub

268 1965 415 2017 aere,
444 1952 623 2020 sicque
670 1955 718 2006 in
766 1955 1098 2010 confessione
1126 1955 1401 2010 catholicae
1450 1956 1685 2011 veritatis
1716 1971 1837 2011 cur-

268 2054 385 2095 siim
428 2042 597 2097 beata:
646 2046 766 2097 vitae
820 2046 1073 2113 implevit.
1131 2046 1429 2101 Aurelianis
1482 2048 1622 2102 beati
1666 2048 1836 2102 Maxi-

268 2132 398 2187 mini
441 2135 752 2205 presbyteri.
808 2135 860 2189 In
909 2135 1083 2191 Africa
1134 2138 1306 2192 natale
1347 2136 1616 2200 Faustini,
1668 2136 1835 2199 Lucii,

2020 591 2081 643 ϐ.
2135 588 2271 643 XVII
2301 586 2542 642 Kscasa.
2574 586 2696 639 Jan.
2740 615 2807 623 —
2840 584 3144 654 Martyrium
3177 584 3330 639 trium
3369 587 3516 641 viro-

1952 699 2065 737 rum
2096 691 2401 736 sanctorum
2434 679 2671 744 Ananizc,
2708 677 2907 731 Azaria:
2936 685 2989 730 et
3020 677 3269 731 Misaclis.
3319 677 3374 732 In
3405 677 3517 732 Tu-

1953 773 2061 827 scia
2091 781 2290 825 sanctze
2334 769 2579 822 Barbara:
2634 766 2871 836 virginis,
2916 781 3032 834 qua;
3064 774 3303 834 tempore
3348 766 3517 820 Maxi-

1949 863 2165 915 miniani
2234 842 2568 925 imperatoris
2634 869 2785 923 passa
2842 864 2923 908 est
2956 870 3049 922 pro
3109 854 3340 908 Christo.
3391 854 3517 908 ll;ec

1948 953 2173 1019 primum
2222 965 2250 1003 a
2282 960 2431 1017 patre
2481 964 2576 1003 suo
2627 948 2882 1001 Dioscoro
2925 946 3014 999 diu
3044 946 3236 1001 afﬂicta
3265 947 3363 1002 sub
3401 947 3512 1001 dira

1945 1040 2205 1105 custodia,
2239 1039 2432 1093 deinde
2462 1039 2651 1091 tradita
2701 1036 2908 1104 prtesidi
2940 1035 3224 1102 Marciano,
3252 1046 3305 1091 et
3333 1051 3521 1107 exspo-

1946 1130 2090 1193 liata,
2128 1131 2307 1182 nervis
2335 1129 2533 1181 taurcis
2570 1126 2722 1179 valde
2767 1141 2905 1179 cresa
2935 1134 2987 1179 et
3017 1126 3278 1194 discerpta
3322 1134 3423 1191 est,
3464 1138 3519 1182 et

1943 1220 2117 1273 cilicio
2147 1219 2309 1287 plaga‘
2337 1217 2450 1287 ejus
2499 1216 2799 1277 defricataz;
2836 1214 2957 1268 inde
2994 1220 3196 1269 reclusa
3242 1215 3293 1269 in
3333 1231 3517 1270 carce-

1945 1328 2079 1377 rem,
2110 1313 2197 1365 ubi
2244 1312 2363 1364 luce
2395 1309 2571 1364 divina
2603 1309 2874 1363 consolata
2905 1317 3005 1360 est.
3042 1306 3241 1362 Deinde
3269 1309 3407 1361 circa
3440 1308 3515 1361 Ia-

1944 1411 2053 1457 tera
2096 1406 2211 1470 ejus
2241 1401 2512 1470 lampades
2541 1399 2839 1468 applicataa,
2874 1407 2927 1451 et
2966 1398 3170 1451 malleis
3212 1407 3371 1467 caput
3400 1399 3515 1466 ejus

1941 1509 2156 1557 cmsum,
2189 1503 2240 1545 et
2266 1492 2510 1545 mamilla:
2530 1492 2643 1558 ejus
2668 1489 2932 1557 praecisre;
2960 1486 3152 1542 deinde
3174 1503 3267 1557 per
3314 1497 3515 1556 plateas

1941 1586 2320 1647 circumducta,
2347 1596 2397 1637 et
2421 1584 2645 1651 ﬂagellis
2665 1581 2962 1635 diutissime
2991 1580 3184 1633 afﬂicta
3210 1590 3313 1643 est,
3337 1580 3402 1634 ad
3419 1596 3513 1640 ex-

1942 1685 2166 1732 tremum
2190 1689 2313 1728 vero
2332 1673 2508 1742 gladio
2534 1673 2843 1741 martyrium
2867 1671 3269 1725 consummavit.
3302 1671 3510 1726 Raven-

1940 1785 2020 1824 nae
2044 1767 2331 1830 Valentini,
2376 1764 2610 1830 Navalis,
2666 1763 2944 1831 Agricobe,
2973 1760 3254 1816 Concordi.
3299 1763 3515 1821 Vienna?

1943 1861 2077 1914 beati
2132 1858 2330 1912 Adonis
2377 1858 2630 1924 episeopi.
2683 1855 2880 1909 Eodem
2929 1854 3016 1908 die
3071 1855 3345 1909 translatio
3387 1872 3517 1911 san-

1943 1960 2147 2005 ctorum
2180 1957 2466 2017 martyrum
2506 1944 2789 2013 Simplicii,
2821 1941 3053 1997 Faustini
3087 1953 3140 1999 et
3171 1946 3440 2003 Beatricis.

2014 2042 2079 2096 A.
2109 2037 2245 2094 XVII
2269 2039 2503 2092 KALEND.
2535 2036 2651 2091 Jan.
2695 2064 2765 2076 —-
2801 2035 3100 2091 Translatio
3129 2038 3296 2091 sancti
3335 2037 3517 2106 Ignatil

1948 2133 2217 2202 martyris,
2278 2130 2363 2197 qui
2420 2128 2607 2182 tertius
2642 2135 2759 2195 post
2814 2125 3025 2181 Petrum
3074 2127 3367 2194 apostolum
3400 2130 3518 2183 Au.-

1504 2225 1731 2280 EDITIO
1770 2219 2273 2278 BULLANDIANA.

342 2313 527 2367 Florus
572 2314 625 2368 in
654 2315 718 2368 A.
750 2314 812 2369 Τ.
848 2314 909 2369 L.
937 2333 948 2367 :
981 2314 1314 2387 Jerosolyma
1362 2316 1541 2384 passio
1571 2316 1669 2372 SS.
1698 2315 1829 2370 Josti

269 2413 328 2458 et
360 2406 597 2470 Abundi;
638 2406 724 2474 qui
772 2414 894 2475 post
942 2406 1143 2475 alapas,
1172 2420 1416 2461 carceres
1445 2413 1500 2460 et
1548 2416 1690 2460 rotas
1728 2404 1836 2474 igni

273 2495 453 2549 traditi
499 2505 623 2548 sunt
654 2496 754 2547 sub
803 2495 1125 2550 Numeriano
1158 2496 1480 2565 imperatore
1529 2505 1580 2549 et
1622 2495 1839 2565 Olybrio

269 2585 541 2654 prtelecto.
594 2586 849 2655 Lngduno
898 2585 993 2658 [L.
1024 2603 1124 2640 om.
1154 2587 1433 2656 Lugdune,
1464 2583 1586 2657 αα]
1629 2586 1840 2639 civitate

268 2677 533 2743 depositio
554 2675 610 2731 8.
640 2676 867 2730 Viatoris
893 2679 1149 2746 episcopi.
1174 2677 1393 2732 Rhemis
1423 2678 1598 2745 passio
1621 2679 1676 2731 8.
1708 2687 1733 2713 θ
1750 2676 1841 2730 Ni-

267 2767 399 2822 casii
429 2769 659 2837 episcopi
692 2768 765 2841 [et
796 2771 1061 2839 martyris,
1091 2770 1399 2837 sororisque
1422 2771 1538 2835 ejus
1570 2770 1838 2836 Eutropia:

269 2857 495 2927 virginis
522 2875 640 2913 cum
669 2860 788 2913 aliis
816 2861 1052 2927 ejusdem
1093 2861 1236 2915 urbis
1265 2860 1469 2914 civibus
1495 2858 1546 2929 δ]
1590 2860 1675 2926 qui
1706 2860 1839 2912 mis-

270 2964 453 3004 sarum
484 2950 904 3005 solemnitatibus
935 2953 1182 3021 peractis,
1216 2966 1243 3004 a
1279 2950 1529 3005 Vandalis
1571 2950 1704 3004 infra
1736 2950 1837 3005 Ec-

268 3040 489 3095 clesiain
525 3040 897 3094 Ithemensium
928 3055 1111 3108 passus
1131 3052 1213 3094 est
1242 3041 1571 3110 martyrium.

335 3131 411 3211 .B.
452 3129 511 3184 C.
560 3129 644 3194 V.,
680 3130 950 3210 Lugdune
1105 3130 1335 3184 Victoris
1373 3128 1834 3254 [gyaniaotoris],

335 3217 486 3254 tenna
514 3210 534 3237 ο
564 3200 821 3254 Lupicini.
849 3201 1061 3252 Ithemis
1093 3200 1265 3253 natale
1287 3200 1344 3253 8.
1422 3214 1560 3252 icasu
1585 3215 1834 3254 eotsconi.

275 3201 486 3256 Vienna
514 3210 534 3237 ο
564 3200 821 3264 Lupicini.
849 3200 1061 3252 lihemis
1093 3200 1265 3253 natale
1287 3200 1344 3253 S.
1373 3200 1560 3254 Nicasii
1585 3200 1837 3267 episcopi.

268 3275 337 3328 Β.
373 3271 554 3337 primis
585 3270 790 3323 duobus
831 3270 976 3322 addit
1025 3270 1233 3323 titulum
1266 3270 1497 3338 episcOpi
1528 3280 1583 3323 et
1628 3271 1839 3336 deposi-

271 3341 474 3416 t_ion.eni
522 3340 913 3416 nominat._D._,
946 3339 1258 3416 Sanctorum
1301 3348 1599 3416 martyrum
1645 3341 1830 3416 Drusi,
1862 3355 1908 3416 ο

269 3408 504 3471 Zosimi,
536 3420 587 3461 et
631 3408 919 3463 'I‘heodori.
968 3410 1049 3474 B.,
1091 3409 1142 3463 In
1191 3408 1471 3467 Antiochia
1519 3411 1691 3463 natale
1740 3411 1833 3465 SS.

271 3479 433 3532 Drusi
458 3488 510 3531 et
536 3478 798 3532 sociorum
828 3478 961 3547 ejus.

351 3568 436 3621 15.
459 3596 528 3605 —
554 3567 717 3621 XVIII
744 3567 879 3621 ΚΑΙ..
914 3568 1073 3621 Vacat
1106 3568 1278 3623 Ba‘da.

349 3659 536 3713 Florus
565 3657 615 3713 in
649 3660 711 3715 Α.
745 3659 808 3713 Τ.
859 3659 959 3713 L.:
1011 3662 1308 3715 Aurelianis
1357 3661 1623 3730 depositio
1673 3661 1843 3715 sancti

270 3748 574 3804 Maximiani
650 3750 937 3820 presbyteri
1018 3760 1071 3806 et
1128 3751 1449 3807 confessoris
1517 3752 1844 3823 (ﬂuctuque

266 3840 427 3896 etiam
470 3841 529 3895 Β.
575 3840 687 3911 V.),
718 3842 806 3910 qui
847 3842 897 3896 in
928 3855 1131 3895 summa
1179 3843 1427 3913 religione
1471 3844 1689 3915 degens,
1731 3845 1847 3914 ejus

1941 2308 2140 2365 meritis
2173 2308 2332 2361 multa
2360 2305 2606 2360 miracula
2640 2304 2890 2358 Dominus
2919 2304 3123 2371 opt-rari
3155 2304 3394 2374 dignatus
3415 2317 3517 2362 est-

2017 2400 2104 2462 D.,
2143 2395 2404 2449 Valeriani
2430 2392 2457 2430 ά
2485 2394 2715 2461 episcopi
2760 2404 2811 2444 et
2841 2392 3182 2447 confessoris.
3235 2394 3294 2447 Ο.
3341 2395 3427 2462 V.,
3462 2397 3515 2454 In

1956 2468 2131 2524 Africa
2175 2468 2231 2520 8.
2277 2465 2475 2525 Fausti,
2508 2463 2973 2534 Liicii,7CaAodidi,
3006 2468 3418 2534 martyrumaA.
3453 2468 3516 2525 Τ.

1949 2540 2007 2592 L.
2045 2539 2127 2602 8.,
2153 2538 2205 2589 In
2234 2535 2409 2608 Arrica
2441 2537 2611 2588 natale
2641 2533 2739 2588 SS.
2772 2531 2991 2587 Candidi
3023 2531 3371 2608 |B.,'Candi],
3398 2536 3518 2593 Ca).

1948 2609 2120 2663 ciliani
2151 2618 2203 2660 et
2234 2605 2431 2658 Fausti.
2958 2630 2961 2633 ι

2022 2699 2109 2753 16.
2132 2730 2199 2739 ——
2231 2695 2365 2749 XVII
2392 2694 2527 2749 ΚΜ..
2556 2693 2721 2748 Vacat
2753 2694 2925 2747 Bteda.

2022 2788 2111 2853 D.,
2140 2786 2324 2839 Trium
2358 2786 2921 2855 martyrum_Ananim,
2949 2784 3152 2855 Azariae
3180 2794 3233 2838 et
3263 2784 3513 2847 Misaelis.

1946 2859 2007 2912 B.
2040 2851 2129 2921 V.',
2152 2856 2398 2910 Ravenna
2424 2851 2597 2907 natale
2616 2851 2716 2911 SS.
2744 2855 2766 2883 °
2794 2853 3075 2917 Valentini,
3102 2854 3331 2913 Navalis.
3358 2859 3508 2923 Agri.

1947 2929 2100 2991 colm,
2132 2926 2458 2980 Concordiae.
2505 2924 2567 2976 Α.
2595 2924 2657 2975 'I‘.
2693 2923 2776 2986 L.,
2809 2922 3058 2976 Ravenna
3092 2924 3263 2977 natale
3292 2924 3389 2978 88.
3411 2922 3517 2979 Va-

1949 2998 2155 3060 lentini,
2189 2995 2417 3057 Navalis,
2446 2993 2807 3063 et_Concordii
2853 2991 3050 3063 [R.,et
3076 2992 3385 3063 Concordi].
3419 2999 3506 3061 A.,

1950 3067 2005 3122 In
2050 3066 2236 3121 Tuscia
2287 3065 2461 3133 passio
2504 3060 2619 3133 8.]
2651 3060 2893 3133 Barbarie
2938 3062 3155 3130 virginis
3196 3065 3297 3118 sub
3346 3060 3509 3119 Maxi-

1950 3140 2123 3191 miano
2168 3130 2504 3203 imperatore.
2553 3130 2640 3193 'I‘.,
2671 3131 3061 3203 Et__'l‘rans_itos_
3093 3133 3163 3203 8.
3195 3141 3233 3203 si
3254 3133 3504 3203 Everardi

1946 3200 2289 3260 confessoris.
2322 3206 2404 3269 8.,
2436 3203 2642 3256 Arelate
2662 3200 2924 3254 dedicatio
2953 3200 3182 3255 basilica:
3204 3202 3262 3255 S.
3288 3202 3314 3240 ιι
3336 3203 3509 3260 Gene—

1946 3277 2009 3330 sii
2042 3274 2312 3345 martyris.

2011 3370 2095 3424 I7.
2118 3398 2189 3409 —
2223 3365 2239 3403 ί
2275 3363 2391 3421 XVI
2420 3363 2552 3418 ΚΑι..
2588 3361 2770 3417 Natale
2799 3361 2855 3416 8.
2885 3360 2900 3412 i
2941 3360 3119 3431 Ignatii
3168 3363 3405 3433 episcopi
3456 3374 3512 3421 et

1950 3461 2229 3530 martyris;
2262 3457 2351 3526 qui
2384 3456 2569 3510 tertius
2614 3454 2910 3508 Antiochia:
2958 3461 3077 3520 post
3123 3451 3339 3508 Petrum
3386 3471 3519 3524 apo-

1948 3551 2140 3607 stolum
2192 3549 2494 3617 episcopus,
2523 3545 2836 3599 duodecimo
2866 3543 3075 3613 Trajani
3123 3560 3279 3612 anno,
3312 3546 3378 3602 ad
3424 3549 3519 3602 be.

1949 3644 2079 3697 stias
2111 3643 2313 3698 vinctus
2347 3644 2528 3697 Romae
2559 3642 2753 3698 missus
2779 3652 2883 3697 est.
2914 3643 3169 3712 Reliquiae
3200 3653 3373 3698 tamen
3401 3660 3520 3700 cor-

1954 3736 2097 3804 poris
2120 3735 2235 3804 ejns
2260 3734 2557 3789 Antiochiae
2581 3735 2757 3803 jacent
2780 3733 3077 3804 (Hucusque
3097 3734 3164 3788 A.
3190 3744 3234 3789 et
3262 3735 3352 3806 T.)
3371 3746 3519 3797 extra

1952 3838 2158 3896 portam
2188 3825 2214 3864 ¹ι
2248 3827 2612 3897 Daphniticam
2643 3826 2695 3883 in
2722 3828 3026 3883 C'temeterio
3054 3827 3313 3884 ecclesizn.

1651 3938 1855 3992 SMI'I‘H
1895 3939 2119 3995 ΝΟΤΕ.

349 4038 372 4065 υ
406 4026 621 4081 Nicasii.
665 4027 725 4079 lli
776 4028 911 4094 passi
958 4037 1079 4081 sunt
1124 4044 1263 4081 anno
1307 4027 1430 4091 455,
1482 4038 1539 4081 ιιι
1586 4038 1726 4094 patet
1775 4045 1839 4084 ex

271 4098 540 4153 Chronico
624 4097 908 4151 Rbeuiensi
998 4100 1133 4166 apud
1204 4100 1398 4153 Labbei
1470 4099 1600 4153 Bibl.
1682 4115 1837 4163 no\t.,

264 4182 406 4222 20in.
435 4168 475 4221 Ι.

275 4259 289 4267 ·
350 4242 375 4281 δ
407 4240 487 4290 Ab
515 4248 558 4289 et
587 4239 823 4305 martyris
850 4236 913 4290 ad
942 4238 1133 4291 civibus
1159 4239 1307 4293 deest
1335 4240 1385 4290 in
1416 4237 1479 4291 Τ.

352 4315 375 4345 ο
404 4306 658 4374 Lupicini.
688 4308 1015 4375 Maurolycus
1038 4318 1093 4361 et
1122 4308 1414 4362 Galesuiios
1439 4309 1664 4363 natalem
1697 4309 1839 4363 illius

266 4376 544 4432 celebrant
575 4376 674 4430 hac
700 4377 807 4441 die,
841 4378 1026 4443 quibus
1052 4378 1266 4431 Tabula:
1298 4376 1549 4432 Ecclesia:
1578 4378 1837 4435 Viennen-

265 4449 351 4502 sis
378 4449 427 4500 in
455 4444 618 4499 Gallia
643 4448 1010 4511 astipulantur.

350 4520 375 4560 d
414 4515 697 4571 Valeriani.
744 4517 967 4570 Abensis
1005 4518 1233 4571 civitatis
1262 4520 1311 4571 in
1345 4516 1517 4569 Africa
1564 4519 1834 4586 episcOpi;

264 4587 364 4658 qui
398 4588 520 4639 dum
551 4586 771 4658 viriliter
812 4598 1146 4658 sacramenta
1194 4589 1466 4658 divinane
1498 4587 1725 4641 traderet
1752 4590 1835 4641 di-

270 4654 549 4722 micasset,
598 4656 738 4708 foras
778 4654 1042 4709 civitatem
1070 4658 1348 4726 singularis
1371 4656 1549 4724 jussus
1574 4667 1655 4710 est
1683 4660 1835 4721 pelli;

268 4737 333 4782 et
364 4730 430 4779 ita
464 4736 781 4794 pra~ceptum
820 4733 899 4778 est
930 4735 985 4778 ut
1011 4728 1181 4780 nullos
1205 4742 1325 4782 eum
1351 4767 1366 4786 ,
1402 4742 1569 4793 neque
1599 4728 1649 4780 in
1681 4728 1841 4781 domo

269 4812 452 4865 neque
483 4798 531 4847 in
556 4811 703 4864 agro,
731 4794 1021 4849 dimitteret
1060 4797 1316 4850 habitare.
1347 4798 1441 4861 Qui
1474 4799 1525 4848 in
1552 4806 1708 4851 strata
1736 4814 1840 4861 pu-

267 4868 411 4920 blica
443 4866 609 4918 multo
654 4875 890 4931 tempore
920 4866 1057 4919 nude
1094 4866 1257 4933 jacoit
1291 4868 1340 4919 in
1385 4882 1529 4919 aere.
1564 4870 1836 4920 Annorum

266 4947 452 4988 autem
483 4944 595 4987 erat
637 4935 753 5002 plus
781 4949 901 4987 ιιι.
934 4937 1131 4991 Vtcron
1176 4937 1439 5004 VtrasSts,
1469 4938 1536 4991 de
1580 4938 1836 4992 Persecu-

265 5004 422 5059 tione
452 5004 716 5057 Africana.

358 5081 380 5108 °
421 5072 959 5148 Valentinilﬂagistri
992 5077 1241 5139 militum,
1268 5075 1545 5129 Concordii
1570 5075 1685 5142 ejus
1718 5076 1834 5141 filii,

262 5145 489 5201 Navalis
518 5154 571 5197 et
596 5145 878 5214 Agricolae,
909 5151 997 5215 qui
1041 5148 1090 5199 in
1125 5148 1490 5213 persecutione
1535 5148 1836 5199 Maximiani

264 5232 374 5285 pro
419 5216 630 5269 Christo
663 5218 798 5281 passi
845 5227 984 5270 sunt.
1018 5216 1251 5280 Ipsorum
1302 5216 1610 5285 martyrium
1658 5226 1839 5270 narrat

264 5287 587 5355 Ilieronym.
618 5285 776 5349 Itub.,
809 5287 1002 5340 Histor.
1034 5286 1255 5350 lIaven.,
1289 5287 1326 5339 l.
1363 5302 1416 5341 it.

354 5355 370 5391 ι
408 5354 668 5410 Barbam.
702 5356 823 5411 Ilaec
856 5358 1082 5423 primum
1111 5374 1138 5409 a
1173 5368 1318 5423 patre
1346 5372 1442 5410 suo
1472 5355 1720 5409 Dioscoro
1748 5355 1838 5409 diu

260 5425 477 5481 afﬂicta
508 5425 607 5478 sub
635 5426 749 5478 dira
790 5428 1047 5489 custodia,
1081 5427 1204 5480 dein
1234 5428 1422 5480 tradita
1458 5428 1669 5494 praesidi
1704 5427 1838 5480 Mar-

261 5499 443 5557 tiano,
479 5496 791 5562 exspoliata,
824 5498 998 5550 nervis
1037 5506 1090 5550 et
1120 5498 1315 5551 tanreis
1356 5497 1508 5551 valde
1535 5511 1694 5558 caesa,
1727 5500 1837 5549 dis-

261 5576 464 5637 cerpta,
490 5574 591 5629 est,
650 5575 703 5617 et
731 5566 903 5619 cilicio
936 5567 1097 5637 plagc
1127 5566 1239 5632 ejus
1271 5566 1558 5637 defricatze.
1596 5567 1717 5620 Inde
1749 5582 1835 5619 re-

260 5641 423 5691 clusa
454 5636 504 5689 in
533 5649 775 5699 carcere;
808 5650 927 5689 mox
957 5636 1093 5689 circa
1126 5637 1284 5689 latera
1316 5636 1430 5705 ejus
1459 5637 1725 5703 lampades
1754 5652 1838 5689 ar-

260 5712 464 5762 dentes
494 5706 786 5775 appliczitzc,
815 5715 868 5760 et
898 5714 1055 5775 caput
1083 5708 1195 5776 ejus
1225 5709 1427 5762 malleis
1455 5716 1754 5771 contusum,
1785 5713 1838 5761 ct

1946 4030 2191 4103 mamillis
2241 4030 2359 4103 ejus
2398 4030 2662 4103 praecisae.
2720 4029 2940 4103 Deinde
2975 4031 3111 4085 nuda
3167 4047 3263 4102 per
3320 4034 3520 4103 plateas

1944 4100 2122 4163 ducta,
2159 4111 2212 4153 et
2255 4100 2479 4168 ﬂagellis
2525 4100 2821 4154 diutissime
2864 4101 3057 4153 afﬂicta
3088 4100 3199 4165 est;
3232 4103 3297 4157 ad
3322 4100 3518 4159 extre-

1944 4186 2086 4224 muni
2116 4169 2288 4238 gladio
2321 4171 2631 4239 martyrium
2659 4172 3067 4239 consummavit.
3094 4172 3227 4225 Aoo.

2017 4247 2041 4283 Β
2076 4239 2342 4292 Everardi.
2374 4238 2471 4293 Hic
2498 4239 2722 4307 quiescit
2752 4242 2804 4293 in
2833 4238 3051 4293 Cisonio
3082 4245 3139 4296 S.
3170 4242 3373 4297 Callisti
3404 4260 3519 4298 mn-

1945 4310 2199 4383 nisterio,
2233 4311 2371 4383 quod
2399 4318 2483 4383 est
2512 4310 2887 4383 cauonicognn
2918 4312 3203 4383 ordinisS.
3236 4313 3515 4383 Augustini

1944 4382 2079 4434 inter
2110 4380 2310 4432 Insulas
2338 4389 2392 4431 et
2420 4379 2738 4433 Tornacoin.
2772 4378 2892 4432 Fuit
2944 4380 3049 4434 dux
3104 4378 3507 4449 Fiirojulieiisis,

1868 4445 1916 4504 D
1942 4451 2035 4504 sed
2063 4451 2181 4503 vine
2206 4449 2487 4503 sanctitate
2517 4449 2759 4517 insignis,
2788 4456 2874 4518 qui
2908 4450 3050 4504 dicto
3080 4445 3378 4508 Cismiiensi
3407 4445 3514 4509 coal

1944 4522 2100 4573 nobio
2131 4520 2335 4574 initium
2365 4520 2528 4574 dedit.
2558 4520 2708 4585 Quod
2744 4520 2966 4573 Meierus
3013 4528 3161 4574 notat
3203 4537 3346 4575 anno
3387 4525 3510 4579 838.

1942 4589 2154 4644 Festum
2184 4590 2532 4658 depositionis
2561 4599 2644 4642 est
2677 4588 2740 4641 16
2782 4590 3114 4652 Decembris;
3150 4594 3511 4647 translationis

1938 4660 2025 4713 die
2072 4660 2139 4712 10
2187 4658 2424 4726 ejusdem
2472 4659 2688 4713 mensis.
2720 4658 2996 4723 MOLANUS,
3031 4660 3082 4712 in
3112 4658 3352 4715 Indiculo
3390 4678 3512 4716 san-

1939 4741 2144 4783 ctorum
2184 4727 2370 4794 Belgii.

2011 4796 2035 4835 ι·
2078 4796 2297 4851 Genetii.
2341 4795 2507 4866 Ilnjus
2555 4795 2746 4851 natalis
2794 4796 3098 4852 celebratur
3145 4797 3233 4853 die
3280 4798 3351 4856 25
3398 4801 3509 4859 Λα,

1976 4878 2099 4922 ιιειι.

1976 4884 2099 4922 ιιδιι.

1938 4884 1969 4937 Β
2018 4940 2033 4975 ι
2078 4939 2226 4991 Hunc
2255 4936 2394 4990 diem
2424 4951 2549 4990 cum
2576 4935 2819 5005 sequenti
2853 4937 3066 4991 invertit
3096 4937 3157 4994 C.

2012 5011 2025 5058 Ι
2067 5008 2283 5077 Iguatii.
2325 5008 2488 5062 Sacra
2532 5008 2586 5062 S.
2633 5007 2818 5076 lgnatii
2847 5023 2967 5061 ossa
3013 5010 3162 5063 initio
3204 5010 3385 5065 Romae
3430 5010 3512 5065 iti-

1937 5080 2070 5147 signi
2121 5083 2238 5149 loco
2284 5078 2565 5149 deposita,
2599 5087 2779 5143 postea
2836 5079 3174 5133 Antiochiam
3236 5090 3509 5149 reportata

1938 5160 2082 5204 sunt.
2113 5148 2512 5203 Solemnitatem
2557 5147 2692 5200 hanc
2721 5149 2995 5202 celebrant
3023 5149 3193 5204 Graeci
3221 5147 3514 5206 29’Janua-

1939 5220 2021 5282 rii,
2054 5219 2223 5271 Latini
2255 5231 2380 5270 vero
2413 5218 2475 5269 I7
2523 5218 2847 5272 Decembris.
2882 5221 2953 5270 Ex
2989 5220 3185 5274 Latinis
3217 5222 3365 5274 solus
3400 5222 3510 5276 Ga-

1940 5290 2157 5343 lesinius
2209 5288 2345 5340 hanc
2391 5288 2787 5340 translationem
2838 5288 3075 5342 celebrat
3126 5292 3179 5344 in
3228 5290 3504 5355 Januario,

1940 5374 2042 5411 non
2094 5369 2267 5411 tamen
2317 5357 2403 5409 die
2448 5354 2540 5417 29,
2588 5371 2733 5410 more
2783 5355 3111 5423 Graecorum,
3143 5362 3234 5414 sed
3273 5359 3348 5414 I8
3397 5354 3505 5415 die.

1940 5428 2085 5498 Ilanc
2109 5428 2501 5498 translationem
2530 5427 2782 5479 describit
2805 5425 3213 5498 Chrysostomus
3243 5434 3292 5482 in
3328 5432 3505 5483 homi-

1939 5498 2028 5551 lia.
2053 5496 2357 5552 Galesioius
2378 5497 2561 5550 scribit
2588 5500 2724 5551 hunc
2756 5496 3147 5553 translationem
3173 5500 3360 5554 famam
3386 5513 3509 5555 eSse

1942 5575 2179 5637 proximo
2209 5575 2325 5633 post
2354 5575 2667 5635 martyrium
2692 5582 2853 5618 anno.

1958 5708 1969 5711 _
2011 5636 2436 5711 "ADaphttiticnnt.
2463 5635 2649 5711 Postea
2675 5635 2940 5711 translata:
2964 5638 3198 5711 reliquiae
3221 5640 3319 5697 sub
3337 5638 3507 5698 Theo.

1940 5708 2091 5767 dosio
2115 5707 2331 5763 iuniore
2355 5707 2408 5762 in
2436 5706 2687 5775 templum
2712 5705 3015 5777 Tychxum.
