  <div class='ocr_page' id='page_1' title='image "/cluster/home/n/w/nwhite01/storage/ocr_20150623/94/umn.31951002477387e/574.png"; bbox 0 0 4110 6522; ppageno 0'>
   <div class='ocr_carea' id='block_1_1' title="bbox 274 357 412 411">
    <p class='ocr_par' dir='ltr' id='par_1_1' title="bbox 274 357 412 411">
     <span class='ocr_line' id='line_1_1' title="bbox 274 357 412 411; baseline -0.007 -1"><span class='ocrx_word' id='word_1_1' title='bbox 274 357 412 411; x_wconf 77' lang='lat' dir='ltr'><strong>H57</strong></span> 
     </span>
    </p>
   </div>
   <div class='ocr_carea' id='block_1_2' title="bbox 1380 358 3543 421">
    <p class='ocr_par' dir='ltr' id='par_1_2' title="bbox 1380 358 3543 421">
     <span class='ocr_line' id='line_1_2' title="bbox 1380 358 3543 421; baseline 0.002 -5"><span class='ocrx_word' id='word_1_2' title='bbox 1380 358 1568 416; x_wconf 85' lang='lat' dir='ltr'><strong>SECT.</strong></span> <span class='ocrx_word' id='word_1_3' title='bbox 1613 359 1676 414; x_wconf 94' lang='lat' dir='ltr'><strong>ll.</strong></span> <span class='ocrx_word' id='word_1_4' title='bbox 1715 388 1785 400; x_wconf 92' lang='lat'><strong><em>—</em></strong></span> <span class='ocrx_word' id='word_1_5' title='bbox 1825 362 2381 421; x_wconf 72' lang='lat' dir='ltr'><strong>MARTYROLOGIA.</strong></span> <span class='ocrx_word' id='word_1_6' title='bbox 3410 368 3543 421; x_wconf 65' lang='lat'><strong>11.33</strong></span> 
     </span>
    </p>
   </div>
   <div class='ocr_carea' id='block_1_3' title="bbox 1505 474 2234 532">
    <p class='ocr_par' dir='ltr' id='par_1_3' title="bbox 1505 474 2234 532">
     <span class='ocr_line' id='line_1_3' title="bbox 1505 474 2234 532; baseline 0.004 -4"><span class='ocrx_word' id='word_1_7' title='bbox 1505 474 1731 529; x_wconf 84' lang='lat' dir='ltr'><strong>EDITIO</strong></span> <span class='ocrx_word' id='word_1_8' title='bbox 1770 475 2234 532; x_wconf 83' lang='lat' dir='ltr'><strong>COLONIENSIS.</strong></span> 
     </span>
    </p>
   </div>
   <div class='ocr_carea' id='block_1_4' title="bbox 346 564 3541 644">
    <p class='ocr_par' dir='ltr' id='par_1_4' title="bbox 346 564 3541 644">
     <span class='ocr_line' id='line_1_4' title="bbox 346 564 3541 644; baseline 0.003 -24"><span class='ocrx_word' id='word_1_9' title='bbox 346 566 407 620; x_wconf 81' lang='grc' dir='ltr'>Ε.</span> <span class='ocrx_word' id='word_1_10' title='bbox 437 566 528 622; x_wconf 82' lang='lat' dir='ltr'><strong>XII</strong></span> <span class='ocrx_word' id='word_1_11' title='bbox 557 564 799 622; x_wconf 66' lang='grc' dir='ltr'><strong>ΚΑιεΝυ.</strong></span> <span class='ocrx_word' id='word_1_12' title='bbox 828 566 949 623; x_wconf 70' lang='lat' dir='ltr'><strong>Jan.</strong></span> <span class='ocrx_word' id='word_1_13' title='bbox 978 596 1049 607; x_wconf 91' lang='lat'><strong>—-</strong></span> <span class='ocrx_word' id='word_1_14' title='bbox 1096 567 1282 622; x_wconf 85' lang='lat' dir='ltr'><strong>Natale</strong></span> <span class='ocrx_word' id='word_1_15' title='bbox 1310 567 1450 623; x_wconf 90' lang='lat' dir='ltr'><strong>beati</strong></span> <span class='ocrx_word' id='word_1_16' title='bbox 1481 569 1703 623; x_wconf 71' lang='lat' dir='ltr'><strong>Tliomre</strong></span> <span class='ocrx_word' id='word_1_17' title='bbox 1728 583 1856 636; x_wconf 87' lang='lat' dir='ltr'><strong>apo-</strong></span> <span class='ocrx_word' id='word_1_18' title='bbox 1882 572 1934 630; x_wconf 77' lang='grc' dir='ltr'>Α</span> <span class='ocrx_word' id='word_1_19' title='bbox 1964 583 2065 621; x_wconf 84' lang='lat' dir='ltr'><strong>tina</strong></span> <span class='ocrx_word' id='word_1_20' title='bbox 2092 568 2178 622; x_wconf 92' lang='lat' dir='ltr'><strong>die</strong></span> <span class='ocrx_word' id='word_1_21' title='bbox 2212 570 2586 635; x_wconf 92' lang='lat' dir='ltr'><strong>persecutione</strong></span> <span class='ocrx_word' id='word_1_22' title='bbox 2614 570 2923 626; x_wconf 73' lang='lat' dir='ltr'><strong>Diocletiani</strong></span> <span class='ocrx_word' id='word_1_23' title='bbox 2951 574 3189 627; x_wconf 92' lang='lat' dir='ltr'><strong>coronati</strong></span> <span class='ocrx_word' id='word_1_24' title='bbox 3216 584 3358 630; x_wconf 90' lang='lat' dir='ltr'><strong>sunt.</strong></span> <span class='ocrx_word' id='word_1_25' title='bbox 3387 575 3541 644; x_wconf 83' lang='lat' dir='ltr'><strong>Apud</strong></span> 
     </span>
    </p>
   </div>
   <div class='ocr_carea' id='block_1_5' title="bbox 272 655 1851 727">
    <p class='ocr_par' dir='ltr' id='par_1_5' title="bbox 272 655 1851 727">
     <span class='ocr_line' id='line_1_5' title="bbox 272 655 1851 727; baseline -0.001 -16"><span class='ocrx_word' id='word_1_26' title='bbox 272 658 416 723; x_wconf 83' lang='lat' dir='ltr'><strong>stoli,</strong></span> <span class='ocrx_word' id='word_1_27' title='bbox 448 657 537 726; x_wconf 87' lang='lat' dir='ltr'><strong>qui</strong></span> <span class='ocrx_word' id='word_1_28' title='bbox 587 656 798 710; x_wconf 80' lang='lat' dir='ltr'><strong>Parthis</strong></span> <span class='ocrx_word' id='word_1_29' title='bbox 843 667 896 711; x_wconf 90' lang='lat' dir='ltr'><strong>et</strong></span> <span class='ocrx_word' id='word_1_30' title='bbox 940 655 1104 711; x_wconf 80' lang='lat' dir='ltr'><strong>Medis</strong></span> <span class='ocrx_word' id='word_1_31' title='bbox 1136 656 1481 727; x_wconf 85' lang='lat' dir='ltr'><strong>Evangelinm</strong></span> <span class='ocrx_word' id='word_1_32' title='bbox 1535 658 1851 727; x_wconf 72' lang='lat' dir='ltr'><strong>pricdicans,</strong></span> 
     </span>
    </p>
   </div>
   <div class='ocr_carea' id='block_1_6' title="bbox 276 748 1860 819">
    <p class='ocr_par' dir='ltr' id='par_1_6' title="bbox 276 748 1860 819">
     <span class='ocr_line' id='line_1_6' title="bbox 276 748 1860 819; baseline 0.005 -21"><span class='ocrx_word' id='word_1_33' title='bbox 276 763 460 815; x_wconf 81' lang='lat' dir='ltr'><strong>passus</strong></span> <span class='ocrx_word' id='word_1_34' title='bbox 490 756 571 801; x_wconf 86' lang='lat' dir='ltr'><strong>est</strong></span> <span class='ocrx_word' id='word_1_35' title='bbox 600 748 649 800; x_wconf 93' lang='lat' dir='ltr'><strong>in</strong></span> <span class='ocrx_word' id='word_1_36' title='bbox 693 748 861 801; x_wconf 91' lang='lat' dir='ltr'><strong>India.</strong></span> <span class='ocrx_word' id='word_1_37' title='bbox 892 748 1100 817; x_wconf 88' lang='lat' dir='ltr'><strong>Corpus</strong></span> <span class='ocrx_word' id='word_1_38' title='bbox 1127 748 1245 818; x_wconf 86' lang='lat' dir='ltr'><strong>ejus</strong></span> <span class='ocrx_word' id='word_1_39' title='bbox 1277 749 1329 803; x_wconf 93' lang='lat' dir='ltr'><strong>in</strong></span> <span class='ocrx_word' id='word_1_40' title='bbox 1373 750 1672 815; x_wconf 89' lang='lat' dir='ltr'><strong>civitatein,</strong></span> <span class='ocrx_word' id='word_1_41' title='bbox 1700 766 1860 819; x_wconf 90' lang='lat' dir='ltr'><strong>quam</strong></span> 
     </span>
    </p>
   </div>
   <div class='ocr_carea' id='block_1_7' title="bbox 275 838 1863 911">
    <p class='ocr_par' dir='ltr' id='par_1_7' title="bbox 275 838 1863 911">
     <span class='ocr_line' id='line_1_7' title="bbox 275 838 1863 911; baseline 0.002 -17"><span class='ocrx_word' id='word_1_42' title='bbox 275 839 398 908; x_wconf 84' lang='lat' dir='ltr'><strong>Syri</strong></span> <span class='ocrx_word' id='word_1_43' title='bbox 448 838 685 893; x_wconf 84' lang='lat' dir='ltr'><strong>Edessen</strong></span> <span class='ocrx_word' id='word_1_44' title='bbox 722 849 937 904; x_wconf 88' lang='lat' dir='ltr'><strong>vocant,</strong></span> <span class='ocrx_word' id='word_1_45' title='bbox 984 842 1332 907; x_wconf 87' lang='lat' dir='ltr'><strong>translatum,</strong></span> <span class='ocrx_word' id='word_1_46' title='bbox 1363 840 1543 909; x_wconf 83' lang='lat' dir='ltr'><strong>ibique</strong></span> <span class='ocrx_word' id='word_1_47' title='bbox 1573 843 1733 911; x_wconf 86' lang='lat' dir='ltr'><strong>digno</strong></span> <span class='ocrx_word' id='word_1_48' title='bbox 1767 844 1863 897; x_wconf 88' lang='lat' dir='ltr'><strong>lto-</strong></span> 
     </span>
    </p>
   </div>
   <div class='ocr_carea' id='block_1_8' title="bbox 278 929 1858 1004">
    <p class='ocr_par' dir='ltr' id='par_1_8' title="bbox 278 929 1858 1004">
     <span class='ocr_line' id='line_1_8' title="bbox 278 929 1858 1004; baseline 0.004 -22"><span class='ocrx_word' id='word_1_49' title='bbox 278 944 408 984; x_wconf 90' lang='lat' dir='ltr'><strong>nore</strong></span> <span class='ocrx_word' id='word_1_50' title='bbox 456 929 731 983; x_wconf 90' lang='lat' dir='ltr'><strong>conditum</strong></span> <span class='ocrx_word' id='word_1_51' title='bbox 792 939 891 985; x_wconf 88' lang='lat' dir='ltr'><strong>est.</strong></span> <span class='ocrx_word' id='word_1_52' title='bbox 943 930 1249 986; x_wconf 89' lang='lat' dir='ltr'><strong>Catalaunis</strong></span> <span class='ocrx_word' id='word_1_53' title='bbox 1290 933 1457 987; x_wconf 88' lang='lat' dir='ltr'><strong>sancti</strong></span> <span class='ocrx_word' id='word_1_54' title='bbox 1493 932 1706 987; x_wconf 83' lang='lat' dir='ltr'><strong>Maximi</strong></span> <span class='ocrx_word' id='word_1_55' title='bbox 1738 935 1858 1004; x_wconf 84' lang='lat' dir='ltr'><strong>epi-</strong></span> 
     </span>
    </p>
   </div>
   <div class='ocr_carea' id='block_1_9' title="bbox 279 1019 1858 1093">
    <p class='ocr_par' dir='ltr' id='par_1_9' title="bbox 279 1019 1858 1093">
     <span class='ocr_line' id='line_1_9' title="bbox 279 1019 1858 1093; baseline 0.003 -20"><span class='ocrx_word' id='word_1_56' title='bbox 279 1019 445 1087; x_wconf 84' lang='lat' dir='ltr'><strong>scopi,</strong></span> <span class='ocrx_word' id='word_1_57' title='bbox 491 1019 645 1088; x_wconf 90' lang='lat' dir='ltr'><strong>primi</strong></span> <span class='ocrx_word' id='word_1_58' title='bbox 697 1021 770 1074; x_wconf 89' lang='lat' dir='ltr'><strong>illi</strong></span> <span class='ocrx_word' id='word_1_59' title='bbox 801 1020 1003 1074; x_wconf 90' lang='lat' dir='ltr'><strong>civitati</strong></span> <span class='ocrx_word' id='word_1_60' title='bbox 1053 1022 1121 1074; x_wconf 92' lang='lat' dir='ltr'><strong>ab</strong></span> <span class='ocrx_word' id='word_1_61' title='bbox 1152 1022 1282 1077; x_wconf 83' lang='lat' dir='ltr'><strong>urbe</strong></span> <span class='ocrx_word' id='word_1_62' title='bbox 1332 1022 1501 1077; x_wconf 78' lang='lat' dir='ltr'><strong>Roma</strong></span> <span class='ocrx_word' id='word_1_63' title='bbox 1531 1023 1741 1091; x_wconf 87' lang='lat' dir='ltr'><strong>directi,</strong></span> <span class='ocrx_word' id='word_1_64' title='bbox 1772 1025 1858 1093; x_wconf 90' lang='lat' dir='ltr'><strong>qui</strong></span> 
     </span>
    </p>
   </div>
   <div class='ocr_carea' id='block_1_10' title="bbox 279 1111 1855 1168">
    <p class='ocr_par' dir='ltr' id='par_1_10' title="bbox 279 1111 1855 1168">
     <span class='ocr_line' id='line_1_10' title="bbox 279 1111 1855 1168; baseline 0.003 -6"><span class='ocrx_word' id='word_1_65' title='bbox 279 1112 416 1163; x_wconf 89' lang='lat' dir='ltr'><strong>inter</strong></span> <span class='ocrx_word' id='word_1_66' title='bbox 468 1112 573 1163; x_wconf 89' lang='lat' dir='ltr'><strong>alia</strong></span> <span class='ocrx_word' id='word_1_67' title='bbox 628 1112 903 1164; x_wconf 90' lang='lat' dir='ltr'><strong>innumera</strong></span> <span class='ocrx_word' id='word_1_68' title='bbox 956 1111 1207 1165; x_wconf 90' lang='lat' dir='ltr'><strong>miracula</strong></span> <span class='ocrx_word' id='word_1_69' title='bbox 1254 1123 1523 1166; x_wconf 91' lang='lat' dir='ltr'><strong>mortuum</strong></span> <span class='ocrx_word' id='word_1_70' title='bbox 1556 1114 1855 1168; x_wconf 84' lang='lat' dir='ltr'><strong>suscitavit.</strong></span> 
     </span>
    </p>
   </div>
   <div class='ocr_carea' id='block_1_11' title="bbox 276 1197 1674 1258">
    <p class='ocr_par' dir='ltr' id='par_1_11' title="bbox 276 1197 1674 1258">
     <span class='ocr_line' id='line_1_11' title="bbox 276 1197 1674 1258; baseline 0.004 -5"><span class='ocrx_word' id='word_1_71' title='bbox 276 1197 336 1253; x_wconf 85' lang='lat' dir='ltr'><strong>In</strong></span> <span class='ocrx_word' id='word_1_72' title='bbox 367 1199 559 1253; x_wconf 88' lang='lat' dir='ltr'><strong>Tuscia</strong></span> <span class='ocrx_word' id='word_1_73' title='bbox 620 1202 795 1255; x_wconf 78' lang='lat' dir='ltr'><strong>natale</strong></span> <span class='ocrx_word' id='word_1_74' title='bbox 826 1212 1133 1255; x_wconf 88' lang='lat' dir='ltr'><strong>sanctorum</strong></span> <span class='ocrx_word' id='word_1_75' title='bbox 1170 1202 1391 1256; x_wconf 83' lang='lat' dir='ltr'><strong>Joannis</strong></span> <span class='ocrx_word' id='word_1_76' title='bbox 1423 1213 1477 1258; x_wconf 89' lang='lat' dir='ltr'><strong>et</strong></span> <span class='ocrx_word' id='word_1_77' title='bbox 1508 1203 1674 1258; x_wconf 81' lang='lat' dir='ltr'><strong>Festi.</strong></span> 
     </span>
    </p>
   </div>
   <div class='ocr_carea' id='block_1_12' title="bbox 352 1291 1863 1352">
    <p class='ocr_par' dir='ltr' id='par_1_12' title="bbox 352 1291 1863 1352">
     <span class='ocr_line' id='line_1_12' title="bbox 352 1291 1863 1352; baseline 0.005 -7"><span class='ocrx_word' id='word_1_78' title='bbox 352 1293 413 1345; x_wconf 87' lang='lat' dir='ltr'><strong>F.</strong></span> <span class='ocrx_word' id='word_1_79' title='bbox 446 1292 511 1346; x_wconf 71' lang='lat' dir='ltr'><strong>XI</strong></span> <span class='ocrx_word' id='word_1_80' title='bbox 542 1291 781 1348; x_wconf 69' lang='lat' dir='ltr'><strong>Kaeeso.</strong></span> <span class='ocrx_word' id='word_1_81' title='bbox 818 1294 939 1349; x_wconf 71' lang='lat' dir='ltr'><strong>Jan.</strong></span> <span class='ocrx_word' id='word_1_82' title='bbox 988 1325 1057 1334; x_wconf 91' lang='lat'><strong><em>—</em></strong></span> <span class='ocrx_word' id='word_1_83' title='bbox 1086 1294 1270 1351; x_wconf 66' lang='lat' dir='ltr'><strong>Romae</strong></span> <span class='ocrx_word' id='word_1_84' title='bbox 1302 1298 1386 1350; x_wconf 88' lang='lat' dir='ltr'><strong>via</strong></span> <span class='ocrx_word' id='word_1_85' title='bbox 1415 1295 1677 1351; x_wconf 87' lang='lat' dir='ltr'><strong>Lavicana</strong></span> <span class='ocrx_word' id='word_1_86' title='bbox 1727 1297 1863 1352; x_wconf 89' lang='lat' dir='ltr'><strong>inter</strong></span> 
     </span>
    </p>
   </div>
   <div class='ocr_carea' id='block_1_13' title="bbox 279 1384 1866 1458">
    <p class='ocr_par' dir='ltr' id='par_1_13' title="bbox 279 1384 1866 1458">
     <span class='ocr_line' id='line_1_13' title="bbox 279 1384 1866 1458; baseline 0.004 -21"><span class='ocrx_word' id='word_1_87' title='bbox 279 1384 412 1438; x_wconf 85' lang='lat' dir='ltr'><strong>duas</strong></span> <span class='ocrx_word' id='word_1_88' title='bbox 466 1386 642 1441; x_wconf 87' lang='lat' dir='ltr'><strong>lauros</strong></span> <span class='ocrx_word' id='word_1_89' title='bbox 667 1426 683 1451; x_wconf 90' lang='lat'><strong>,</strong></span> <span class='ocrx_word' id='word_1_90' title='bbox 717 1388 892 1442; x_wconf 86' lang='lat' dir='ltr'><strong>natale</strong></span> <span class='ocrx_word' id='word_1_91' title='bbox 932 1386 1145 1457; x_wconf 89' lang='lat' dir='ltr'><strong>triginta</strong></span> <span class='ocrx_word' id='word_1_92' title='bbox 1180 1397 1511 1458; x_wconf 84' lang='lat' dir='ltr'><strong>martyrum,</strong></span> <span class='ocrx_word' id='word_1_93' title='bbox 1541 1389 1631 1456; x_wconf 88' lang='lat' dir='ltr'><strong>qui</strong></span> <span class='ocrx_word' id='word_1_94' title='bbox 1679 1403 1866 1443; x_wconf 86' lang='lat' dir='ltr'><strong>omnes</strong></span> 
     </span>
    </p>
   </div>
   <div class='ocr_carea' id='block_1_14' title="bbox 1972 659 3546 735">
    <p class='ocr_par' dir='ltr' id='par_1_14' title="bbox 1972 659 3546 735">
     <span class='ocr_line' id='line_1_14' title="bbox 1972 659 3546 735; baseline 0.006 -24"><span class='ocrx_word' id='word_1_95' title='bbox 1972 659 2346 712; x_wconf 70' lang='lat' dir='ltr'><strong>AleXandriam</strong></span> <span class='ocrx_word' id='word_1_96' title='bbox 2394 660 2532 714; x_wconf 82' lang='lat' dir='ltr'><strong>beati</strong></span> <span class='ocrx_word' id='word_1_97' title='bbox 2586 662 2891 718; x_wconf 77' lang='lat' dir='ltr'><strong>Oliiridonis</strong></span> <span class='ocrx_word' id='word_1_98' title='bbox 2938 666 3209 735; x_wconf 82' lang='lat' dir='ltr'><strong>martyris.</strong></span> <span class='ocrx_word' id='word_1_99' title='bbox 3243 666 3289 719; x_wconf 89' lang='lat' dir='ltr'><strong>Is</strong></span> <span class='ocrx_word' id='word_1_100' title='bbox 3321 681 3546 735; x_wconf 79' lang='lat' dir='ltr'><strong>namque</strong></span> 
     </span>
    </p>
   </div>
   <div class='ocr_carea' id='block_1_15' title="bbox 1970 752 3542 823">
    <p class='ocr_par' dir='ltr' id='par_1_15' title="bbox 1970 752 3542 823">
     <span class='ocr_line' id='line_1_15' title="bbox 1970 752 3542 823; baseline 0.006 -22"><span class='ocrx_word' id='word_1_101' title='bbox 1970 764 2090 802; x_wconf 91' lang='lat' dir='ltr'><strong>cum</strong></span> <span class='ocrx_word' id='word_1_102' title='bbox 2149 766 2259 803; x_wconf 87' lang='lat' dir='ltr'><strong>rem</strong></span> <span class='ocrx_word' id='word_1_103' title='bbox 2317 752 2594 819; x_wconf 85' lang='lat' dir='ltr'><strong>cujusdam</strong></span> <span class='ocrx_word' id='word_1_104' title='bbox 2647 756 2883 822; x_wconf 90' lang='lat' dir='ltr'><strong>potentis</strong></span> <span class='ocrx_word' id='word_1_105' title='bbox 2930 757 3029 810; x_wconf 89' lang='lat' dir='ltr'><strong>sub</strong></span> <span class='ocrx_word' id='word_1_106' title='bbox 3060 756 3308 811; x_wconf 84' lang='lat' dir='ltr'><strong>mercede</strong></span> <span class='ocrx_word' id='word_1_107' title='bbox 3355 772 3542 823; x_wconf 86' lang='lat' dir='ltr'><strong>procu-</strong></span> 
     </span>
    </p>
   </div>
   <div class='ocr_carea' id='block_1_16' title="bbox 1972 846 3547 912">
    <p class='ocr_par' dir='ltr' id='par_1_16' title="bbox 1972 846 3547 912">
     <span class='ocr_line' id='line_1_16' title="bbox 1972 846 3547 912; baseline 0.008 -17"><span class='ocrx_word' id='word_1_108' title='bbox 1972 852 2134 910; x_wconf 89' lang='lat' dir='ltr'><strong>raret,</strong></span> <span class='ocrx_word' id='word_1_109' title='bbox 2164 846 2380 912; x_wconf 88' lang='lat' dir='ltr'><strong>jiihetur</strong></span> <span class='ocrx_word' id='word_1_110' title='bbox 2432 848 2498 900; x_wconf 88' lang='lat' dir='ltr'><strong>ab</strong></span> <span class='ocrx_word' id='word_1_111' title='bbox 2546 862 2612 902; x_wconf 91' lang='lat' dir='ltr'><strong>co</strong></span> <span class='ocrx_word' id='word_1_112' title='bbox 2649 848 2801 903; x_wconf 83' lang='lat' dir='ltr'><strong>idolis</strong></span> <span class='ocrx_word' id='word_1_113' title='bbox 2831 851 3125 906; x_wconf 85' lang='lat' dir='ltr'><strong>immolare.</strong></span> <span class='ocrx_word' id='word_1_114' title='bbox 3156 850 3427 907; x_wconf 79' lang='lat' dir='ltr'><strong>Recusans</strong></span> <span class='ocrx_word' id='word_1_115' title='bbox 3456 866 3547 906; x_wconf 86' lang='lat' dir='ltr'><strong>co-</strong></span> 
     </span>
    </p>
   </div>
   <div class='ocr_carea' id='block_1_17' title="bbox 1971 935 3548 1005">
    <p class='ocr_par' dir='ltr' id='par_1_17' title="bbox 1971 935 3548 1005">
     <span class='ocr_line' id='line_1_17' title="bbox 1971 935 3548 1005; baseline 0.006 -20"><span class='ocrx_word' id='word_1_116' title='bbox 1971 937 2196 1003; x_wconf 88' lang='lat' dir='ltr'><strong>gebatur</strong></span> <span class='ocrx_word' id='word_1_117' title='bbox 2244 935 2488 1005; x_wconf 83' lang='lat' dir='ltr'><strong>injuriis;</strong></span> <span class='ocrx_word' id='word_1_118' title='bbox 2529 938 2823 1005; x_wconf 84' lang='lat' dir='ltr'><strong>persistens</strong></span> <span class='ocrx_word' id='word_1_119' title='bbox 2856 956 3069 994; x_wconf 89' lang='lat' dir='ltr'><strong>rursum</strong></span> <span class='ocrx_word' id='word_1_120' title='bbox 3101 942 3371 996; x_wconf 88' lang='lat' dir='ltr'><strong>blanditiis</strong></span> <span class='ocrx_word' id='word_1_121' title='bbox 3411 943 3548 995; x_wconf 89' lang='lat' dir='ltr'><strong>mul-</strong></span> 
     </span>
    </p>
   </div>
   <div class='ocr_carea' id='block_1_18' title="bbox 1971 1026 3543 1102">
    <p class='ocr_par' dir='ltr' id='par_1_18' title="bbox 1971 1026 3543 1102">
     <span class='ocr_line' id='line_1_18' title="bbox 1971 1026 3543 1102; baseline 0.005 -23"><span class='ocrx_word' id='word_1_122' title='bbox 1971 1027 2207 1079; x_wconf 89' lang='lat' dir='ltr'><strong>cebatur.</strong></span> <span class='ocrx_word' id='word_1_123' title='bbox 2234 1026 2365 1082; x_wconf 89' lang='lat' dir='ltr'><strong>Cum</strong></span> <span class='ocrx_word' id='word_1_124' title='bbox 2394 1045 2524 1083; x_wconf 92' lang='lat' dir='ltr'><strong>vero</strong></span> <span class='ocrx_word' id='word_1_125' title='bbox 2556 1041 2838 1102; x_wconf 87' lang='lat' dir='ltr'><strong>utrumque</strong></span> <span class='ocrx_word' id='word_1_126' title='bbox 2864 1043 3251 1100; x_wconf 90' lang='lat' dir='ltr'><strong>contemneret,</strong></span> <span class='ocrx_word' id='word_1_127' title='bbox 3282 1045 3543 1102; x_wconf 66' lang='lat' dir='ltr'><strong>pratacuta</strong></span> 
     </span>
    </p>
   </div>
   <div class='ocr_carea' id='block_1_19' title="bbox 1971 1120 3541 1195">
    <p class='ocr_par' dir='ltr' id='par_1_19' title="bbox 1971 1120 3541 1195">
     <span class='ocr_line' id='line_1_19' title="bbox 1971 1120 3541 1195; baseline 0.005 -24"><span class='ocrx_word' id='word_1_128' title='bbox 1971 1120 2103 1171; x_wconf 85' lang='lat' dir='ltr'><strong>sude</strong></span> <span class='ocrx_word' id='word_1_129' title='bbox 2132 1120 2458 1174; x_wconf 89' lang='lat' dir='ltr'><strong>validissima</strong></span> <span class='ocrx_word' id='word_1_130' title='bbox 2492 1127 2959 1180; x_wconf 78' lang='lat' dir='ltr'><strong>transveriieratur</strong></span> <span class='ocrx_word' id='word_1_131' title='bbox 2992 1142 3086 1195; x_wconf 91' lang='lat' dir='ltr'><strong>per</strong></span> <span class='ocrx_word' id='word_1_132' title='bbox 3115 1128 3286 1180; x_wconf 88' lang='lat' dir='ltr'><strong>media</strong></span> <span class='ocrx_word' id='word_1_133' title='bbox 3318 1129 3541 1188; x_wconf 84' lang='lat' dir='ltr'><strong>viscera,</strong></span> 
     </span>
    </p>
   </div>
   <div class='ocr_carea' id='block_1_20' title="bbox 1969 1212 3549 1285">
    <p class='ocr_par' dir='ltr' id='par_1_20' title="bbox 1969 1212 3549 1285">
     <span class='ocr_line' id='line_1_20' title="bbox 1969 1212 3549 1285; baseline 0.006 -22"><span class='ocrx_word' id='word_1_134' title='bbox 1969 1219 2024 1263; x_wconf 89' lang='lat' dir='ltr'><strong>et</strong></span> <span class='ocrx_word' id='word_1_135' title='bbox 2071 1212 2186 1265; x_wconf 87' lang='lat' dir='ltr'><strong>neci</strong></span> <span class='ocrx_word' id='word_1_136' title='bbox 2247 1216 2487 1268; x_wconf 82' lang='lat' dir='ltr'><strong>traditur.</strong></span> <span class='ocrx_word' id='word_1_137' title='bbox 2542 1216 2659 1282; x_wconf 87' lang='lat' dir='ltr'><strong>Ipso</strong></span> <span class='ocrx_word' id='word_1_138' title='bbox 2735 1217 2819 1270; x_wconf 88' lang='lat' dir='ltr'><strong>die</strong></span> <span class='ocrx_word' id='word_1_139' title='bbox 2865 1217 3090 1270; x_wconf 92' lang='lat' dir='ltr'><strong>aliorum</strong></span> <span class='ocrx_word' id='word_1_140' title='bbox 3133 1218 3549 1285; x_wconf 81' lang='lat' dir='ltr'><strong>quamplurima-</strong></span> 
     </span>
    </p>
   </div>
   <div class='ocr_carea' id='block_1_21' title="bbox 1976 1307 3538 1378">
    <p class='ocr_par' dir='ltr' id='par_1_21' title="bbox 1976 1307 3538 1378">
     <span class='ocr_line' id='line_1_21' title="bbox 1976 1307 3538 1378; baseline 0.003 -20"><span class='ocrx_word' id='word_1_141' title='bbox 1976 1319 2091 1358; x_wconf 91' lang='lat' dir='ltr'><strong>rum</strong></span> <span class='ocrx_word' id='word_1_142' title='bbox 2144 1316 2458 1375; x_wconf 82' lang='lat' dir='ltr'><strong>martyrum,</strong></span> <span class='ocrx_word' id='word_1_143' title='bbox 2514 1309 2602 1376; x_wconf 90' lang='lat' dir='ltr'><strong>qtti</strong></span> <span class='ocrx_word' id='word_1_144' title='bbox 2636 1307 2687 1361; x_wconf 93' lang='lat' dir='ltr'><strong>iii</strong></span> <span class='ocrx_word' id='word_1_145' title='bbox 2735 1308 2960 1363; x_wconf 83' lang='lat' dir='ltr'><strong>desertis</strong></span> <span class='ocrx_word' id='word_1_146' title='bbox 3003 1318 3057 1363; x_wconf 91' lang='lat' dir='ltr'><strong>et</strong></span> <span class='ocrx_word' id='word_1_147' title='bbox 3105 1312 3372 1364; x_wconf 90' lang='lat' dir='ltr'><strong>montibus</strong></span> <span class='ocrx_word' id='word_1_148' title='bbox 3400 1309 3538 1378; x_wconf 89' lang='lat' dir='ltr'><strong>apud</strong></span> 
     </span>
    </p>
   </div>
   <div class='ocr_carea' id='block_1_22' title="bbox 1974 1392 3552 1468">
    <p class='ocr_par' dir='ltr' id='par_1_22' title="bbox 1974 1392 3552 1468">
     <span class='ocr_line' id='line_1_22' title="bbox 1974 1392 3552 1468; baseline 0.003 -21"><span class='ocrx_word' id='word_1_149' title='bbox 1974 1392 2265 1464; x_wconf 58' lang='lat' dir='ltr'><strong>IEgyptnm</strong></span> <span class='ocrx_word' id='word_1_150' title='bbox 2297 1396 2637 1462; x_wconf 77' lang='lat' dir='ltr'><strong>aberrantes,</strong></span> <span class='ocrx_word' id='word_1_151' title='bbox 2690 1398 2848 1466; x_wconf 86' lang='lat' dir='ltr'><strong>fame,</strong></span> <span class='ocrx_word' id='word_1_152' title='bbox 2876 1399 2983 1464; x_wconf 83' lang='lat' dir='ltr'><strong>siti,</strong></span> <span class='ocrx_word' id='word_1_153' title='bbox 3024 1396 3238 1468; x_wconf 87' lang='lat' dir='ltr'><strong>frigore,</strong></span> <span class='ocrx_word' id='word_1_154' title='bbox 3277 1399 3552 1468; x_wconf 84' lang='lat' dir='ltr'><strong>languore,</strong></span> 
     </span>
    </p>
   </div>
   <div class='ocr_carea' id='block_1_23' title="bbox 1503 1501 2261 1566">
    <p class='ocr_par' dir='ltr' id='par_1_23' title="bbox 1503 1501 2261 1566">
     <span class='ocr_line' id='line_1_23' title="bbox 1503 1501 2261 1566; baseline 0.013 -11"><span class='ocrx_word' id='word_1_155' title='bbox 1503 1501 1723 1557; x_wconf 85' lang='lat' dir='ltr'><strong>EDITIO</strong></span> <span class='ocrx_word' id='word_1_156' title='bbox 1764 1502 2261 1566; x_wconf 77' lang='lat' dir='ltr'><strong>BOLLANDIANA.</strong></span> 
     </span>
    </p>
   </div>
   <div class='ocr_carea' id='block_1_24' title="bbox 282 1611 1863 1681">
    <p class='ocr_par' dir='ltr' id='par_1_24' title="bbox 282 1611 1863 1681">
     <span class='ocr_line' id='line_1_24' title="bbox 282 1611 1863 1681; baseline 0.003 -16"><span class='ocrx_word' id='word_1_157' title='bbox 282 1611 581 1676; x_wconf 64' lang='lat' dir='ltr'><strong>Ptolommi,</strong></span> <span class='ocrx_word' id='word_1_158' title='bbox 608 1613 846 1681; x_wconf 86' lang='lat' dir='ltr'><strong>Ingenui,</strong></span> <span class='ocrx_word' id='word_1_159' title='bbox 878 1623 931 1667; x_wconf 90' lang='lat' dir='ltr'><strong>et</strong></span> <span class='ocrx_word' id='word_1_160' title='bbox 952 1612 1265 1678; x_wconf 75' lang='lat' dir='ltr'><strong>Tlteotthili.</strong></span> <span class='ocrx_word' id='word_1_161' title='bbox 1306 1612 1365 1667; x_wconf 83' lang='grc' dir='ltr'>Β.</span> <span class='ocrx_word' id='word_1_162' title='bbox 1390 1612 1449 1666; x_wconf 88' lang='lat' dir='ltr'><strong>C.</strong></span> <span class='ocrx_word' id='word_1_163' title='bbox 1485 1612 1569 1675; x_wconf 87' lang='lat' dir='ltr'><strong>V.,</strong></span> <span class='ocrx_word' id='word_1_164' title='bbox 1603 1612 1657 1668; x_wconf 88' lang='lat' dir='ltr'><strong>In</strong></span> <span class='ocrx_word' id='word_1_165' title='bbox 1691 1614 1863 1669; x_wconf 82' lang='lat' dir='ltr'><strong>Thra-</strong></span> 
     </span>
    </p>
   </div>
   <div class='ocr_carea' id='block_1_25' title="bbox 280 1683 1859 1748">
    <p class='ocr_par' dir='ltr' id='par_1_25' title="bbox 280 1683 1859 1748">
     <span class='ocr_line' id='line_1_25' title="bbox 280 1683 1859 1748; baseline 0.003 -13"><span class='ocrx_word' id='word_1_166' title='bbox 280 1684 385 1744; x_wconf 85' lang='lat' dir='ltr'><strong>cia,</strong></span> <span class='ocrx_word' id='word_1_167' title='bbox 422 1686 445 1712; x_wconf 70' lang='grc'><strong>⁸</strong></span> <span class='ocrx_word' id='word_1_168' title='bbox 476 1686 689 1736; x_wconf 88' lang='lat' dir='ltr'><strong>civitate</strong></span> <span class='ocrx_word' id='word_1_169' title='bbox 719 1683 745 1720; x_wconf 70' lang='grc' dir='ltr'>δ</span> <span class='ocrx_word' id='word_1_170' title='bbox 774 1683 1019 1748; x_wconf 71' lang='lat' dir='ltr'><strong>Gildoba,</strong></span> <span class='ocrx_word' id='word_1_171' title='bbox 1069 1684 1245 1737; x_wconf 82' lang='lat' dir='ltr'><strong>natale</strong></span> <span class='ocrx_word' id='word_1_172' title='bbox 1292 1685 1349 1737; x_wconf 88' lang='grc'><strong>8.</strong></span> <span class='ocrx_word' id='word_1_173' title='bbox 1396 1683 1542 1737; x_wconf 79' lang='lat' dir='ltr'><strong>Jul.i.</strong></span> <span class='ocrx_word' id='word_1_174' title='bbox 1597 1684 1779 1739; x_wconf 76' lang='lat' dir='ltr'><strong>Roma:</strong></span> <span class='ocrx_word' id='word_1_175' title='bbox 1835 1695 1859 1723; x_wconf 84' lang='lat'>°</span> 
     </span>
    </p>
   </div>
   <div class='ocr_carea' id='block_1_26' title="bbox 283 1751 1865 1821">
    <p class='ocr_par' dir='ltr' id='par_1_26' title="bbox 283 1751 1865 1821">
     <span class='ocr_line' id='line_1_26' title="bbox 283 1751 1865 1821; baseline 0.003 -16"><span class='ocrx_word' id='word_1_176' title='bbox 283 1753 570 1821; x_wconf 86' lang='lat' dir='ltr'><strong>Zephyritii</strong></span> <span class='ocrx_word' id='word_1_177' title='bbox 603 1755 855 1820; x_wconf 86' lang='lat' dir='ltr'><strong>episcopi.</strong></span> <span class='ocrx_word' id='word_1_178' title='bbox 891 1751 917 1789; x_wconf 71' lang='grc' dir='ltr'><em>ά</em></span> <span class='ocrx_word' id='word_1_179' title='bbox 955 1754 1007 1806; x_wconf 94' lang='lat' dir='ltr'><strong>In</strong></span> <span class='ocrx_word' id='word_1_180' title='bbox 1035 1755 1253 1807; x_wconf 90' lang='lat' dir='ltr'><strong>Oriente</strong></span> <span class='ocrx_word' id='word_1_181' title='bbox 1304 1754 1362 1808; x_wconf 97' lang='grc'><strong>8.</strong></span> <span class='ocrx_word' id='word_1_182' title='bbox 1394 1753 1627 1808; x_wconf 71' lang='lat' dir='ltr'><strong>Theclze.</strong></span> <span class='ocrx_word' id='word_1_183' title='bbox 1682 1755 1865 1809; x_wconf 83' lang='lat' dir='ltr'><strong>Natale</strong></span> 
     </span>
    </p>
   </div>
   <div class='ocr_carea' id='block_1_27' title="bbox 279 1822 1860 1887">
    <p class='ocr_par' dir='ltr' id='par_1_27' title="bbox 279 1822 1860 1887">
     <span class='ocr_line' id='line_1_27' title="bbox 279 1822 1860 1887; baseline -0.001 -9"><span class='ocrx_word' id='word_1_184' title='bbox 279 1824 342 1878; x_wconf 87' lang='lat' dir='ltr'><strong>S.</strong></span> <span class='ocrx_word' id='word_1_185' title='bbox 370 1835 392 1857; x_wconf 67' lang='grc' dir='ltr'><strong>ί·</strong></span> <span class='ocrx_word' id='word_1_186' title='bbox 424 1824 674 1877; x_wconf 88' lang='lat' dir='ltr'><strong>Liberati.</strong></span> <span class='ocrx_word' id='word_1_187' title='bbox 706 1828 770 1878; x_wconf 89' lang='lat' dir='ltr'><strong>A.</strong></span> <span class='ocrx_word' id='word_1_188' title='bbox 804 1823 890 1885; x_wconf 89' lang='lat' dir='ltr'><strong>T.,</strong></span> <span class='ocrx_word' id='word_1_189' title='bbox 920 1825 1104 1877; x_wconf 80' lang='lat' dir='ltr'><strong>Natale</strong></span> <span class='ocrx_word' id='word_1_190' title='bbox 1135 1825 1192 1878; x_wconf 90' lang='grc'><strong>8.</strong></span> <span class='ocrx_word' id='word_1_191' title='bbox 1230 1822 1247 1862; x_wconf 71' lang='grc' dir='ltr'>ί</span> <span class='ocrx_word' id='word_1_192' title='bbox 1284 1825 1570 1880; x_wconf 72' lang='lat' dir='ltr'><strong>Anastasii.</strong></span> <span class='ocrx_word' id='word_1_193' title='bbox 1597 1825 1660 1877; x_wconf 89' lang='lat' dir='ltr'><strong>A.</strong></span> <span class='ocrx_word' id='word_1_194' title='bbox 1689 1826 1751 1878; x_wconf 84' lang='grc' dir='ltr'>Τ.</span> <span class='ocrx_word' id='word_1_195' title='bbox 1777 1825 1860 1887; x_wconf 87' lang='lat' dir='ltr'><strong>L.,</strong></span> 
     </span>
    </p>
   </div>
   <div class='ocr_carea' id='block_1_28' title="bbox 284 1893 1858 1965">
    <p class='ocr_par' dir='ltr' id='par_1_28' title="bbox 284 1893 1858 1965">
     <span class='ocr_line' id='line_1_28' title="bbox 284 1893 1858 1965; baseline 0.002 -21"><span class='ocrx_word' id='word_1_196' title='bbox 284 1893 470 1965; x_wconf 70' lang='lat' dir='ltr'><strong>Itoma:</strong></span> <span class='ocrx_word' id='word_1_197' title='bbox 501 1896 762 1965; x_wconf 78' lang='lat' dir='ltr'><strong>depositio</strong></span> <span class='ocrx_word' id='word_1_198' title='bbox 794 1895 851 1965; x_wconf 62' lang='grc'><strong>8.</strong></span> <span class='ocrx_word' id='word_1_199' title='bbox 885 1894 1191 1965; x_wconf 78' lang='lat' dir='ltr'><strong>Zephyrini.</strong></span> <span class='ocrx_word' id='word_1_200' title='bbox 1230 1895 1281 1949; x_wconf 87' lang='lat' dir='ltr'><strong>Iit</strong></span> <span class='ocrx_word' id='word_1_201' title='bbox 1338 1896 1555 1948; x_wconf 90' lang='lat' dir='ltr'><strong>Oriente</strong></span> <span class='ocrx_word' id='word_1_202' title='bbox 1605 1897 1780 1965; x_wconf 81' lang='lat' dir='ltr'><strong>natale</strong></span> <span class='ocrx_word' id='word_1_203' title='bbox 1802 1898 1858 1949; x_wconf 85' lang='grc'><strong>8.</strong></span> 
     </span>
    </p>
   </div>
   <div class='ocr_carea' id='block_1_29' title="bbox 281 1962 1862 2033">
    <p class='ocr_par' dir='ltr' id='par_1_29' title="bbox 281 1962 1862 2033">
     <span class='ocr_line' id='line_1_29' title="bbox 281 1962 1862 2033; baseline 0.001 -15"><span class='ocrx_word' id='word_1_204' title='bbox 281 1962 537 2018; x_wconf 84' lang='lat' dir='ltr'><strong>Liberati.</strong></span> <span class='ocrx_word' id='word_1_205' title='bbox 570 1963 656 2029; x_wconf 81' lang='lat' dir='ltr'><strong>T.,</strong></span> <span class='ocrx_word' id='word_1_206' title='bbox 694 1965 769 2018; x_wconf 86' lang='lat' dir='ltr'><strong>Ad</strong></span> <span class='ocrx_word' id='word_1_207' title='bbox 803 1963 995 2019; x_wconf 87' lang='lat' dir='ltr'><strong>Ursum</strong></span> <span class='ocrx_word' id='word_1_208' title='bbox 1024 1962 1274 2033; x_wconf 82' lang='lat' dir='ltr'><strong>pileatum</strong></span> <span class='ocrx_word' id='word_1_209' title='bbox 1304 1967 1479 2019; x_wconf 87' lang='lat' dir='ltr'><strong>natale</strong></span> <span class='ocrx_word' id='word_1_210' title='bbox 1506 1966 1565 2020; x_wconf 91' lang='lat' dir='ltr'><strong>S.</strong></span> <span class='ocrx_word' id='word_1_211' title='bbox 1597 1964 1862 2020; x_wconf 88' lang='lat' dir='ltr'><strong>Pontiani.</strong></span> 
     </span>
    </p>
   </div>
   <div class='ocr_carea' id='block_1_30' title="bbox 356 2054 1797 2127">
    <p class='ocr_par' dir='ltr' id='par_1_30' title="bbox 356 2054 1797 2127">
     <span class='ocr_line' id='line_1_30' title="bbox 356 2054 1797 2127; baseline 0.006 -21"><span class='ocrx_word' id='word_1_212' title='bbox 356 2054 444 2106; x_wconf 68' lang='lat' dir='ltr'><strong>2i.</strong></span> <span class='ocrx_word' id='word_1_213' title='bbox 480 2086 550 2096; x_wconf 90' lang='lat'><strong><em>—</em></strong></span> <span class='ocrx_word' id='word_1_214' title='bbox 582 2055 671 2111; x_wconf 65' lang='lat' dir='ltr'><strong>XII</strong></span> <span class='ocrx_word' id='word_1_215' title='bbox 704 2055 835 2111; x_wconf 63' lang='lat' dir='ltr'><strong>Kac.</strong></span> <span class='ocrx_word' id='word_1_216' title='bbox 870 2057 991 2111; x_wconf 65' lang='lat' dir='ltr'><strong>Jan.</strong></span> <span class='ocrx_word' id='word_1_217' title='bbox 1024 2056 1170 2113; x_wconf 85' lang='lat' dir='ltr'><strong>Nat..</strong></span> <span class='ocrx_word' id='word_1_218' title='bbox 1214 2056 1273 2113; x_wconf 89' lang='grc'><strong>8.</strong></span> <span class='ocrx_word' id='word_1_219' title='bbox 1310 2067 1334 2102; x_wconf 72' lang='grc' dir='ltr'>κ</span> <span class='ocrx_word' id='word_1_220' title='bbox 1368 2058 1589 2112; x_wconf 68' lang='grc' dir='ltr'>Τιιοιιιω</span> <span class='ocrx_word' id='word_1_221' title='bbox 1621 2068 1797 2127; x_wconf 87' lang='lat' dir='ltr'><strong>apost.</strong></span> 
     </span>
    </p>
   </div>
   <div class='ocr_carea' id='block_1_31' title="bbox 358 2145 1865 2218">
    <p class='ocr_par' dir='ltr' id='par_1_31' title="bbox 358 2145 1865 2218">
     <span class='ocr_line' id='line_1_31' title="bbox 358 2145 1865 2218; baseline 0.003 -19"><span class='ocrx_word' id='word_1_222' title='bbox 358 2145 544 2200; x_wconf 88' lang='lat' dir='ltr'><strong>Florus</strong></span> <span class='ocrx_word' id='word_1_223' title='bbox 574 2148 789 2200; x_wconf 88' lang='lat' dir='ltr'><strong>additin</strong></span> <span class='ocrx_word' id='word_1_224' title='bbox 823 2147 885 2201; x_wconf 89' lang='lat' dir='ltr'><strong>A.</strong></span> <span class='ocrx_word' id='word_1_225' title='bbox 913 2148 973 2201; x_wconf 88' lang='grc' dir='ltr'><strong>Τ.</strong></span> <span class='ocrx_word' id='word_1_226' title='bbox 1007 2148 1066 2202; x_wconf 88' lang='lat' dir='ltr'><strong>L.</strong></span> <span class='ocrx_word' id='word_1_227' title='bbox 1104 2164 1119 2202; x_wconf 87' lang='lat'><strong>:</strong></span> <span class='ocrx_word' id='word_1_228' title='bbox 1153 2148 1253 2215; x_wconf 89' lang='lat' dir='ltr'><strong>Qui</strong></span> <span class='ocrx_word' id='word_1_229' title='bbox 1288 2164 1477 2218; x_wconf 85' lang='lat' dir='ltr'><strong>passus</strong></span> <span class='ocrx_word' id='word_1_230' title='bbox 1498 2163 1581 2203; x_wconf 87' lang='lat' dir='ltr'><strong>est</strong></span> <span class='ocrx_word' id='word_1_231' title='bbox 1610 2150 1661 2204; x_wconf 91' lang='lat' dir='ltr'><strong>in</strong></span> <span class='ocrx_word' id='word_1_232' title='bbox 1688 2150 1865 2217; x_wconf 89' lang='lat' dir='ltr'><strong>ludia,</strong></span> 
     </span>
    </p>
   </div>
   <div class='ocr_carea' id='block_1_32' title="bbox 289 2234 1873 2308">
    <p class='ocr_par' dir='ltr' id='par_1_32' title="bbox 289 2234 1873 2308">
     <span class='ocr_line' id='line_1_32' title="bbox 289 2234 1873 2308; baseline 0.003 -20"><span class='ocrx_word' id='word_1_233' title='bbox 289 2234 471 2290; x_wconf 89' lang='lat' dir='ltr'><strong>lancea</strong></span> <span class='ocrx_word' id='word_1_234' title='bbox 497 2236 695 2305; x_wconf 88' lang='lat' dir='ltr'><strong>quippe</strong></span> <span class='ocrx_word' id='word_1_235' title='bbox 723 2236 1007 2291; x_wconf 80' lang='lat' dir='ltr'><strong>transﬁxus</strong></span> <span class='ocrx_word' id='word_1_236' title='bbox 1035 2239 1317 2304; x_wconf 91' lang='lat' dir='ltr'><strong>occubuit;</strong></span> <span class='ocrx_word' id='word_1_237' title='bbox 1345 2240 1499 2308; x_wconf 81' lang='lat' dir='ltr'><strong>hujus</strong></span> <span class='ocrx_word' id='word_1_238' title='bbox 1524 2240 1721 2294; x_wconf 90' lang='lat' dir='ltr'><strong>etenim</strong></span> <span class='ocrx_word' id='word_1_239' title='bbox 1749 2254 1873 2294; x_wconf 89' lang='lat' dir='ltr'><strong>cor-</strong></span> 
     </span>
    </p>
   </div>
   <div class='ocr_carea' id='block_1_33' title="bbox 287 2329 1871 2399">
    <p class='ocr_par' dir='ltr' id='par_1_33' title="bbox 287 2329 1871 2399">
     <span class='ocr_line' id='line_1_33' title="bbox 287 2329 1871 2399; baseline 0.006 -21"><span class='ocrx_word' id='word_1_240' title='bbox 287 2341 391 2396; x_wconf 87' lang='lat' dir='ltr'><strong>pus</strong></span> <span class='ocrx_word' id='word_1_241' title='bbox 458 2329 773 2381; x_wconf 88' lang='lat' dir='ltr'><strong>translatum</strong></span> <span class='ocrx_word' id='word_1_242' title='bbox 827 2337 911 2384; x_wconf 90' lang='lat' dir='ltr'><strong>est</strong></span> <span class='ocrx_word' id='word_1_243' title='bbox 960 2330 1096 2399; x_wconf 90' lang='lat' dir='ltr'><strong>apud</strong></span> <span class='ocrx_word' id='word_1_244' title='bbox 1153 2331 1396 2386; x_wconf 88' lang='lat' dir='ltr'><strong>Edissam</strong></span> <span class='ocrx_word' id='word_1_245' title='bbox 1446 2332 1739 2387; x_wconf 88' lang='lat' dir='ltr'><strong>civitatem.</strong></span> <span class='ocrx_word' id='word_1_246' title='bbox 1782 2331 1871 2399; x_wconf 87' lang='lat' dir='ltr'><strong>T.,</strong></span> 
     </span>
    </p>
   </div>
   <div class='ocr_carea' id='block_1_34' title="bbox 289 2418 883 2484">
    <p class='ocr_par' dir='ltr' id='par_1_34' title="bbox 289 2418 883 2484">
     <span class='ocr_line' id='line_1_34' title="bbox 289 2418 883 2484; baseline 0.008 -15"><span class='ocrx_word' id='word_1_247' title='bbox 289 2418 488 2484; x_wconf 80' lang='lat' dir='ltr'><strong>Quinto</strong></span> <span class='ocrx_word' id='word_1_248' title='bbox 526 2418 703 2473; x_wconf 83' lang='lat' dir='ltr'><strong>Nonas</strong></span> <span class='ocrx_word' id='word_1_249' title='bbox 736 2418 883 2475; x_wconf 90' lang='lat' dir='ltr'><strong>Julii.</strong></span> 
     </span>
    </p>
   </div>
   <div class='ocr_carea' id='block_1_35' title="bbox 366 2506 1869 2584">
    <p class='ocr_par' dir='ltr' id='par_1_35' title="bbox 366 2506 1869 2584">
     <span class='ocr_line' id='line_1_35' title="bbox 366 2506 1869 2584; baseline 0.005 -25"><span class='ocrx_word' id='word_1_250' title='bbox 366 2507 425 2560; x_wconf 82' lang='grc' dir='ltr'>Β.</span> <span class='ocrx_word' id='word_1_251' title='bbox 453 2506 515 2560; x_wconf 82' lang='lat' dir='ltr'><strong>C.</strong></span> <span class='ocrx_word' id='word_1_252' title='bbox 544 2506 607 2561; x_wconf 84' lang='lat' dir='ltr'><strong>V.</strong></span> <span class='ocrx_word' id='word_1_253' title='bbox 639 2510 703 2561; x_wconf 91' lang='lat' dir='ltr'><strong>A.</strong></span> <span class='ocrx_word' id='word_1_254' title='bbox 732 2508 794 2562; x_wconf 89' lang='grc' dir='ltr'><strong>Τ.</strong></span> <span class='ocrx_word' id='word_1_255' title='bbox 818 2508 907 2575; x_wconf 88' lang='lat' dir='ltr'><strong>L.,</strong></span> <span class='ocrx_word' id='word_1_256' title='bbox 936 2509 1119 2567; x_wconf 66' lang='lat' dir='ltr'><strong>Romae</strong></span> <span class='ocrx_word' id='word_1_257' title='bbox 1140 2511 1201 2568; x_wconf 91' lang='lat' dir='ltr'><strong>S.</strong></span> <span class='ocrx_word' id='word_1_258' title='bbox 1236 2510 1260 2548; x_wconf 70' lang='grc' dir='ltr'>δ</span> <span class='ocrx_word' id='word_1_259' title='bbox 1287 2513 1582 2570; x_wconf 89' lang='lat' dir='ltr'><strong>Innocentii</strong></span> <span class='ocrx_word' id='word_1_260' title='bbox 1612 2514 1869 2584; x_wconf 87' lang='lat' dir='ltr'><strong>episcOpi.</strong></span> 
     </span>
    </p>
   </div>
   <div class='ocr_carea' id='block_1_36' title="bbox 1969 1620 3548 1699">
    <p class='ocr_par' dir='ltr' id='par_1_36' title="bbox 1969 1620 3548 1699">
     <span class='ocr_line' id='line_1_36' title="bbox 1969 1620 3548 1699; baseline 0.009 -27"><span class='ocrx_word' id='word_1_261' title='bbox 1969 1620 2166 1699; x_wconf 30' lang='lat' dir='ltr'><strong>Adii,</strong></span> <span class='ocrx_word' id='word_1_262' title='bbox 2203 1623 2264 1675; x_wconf 81' lang='lat' dir='ltr'><strong>Et</strong></span> <span class='ocrx_word' id='word_1_263' title='bbox 2290 1623 2463 1699; x_wconf 82' lang='lat' dir='ltr'><strong>passio</strong></span> <span class='ocrx_word' id='word_1_264' title='bbox 2488 1625 2561 1699; x_wconf 47' lang='grc' dir='ltr'><strong>8ἓ</strong></span> <span class='ocrx_word' id='word_1_265' title='bbox 2590 1626 2843 1699; x_wconf 85' lang='lat' dir='ltr'><strong>Honorati</strong></span> <span class='ocrx_word' id='word_1_266' title='bbox 2872 1631 3127 1698; x_wconf 77' lang='lat' dir='ltr'><strong>episcopi.</strong></span> <span class='ocrx_word' id='word_1_267' title='bbox 3161 1632 3247 1697; x_wconf 72' lang='lat'><strong>(3.,</strong></span> <span class='ocrx_word' id='word_1_268' title='bbox 3278 1632 3344 1685; x_wconf 85' lang='lat' dir='ltr'><strong>Et</strong></span> <span class='ocrx_word' id='word_1_269' title='bbox 3371 1634 3548 1699; x_wconf 88' lang='lat' dir='ltr'><strong>passio</strong></span> 
     </span>
    </p>
   </div>
   <div class='ocr_carea' id='block_1_37' title="bbox 1968 1690 3548 1759">
    <p class='ocr_par' dir='ltr' id='par_1_37' title="bbox 1968 1690 3548 1759">
     <span class='ocr_line' id='line_1_37' title="bbox 1968 1690 3548 1759; baseline 0.008 -14"><span class='ocrx_word' id='word_1_270' title='bbox 1968 1690 2028 1745; x_wconf 92' lang='lat' dir='ltr'><strong>S.</strong></span> <span class='ocrx_word' id='word_1_271' title='bbox 2056 1690 2265 1746; x_wconf 60' lang='lat' dir='ltr'><strong>Phocea.</strong></span> <span class='ocrx_word' id='word_1_272' title='bbox 2304 1696 2386 1759; x_wconf 73' lang='lat'><strong>8.,</strong></span> <span class='ocrx_word' id='word_1_273' title='bbox 2418 1695 2474 1748; x_wconf 90' lang='lat' dir='ltr'><strong>lit</strong></span> <span class='ocrx_word' id='word_1_274' title='bbox 2527 1696 2740 1751; x_wconf 83' lang='lat' dir='ltr'><strong>Eraclea</strong></span> <span class='ocrx_word' id='word_1_275' title='bbox 2789 1700 2961 1752; x_wconf 86' lang='lat' dir='ltr'><strong>natale</strong></span> <span class='ocrx_word' id='word_1_276' title='bbox 3005 1690 3070 1754; x_wconf 76' lang='grc'>8.’</span> <span class='ocrx_word' id='word_1_277' title='bbox 3120 1690 3283 1754; x_wconf 82' lang='lat' dir='ltr'><strong>Passi.</strong></span> <span class='ocrx_word' id='word_1_278' title='bbox 3323 1690 3387 1755; x_wconf 71' lang='lat' dir='ltr'><strong>Et</strong></span> <span class='ocrx_word' id='word_1_279' title='bbox 3423 1704 3548 1757; x_wconf 91' lang='lat' dir='ltr'><strong>alibi</strong></span> 
     </span>
    </p>
   </div>
   <div class='ocr_carea' id='block_1_38' title="bbox 1968 1763 3548 1843">
    <p class='ocr_par' dir='ltr' id='par_1_38' title="bbox 1968 1763 3548 1843">
     <span class='ocr_line' id='line_1_38' title="bbox 1968 1763 3548 1843; baseline 0.009 -31"><span class='ocrx_word' id='word_1_280' title='bbox 1968 1763 2146 1843; x_wconf 80' lang='lat' dir='ltr'><strong>passio</strong></span> <span class='ocrx_word' id='word_1_281' title='bbox 2168 1763 2261 1819; x_wconf 86' lang='lat' dir='ltr'><strong>SS.</strong></span> <span class='ocrx_word' id='word_1_282' title='bbox 2299 1764 2475 1828; x_wconf 79' lang='lat' dir='ltr'><strong>Foczn.</strong></span> <span class='ocrx_word' id='word_1_283' title='bbox 2501 1764 2687 1832; x_wconf 85' lang='lat' dir='ltr'><strong>Florii,</strong></span> <span class='ocrx_word' id='word_1_284' title='bbox 2716 1767 2966 1822; x_wconf 88' lang='lat' dir='ltr'><strong>Ilonorati</strong></span> <span class='ocrx_word' id='word_1_285' title='bbox 2990 1771 3223 1839; x_wconf 79' lang='lat' dir='ltr'><strong>episcopi</strong></span> <span class='ocrx_word' id='word_1_286' title='bbox 3253 1782 3306 1826; x_wconf 90' lang='lat' dir='ltr'><strong>et</strong></span> <span class='ocrx_word' id='word_1_287' title='bbox 3328 1772 3548 1828; x_wconf 88' lang='lat' dir='ltr'><strong>confes-</strong></span> 
     </span>
    </p>
   </div>
   <div class='ocr_carea' id='block_1_39' title="bbox 1968 1846 2126 1885">
    <p class='ocr_par' dir='ltr' id='par_1_39' title="bbox 1968 1846 2126 1885">
     <span class='ocr_line' id='line_1_39' title="bbox 1968 1846 2126 1885; baseline 0.006 0"><span class='ocrx_word' id='word_1_288' title='bbox 1968 1846 2126 1885; x_wconf 75' lang='lat' dir='ltr'><strong>SOI&#39;IS.</strong></span> 
     </span>
    </p>
   </div>
   <div class='ocr_carea' id='block_1_40' title="bbox 2044 1901 3551 1977">
    <p class='ocr_par' dir='ltr' id='par_1_40' title="bbox 2044 1901 3551 1977">
     <span class='ocr_line' id='line_1_40' title="bbox 2044 1901 3551 1977; baseline 0.007 -23"><span class='ocrx_word' id='word_1_289' title='bbox 2044 1901 2130 1977; x_wconf 60' lang='lat'><strong>9.,</strong></span> <span class='ocrx_word' id='word_1_290' title='bbox 2159 1904 2462 1977; x_wconf 61' lang='lat' dir='ltr'><strong>Catalaunis</strong></span> <span class='ocrx_word' id='word_1_291' title='bbox 2493 1905 2550 1959; x_wconf 90' lang='grc'><strong>8.</strong></span> <span class='ocrx_word' id='word_1_292' title='bbox 2602 1906 2882 1962; x_wconf 80' lang='lat' dir='ltr'><strong>iMemmii</strong></span> <span class='ocrx_word' id='word_1_293' title='bbox 2932 1910 3166 1977; x_wconf 87' lang='lat' dir='ltr'><strong>episcopi</strong></span> <span class='ocrx_word' id='word_1_294' title='bbox 3213 1910 3363 1975; x_wconf 90' lang='lat' dir='ltr'><strong>primi</strong></span> <span class='ocrx_word' id='word_1_295' title='bbox 3412 1911 3551 1965; x_wconf 90' lang='lat' dir='ltr'><strong>illius</strong></span> 
     </span>
    </p>
   </div>
   <div class='ocr_carea' id='block_1_41' title="bbox 1973 1972 3541 2047">
    <p class='ocr_par' dir='ltr' id='par_1_41' title="bbox 1973 1972 3541 2047">
     <span class='ocr_line' id='line_1_41' title="bbox 1973 1972 3541 2047; baseline 0.006 -22"><span class='ocrx_word' id='word_1_296' title='bbox 1973 1972 2296 2047; x_wconf 87' lang='lat' dir='ltr'><strong>civitatis_ab</strong></span> <span class='ocrx_word' id='word_1_297' title='bbox 2344 1978 2474 2047; x_wconf 86' lang='lat' dir='ltr'><strong>urbe</strong></span> <span class='ocrx_word' id='word_1_298' title='bbox 2507 1976 2671 2031; x_wconf 80' lang='lat' dir='ltr'><strong>Roma</strong></span> <span class='ocrx_word' id='word_1_299' title='bbox 2714 1979 2921 2043; x_wconf 84' lang='lat' dir='ltr'><strong>directi,</strong></span> <span class='ocrx_word' id='word_1_300' title='bbox 2954 1972 3040 2047; x_wconf 78' lang='lat' dir='ltr'><strong>qui</strong></span> <span class='ocrx_word' id='word_1_301' title='bbox 3076 1972 3340 2033; x_wconf 33' lang='lat' dir='ltr'><strong>inter-alia</strong></span> <span class='ocrx_word' id='word_1_302' title='bbox 3387 1982 3541 2035; x_wconf 73' lang='lat' dir='ltr'><strong>illiill-</strong></span> 
     </span>
    </p>
   </div>
   <div class='ocr_carea' id='block_1_42' title="bbox 1978 2043 3550 2117">
    <p class='ocr_par' dir='ltr' id='par_1_42' title="bbox 1978 2043 3550 2117">
     <span class='ocr_line' id='line_1_42' title="bbox 1978 2043 3550 2117; baseline 0.005 -20"><span class='ocrx_word' id='word_1_303' title='bbox 1978 2058 2122 2117; x_wconf 83' lang='lat' dir='ltr'><strong>mera</strong></span> <span class='ocrx_word' id='word_1_304' title='bbox 2150 2043 2401 2099; x_wconf 88' lang='lat' dir='ltr'><strong>miracula</strong></span> <span class='ocrx_word' id='word_1_305' title='bbox 2451 2056 2714 2101; x_wconf 90' lang='lat' dir='ltr'><strong>ntortuum</strong></span> <span class='ocrx_word' id='word_1_306' title='bbox 2744 2043 3023 2103; x_wconf 81' lang='lat' dir='ltr'><strong>suscitavit</strong></span> <span class='ocrx_word' id='word_1_307' title='bbox 3055 2068 3069 2105; x_wconf 89' lang='lat'><strong>:</strong></span> <span class='ocrx_word' id='word_1_308' title='bbox 3099 2053 3249 2117; x_wconf 91' lang='lat' dir='ltr'><strong>cujus</strong></span> <span class='ocrx_word' id='word_1_309' title='bbox 3281 2067 3423 2104; x_wconf 90' lang='lat' dir='ltr'><strong>nunc</strong></span> <span class='ocrx_word' id='word_1_310' title='bbox 3465 2069 3550 2105; x_wconf 87' lang='lat' dir='ltr'><strong>se-</strong></span> 
     </span>
    </p>
   </div>
   <div class='ocr_carea' id='block_1_43' title="bbox 2018 2114 3551 2174">
    <p class='ocr_par' dir='ltr' id='par_1_43' title="bbox 2018 2114 3551 2174">
     <span class='ocr_line' id='line_1_43' title="bbox 2018 2114 3551 2174; baseline 0.007 -12"><span class='ocrx_word' id='word_1_311' title='bbox 2018 2114 2222 2166; x_wconf 89' lang='lat' dir='ltr'><strong>nlcrutn</strong></span> <span class='ocrx_word' id='word_1_312' title='bbox 2275 2116 2617 2169; x_wconf 87' lang='lat' dir='ltr'><strong>creberrimis</strong></span> <span class='ocrx_word' id='word_1_313' title='bbox 2671 2119 2937 2171; x_wconf 87' lang='lat' dir='ltr'><strong>miraculis</strong></span> <span class='ocrx_word' id='word_1_314' title='bbox 3007 2114 3321 2174; x_wconf 82' lang='lat' dir='ltr'><strong>illustratur.</strong></span> <span class='ocrx_word' id='word_1_315' title='bbox 3386 2122 3450 2174; x_wconf 67' lang='lat' dir='ltr'><strong>Iit</strong></span> <span class='ocrx_word' id='word_1_316' title='bbox 3501 2122 3551 2174; x_wconf 93' lang='lat' dir='ltr'><strong>in</strong></span> 
     </span>
    </p>
   </div>
   <div class='ocr_carea' id='block_1_44' title="bbox 2028 2183 3551 2260">
    <p class='ocr_par' dir='ltr' id='par_1_44' title="bbox 2028 2183 3551 2260">
     <span class='ocr_line' id='line_1_44' title="bbox 2028 2183 3551 2260; baseline 0.006 -25"><span class='ocrx_word' id='word_1_317' title='bbox 2028 2184 2172 2236; x_wconf 83' lang='lat' dir='ltr'><strong>uscia</strong></span> <span class='ocrx_word' id='word_1_318' title='bbox 2202 2183 2421 2239; x_wconf 93' lang='lat' dir='ltr'><strong>Joannis</strong></span> <span class='ocrx_word' id='word_1_319' title='bbox 2448 2196 2501 2239; x_wconf 91' lang='lat' dir='ltr'><strong>et</strong></span> <span class='ocrx_word' id='word_1_320' title='bbox 2530 2186 2673 2242; x_wconf 83' lang='lat' dir='ltr'><strong>Festi</strong></span> <span class='ocrx_word' id='word_1_321' title='bbox 2700 2206 2713 2252; x_wconf 93' lang='lat'><strong>;</strong></span> <span class='ocrx_word' id='word_1_322' title='bbox 2744 2190 2840 2242; x_wconf 92' lang='lat' dir='ltr'><strong>sed</strong></span> <span class='ocrx_word' id='word_1_323' title='bbox 2886 2190 3024 2243; x_wconf 84' lang='lat' dir='ltr'><strong>forte</strong></span> <span class='ocrx_word' id='word_1_324' title='bbox 3062 2194 3175 2244; x_wconf 75' lang='lat' dir='ltr'><strong>inec</strong></span> <span class='ocrx_word' id='word_1_325' title='bbox 3216 2201 3451 2260; x_wconf 90' lang='lat' dir='ltr'><strong>spectant</strong></span> <span class='ocrx_word' id='word_1_326' title='bbox 3488 2194 3551 2244; x_wconf 86' lang='lat' dir='ltr'><strong>ad</strong></span> 
     </span>
    </p>
   </div>
   <div class='ocr_carea' id='block_1_45' title="bbox 1978 2254 3555 2327">
    <p class='ocr_par' dir='ltr' id='par_1_45' title="bbox 1978 2254 3555 2327">
     <span class='ocr_line' id='line_1_45' title="bbox 1978 2254 3555 2327; baseline 0.006 -21"><span class='ocrx_word' id='word_1_327' title='bbox 1978 2254 2118 2327; x_wconf 72' lang='lat' dir='ltr'><strong>diem</strong></span> <span class='ocrx_word' id='word_1_328' title='bbox 2144 2268 2474 2322; x_wconf 87' lang='lat' dir='ltr'><strong>sequentem,</strong></span> <span class='ocrx_word' id='word_1_329' title='bbox 2520 2274 2625 2325; x_wconf 91' lang='lat' dir='ltr'><strong>quo</strong></span> <span class='ocrx_word' id='word_1_330' title='bbox 2653 2273 2929 2327; x_wconf 83' lang='lat' dir='ltr'><strong>perperam</strong></span> <span class='ocrx_word' id='word_1_331' title='bbox 2964 2262 3014 2313; x_wconf 93' lang='lat' dir='ltr'><strong>in</strong></span> <span class='ocrx_word' id='word_1_332' title='bbox 3062 2262 3160 2315; x_wconf 82' lang='lat' dir='ltr'><strong>hoc</strong></span> <span class='ocrx_word' id='word_1_333' title='bbox 3190 2254 3283 2314; x_wconf 78' lang='lat' dir='ltr'><strong>Ms.</strong></span> <span class='ocrx_word' id='word_1_334' title='bbox 3329 2261 3555 2317; x_wconf 76' lang='lat' dir='ltr'><strong>refertur</strong></span> 
     </span>
    </p>
   </div>
   <div class='ocr_carea' id='block_1_46' title="bbox 1980 2324 2322 2378">
    <p class='ocr_par' dir='ltr' id='par_1_46' title="bbox 1980 2324 2322 2378">
     <span class='ocr_line' id='line_1_46' title="bbox 1980 2324 2322 2378; baseline -0.003 0"><span class='ocrx_word' id='word_1_335' title='bbox 1980 2324 2037 2378; x_wconf 86' lang='lat' dir='ltr'><strong>S.</strong></span> <span class='ocrx_word' id='word_1_336' title='bbox 2070 2324 2322 2378; x_wconf 81' lang='lat' dir='ltr'><strong>Thomas.</strong></span> 
     </span>
    </p>
   </div>
   <div class='ocr_carea' id='block_1_47' title="bbox 2057 2416 2920 2473">
    <p class='ocr_par' dir='ltr' id='par_1_47' title="bbox 2057 2416 2920 2473">
     <span class='ocr_line' id='line_1_47' title="bbox 2057 2416 2920 2473; baseline 0.005 -4"><span class='ocrx_word' id='word_1_337' title='bbox 2057 2416 2148 2471; x_wconf 67' lang='lat'><strong>22.</strong></span> <span class='ocrx_word' id='word_1_338' title='bbox 2191 2447 2258 2455; x_wconf 92' lang='grc'><strong>--</strong></span> <span class='ocrx_word' id='word_1_339' title='bbox 2299 2416 2365 2471; x_wconf 77' lang='lat' dir='ltr'><strong>XI</strong></span> <span class='ocrx_word' id='word_1_340' title='bbox 2390 2417 2525 2471; x_wconf 70' lang='grc' dir='ltr'>ΚΜ..</span> <span class='ocrx_word' id='word_1_341' title='bbox 2551 2417 2713 2473; x_wconf 83' lang='lat' dir='ltr'><strong>Vacat</strong></span> <span class='ocrx_word' id='word_1_342' title='bbox 2748 2420 2920 2473; x_wconf 66' lang='lat' dir='ltr'><strong>Bieila.</strong></span> 
     </span>
    </p>
   </div>
   <div class='ocr_carea' id='block_1_48' title="bbox 2059 2510 3559 2585">
    <p class='ocr_par' dir='ltr' id='par_1_48' title="bbox 2059 2510 3559 2585">
     <span class='ocr_line' id='line_1_48' title="bbox 2059 2510 3559 2585; baseline 0.001 -20"><span class='ocrx_word' id='word_1_343' title='bbox 2059 2510 2119 2565; x_wconf 88' lang='lat' dir='ltr'><strong>C.</strong></span> <span class='ocrx_word' id='word_1_344' title='bbox 2156 2510 2241 2575; x_wconf 86' lang='lat' dir='ltr'><strong>V.,</strong></span> <span class='ocrx_word' id='word_1_345' title='bbox 2294 2511 2433 2575; x_wconf 79' lang='lat' dir='ltr'><strong>lnier</strong></span> <span class='ocrx_word' id='word_1_346' title='bbox 2474 2512 2821 2583; x_wconf 69' lang='lat' dir='ltr'><strong>duasJauros</strong></span> <span class='ocrx_word' id='word_1_347' title='bbox 2852 2513 3027 2569; x_wconf 89' lang='lat' dir='ltr'><strong>natale</strong></span> <span class='ocrx_word' id='word_1_348' title='bbox 3059 2515 3073 2563; x_wconf 68' lang='grc' dir='ltr'><strong>Ι</strong></span> <span class='ocrx_word' id='word_1_349' title='bbox 3114 2514 3327 2583; x_wconf 75' lang='lat' dir='ltr'><strong>triginta</strong></span> <span class='ocrx_word' id='word_1_350' title='bbox 3363 2525 3559 2585; x_wconf 82' lang='lat' dir='ltr'><strong>marty-</strong></span> 
     </span>
    </p>
   </div>
   <div class='ocr_carea' id='block_1_49' title="bbox 1643 2625 2115 2685">
    <p class='ocr_par' dir='ltr' id='par_1_49' title="bbox 1643 2625 2115 2685">
     <span class='ocr_line' id='line_1_49' title="bbox 1643 2625 2115 2685; baseline -0.013 0"><span class='ocrx_word' id='word_1_351' title='bbox 1643 2627 1850 2685; x_wconf 78' lang='lat' dir='ltr'><strong>SMlTll</strong></span> <span class='ocrx_word' id='word_1_352' title='bbox 1889 2625 2115 2681; x_wconf 51' lang='lat' dir='ltr'><strong>NOTAE.</strong></span> 
     </span>
    </p>
   </div>
   <div class='ocr_carea' id='block_1_50' title="bbox 364 2712 1227 2771">
    <p class='ocr_par' dir='ltr' id='par_1_50' title="bbox 364 2712 1227 2771">
     <span class='ocr_line' id='line_1_50' title="bbox 364 2712 1227 2771; baseline 0.012 -9"><span class='ocrx_word' id='word_1_353' title='bbox 364 2719 390 2746; x_wconf 75' lang='grc' dir='ltr'>α</span> <span class='ocrx_word' id='word_1_354' title='bbox 432 2713 642 2765; x_wconf 70' lang='lat' dir='ltr'><strong>Civitati:</strong></span> <span class='ocrx_word' id='word_1_355' title='bbox 669 2712 887 2769; x_wconf 84' lang='lat' dir='ltr'><strong>Gildoba</strong></span> <span class='ocrx_word' id='word_1_356' title='bbox 918 2718 969 2771; x_wconf 88' lang='lat' dir='ltr'><strong>iii</strong></span> <span class='ocrx_word' id='word_1_357' title='bbox 1010 2718 1126 2771; x_wconf 89' lang='lat' dir='ltr'><strong>solo</strong></span> <span class='ocrx_word' id='word_1_358' title='bbox 1171 2718 1227 2771; x_wconf 76' lang='lat' dir='ltr'><strong>li.</strong></span> 
     </span>
    </p>
   </div>
   <div class='ocr_carea' id='block_1_51' title="bbox 364 2780 1867 2855">
    <p class='ocr_par' dir='ltr' id='par_1_51' title="bbox 364 2780 1867 2855">
     <span class='ocr_line' id='line_1_51' title="bbox 364 2780 1867 2855; baseline 0.003 -19"><span class='ocrx_word' id='word_1_359' title='bbox 364 2780 392 2818; x_wconf 69' lang='grc' dir='ltr'>δ</span> <span class='ocrx_word' id='word_1_360' title='bbox 428 2782 669 2839; x_wconf 77' lang='lat' dir='ltr'><strong>Gildoba.</strong></span> <span class='ocrx_word' id='word_1_361' title='bbox 702 2784 925 2849; x_wconf 88' lang='lat' dir='ltr'><strong>Plinius,</strong></span> <span class='ocrx_word' id='word_1_362' title='bbox 971 2788 1063 2841; x_wconf 74' lang='lat' dir='ltr'><strong>lib.</strong></span> <span class='ocrx_word' id='word_1_363' title='bbox 1101 2804 1212 2853; x_wconf 78' lang='lat' dir='ltr'><strong>xix,</strong></span> <span class='ocrx_word' id='word_1_364' title='bbox 1244 2803 1363 2855; x_wconf 90' lang='lat' dir='ltr'><strong>cap.</strong></span> <span class='ocrx_word' id='word_1_365' title='bbox 1413 2788 1472 2855; x_wconf 85' lang='lat'><strong>5,</strong></span> <span class='ocrx_word' id='word_1_366' title='bbox 1514 2788 1641 2843; x_wconf 87' lang='lat' dir='ltr'><strong>dicit</strong></span> <span class='ocrx_word' id='word_1_367' title='bbox 1671 2785 1867 2842; x_wconf 88' lang='lat' dir='ltr'><strong>Geldu-</strong></span> 
     </span>
    </p>
   </div>
   <div class='ocr_carea' id='block_1_52' title="bbox 290 2854 1863 2927">
    <p class='ocr_par' dir='ltr' id='par_1_52' title="bbox 290 2854 1863 2927">
     <span class='ocr_line' id='line_1_52' title="bbox 290 2854 1863 2927; baseline 0.004 -22"><span class='ocrx_word' id='word_1_368' title='bbox 290 2854 416 2927; x_wconf 75' lang='lat' dir='ltr'><strong>bam</strong></span> <span class='ocrx_word' id='word_1_369' title='bbox 441 2869 559 2907; x_wconf 89' lang='lat' dir='ltr'><strong>esse</strong></span> <span class='ocrx_word' id='word_1_370' title='bbox 584 2857 859 2927; x_wconf 79' lang='lat' dir='ltr'><strong>castellum</strong></span> <span class='ocrx_word' id='word_1_371' title='bbox 904 2858 1093 2910; x_wconf 83' lang='lat' dir='ltr'><strong>Rheno</strong></span> <span class='ocrx_word' id='word_1_372' title='bbox 1138 2854 1476 2927; x_wconf 87' lang='lat' dir='ltr'><strong>impositum;</strong></span> <span class='ocrx_word' id='word_1_373' title='bbox 1525 2859 1684 2912; x_wconf 84' lang='lat' dir='ltr'><strong>aliam</strong></span> <span class='ocrx_word' id='word_1_374' title='bbox 1736 2857 1863 2912; x_wconf 87' lang='lat' dir='ltr'><strong>Gel-</strong></span> 
     </span>
    </p>
   </div>
   <div class='ocr_carea' id='block_1_53' title="bbox 288 2924 1578 2993">
    <p class='ocr_par' dir='ltr' id='par_1_53' title="bbox 288 2924 1578 2993">
     <span class='ocr_line' id='line_1_53' title="bbox 288 2924 1578 2993; baseline 0.005 -15"><span class='ocrx_word' id='word_1_375' title='bbox 288 2924 486 2978; x_wconf 89' lang='lat' dir='ltr'><strong>dubam</strong></span> <span class='ocrx_word' id='word_1_376' title='bbox 520 2940 621 2977; x_wconf 90' lang='lat' dir='ltr'><strong>non</strong></span> <span class='ocrx_word' id='word_1_377' title='bbox 658 2926 978 2982; x_wconf 86' lang='lat' dir='ltr'><strong>invenimus.</strong></span> <span class='ocrx_word' id='word_1_378' title='bbox 1012 2924 1295 2993; x_wconf 67' lang='lat' dir='ltr'><strong>Banosms,</strong></span> <span class='ocrx_word' id='word_1_379' title='bbox 1328 2930 1379 2982; x_wconf 92' lang='lat' dir='ltr'><strong>in</strong></span> <span class='ocrx_word' id='word_1_380' title='bbox 1411 2928 1578 2983; x_wconf 81' lang='lat' dir='ltr'><strong>Notis.</strong></span> 
     </span>
    </p>
   </div>
   <div class='ocr_carea' id='block_1_54' title="bbox 368 2993 1867 3067">
    <p class='ocr_par' dir='ltr' id='par_1_54' title="bbox 368 2993 1867 3067">
     <span class='ocr_line' id='line_1_54' title="bbox 368 2993 1867 3067; baseline 0.005 -22"><span class='ocrx_word' id='word_1_381' title='bbox 368 3003 391 3031; x_wconf 76' lang='grc' dir='ltr'><strong>ο</strong></span> <span class='ocrx_word' id='word_1_382' title='bbox 438 2993 732 3067; x_wconf 79' lang='lat' dir='ltr'><strong>Zepliyrini.</strong></span> <span class='ocrx_word' id='word_1_383' title='bbox 788 2996 1118 3067; x_wconf 87' lang='lat' dir='ltr'><strong>Zephyrinus</strong></span> <span class='ocrx_word' id='word_1_384' title='bbox 1165 3013 1305 3052; x_wconf 91' lang='lat' dir='ltr'><strong>anno</strong></span> <span class='ocrx_word' id='word_1_385' title='bbox 1352 3000 1453 3051; x_wconf 72' lang='lat' dir='ltr'><strong>2l7</strong></span> <span class='ocrx_word' id='word_1_386' title='bbox 1490 2998 1774 3052; x_wconf 63' lang='lat' dir='ltr'><strong>Praesentis</strong></span> <span class='ocrx_word' id='word_1_387' title='bbox 1813 3008 1867 3053; x_wconf 89' lang='lat' dir='ltr'><strong>et</strong></span> 
     </span>
    </p>
   </div>
   <div class='ocr_carea' id='block_1_55' title="bbox 294 3063 1867 3134">
    <p class='ocr_par' dir='ltr' id='par_1_55' title="bbox 294 3063 1867 3134">
     <span class='ocr_line' id='line_1_55' title="bbox 294 3063 1867 3134; baseline 0.004 -17"><span class='ocrx_word' id='word_1_388' title='bbox 294 3063 557 3117; x_wconf 82' lang='lat' dir='ltr'><strong>Extricati</strong></span> <span class='ocrx_word' id='word_1_389' title='bbox 605 3063 884 3120; x_wconf 84' lang='lat' dir='ltr'><strong>consulatu</strong></span> <span class='ocrx_word' id='word_1_390' title='bbox 935 3063 1191 3134; x_wconf 84' lang='lat' dir='ltr'><strong>insignito</strong></span> <span class='ocrx_word' id='word_1_391' title='bbox 1222 3084 1250 3122; x_wconf 91' lang='lat' dir='ltr'><strong>e</strong></span> <span class='ocrx_word' id='word_1_392' title='bbox 1296 3070 1433 3122; x_wconf 82' lang='lat' dir='ltr'><strong>vivis</strong></span> <span class='ocrx_word' id='word_1_393' title='bbox 1479 3072 1729 3132; x_wconf 84' lang='lat' dir='ltr'><strong>excessit,</strong></span> <span class='ocrx_word' id='word_1_394' title='bbox 1778 3069 1867 3123; x_wconf 90' lang='lat' dir='ltr'><strong>die</strong></span> 
     </span>
    </p>
   </div>
   <div class='ocr_carea' id='block_1_56' title="bbox 294 3134 1864 3204">
    <p class='ocr_par' dir='ltr' id='par_1_56' title="bbox 294 3134 1864 3204">
     <span class='ocr_line' id='line_1_56' title="bbox 294 3134 1864 3204; baseline 0.002 -17"><span class='ocrx_word' id='word_1_395' title='bbox 294 3134 501 3187; x_wconf 89' lang='lat' dir='ltr'><strong>decima</strong></span> <span class='ocrx_word' id='word_1_396' title='bbox 543 3134 702 3200; x_wconf 91' lang='lat' dir='ltr'><strong>Julii;</strong></span> <span class='ocrx_word' id='word_1_397' title='bbox 755 3137 1119 3204; x_wconf 84' lang='lat' dir='ltr'><strong>pontificatum</strong></span> <span class='ocrx_word' id='word_1_398' title='bbox 1169 3149 1347 3191; x_wconf 88' lang='lat' dir='ltr'><strong>autem</strong></span> <span class='ocrx_word' id='word_1_399' title='bbox 1397 3139 1513 3191; x_wconf 88' lang='lat' dir='ltr'><strong>iniit</strong></span> <span class='ocrx_word' id='word_1_400' title='bbox 1558 3155 1698 3192; x_wconf 88' lang='lat' dir='ltr'><strong>anno</strong></span> <span class='ocrx_word' id='word_1_401' title='bbox 1742 3138 1864 3203; x_wconf 74' lang='lat'><strong>197,</strong></span> 
     </span>
    </p>
   </div>
   <div class='ocr_carea' id='block_1_57' title="bbox 295 3204 1862 3278">
    <p class='ocr_par' dir='ltr' id='par_1_57' title="bbox 295 3204 1862 3278">
     <span class='ocr_line' id='line_1_57' title="bbox 295 3204 1862 3278; baseline 0.003 -21"><span class='ocrx_word' id='word_1_402' title='bbox 295 3204 383 3278; x_wconf 76' lang='lat' dir='ltr'><strong>die</strong></span> <span class='ocrx_word' id='word_1_403' title='bbox 408 3205 612 3278; x_wconf 87' lang='lat' dir='ltr'><strong>decima</strong></span> <span class='ocrx_word' id='word_1_404' title='bbox 646 3204 968 3278; x_wconf 37' lang='lat' dir='ltr'><strong>Augusnaln</strong></span> <span class='ocrx_word' id='word_1_405' title='bbox 991 3208 1101 3278; x_wconf 82' lang='lat' dir='ltr'><strong>hoc</strong></span> <span class='ocrx_word' id='word_1_406' title='bbox 1135 3220 1188 3261; x_wconf 89' lang='lat' dir='ltr'><strong>et</strong></span> <span class='ocrx_word' id='word_1_407' title='bbox 1219 3208 1632 3278; x_wconf 85' lang='lat' dir='ltr'><strong>llieroiiymiano</strong></span> <span class='ocrx_word' id='word_1_408' title='bbox 1661 3209 1862 3277; x_wconf 83' lang='lat' dir='ltr'><strong>Marty-</strong></span> 
     </span>
    </p>
   </div>
   <div class='ocr_carea' id='block_1_58' title="bbox 296 3274 1866 3345">
    <p class='ocr_par' dir='ltr' id='par_1_58' title="bbox 296 3274 1866 3345">
     <span class='ocr_line' id='line_1_58' title="bbox 296 3274 1866 3345; baseline 0.002 -17"><span class='ocrx_word' id='word_1_409' title='bbox 296 3274 500 3341; x_wconf 84' lang='lat' dir='ltr'><strong>rologio</strong></span> <span class='ocrx_word' id='word_1_410' title='bbox 541 3275 713 3328; x_wconf 87' lang='lat' dir='ltr'><strong>natale</strong></span> <span class='ocrx_word' id='word_1_411' title='bbox 753 3274 871 3345; x_wconf 80' lang='lat' dir='ltr'><strong>ejus</strong></span> <span class='ocrx_word' id='word_1_412' title='bbox 901 3276 1058 3331; x_wconf 90' lang='lat' dir='ltr'><strong>hodie</strong></span> <span class='ocrx_word' id='word_1_413' title='bbox 1100 3274 1469 3345; x_wconf 75' lang='lat' dir='ltr'><strong>consignatur;</strong></span> <span class='ocrx_word' id='word_1_414' title='bbox 1503 3278 1553 3330; x_wconf 92' lang='lat' dir='ltr'><strong>in</strong></span> <span class='ocrx_word' id='word_1_415' title='bbox 1584 3278 1701 3331; x_wconf 86' lang='lat' dir='ltr'><strong>aliis</strong></span> <span class='ocrx_word' id='word_1_416' title='bbox 1732 3274 1866 3331; x_wconf 73' lang='lat' dir='ltr'><strong>Mar-</strong></span> 
     </span>
    </p>
   </div>
   <div class='ocr_carea' id='block_1_59' title="bbox 298 3344 1862 3417">
    <p class='ocr_par' dir='ltr' id='par_1_59' title="bbox 298 3344 1862 3417">
     <span class='ocr_line' id='line_1_59' title="bbox 298 3344 1862 3417; baseline 0.002 -21"><span class='ocrx_word' id='word_1_417' title='bbox 298 3344 573 3417; x_wconf 80' lang='lat' dir='ltr'><strong>tyrotogiis</strong></span> <span class='ocrx_word' id='word_1_418' title='bbox 601 3344 795 3417; x_wconf 83' lang='lat' dir='ltr'><strong>quibus</strong></span> <span class='ocrx_word' id='word_1_419' title='bbox 828 3347 1083 3400; x_wconf 85' lang='lat' dir='ltr'><strong>Baronius</strong></span> <span class='ocrx_word' id='word_1_420' title='bbox 1108 3344 1369 3411; x_wconf 67' lang='lat' dir='ltr'><strong>adhaeret,</strong></span> <span class='ocrx_word' id='word_1_421' title='bbox 1401 3347 1488 3401; x_wconf 90' lang='lat' dir='ltr'><strong>die</strong></span> <span class='ocrx_word' id='word_1_422' title='bbox 1515 3345 1587 3399; x_wconf 68' lang='grc'><strong>26</strong></span> <span class='ocrx_word' id='word_1_423' title='bbox 1608 3348 1862 3417; x_wconf 79' lang='lat' dir='ltr'><strong>Augusti;</strong></span> 
     </span>
    </p>
   </div>
   <div class='ocr_carea' id='block_1_60' title="bbox 295 3414 1865 3485">
    <p class='ocr_par' dir='ltr' id='par_1_60' title="bbox 295 3414 1865 3485">
     <span class='ocr_line' id='line_1_60' title="bbox 295 3414 1865 3485; baseline 0.001 -16"><span class='ocrx_word' id='word_1_424' title='bbox 295 3414 390 3485; x_wconf 76' lang='lat' dir='ltr'><strong>sed</strong></span> <span class='ocrx_word' id='word_1_425' title='bbox 434 3425 655 3482; x_wconf 89' lang='lat' dir='ltr'><strong>uterque</strong></span> <span class='ocrx_word' id='word_1_426' title='bbox 702 3415 815 3469; x_wconf 89' lang='lat' dir='ltr'><strong>dies</strong></span> <span class='ocrx_word' id='word_1_427' title='bbox 863 3417 925 3470; x_wconf 90' lang='lat' dir='ltr'><strong>ad</strong></span> <span class='ocrx_word' id='word_1_428' title='bbox 956 3418 1071 3485; x_wconf 89' lang='lat' dir='ltr'><strong>ejus</strong></span> <span class='ocrx_word' id='word_1_429' title='bbox 1112 3420 1485 3472; x_wconf 87' lang='lat' dir='ltr'><strong>translationes</strong></span> <span class='ocrx_word' id='word_1_430' title='bbox 1533 3414 1865 3473; x_wconf 75' lang='lat' dir='ltr'><strong>referendus.</strong></span> 
     </span>
    </p>
   </div>
   <div class='ocr_carea' id='block_1_61' title="bbox 296 3484 1867 3559">
    <p class='ocr_par' dir='ltr' id='par_1_61' title="bbox 296 3484 1867 3559">
     <span class='ocr_line' id='line_1_61' title="bbox 296 3484 1867 3559; baseline 0.002 -21"><span class='ocrx_word' id='word_1_431' title='bbox 296 3484 695 3559; x_wconf 72' lang='lat' dir='ltr'><strong>Papeiirochius</strong></span> <span class='ocrx_word' id='word_1_432' title='bbox 724 3486 773 3538; x_wconf 92' lang='lat' dir='ltr'><strong>in</strong></span> <span class='ocrx_word' id='word_1_433' title='bbox 810 3484 1014 3541; x_wconf 89' lang='lat' dir='ltr'><strong>Conatu</strong></span> <span class='ocrx_word' id='word_1_434' title='bbox 1044 3488 1583 3559; x_wconf 79' lang='lat' dir='ltr'><strong>Chronico-historico</strong></span> <span class='ocrx_word' id='word_1_435' title='bbox 1611 3488 1679 3559; x_wconf 90' lang='lat' dir='ltr'><strong>ad</strong></span> <span class='ocrx_word' id='word_1_436' title='bbox 1708 3491 1867 3542; x_wconf 85' lang='lat' dir='ltr'><strong>chro-</strong></span> 
     </span>
    </p>
   </div>
   <div class='ocr_carea' id='block_1_62' title="bbox 298 3555 1869 3627">
    <p class='ocr_par' dir='ltr' id='par_1_62' title="bbox 298 3555 1869 3627">
     <span class='ocr_line' id='line_1_62' title="bbox 298 3555 1869 3627; baseline 0.003 -20"><span class='ocrx_word' id='word_1_437' title='bbox 298 3555 588 3627; x_wconf 80' lang='lat' dir='ltr'><strong>n0Iogiam_</strong></span> <span class='ocrx_word' id='word_1_438' title='bbox 616 3565 858 3610; x_wconf 88' lang='lat' dir='ltr'><strong>veterum</strong></span> <span class='ocrx_word' id='word_1_439' title='bbox 891 3560 1198 3624; x_wconf 74' lang='lat' dir='ltr'><strong>pontificum</strong></span> <span class='ocrx_word' id='word_1_440' title='bbox 1230 3555 1561 3612; x_wconf 54' lang='lat' dir='ltr'><strong>etistimans&#39;</strong></span> <span class='ocrx_word' id='word_1_441' title='bbox 1584 3561 1634 3609; x_wconf 89' lang='lat' dir='ltr'><strong>in</strong></span> <span class='ocrx_word' id='word_1_442' title='bbox 1669 3558 1869 3627; x_wconf 83' lang='lat' dir='ltr'><strong>Marty-</strong></span> 
     </span>
    </p>
   </div>
   <div class='ocr_carea' id='block_1_63' title="bbox 298 3625 1864 3695">
    <p class='ocr_par' dir='ltr' id='par_1_63' title="bbox 298 3625 1864 3695">
     <span class='ocr_line' id='line_1_63' title="bbox 298 3625 1864 3695; baseline 0.002 -17"><span class='ocrx_word' id='word_1_443' title='bbox 298 3625 505 3691; x_wconf 81' lang='lat' dir='ltr'><strong>rologio</strong></span> <span class='ocrx_word' id='word_1_444' title='bbox 553 3625 964 3693; x_wconf 88' lang='lat' dir='ltr'><strong>llieronymiano</strong></span> <span class='ocrx_word' id='word_1_445' title='bbox 997 3630 1111 3682; x_wconf 85' lang='lat' dir='ltr'><strong>dies</strong></span> <span class='ocrx_word' id='word_1_446' title='bbox 1157 3630 1360 3682; x_wconf 80' lang='lat' dir='ltr'><strong>natales</strong></span> <span class='ocrx_word' id='word_1_447' title='bbox 1406 3628 1713 3695; x_wconf 90' lang='lat' dir='ltr'><strong>pontificum</strong></span> <span class='ocrx_word' id='word_1_448' title='bbox 1757 3625 1864 3681; x_wconf 70' lang='lat' dir='ltr'><strong>lto-</strong></span> 
     </span>
    </p>
   </div>
   <div class='ocr_carea' id='block_1_64' title="bbox 297 3697 1873 3767">
    <p class='ocr_par' dir='ltr' id='par_1_64' title="bbox 297 3697 1873 3767">
     <span class='ocr_line' id='line_1_64' title="bbox 297 3697 1873 3767; baseline 0.004 -20"><span class='ocrx_word' id='word_1_449' title='bbox 297 3708 581 3767; x_wconf 85' lang='lat' dir='ltr'><strong>manorum</strong></span> <span class='ocrx_word' id='word_1_450' title='bbox 610 3697 830 3767; x_wconf 79' lang='lat' dir='ltr'><strong>signari,</strong></span> <span class='ocrx_word' id='word_1_451' title='bbox 863 3702 1064 3753; x_wconf 82' lang='lat' dir='ltr'><strong>obitum</strong></span> <span class='ocrx_word' id='word_1_452' title='bbox 1095 3699 1365 3767; x_wconf 85' lang='lat' dir='ltr'><strong>Zeptiirini</strong></span> <span class='ocrx_word' id='word_1_453' title='bbox 1397 3714 1516 3752; x_wconf 93' lang='lat' dir='ltr'><strong>cum</strong></span> <span class='ocrx_word' id='word_1_454' title='bbox 1550 3700 1637 3753; x_wconf 90' lang='lat' dir='ltr'><strong>die</strong></span> <span class='ocrx_word' id='word_1_455' title='bbox 1668 3697 1738 3752; x_wconf 65' lang='lat'><strong>&#39;20</strong></span> <span class='ocrx_word' id='word_1_456' title='bbox 1771 3700 1873 3753; x_wconf 86' lang='lat' dir='ltr'><strong>De-</strong></span> 
     </span>
    </p>
   </div>
   <div class='ocr_carea' id='block_1_65' title="bbox 298 3765 1872 3837">
    <p class='ocr_par' dir='ltr' id='par_1_65' title="bbox 298 3765 1872 3837">
     <span class='ocr_line' id='line_1_65' title="bbox 298 3765 1872 3837; baseline 0.007 -24"><span class='ocrx_word' id='word_1_457' title='bbox 298 3765 632 3837; x_wconf 20' lang='lat' dir='ltr'><strong>cemblanni</strong></span> <span class='ocrx_word' id='word_1_458' title='bbox 664 3765 768 3818; x_wconf 74' lang='lat'><strong>217</strong></span> <span class='ocrx_word' id='word_1_459' title='bbox 813 3770 1051 3837; x_wconf 75' lang='lat' dir='ltr'><strong>illigavit,</strong></span> <span class='ocrx_word' id='word_1_460' title='bbox 1082 3780 1135 3823; x_wconf 92' lang='lat' dir='ltr'><strong>et</strong></span> <span class='ocrx_word' id='word_1_461' title='bbox 1166 3765 1285 3836; x_wconf 78' lang='lat' dir='ltr'><strong>quia</strong></span> <span class='ocrx_word' id='word_1_462' title='bbox 1330 3778 1538 3823; x_wconf 83' lang='lat' dir='ltr'><strong>constat</strong></span> <span class='ocrx_word' id='word_1_463' title='bbox 1577 3778 1704 3823; x_wconf 89' lang='lat' dir='ltr'><strong>ante</strong></span> <span class='ocrx_word' id='word_1_464' title='bbox 1750 3784 1872 3824; x_wconf 85' lang='lat' dir='ltr'><strong>eum</strong></span> 
     </span>
    </p>
   </div>
   <div class='ocr_carea' id='block_1_66' title="bbox 300 3836 1874 3905">
    <p class='ocr_par' dir='ltr' id='par_1_66' title="bbox 300 3836 1874 3905">
     <span class='ocr_line' id='line_1_66' title="bbox 300 3836 1874 3905; baseline 0.006 -19"><span class='ocrx_word' id='word_1_465' title='bbox 300 3836 446 3905; x_wconf 70' lang='lat' dir='ltr'><strong>diem</strong></span> <span class='ocrx_word' id='word_1_466' title='bbox 474 3836 751 3890; x_wconf 88' lang='lat' dir='ltr'><strong>Callistum</strong></span> <span class='ocrx_word' id='word_1_467' title='bbox 784 3836 909 3905; x_wconf 13' lang='lat' dir='ltr'><strong>ejus,</strong></span> <span class='ocrx_word' id='word_1_468' title='bbox 943 3854 1307 3893; x_wconf 89' lang='lat' dir='ltr'><strong>successorem</strong></span> <span class='ocrx_word' id='word_1_469' title='bbox 1339 3842 1561 3897; x_wconf 68' lang='lat' dir='ltr'><strong>sedisse.</strong></span> <span class='ocrx_word' id='word_1_470' title='bbox 1597 3840 1721 3893; x_wconf 90' lang='lat' dir='ltr'><strong>dicit</strong></span> <span class='ocrx_word' id='word_1_471' title='bbox 1749 3855 1874 3895; x_wconf 90' lang='lat' dir='ltr'><strong>eum</strong></span> 
     </span>
    </p>
   </div>
   <div class='ocr_carea' id='block_1_67' title="bbox 301 3903 1876 3979">
    <p class='ocr_par' dir='ltr' id='par_1_67' title="bbox 301 3903 1876 3979">
     <span class='ocr_line' id='line_1_67' title="bbox 301 3903 1876 3979; baseline 0.004 -23"><span class='ocrx_word' id='word_1_472' title='bbox 301 3903 589 3979; x_wconf 81' lang='lat' dir='ltr'><strong>Zeptiyriiii</strong></span> <span class='ocrx_word' id='word_1_473' title='bbox 632 3903 975 3979; x_wconf 81' lang='lat' dir='ltr'><strong>constitutum</strong></span> <span class='ocrx_word' id='word_1_474' title='bbox 1035 3910 1195 3964; x_wconf 83' lang='lat' dir='ltr'><strong>fuisse</strong></span> <span class='ocrx_word' id='word_1_475' title='bbox 1240 3910 1529 3962; x_wconf 87' lang='lat' dir='ltr'><strong>vicarium:</strong></span> <span class='ocrx_word' id='word_1_476' title='bbox 1563 3911 1655 3964; x_wconf 88' lang='lat' dir='ltr'><strong>sed</strong></span> <span class='ocrx_word' id='word_1_477' title='bbox 1688 3909 1876 3979; x_wconf 89' lang='lat' dir='ltr'><strong>hujus-</strong></span> 
     </span>
    </p>
   </div>
   <div class='ocr_carea' id='block_1_68' title="bbox 304 3976 1874 4049">
    <p class='ocr_par' dir='ltr' id='par_1_68' title="bbox 304 3976 1874 4049">
     <span class='ocr_line' id='line_1_68' title="bbox 304 3976 1874 4049; baseline 0.005 -22"><span class='ocrx_word' id='word_1_478' title='bbox 304 3976 451 4049; x_wconf 80' lang='lat' dir='ltr'><strong>tnotti</strong></span> <span class='ocrx_word' id='word_1_479' title='bbox 484 3976 766 4049; x_wconf 82' lang='lat' dir='ltr'><strong>vicariatus</strong></span> <span class='ocrx_word' id='word_1_480' title='bbox 814 3989 937 4032; x_wconf 87' lang='lat' dir='ltr'><strong>sunt</strong></span> <span class='ocrx_word' id='word_1_481' title='bbox 997 3982 1151 4048; x_wconf 70' lang='lat' dir='ltr'><strong>plane</strong></span> <span class='ocrx_word' id='word_1_482' title='bbox 1194 3981 1534 4048; x_wconf 82' lang='lat' dir='ltr'><strong>supposititii.</strong></span> <span class='ocrx_word' id='word_1_483' title='bbox 1588 3976 1874 4049; x_wconf 64' lang='lat' dir='ltr'><strong>Zeplijrini</strong></span> 
     </span>
    </p>
   </div>
   <div class='ocr_carea' id='block_1_69' title="bbox 305 4044 1743 4113">
    <p class='ocr_par' dir='ltr' id='par_1_69' title="bbox 305 4044 1743 4113">
     <span class='ocr_line' id='line_1_69' title="bbox 305 4044 1743 4113; baseline 0.006 -15"><span class='ocrx_word' id='word_1_484' title='bbox 305 4044 547 4113; x_wconf 69' lang='lat' dir='ltr'><strong>epistolae</strong></span> <span class='ocrx_word' id='word_1_485' title='bbox 574 4063 690 4112; x_wconf 69' lang='lat' dir='ltr'><strong>qua:</strong></span> <span class='ocrx_word' id='word_1_486' title='bbox 720 4044 1167 4103; x_wconf 75' lang='lat' dir='ltr'><strong>circumferuntur</strong></span> <span class='ocrx_word' id='word_1_487' title='bbox 1195 4044 1315 4101; x_wconf 79' lang='lat' dir='ltr'><strong>sunt</strong></span> <span class='ocrx_word' id='word_1_488' title='bbox 1344 4044 1743 4107; x_wconf 69' lang='lat' dir='ltr'><strong>cominentitize.</strong></span> 
     </span>
    </p>
   </div>
   <div class='ocr_carea' id='block_1_70' title="bbox 378 4114 1412 4173">
    <p class='ocr_par' dir='ltr' id='par_1_70' title="bbox 378 4114 1412 4173">
     <span class='ocr_line' id='line_1_70' title="bbox 378 4114 1412 4173; baseline 0.005 -6"><span class='ocrx_word' id='word_1_489' title='bbox 378 4114 403 4152; x_wconf 78' lang='grc' dir='ltr'>(ι</span> <span class='ocrx_word' id='word_1_490' title='bbox 434 4115 497 4167; x_wconf 86' lang='lat' dir='ltr'><strong>In</strong></span> <span class='ocrx_word' id='word_1_491' title='bbox 528 4116 733 4169; x_wconf 82' lang='lat' dir='ltr'><strong>Oriente</strong></span> <span class='ocrx_word' id='word_1_492' title='bbox 762 4118 823 4171; x_wconf 90' lang='lat' dir='ltr'><strong>S.</strong></span> <span class='ocrx_word' id='word_1_493' title='bbox 855 4118 1057 4173; x_wconf 82' lang='lat' dir='ltr'><strong>Thech</strong></span> <span class='ocrx_word' id='word_1_494' title='bbox 1086 4120 1235 4172; x_wconf 89' lang='lat' dir='ltr'><strong>deest</strong></span> <span class='ocrx_word' id='word_1_495' title='bbox 1268 4120 1317 4172; x_wconf 91' lang='lat' dir='ltr'><strong>in</strong></span> <span class='ocrx_word' id='word_1_496' title='bbox 1356 4121 1412 4172; x_wconf 80' lang='grc' dir='ltr'>Β.</span> 
     </span>
    </p>
   </div>
   <div class='ocr_carea' id='block_1_71' title="bbox 383 4185 1883 4259">
    <p class='ocr_par' dir='ltr' id='par_1_71' title="bbox 383 4185 1883 4259">
     <span class='ocr_line' id='line_1_71' title="bbox 383 4185 1883 4259; baseline 0.007 -23"><span class='ocrx_word' id='word_1_497' title='bbox 383 4190 406 4218; x_wconf 86' lang='lat'><strong><em>°</em></strong></span> <span class='ocrx_word' id='word_1_498' title='bbox 451 4185 695 4259; x_wconf 76' lang='lat' dir='ltr'><strong>Liberati.</strong></span> <span class='ocrx_word' id='word_1_499' title='bbox 746 4188 901 4242; x_wconf 81' lang='lat' dir='ltr'><strong>Juxta</strong></span> <span class='ocrx_word' id='word_1_500' title='bbox 946 4190 1154 4243; x_wconf 65' lang='lat' dir='ltr'><strong>Bxdam</strong></span> <span class='ocrx_word' id='word_1_501' title='bbox 1193 4190 1341 4259; x_wconf 83' lang='lat' dir='ltr'><strong>Vulg.</strong></span> <span class='ocrx_word' id='word_1_502' title='bbox 1390 4200 1443 4244; x_wconf 90' lang='lat' dir='ltr'><strong>et</strong></span> <span class='ocrx_word' id='word_1_503' title='bbox 1484 4191 1766 4244; x_wconf 85' lang='lat' dir='ltr'><strong>Baronium</strong></span> <span class='ocrx_word' id='word_1_504' title='bbox 1798 4190 1883 4245; x_wconf 89' lang='lat' dir='ltr'><strong>hic</strong></span> 
     </span>
    </p>
   </div>
   <div class='ocr_carea' id='block_1_72' title="bbox 307 4257 1886 4326">
    <p class='ocr_par' dir='ltr' id='par_1_72' title="bbox 307 4257 1886 4326">
     <span class='ocr_line' id='line_1_72' title="bbox 307 4257 1886 4326; baseline 0.004 -17"><span class='ocrx_word' id='word_1_505' title='bbox 307 4270 430 4309; x_wconf 91' lang='lat' dir='ltr'><strong>cuin</strong></span> <span class='ocrx_word' id='word_1_506' title='bbox 487 4257 672 4325; x_wconf 80' lang='lat' dir='ltr'><strong>Bajulo</strong></span> <span class='ocrx_word' id='word_1_507' title='bbox 715 4274 903 4326; x_wconf 86' lang='lat' dir='ltr'><strong>passus</strong></span> <span class='ocrx_word' id='word_1_508' title='bbox 953 4272 1035 4314; x_wconf 90' lang='lat' dir='ltr'><strong>est</strong></span> <span class='ocrx_word' id='word_1_509' title='bbox 1086 4257 1313 4324; x_wconf 69' lang='lat' dir='ltr'><strong>Romae;</strong></span> <span class='ocrx_word' id='word_1_510' title='bbox 1359 4259 1635 4315; x_wconf 86' lang='lat' dir='ltr'><strong>llsuardus</strong></span> <span class='ocrx_word' id='word_1_511' title='bbox 1664 4276 1788 4314; x_wconf 88' lang='lat' dir='ltr'><strong>vero</strong></span> <span class='ocrx_word' id='word_1_512' title='bbox 1817 4261 1886 4315; x_wconf 89' lang='lat' dir='ltr'><strong>de</strong></span> 
     </span>
    </p>
   </div>
   <div class='ocr_carea' id='block_1_73' title="bbox 310 4327 1888 4401">
    <p class='ocr_par' dir='ltr' id='par_1_73' title="bbox 310 4327 1888 4401">
     <span class='ocr_line' id='line_1_73' title="bbox 310 4327 1888 4401; baseline 0.004 -22"><span class='ocrx_word' id='word_1_513' title='bbox 310 4327 560 4381; x_wconf 86' lang='lat' dir='ltr'><strong>Liberato</strong></span> <span class='ocrx_word' id='word_1_514' title='bbox 612 4329 723 4398; x_wconf 84' lang='lat' dir='ltr'><strong>agit</strong></span> <span class='ocrx_word' id='word_1_515' title='bbox 765 4331 900 4396; x_wconf 91' lang='lat' dir='ltr'><strong>solo,</strong></span> <span class='ocrx_word' id='word_1_516' title='bbox 933 4333 1087 4401; x_wconf 72' lang='lat' dir='ltr'><strong>quasi</strong></span> <span class='ocrx_word' id='word_1_517' title='bbox 1147 4346 1334 4399; x_wconf 87' lang='lat' dir='ltr'><strong>passus</strong></span> <span class='ocrx_word' id='word_1_518' title='bbox 1377 4340 1519 4388; x_wconf 77' lang='lat' dir='ltr'><strong>eSSet</strong></span> <span class='ocrx_word' id='word_1_519' title='bbox 1567 4332 1621 4385; x_wconf 91' lang='lat' dir='ltr'><strong>in</strong></span> <span class='ocrx_word' id='word_1_520' title='bbox 1666 4334 1888 4401; x_wconf 88' lang='lat' dir='ltr'><strong>Amphi-</strong></span> 
     </span>
    </p>
   </div>
   <div class='ocr_carea' id='block_1_74' title="bbox 310 4408 445 4451">
    <p class='ocr_par' dir='ltr' id='par_1_74' title="bbox 310 4408 445 4451">
     <span class='ocr_line' id='line_1_74' title="bbox 310 4408 445 4451; baseline -0.007 0"><span class='ocrx_word' id='word_1_521' title='bbox 310 4408 445 4451; x_wconf 88' lang='lat' dir='ltr'><strong>trea.</strong></span> 
     </span>
    </p>
   </div>
   <div class='ocr_carea' id='block_1_75' title="bbox 389 4464 1887 4539">
    <p class='ocr_par' dir='ltr' id='par_1_75' title="bbox 389 4464 1887 4539">
     <span class='ocr_line' id='line_1_75' title="bbox 389 4464 1887 4539; baseline 0.003 -19"><span class='ocrx_word' id='word_1_522' title='bbox 389 4464 407 4503; x_wconf 71' lang='grc' dir='ltr'>ί</span> <span class='ocrx_word' id='word_1_523' title='bbox 452 4469 732 4523; x_wconf 69' lang='lat' dir='ltr'><strong>Anastasii.</strong></span> <span class='ocrx_word' id='word_1_524' title='bbox 788 4471 1168 4525; x_wconf 67' lang='lat' dir='ltr'><strong>Antioch&#39;mS.</strong></span> <span class='ocrx_word' id='word_1_525' title='bbox 1219 4472 1481 4524; x_wconf 82' lang='lat' dir='ltr'><strong>Anastasii</strong></span> <span class='ocrx_word' id='word_1_526' title='bbox 1509 4471 1767 4539; x_wconf 88' lang='lat' dir='ltr'><strong>episc0pi,</strong></span> <span class='ocrx_word' id='word_1_527' title='bbox 1798 4472 1887 4539; x_wconf 91' lang='lat' dir='ltr'><strong>qui</strong></span> 
     </span>
    </p>
   </div>
   <div class='ocr_carea' id='block_1_76' title="bbox 315 4528 1966 4607">
    <p class='ocr_par' dir='ltr' id='par_1_76' title="bbox 315 4528 1966 4607">
     <span class='ocr_line' id='line_1_76' title="bbox 315 4528 1966 4607; baseline 0.002 -16"><span class='ocrx_word' id='word_1_528' title='bbox 315 4537 490 4591; x_wconf 79' lang='lat' dir='ltr'><strong>l&#39;hoca</strong></span> <span class='ocrx_word' id='word_1_529' title='bbox 522 4540 816 4607; x_wconf 85' lang='lat' dir='ltr'><strong>imperante</strong></span> <span class='ocrx_word' id='word_1_530' title='bbox 861 4557 890 4593; x_wconf 93' lang='lat' dir='ltr'><strong>a</strong></span> <span class='ocrx_word' id='word_1_531' title='bbox 944 4542 1144 4595; x_wconf 66' lang='lat' dir='ltr'><strong>JUtJ&#39;tBis</strong></span> <span class='ocrx_word' id='word_1_532' title='bbox 1193 4542 1493 4595; x_wconf 66' lang='lat' dir='ltr'><strong>StﬂViSSltIie</strong></span> <span class='ocrx_word' id='word_1_533' title='bbox 1533 4528 1883 4596; x_wconf 45' lang='lat' dir='ltr'><strong>necatus&#39;e&#39;st.</strong></span> <span class='ocrx_word' id='word_1_534' title='bbox 1916 4528 1966 4587; x_wconf 79' lang='grc' dir='ltr'><strong>Ι)</strong></span> 
     </span>
    </p>
   </div>
   <div class='ocr_carea' id='block_1_77' title="bbox 317 4609 1881 4678">
    <p class='ocr_par' dir='ltr' id='par_1_77' title="bbox 317 4609 1881 4678">
     <span class='ocr_line' id='line_1_77' title="bbox 317 4609 1881 4678; baseline 0.002 -16"><span class='ocrx_word' id='word_1_535' title='bbox 317 4614 518 4662; x_wconf 84' lang='lat' dir='ltr'><strong>Anetor</strong></span> <span class='ocrx_word' id='word_1_536' title='bbox 546 4609 795 4663; x_wconf 87' lang='lat' dir='ltr'><strong>Chronici</strong></span> <span class='ocrx_word' id='word_1_537' title='bbox 844 4612 1197 4666; x_wconf 80' lang='lat' dir='ltr'><strong>Alexandrini</strong></span> <span class='ocrx_word' id='word_1_538' title='bbox 1227 4628 1366 4664; x_wconf 86' lang='lat' dir='ltr'><strong>anno</strong></span> <span class='ocrx_word' id='word_1_539' title='bbox 1402 4623 1516 4678; x_wconf 90' lang='lat' dir='ltr'><strong>post</strong></span> <span class='ocrx_word' id='word_1_540' title='bbox 1546 4613 1881 4665; x_wconf 86' lang='lat' dir='ltr'><strong>consulatum</strong></span> 
     </span>
    </p>
   </div>
   <div class='ocr_carea' id='block_1_78' title="bbox 317 4679 1884 4750">
    <p class='ocr_par' dir='ltr' id='par_1_78' title="bbox 317 4679 1884 4750">
     <span class='ocr_line' id='line_1_78' title="bbox 317 4679 1884 4750; baseline 0.001 -19"><span class='ocrx_word' id='word_1_541' title='bbox 317 4679 508 4750; x_wconf 68' lang='lat' dir='ltr'><strong>I’liocxe</strong></span> <span class='ocrx_word' id='word_1_542' title='bbox 548 4681 682 4749; x_wconf 89' lang='lat' dir='ltr'><strong>Aug.</strong></span> <span class='ocrx_word' id='word_1_543' title='bbox 716 4697 789 4744; x_wconf 92' lang='lat' dir='ltr'><strong>vi,</strong></span> <span class='ocrx_word' id='word_1_544' title='bbox 833 4682 939 4734; x_wconf 89' lang='lat' dir='ltr'><strong>ait:</strong></span> <span class='ocrx_word' id='word_1_545' title='bbox 982 4701 999 4732; x_wconf 82' lang='grc' dir='ltr'><strong>ι</strong></span> <span class='ocrx_word' id='word_1_546' title='bbox 1035 4682 1548 4735; x_wconf 87' lang='lat' dir='ltr'><strong>Ptocnodochiorum</strong></span> <span class='ocrx_word' id='word_1_547' title='bbox 1582 4686 1884 4750; x_wconf 69' lang='lat' dir='ltr'><strong>praefectus,</strong></span> 
     </span>
    </p>
   </div>
   <div class='ocr_carea' id='block_1_79' title="bbox 315 4748 1886 4817">
    <p class='ocr_par' dir='ltr' id='par_1_79' title="bbox 315 4748 1886 4817">
     <span class='ocr_line' id='line_1_79' title="bbox 315 4748 1886 4817; baseline 0 -13"><span class='ocrx_word' id='word_1_548' title='bbox 315 4748 617 4817; x_wconf 83' lang='lat' dir='ltr'><strong>Septembri</strong></span> <span class='ocrx_word' id='word_1_549' title='bbox 642 4748 864 4813; x_wconf 89' lang='lat' dir='ltr'><strong>mense,</strong></span> <span class='ocrx_word' id='word_1_550' title='bbox 898 4752 1184 4806; x_wconf 89' lang='lat' dir='ltr'><strong>indictione</strong></span> <span class='ocrx_word' id='word_1_551' title='bbox 1219 4752 1303 4817; x_wconf 75' lang='lat' dir='ltr'><strong>Ii,</strong></span> <span class='ocrx_word' id='word_1_552' title='bbox 1353 4748 1692 4815; x_wconf 77' lang='lat' dir='ltr'><strong>renuntiavit,</strong></span> <span class='ocrx_word' id='word_1_553' title='bbox 1738 4758 1886 4804; x_wconf 78' lang='lat' dir='ltr'><strong>Ana-</strong></span> 
     </span>
    </p>
   </div>
   <div class='ocr_carea' id='block_1_80' title="bbox 318 4820 1883 4890">
    <p class='ocr_par' dir='ltr' id='par_1_80' title="bbox 318 4820 1883 4890">
     <span class='ocr_line' id='line_1_80' title="bbox 318 4820 1883 4890; baseline 0.001 -17"><span class='ocrx_word' id='word_1_554' title='bbox 318 4820 538 4873; x_wconf 88' lang='lat' dir='ltr'><strong>stasium</strong></span> <span class='ocrx_word' id='word_1_555' title='bbox 570 4821 960 4875; x_wconf 88' lang='lat' dir='ltr'><strong>Antiochenuin</strong></span> <span class='ocrx_word' id='word_1_556' title='bbox 984 4838 1011 4875; x_wconf 94' lang='lat' dir='ltr'><strong>a</strong></span> <span class='ocrx_word' id='word_1_557' title='bbox 1037 4822 1289 4875; x_wconf 90' lang='lat' dir='ltr'><strong>militibus</strong></span> <span class='ocrx_word' id='word_1_558' title='bbox 1314 4824 1686 4890; x_wconf 82' lang='lat' dir='ltr'><strong>interemptum</strong></span> <span class='ocrx_word' id='word_1_559' title='bbox 1712 4838 1849 4875; x_wconf 91' lang='lat' dir='ltr'><strong>esse.</strong></span> <span class='ocrx_word' id='word_1_560' title='bbox 1866 4842 1883 4873; x_wconf 70' lang='grc' dir='ltr'><strong>ι</strong></span> 
     </span>
    </p>
   </div>
   <div class='ocr_carea' id='block_1_81' title="bbox 317 4892 1889 4960">
    <p class='ocr_par' dir='ltr' id='par_1_81' title="bbox 317 4892 1889 4960">
     <span class='ocr_line' id='line_1_81' title="bbox 317 4892 1889 4960; baseline 0.001 -17"><span class='ocrx_word' id='word_1_561' title='bbox 317 4892 535 4943; x_wconf 87' lang='lat' dir='ltr'><strong>Occisus</strong></span> <span class='ocrx_word' id='word_1_562' title='bbox 559 4900 639 4943; x_wconf 82' lang='lat' dir='ltr'><strong>est</strong></span> <span class='ocrx_word' id='word_1_563' title='bbox 668 4892 825 4960; x_wconf 82' lang='lat' dir='ltr'><strong>igitur</strong></span> <span class='ocrx_word' id='word_1_564' title='bbox 850 4909 989 4947; x_wconf 91' lang='lat' dir='ltr'><strong>anno</strong></span> <span class='ocrx_word' id='word_1_565' title='bbox 1008 4893 1200 4948; x_wconf 77' lang='lat' dir='ltr'><strong>Christi</strong></span> <span class='ocrx_word' id='word_1_566' title='bbox 1232 4892 1354 4948; x_wconf 79' lang='lat'><strong>610.</strong></span> <span class='ocrx_word' id='word_1_567' title='bbox 1388 4895 1641 4947; x_wconf 78' lang='lat' dir='ltr'><strong>Baronius</strong></span> <span class='ocrx_word' id='word_1_568' title='bbox 1664 4895 1889 4948; x_wconf 85' lang='lat' dir='ltr'><strong>Anasta-</strong></span> 
     </span>
    </p>
   </div>
   <div class='ocr_carea' id='block_1_82' title="bbox 320 4961 937 5027">
    <p class='ocr_par' dir='ltr' id='par_1_82' title="bbox 320 4961 937 5027">
     <span class='ocr_line' id='line_1_82' title="bbox 320 4961 937 5027; baseline 0.005 -13"><span class='ocrx_word' id='word_1_569' title='bbox 320 4962 460 5014; x_wconf 91' lang='lat' dir='ltr'><strong>sium</strong></span> <span class='ocrx_word' id='word_1_570' title='bbox 502 4961 631 5013; x_wconf 91' lang='lat' dir='ltr'><strong>colit</strong></span> <span class='ocrx_word' id='word_1_571' title='bbox 662 4963 937 5027; x_wconf 89' lang='lat' dir='ltr'><strong>postridie.</strong></span> 
     </span>
    </p>
   </div>
   <div class='ocr_carea' id='block_1_83' title="bbox 393 5029 1889 5102">
    <p class='ocr_par' dir='ltr' id='par_1_83' title="bbox 393 5029 1889 5102">
     <span class='ocr_line' id='line_1_83' title="bbox 393 5029 1889 5102; baseline 0.001 -19"><span class='ocrx_word' id='word_1_572' title='bbox 393 5038 420 5077; x_wconf 75' lang='lat'><strong>8</strong></span> <span class='ocrx_word' id='word_1_573' title='bbox 471 5029 693 5086; x_wconf 75' lang='lat' dir='ltr'><strong>Tliomw.</strong></span> <span class='ocrx_word' id='word_1_574' title='bbox 748 5034 847 5100; x_wconf 81' lang='lat' dir='ltr'><strong>Qui</strong></span> <span class='ocrx_word' id='word_1_575' title='bbox 901 5035 1109 5089; x_wconf 88' lang='lat' dir='ltr'><strong>Parthis</strong></span> <span class='ocrx_word' id='word_1_576' title='bbox 1162 5034 1505 5102; x_wconf 86' lang='lat' dir='ltr'><strong>Evangeliuin</strong></span> <span class='ocrx_word' id='word_1_577' title='bbox 1556 5032 1889 5102; x_wconf 71' lang='lat' dir='ltr'><strong>praedicavit,</strong></span> 
     </span>
    </p>
   </div>
   <div class='ocr_carea' id='block_1_84' title="bbox 324 5103 1891 5171">
    <p class='ocr_par' dir='ltr' id='par_1_84' title="bbox 324 5103 1891 5171">
     <span class='ocr_line' id='line_1_84' title="bbox 324 5103 1891 5171; baseline 0.001 -16"><span class='ocrx_word' id='word_1_578' title='bbox 324 5110 383 5155; x_wconf 93' lang='lat' dir='ltr'><strong>ut</strong></span> <span class='ocrx_word' id='word_1_579' title='bbox 407 5110 633 5156; x_wconf 86' lang='lat' dir='ltr'><strong>testatur</strong></span> <span class='ocrx_word' id='word_1_580' title='bbox 664 5103 878 5171; x_wconf 85' lang='lat' dir='ltr'><strong>Euseb.,</strong></span> <span class='ocrx_word' id='word_1_581' title='bbox 929 5105 1064 5159; x_wconf 89' lang='lat' dir='ltr'><strong>IIist.</strong></span> <span class='ocrx_word' id='word_1_582' title='bbox 1118 5106 1265 5159; x_wconf 85' lang='lat' dir='ltr'><strong>Eccl.</strong></span> <span class='ocrx_word' id='word_1_583' title='bbox 1296 5118 1375 5166; x_wconf 85' lang='lat' dir='ltr'><strong>iii,</strong></span> <span class='ocrx_word' id='word_1_584' title='bbox 1411 5106 1463 5166; x_wconf 86' lang='lat' dir='ltr'><strong>I,</strong></span> <span class='ocrx_word' id='word_1_585' title='bbox 1496 5115 1551 5158; x_wconf 90' lang='lat' dir='ltr'><strong>et</strong></span> <span class='ocrx_word' id='word_1_586' title='bbox 1579 5105 1809 5167; x_wconf 84' lang='lat' dir='ltr'><strong>Soerat.,</strong></span> <span class='ocrx_word' id='word_1_587' title='bbox 1843 5122 1891 5167; x_wconf 87' lang='lat' dir='ltr'><strong>I,</strong></span> 
     </span>
    </p>
   </div>
   <div class='ocr_carea' id='block_1_85' title="bbox 328 5172 1894 5245">
    <p class='ocr_par' dir='ltr' id='par_1_85' title="bbox 328 5172 1894 5245">
     <span class='ocr_line' id='line_1_85' title="bbox 328 5172 1894 5245; baseline 0.003 -22"><span class='ocrx_word' id='word_1_588' title='bbox 328 5172 417 5245; x_wconf 76' lang='lat' dir='ltr'><strong>I9,</strong></span> <span class='ocrx_word' id='word_1_589' title='bbox 446 5178 504 5225; x_wconf 89' lang='lat' dir='ltr'><strong>et</strong></span> <span class='ocrx_word' id='word_1_590' title='bbox 525 5174 768 5245; x_wconf 75' lang='lat' dir='ltr'><strong>Clemens</strong></span> <span class='ocrx_word' id='word_1_591' title='bbox 818 5176 869 5228; x_wconf 93' lang='lat' dir='ltr'><strong>in</strong></span> <span class='ocrx_word' id='word_1_592' title='bbox 915 5176 1007 5230; x_wconf 90' lang='lat' dir='ltr'><strong>lib.</strong></span> <span class='ocrx_word' id='word_1_593' title='bbox 1062 5192 1113 5229; x_wconf 77' lang='lat' dir='ltr'><strong>ix</strong></span> <span class='ocrx_word' id='word_1_594' title='bbox 1165 5176 1628 5245; x_wconf 73' lang='lat' dir='ltr'><strong>ltecognitionum.</strong></span> <span class='ocrx_word' id='word_1_595' title='bbox 1678 5175 1894 5245; x_wconf 73' lang='lat' dir='ltr'><strong>certum</strong></span> 
     </span>
    </p>
   </div>
   <div class='ocr_carea' id='block_1_86' title="bbox 325 5243 1899 5315">
    <p class='ocr_par' dir='ltr' id='par_1_86' title="bbox 325 5243 1899 5315">
     <span class='ocr_line' id='line_1_86' title="bbox 325 5243 1899 5315; baseline -0.001 -18"><span class='ocrx_word' id='word_1_596' title='bbox 325 5244 485 5315; x_wconf 88' lang='lat' dir='ltr'><strong>etiam</strong></span> <span class='ocrx_word' id='word_1_597' title='bbox 517 5243 727 5315; x_wconf 87' lang='lat' dir='ltr'><strong>videtur</strong></span> <span class='ocrx_word' id='word_1_598' title='bbox 766 5245 911 5298; x_wconf 89' lang='lat' dir='ltr'><strong>illum</strong></span> <span class='ocrx_word' id='word_1_599' title='bbox 951 5246 1091 5315; x_wconf 90' lang='lat' dir='ltr'><strong>apud</strong></span> <span class='ocrx_word' id='word_1_600' title='bbox 1122 5247 1276 5300; x_wconf 90' lang='lat' dir='ltr'><strong>Indos</strong></span> <span class='ocrx_word' id='word_1_601' title='bbox 1305 5243 1497 5300; x_wconf 82' lang='lat' dir='ltr'><strong>Christi</strong></span> <span class='ocrx_word' id='word_1_602' title='bbox 1533 5245 1689 5297; x_wconf 82' lang='lat' dir='ltr'><strong>fidem</strong></span> <span class='ocrx_word' id='word_1_603' title='bbox 1723 5244 1899 5297; x_wconf 83' lang='lat' dir='ltr'><strong>disse-</strong></span> 
     </span>
    </p>
   </div>
   <div class='ocr_carea' id='block_1_87' title="bbox 330 5314 1895 5386">
    <p class='ocr_par' dir='ltr' id='par_1_87' title="bbox 330 5314 1895 5386">
     <span class='ocr_line' id='line_1_87' title="bbox 330 5314 1895 5386; baseline -0.001 -19"><span class='ocrx_word' id='word_1_604' title='bbox 330 5314 585 5386; x_wconf 81' lang='lat' dir='ltr'><strong>minasse,</strong></span> <span class='ocrx_word' id='word_1_605' title='bbox 610 5314 661 5367; x_wconf 85' lang='lat' dir='ltr'><strong>id</strong></span> <span class='ocrx_word' id='word_1_606' title='bbox 686 5317 1059 5371; x_wconf 85' lang='lat' dir='ltr'><strong>attestantibus</strong></span> <span class='ocrx_word' id='word_1_607' title='bbox 1082 5316 1339 5386; x_wconf 76' lang='lat' dir='ltr'><strong>Gregorio</strong></span> <span class='ocrx_word' id='word_1_608' title='bbox 1362 5315 1716 5377; x_wconf 84' lang='lat' dir='ltr'><strong>Naziaiizeno,</strong></span> <span class='ocrx_word' id='word_1_609' title='bbox 1756 5322 1895 5367; x_wconf 90' lang='lat' dir='ltr'><strong>orat.</strong></span> 
     </span>
    </p>
   </div>
   <div class='ocr_carea' id='block_1_88' title="bbox 328 5383 1895 5455">
    <p class='ocr_par' dir='ltr' id='par_1_88' title="bbox 328 5383 1895 5455">
     <span class='ocr_line' id='line_1_88' title="bbox 328 5383 1895 5455; baseline 0.001 -19"><span class='ocrx_word' id='word_1_610' title='bbox 328 5384 423 5448; x_wconf 75' lang='lat'><strong>‘25,</strong></span> <span class='ocrx_word' id='word_1_611' title='bbox 478 5383 823 5455; x_wconf 64' lang='lat' dir='ltr'><strong>liicronymo,</strong></span> <span class='ocrx_word' id='word_1_612' title='bbox 878 5387 1033 5454; x_wconf 87' lang='lat' dir='ltr'><strong>epist.</strong></span> <span class='ocrx_word' id='word_1_613' title='bbox 1090 5383 1215 5451; x_wconf 65' lang='lat' dir='ltr'><strong>I48,</strong></span> <span class='ocrx_word' id='word_1_614' title='bbox 1264 5388 1568 5449; x_wconf 82' lang='lat' dir='ltr'><strong>Ambrosio,</strong></span> <span class='ocrx_word' id='word_1_615' title='bbox 1604 5388 1653 5439; x_wconf 91' lang='lat' dir='ltr'><strong>in</strong></span> <span class='ocrx_word' id='word_1_616' title='bbox 1707 5387 1895 5455; x_wconf 78' lang='lat' dir='ltr'><strong>psalm.</strong></span> 
     </span>
    </p>
   </div>
   <div class='ocr_carea' id='block_1_89' title="bbox 332 5454 1898 5526">
    <p class='ocr_par' dir='ltr' id='par_1_89' title="bbox 332 5454 1898 5526">
     <span class='ocr_line' id='line_1_89' title="bbox 332 5454 1898 5526; baseline -0.001 -17"><span class='ocrx_word' id='word_1_617' title='bbox 332 5470 455 5516; x_wconf 66' lang='lat' dir='ltr'><strong>xcv,</strong></span> <span class='ocrx_word' id='word_1_618' title='bbox 491 5454 732 5519; x_wconf 84' lang='lat' dir='ltr'><strong>Paulino,</strong></span> <span class='ocrx_word' id='word_1_619' title='bbox 757 5458 981 5526; x_wconf 89' lang='lat' dir='ltr'><strong>aliisque</strong></span> <span class='ocrx_word' id='word_1_620' title='bbox 1007 5459 1105 5511; x_wconf 84' lang='lat' dir='ltr'><strong>SS.</strong></span> <span class='ocrx_word' id='word_1_621' title='bbox 1152 5459 1417 5520; x_wconf 83' lang='lat' dir='ltr'><strong>Patribus,</strong></span> <span class='ocrx_word' id='word_1_622' title='bbox 1449 5471 1517 5511; x_wconf 79' lang='lat' dir='ltr'><strong>ex</strong></span> <span class='ocrx_word' id='word_1_623' title='bbox 1550 5458 1739 5523; x_wconf 88' lang='lat' dir='ltr'><strong>quibus</strong></span> <span class='ocrx_word' id='word_1_624' title='bbox 1763 5454 1898 5507; x_wconf 83' lang='lat' dir='ltr'><strong>Gau-</strong></span> 
     </span>
    </p>
   </div>
   <div class='ocr_carea' id='block_1_90' title="bbox 333 5526 1901 5595">
    <p class='ocr_par' dir='ltr' id='par_1_90' title="bbox 333 5526 1901 5595">
     <span class='ocr_line' id='line_1_90' title="bbox 333 5526 1901 5595; baseline -0.001 -16"><span class='ocrx_word' id='word_1_625' title='bbox 333 5528 546 5580; x_wconf 90' lang='lat' dir='ltr'><strong>dentius</strong></span> <span class='ocrx_word' id='word_1_626' title='bbox 584 5536 637 5579; x_wconf 89' lang='lat' dir='ltr'><strong>et</strong></span> <span class='ocrx_word' id='word_1_627' title='bbox 658 5527 748 5580; x_wconf 90' lang='lat' dir='ltr'><strong>alii</strong></span> <span class='ocrx_word' id='word_1_628' title='bbox 777 5542 897 5581; x_wconf 90' lang='lat' dir='ltr'><strong>cum</strong></span> <span class='ocrx_word' id='word_1_629' title='bbox 931 5527 1313 5581; x_wconf 85' lang='lat' dir='ltr'><strong>vetustioribus</strong></span> <span class='ocrx_word' id='word_1_630' title='bbox 1336 5526 1726 5595; x_wconf 82' lang='lat' dir='ltr'><strong>Martyrologiis</strong></span> <span class='ocrx_word' id='word_1_631' title='bbox 1752 5526 1901 5577; x_wconf 90' lang='lat' dir='ltr'><strong>aiunt</strong></span> 
     </span>
    </p>
   </div>
   <div class='ocr_carea' id='block_1_91' title="bbox 334 5595 1899 5666">
    <p class='ocr_par' dir='ltr' id='par_1_91' title="bbox 334 5595 1899 5666">
     <span class='ocr_line' id='line_1_91' title="bbox 334 5595 1899 5666; baseline -0.002 -16"><span class='ocrx_word' id='word_1_632' title='bbox 334 5612 456 5650; x_wconf 90' lang='lat' dir='ltr'><strong>eum</strong></span> <span class='ocrx_word' id='word_1_633' title='bbox 490 5595 682 5650; x_wconf 88' lang='lat' dir='ltr'><strong>ibidem</strong></span> <span class='ocrx_word' id='word_1_634' title='bbox 735 5598 894 5650; x_wconf 85' lang='lat' dir='ltr'><strong>vitam</strong></span> <span class='ocrx_word' id='word_1_635' title='bbox 948 5600 1201 5661; x_wconf 74' lang='lat' dir='ltr'><strong>liiiivisse,</strong></span> <span class='ocrx_word' id='word_1_636' title='bbox 1253 5609 1307 5652; x_wconf 89' lang='lat' dir='ltr'><strong>et</strong></span> <span class='ocrx_word' id='word_1_637' title='bbox 1360 5599 1571 5666; x_wconf 89' lang='lat' dir='ltr'><strong>quidem</strong></span> <span class='ocrx_word' id='word_1_638' title='bbox 1624 5598 1899 5664; x_wconf 88' lang='lat' dir='ltr'><strong>martyrio.</strong></span> 
     </span>
    </p>
   </div>
   <div class='ocr_carea' id='block_1_92' title="bbox 341 5668 1898 5737">
    <p class='ocr_par' dir='ltr' id='par_1_92' title="bbox 341 5668 1898 5737">
     <span class='ocr_line' id='line_1_92' title="bbox 341 5668 1898 5737; baseline 0 -19"><span class='ocrx_word' id='word_1_639' title='bbox 341 5668 412 5720; x_wconf 88' lang='lat' dir='ltr'><strong>De</strong></span> <span class='ocrx_word' id='word_1_640' title='bbox 477 5668 595 5734; x_wconf 86' lang='lat' dir='ltr'><strong>ejus</strong></span> <span class='ocrx_word' id='word_1_641' title='bbox 648 5669 900 5724; x_wconf 81' lang='lat' dir='ltr'><strong>Edessam</strong></span> <span class='ocrx_word' id='word_1_642' title='bbox 958 5669 1301 5724; x_wconf 84' lang='lat' dir='ltr'><strong>translatione</strong></span> <span class='ocrx_word' id='word_1_643' title='bbox 1355 5668 1473 5723; x_wconf 89' lang='lat' dir='ltr'><strong>vide</strong></span> <span class='ocrx_word' id='word_1_644' title='bbox 1520 5682 1733 5737; x_wconf 85' lang='lat' dir='ltr'><strong>suprav</strong></span> <span class='ocrx_word' id='word_1_645' title='bbox 1766 5668 1898 5721; x_wconf 86' lang='lat' dir='ltr'><strong>Non.</strong></span> 
     </span>
    </p>
   </div>
   <div class='ocr_carea' id='block_1_93' title="bbox 341 5739 481 5791">
    <p class='ocr_par' dir='ltr' id='par_1_93' title="bbox 341 5739 481 5791">
     <span class='ocr_line' id='line_1_93' title="bbox 341 5739 481 5791; baseline -0.014 0"><span class='ocrx_word' id='word_1_646' title='bbox 341 5739 481 5791; x_wconf 84' lang='lat' dir='ltr'><strong>Julii.</strong></span> 
     </span>
    </p>
   </div>
   <div class='ocr_carea' id='block_1_94' title="bbox 411 5808 1904 5877">
    <p class='ocr_par' dir='ltr' id='par_1_94' title="bbox 411 5808 1904 5877">
     <span class='ocr_line' id='line_1_94' title="bbox 411 5808 1904 5877; baseline 0 -14"><span class='ocrx_word' id='word_1_647' title='bbox 411 5808 435 5844; x_wconf 73' lang='grc' dir='ltr'><strong>ἰ</strong></span> <span class='ocrx_word' id='word_1_648' title='bbox 486 5811 783 5865; x_wconf 67' lang='lat' dir='ltr'><strong>Innocentii.</strong></span> <span class='ocrx_word' id='word_1_649' title='bbox 816 5813 911 5876; x_wconf 80' lang='lat' dir='ltr'><strong>Qui</strong></span> <span class='ocrx_word' id='word_1_650' title='bbox 954 5811 1047 5866; x_wconf 89' lang='lat' dir='ltr'><strong>fuit</strong></span> <span class='ocrx_word' id='word_1_651' title='bbox 1076 5812 1286 5867; x_wconf 86' lang='lat' dir='ltr'><strong>natione</strong></span> <span class='ocrx_word' id='word_1_652' title='bbox 1319 5812 1494 5875; x_wconf 85' lang='lat' dir='ltr'><strong>Italus,</strong></span> <span class='ocrx_word' id='word_1_653' title='bbox 1539 5810 1700 5877; x_wconf 85' lang='lat' dir='ltr'><strong>patria</strong></span> <span class='ocrx_word' id='word_1_654' title='bbox 1742 5808 1904 5863; x_wconf 80' lang='lat' dir='ltr'><strong>Alba-</strong></span> 
     </span>
    </p>
   </div>
   <div class='ocr_carea' id='block_1_95' title="bbox 1976 2717 3547 2787">
    <p class='ocr_par' dir='ltr' id='par_1_95' title="bbox 1976 2717 3547 2787">
     <span class='ocr_line' id='line_1_95' title="bbox 1976 2717 3547 2787; baseline 0.003 -18"><span class='ocrx_word' id='word_1_655' title='bbox 1976 2730 2097 2781; x_wconf 89' lang='lat' dir='ltr'><strong>nus,</strong></span> <span class='ocrx_word' id='word_1_656' title='bbox 2131 2725 2181 2769; x_wconf 91' lang='lat' dir='ltr'><strong>et</strong></span> <span class='ocrx_word' id='word_1_657' title='bbox 2209 2724 2437 2771; x_wconf 82' lang='lat' dir='ltr'><strong>exeunte</strong></span> <span class='ocrx_word' id='word_1_658' title='bbox 2464 2732 2606 2771; x_wconf 90' lang='lat' dir='ltr'><strong>anno</strong></span> <span class='ocrx_word' id='word_1_659' title='bbox 2636 2717 2735 2770; x_wconf 78' lang='grc'><strong>401</strong></span> <span class='ocrx_word' id='word_1_660' title='bbox 2772 2720 3055 2787; x_wconf 88' lang='lat' dir='ltr'><strong>episcopus</strong></span> <span class='ocrx_word' id='word_1_661' title='bbox 3078 2719 3348 2773; x_wconf 78' lang='lat' dir='ltr'><strong>Romanus</strong></span> <span class='ocrx_word' id='word_1_662' title='bbox 3379 2720 3547 2775; x_wconf 83' lang='lat' dir='ltr'><strong>factus</strong></span> 
     </span>
    </p>
   </div>
   <div class='ocr_carea' id='block_1_96' title="bbox 1975 2787 3547 2858">
    <p class='ocr_par' dir='ltr' id='par_1_96' title="bbox 1975 2787 3547 2858">
     <span class='ocr_line' id='line_1_96' title="bbox 1975 2787 3547 2858; baseline 0.001 -17"><span class='ocrx_word' id='word_1_663' title='bbox 1975 2797 2077 2841; x_wconf 89' lang='lat' dir='ltr'><strong>est.</strong></span> <span class='ocrx_word' id='word_1_664' title='bbox 2114 2787 2431 2858; x_wconf 78' lang='lat' dir='ltr'><strong>Episcopatu</strong></span> <span class='ocrx_word' id='word_1_665' title='bbox 2459 2799 2727 2852; x_wconf 86' lang='lat' dir='ltr'><strong>suscepto,</strong></span> <span class='ocrx_word' id='word_1_666' title='bbox 2763 2790 3003 2858; x_wconf 80' lang='lat' dir='ltr'><strong>ingentes</strong></span> <span class='ocrx_word' id='word_1_667' title='bbox 3031 2805 3152 2843; x_wconf 91' lang='lat' dir='ltr'><strong>cum</strong></span> <span class='ocrx_word' id='word_1_668' title='bbox 3183 2790 3547 2844; x_wconf 80' lang='lat' dir='ltr'><strong>Orientalibus</strong></span> 
     </span>
    </p>
   </div>
   <div class='ocr_carea' id='block_1_97' title="bbox 1975 2857 3555 2929">
    <p class='ocr_par' dir='ltr' id='par_1_97' title="bbox 1975 2857 3555 2929">
     <span class='ocr_line' id='line_1_97' title="bbox 1975 2857 3555 2929; baseline 0.003 -20"><span class='ocrx_word' id='word_1_669' title='bbox 1975 2857 2388 2929; x_wconf 81' lang='lat' dir='ltr'><strong>episcOpislites</strong></span> <span class='ocrx_word' id='word_1_670' title='bbox 2414 2859 2481 2913; x_wconf 92' lang='lat' dir='ltr'><strong>de</strong></span> <span class='ocrx_word' id='word_1_671' title='bbox 2506 2858 2562 2913; x_wconf 87' lang='lat' dir='ltr'><strong>S.</strong></span> <span class='ocrx_word' id='word_1_672' title='bbox 2595 2857 3208 2929; x_wconf 28' lang='lat' dir='ltr'><strong>Joantiis’CIirysostmni</strong></span> <span class='ocrx_word' id='word_1_673' title='bbox 3239 2875 3397 2914; x_wconf 87' lang='lat' dir='ltr'><strong>causa</strong></span> <span class='ocrx_word' id='word_1_674' title='bbox 3442 2864 3555 2927; x_wconf 87' lang='lat' dir='ltr'><strong>agi-</strong></span> 
     </span>
    </p>
   </div>
   <div class='ocr_carea' id='block_1_98' title="bbox 1977 2928 3548 2995">
    <p class='ocr_par' dir='ltr' id='par_1_98' title="bbox 1977 2928 3548 2995">
     <span class='ocr_line' id='line_1_98' title="bbox 1977 2928 3548 2995; baseline 0.003 -18"><span class='ocrx_word' id='word_1_675' title='bbox 1977 2935 2090 2979; x_wconf 84' lang='lat' dir='ltr'><strong>tare</strong></span> <span class='ocrx_word' id='word_1_676' title='bbox 2133 2928 2315 2993; x_wconf 80' lang='lat' dir='ltr'><strong>ciepit,</strong></span> <span class='ocrx_word' id='word_1_677' title='bbox 2347 2930 2499 2995; x_wconf 83' lang='lat' dir='ltr'><strong>cujus</strong></span> <span class='ocrx_word' id='word_1_678' title='bbox 2531 2929 2620 2981; x_wconf 92' lang='lat' dir='ltr'><strong>ille</strong></span> <span class='ocrx_word' id='word_1_679' title='bbox 2652 2938 2828 2994; x_wconf 90' lang='lat' dir='ltr'><strong>partes</strong></span> <span class='ocrx_word' id='word_1_680' title='bbox 2859 2928 3072 2984; x_wconf 85' lang='lat' dir='ltr'><strong>strenue</strong></span> <span class='ocrx_word' id='word_1_681' title='bbox 3105 2938 3300 2984; x_wconf 78' lang='lat' dir='ltr'><strong>lutatus</strong></span> <span class='ocrx_word' id='word_1_682' title='bbox 3342 2930 3548 2983; x_wconf 80' lang='lat' dir='ltr'><strong>fuerat:</strong></span> 
     </span>
    </p>
   </div>
   <div class='ocr_carea' id='block_1_99' title="bbox 1976 2997 3551 3066">
    <p class='ocr_par' dir='ltr' id='par_1_99' title="bbox 1976 2997 3551 3066">
     <span class='ocr_line' id='line_1_99' title="bbox 1976 2997 3551 3066; baseline 0.004 -18"><span class='ocrx_word' id='word_1_683' title='bbox 1976 3010 2131 3062; x_wconf 85' lang='lat' dir='ltr'><strong>quem</strong></span> <span class='ocrx_word' id='word_1_684' title='bbox 2168 2997 2341 3049; x_wconf 87' lang='lat' dir='ltr'><strong>vivum</strong></span> <span class='ocrx_word' id='word_1_685' title='bbox 2374 3003 2691 3051; x_wconf 80' lang='lat' dir='ltr'><strong>auctoritate</strong></span> <span class='ocrx_word' id='word_1_686' title='bbox 2714 3013 2807 3051; x_wconf 89' lang='lat' dir='ltr'><strong>sua</strong></span> <span class='ocrx_word' id='word_1_687' title='bbox 2838 3011 2889 3052; x_wconf 91' lang='lat' dir='ltr'><strong>et</strong></span> <span class='ocrx_word' id='word_1_688' title='bbox 2914 3000 3287 3054; x_wconf 83' lang='lat' dir='ltr'><strong>consolatoriis</strong></span> <span class='ocrx_word' id='word_1_689' title='bbox 3310 3002 3551 3066; x_wconf 84' lang='lat' dir='ltr'><strong>epistolis</strong></span> 
     </span>
    </p>
   </div>
   <div class='ocr_carea' id='block_1_100' title="bbox 1973 3066 3551 3133">
    <p class='ocr_par' dir='ltr' id='par_1_100' title="bbox 1973 3066 3551 3133">
     <span class='ocr_line' id='line_1_100' title="bbox 1973 3066 3551 3133; baseline 0.003 -15"><span class='ocrx_word' id='word_1_690' title='bbox 1973 3066 2327 3131; x_wconf 83' lang='lat' dir='ltr'><strong>confirmavit,</strong></span> <span class='ocrx_word' id='word_1_691' title='bbox 2374 3078 2429 3121; x_wconf 90' lang='lat' dir='ltr'><strong>et</strong></span> <span class='ocrx_word' id='word_1_692' title='bbox 2472 3068 2709 3122; x_wconf 83' lang='lat' dir='ltr'><strong>defuncti</strong></span> <span class='ocrx_word' id='word_1_693' title='bbox 2749 3084 2965 3123; x_wconf 63' lang='lat' dir='ltr'><strong>causam</strong></span> <span class='ocrx_word' id='word_1_694' title='bbox 3013 3070 3229 3123; x_wconf 87' lang='lat' dir='ltr'><strong>minime</strong></span> <span class='ocrx_word' id='word_1_695' title='bbox 3280 3069 3551 3133; x_wconf 87' lang='lat' dir='ltr'><strong>deseruit;</strong></span> 
     </span>
    </p>
   </div>
   <div class='ocr_carea' id='block_1_101' title="bbox 1974 3136 3555 3204">
    <p class='ocr_par' dir='ltr' id='par_1_101' title="bbox 1974 3136 3555 3204">
     <span class='ocr_line' id='line_1_101' title="bbox 1974 3136 3555 3204; baseline 0.002 -14"><span class='ocrx_word' id='word_1_696' title='bbox 1974 3136 2065 3190; x_wconf 77' lang='lat' dir='ltr'><strong>sed</strong></span> <span class='ocrx_word' id='word_1_697' title='bbox 2097 3150 2227 3204; x_wconf 77' lang='lat' dir='ltr'><strong>cum</strong></span> <span class='ocrx_word' id='word_1_698' title='bbox 2260 3138 2622 3190; x_wconf 85' lang='lat' dir='ltr'><strong>Orientalibus</strong></span> <span class='ocrx_word' id='word_1_699' title='bbox 2653 3139 2917 3204; x_wconf 81' lang='lat' dir='ltr'><strong>episcopis</strong></span> <span class='ocrx_word' id='word_1_700' title='bbox 2958 3141 3384 3192; x_wconf 84' lang='lat' dir='ltr'><strong>eoitiniuiiionem</strong></span> <span class='ocrx_word' id='word_1_701' title='bbox 3418 3142 3555 3193; x_wconf 88' lang='lat' dir='ltr'><strong>inire</strong></span> 
     </span>
    </p>
   </div>
   <div class='ocr_carea' id='block_1_102' title="bbox 1975 3202 3554 3276">
    <p class='ocr_par' dir='ltr' id='par_1_102' title="bbox 1975 3202 3554 3276">
     <span class='ocr_line' id='line_1_102' title="bbox 1975 3202 3554 3276; baseline 0.005 -21"><span class='ocrx_word' id='word_1_702' title='bbox 1975 3202 2255 3276; x_wconf 66' lang='lat' dir='ltr'><strong>praefracte</strong></span> <span class='ocrx_word' id='word_1_703' title='bbox 2300 3208 2495 3269; x_wconf 91' lang='lat' dir='ltr'><strong>renuit,</strong></span> <span class='ocrx_word' id='word_1_704' title='bbox 2552 3202 2724 3261; x_wconf 83' lang='lat' dir='ltr'><strong>donec</strong></span> <span class='ocrx_word' id='word_1_705' title='bbox 2753 3202 3121 3276; x_wconf 85' lang='lat' dir='ltr'><strong>Clirysostoiiii</strong></span> <span class='ocrx_word' id='word_1_706' title='bbox 3167 3224 3357 3263; x_wconf 86' lang='lat' dir='ltr'><strong>nomen</strong></span> <span class='ocrx_word' id='word_1_707' title='bbox 3390 3211 3442 3263; x_wconf 92' lang='lat' dir='ltr'><strong>in</strong></span> <span class='ocrx_word' id='word_1_708' title='bbox 3472 3210 3554 3263; x_wconf 90' lang='lat' dir='ltr'><strong>di-</strong></span> 
     </span>
    </p>
   </div>
   <div class='ocr_carea' id='block_1_103' title="bbox 1971 3274 3555 3342">
    <p class='ocr_par' dir='ltr' id='par_1_103' title="bbox 1971 3274 3555 3342">
     <span class='ocr_line' id='line_1_103' title="bbox 1971 3274 3555 3342; baseline 0.004 -18"><span class='ocrx_word' id='word_1_709' title='bbox 1971 3274 2162 3342; x_wconf 87' lang='lat' dir='ltr'><strong>ptycha</strong></span> <span class='ocrx_word' id='word_1_710' title='bbox 2189 3290 2341 3327; x_wconf 86' lang='lat' dir='ltr'><strong>sacra</strong></span> <span class='ocrx_word' id='word_1_711' title='bbox 2373 3276 2697 3341; x_wconf 85' lang='lat' dir='ltr'><strong>postliminio</strong></span> <span class='ocrx_word' id='word_1_712' title='bbox 2739 3274 3124 3332; x_wconf 80' lang='lat' dir='ltr'><strong>restitueretur.</strong></span> <span class='ocrx_word' id='word_1_713' title='bbox 3157 3280 3309 3332; x_wconf 87' lang='lat' dir='ltr'><strong>Anno</strong></span> <span class='ocrx_word' id='word_1_714' title='bbox 3334 3278 3457 3342; x_wconf 68' lang='grc'><strong>409,</strong></span> <span class='ocrx_word' id='word_1_715' title='bbox 3488 3280 3555 3331; x_wconf 90' lang='lat' dir='ltr'><strong>ah</strong></span> 
     </span>
    </p>
   </div>
   <div class='ocr_carea' id='block_1_104' title="bbox 1973 3342 3553 3417">
    <p class='ocr_par' dir='ltr' id='par_1_104' title="bbox 1973 3342 3553 3417">
     <span class='ocr_line' id='line_1_104' title="bbox 1973 3342 3553 3417; baseline 0.003 -21"><span class='ocrx_word' id='word_1_716' title='bbox 1973 3342 2209 3417; x_wconf 82' lang='lat' dir='ltr'><strong>Ilonorio</strong></span> <span class='ocrx_word' id='word_1_717' title='bbox 2240 3346 2365 3417; x_wconf 82' lang='lat' dir='ltr'><strong>imp.</strong></span> <span class='ocrx_word' id='word_1_718' title='bbox 2400 3346 2465 3398; x_wconf 90' lang='lat' dir='ltr'><strong>ad</strong></span> <span class='ocrx_word' id='word_1_719' title='bbox 2499 3348 2765 3400; x_wconf 87' lang='lat' dir='ltr'><strong>Alaricum</strong></span> <span class='ocrx_word' id='word_1_720' title='bbox 2794 3348 3090 3401; x_wconf 85' lang='lat' dir='ltr'><strong>Gothorum</strong></span> <span class='ocrx_word' id='word_1_721' title='bbox 3142 3363 3317 3417; x_wconf 86' lang='lat' dir='ltr'><strong>regem</strong></span> <span class='ocrx_word' id='word_1_722' title='bbox 3372 3348 3553 3401; x_wconf 74' lang='lat' dir='ltr'><strong>Romae</strong></span> 
     </span>
    </p>
   </div>
   <div class='ocr_carea' id='block_1_105' title="bbox 1973 3414 3550 3485">
    <p class='ocr_par' dir='ltr' id='par_1_105' title="bbox 1973 3414 3550 3485">
     <span class='ocr_line' id='line_1_105' title="bbox 1973 3414 3550 3485; baseline 0.005 -19"><span class='ocrx_word' id='word_1_723' title='bbox 1973 3414 2264 3485; x_wconf 79' lang='lat' dir='ltr'><strong>exercitum</strong></span> <span class='ocrx_word' id='word_1_724' title='bbox 2294 3414 2633 3469; x_wconf 81' lang='lat' dir='ltr'><strong>adinoturiiin</strong></span> <span class='ocrx_word' id='word_1_725' title='bbox 2667 3419 2864 3485; x_wconf 87' lang='lat' dir='ltr'><strong>legatus</strong></span> <span class='ocrx_word' id='word_1_726' title='bbox 2895 3426 3000 3485; x_wconf 90' lang='lat' dir='ltr'><strong>est,</strong></span> <span class='ocrx_word' id='word_1_727' title='bbox 3054 3430 3109 3470; x_wconf 91' lang='lat' dir='ltr'><strong>ut</strong></span> <span class='ocrx_word' id='word_1_728' title='bbox 3156 3414 3223 3469; x_wconf 75' lang='lat' dir='ltr'><strong>aii</strong></span> <span class='ocrx_word' id='word_1_729' title='bbox 3269 3420 3550 3473; x_wconf 83' lang='lat' dir='ltr'><strong>obsidione</strong></span> 
     </span>
    </p>
   </div>
   <div class='ocr_carea' id='block_1_106' title="bbox 1974 3482 3553 3555">
    <p class='ocr_par' dir='ltr' id='par_1_106' title="bbox 1974 3482 3553 3555">
     <span class='ocr_line' id='line_1_106' title="bbox 1974 3482 3553 3555; baseline 0.003 -19"><span class='ocrx_word' id='word_1_730' title='bbox 1974 3482 2074 3536; x_wconf 78' lang='lat' dir='ltr'><strong>iSIa</strong></span> <span class='ocrx_word' id='word_1_731' title='bbox 2109 3487 2365 3538; x_wconf 89' lang='lat' dir='ltr'><strong>barbaros</strong></span> <span class='ocrx_word' id='word_1_732' title='bbox 2395 3495 2680 3541; x_wconf 85' lang='lat' dir='ltr'><strong>averteret.</strong></span> <span class='ocrx_word' id='word_1_733' title='bbox 2720 3482 2994 3541; x_wconf 74' lang='lat' dir='ltr'><strong>Sureessn</strong></span> <span class='ocrx_word' id='word_1_734' title='bbox 3039 3488 3249 3555; x_wconf 86' lang='lat' dir='ltr'><strong>quidem</strong></span> <span class='ocrx_word' id='word_1_735' title='bbox 3279 3490 3447 3541; x_wconf 89' lang='lat' dir='ltr'><strong>caruit</strong></span> <span class='ocrx_word' id='word_1_736' title='bbox 3480 3491 3553 3541; x_wconf 53' lang='lat' dir='ltr'><strong>le.</strong></span> 
     </span>
    </p>
   </div>
   <div class='ocr_carea' id='block_1_107' title="bbox 1974 3556 3553 3621">
    <p class='ocr_par' dir='ltr' id='par_1_107' title="bbox 1974 3556 3553 3621">
     <span class='ocr_line' id='line_1_107' title="bbox 1974 3556 3553 3621; baseline 0.003 -16"><span class='ocrx_word' id='word_1_737' title='bbox 1974 3556 2140 3621; x_wconf 84' lang='lat' dir='ltr'><strong>gatio,</strong></span> <span class='ocrx_word' id='word_1_738' title='bbox 2194 3557 2286 3609; x_wconf 85' lang='lat' dir='ltr'><strong>sed</strong></span> <span class='ocrx_word' id='word_1_739' title='bbox 2319 3571 2383 3609; x_wconf 91' lang='lat' dir='ltr'><strong>eo</strong></span> <span class='ocrx_word' id='word_1_740' title='bbox 2413 3559 2571 3610; x_wconf 89' lang='lat' dir='ltr'><strong>modo</strong></span> <span class='ocrx_word' id='word_1_741' title='bbox 2602 3559 2733 3610; x_wconf 90' lang='lat' dir='ltr'><strong>urbe</strong></span> <span class='ocrx_word' id='word_1_742' title='bbox 2764 3559 3055 3612; x_wconf 80' lang='lat' dir='ltr'><strong>subductus</strong></span> <span class='ocrx_word' id='word_1_743' title='bbox 3089 3560 3421 3611; x_wconf 89' lang='lat' dir='ltr'><strong>Innocentius</strong></span> <span class='ocrx_word' id='word_1_744' title='bbox 3450 3558 3553 3611; x_wconf 76' lang='lat' dir='ltr'><strong>Ra-</strong></span> 
     </span>
    </p>
   </div>
   <div class='ocr_carea' id='block_1_108' title="bbox 1978 3628 3551 3687">
    <p class='ocr_par' dir='ltr' id='par_1_108' title="bbox 1978 3628 3551 3687">
     <span class='ocr_line' id='line_1_108' title="bbox 1978 3628 3551 3687; baseline 0.003 -11"><span class='ocrx_word' id='word_1_745' title='bbox 1978 3638 2163 3679; x_wconf 76' lang='lat' dir='ltr'><strong>venna:</strong></span> <span class='ocrx_word' id='word_1_746' title='bbox 2192 3628 2446 3687; x_wconf 82' lang='lat' dir='ltr'><strong>substitit,</strong></span> <span class='ocrx_word' id='word_1_747' title='bbox 2474 3638 2527 3680; x_wconf 88' lang='lat' dir='ltr'><strong>et</strong></span> <span class='ocrx_word' id='word_1_748' title='bbox 2551 3628 2799 3681; x_wconf 91' lang='lat' dir='ltr'><strong>miseram</strong></span> <span class='ocrx_word' id='word_1_749' title='bbox 2828 3644 2941 3681; x_wconf 67' lang='lat' dir='ltr'><strong>sua:</strong></span> <span class='ocrx_word' id='word_1_750' title='bbox 2967 3631 3111 3682; x_wconf 78' lang='lat' dir='ltr'><strong>sedis</strong></span> <span class='ocrx_word' id='word_1_751' title='bbox 3152 3628 3358 3680; x_wconf 91' lang='lat' dir='ltr'><strong>ruinam</strong></span> <span class='ocrx_word' id='word_1_752' title='bbox 3385 3643 3414 3680; x_wconf 90' lang='lat' dir='ltr'><strong>e</strong></span> <span class='ocrx_word' id='word_1_753' title='bbox 3436 3629 3551 3681; x_wconf 90' lang='lat' dir='ltr'><strong>lon-</strong></span> 
     </span>
    </p>
   </div>
   <div class='ocr_carea' id='block_1_109' title="bbox 1978 3696 3547 3764">
    <p class='ocr_par' dir='ltr' id='par_1_109' title="bbox 1978 3696 3547 3764">
     <span class='ocr_line' id='line_1_109' title="bbox 1978 3696 3547 3764; baseline 0.004 -19"><span class='ocrx_word' id='word_1_754' title='bbox 1978 3696 2172 3761; x_wconf 83' lang='lat' dir='ltr'><strong>ginquo</strong></span> <span class='ocrx_word' id='word_1_755' title='bbox 2199 3702 2479 3761; x_wconf 79' lang='lat' dir='ltr'><strong>cotiSpexit</strong></span> <span class='ocrx_word' id='word_1_756' title='bbox 2512 3716 2521 3749; x_wconf 93' lang='lat'><strong>:</strong></span> <span class='ocrx_word' id='word_1_757' title='bbox 2554 3699 2817 3764; x_wconf 89' lang='lat' dir='ltr'><strong>reliquum</strong></span> <span class='ocrx_word' id='word_1_758' title='bbox 2843 3699 2963 3751; x_wconf 72' lang='lat' dir='ltr'><strong>vitte</strong></span> <span class='ocrx_word' id='word_1_759' title='bbox 2995 3714 3209 3752; x_wconf 89' lang='lat' dir='ltr'><strong>cursum</strong></span> <span class='ocrx_word' id='word_1_760' title='bbox 3242 3697 3547 3751; x_wconf 87' lang='lat' dir='ltr'><strong>Novatianis</strong></span> 
     </span>
    </p>
   </div>
   <div class='ocr_carea' id='block_1_110' title="bbox 1979 3765 3555 3835">
    <p class='ocr_par' dir='ltr' id='par_1_110' title="bbox 1979 3765 3555 3835">
     <span class='ocr_line' id='line_1_110' title="bbox 1979 3765 3555 3835; baseline 0.004 -19"><span class='ocrx_word' id='word_1_761' title='bbox 1979 3774 2031 3835; x_wconf 82' lang='lat' dir='ltr'><strong>et</strong></span> <span class='ocrx_word' id='word_1_762' title='bbox 2108 3765 2405 3832; x_wconf 82' lang='lat' dir='ltr'><strong>Pelagianis</strong></span> <span class='ocrx_word' id='word_1_763' title='bbox 2466 3769 2839 3835; x_wconf 85' lang='lat' dir='ltr'><strong>impugnandis</strong></span> <span class='ocrx_word' id='word_1_764' title='bbox 2904 3768 3179 3832; x_wconf 75' lang='lat' dir='ltr'><strong>impendit.</strong></span> <span class='ocrx_word' id='word_1_765' title='bbox 3243 3768 3555 3822; x_wconf 80' lang='lat' dir='ltr'><strong>Permisisse</strong></span> 
     </span>
    </p>
   </div>
   <div class='ocr_carea' id='block_1_111' title="bbox 1981 3834 3553 3906">
    <p class='ocr_par' dir='ltr' id='par_1_111' title="bbox 1981 3834 3553 3906">
     <span class='ocr_line' id='line_1_111' title="bbox 1981 3834 3553 3906; baseline 0.004 -22"><span class='ocrx_word' id='word_1_766' title='bbox 1981 3834 2369 3897; x_wconf 84' lang='lat' dir='ltr'><strong>Innocentium,</strong></span> <span class='ocrx_word' id='word_1_767' title='bbox 2398 3848 2452 3890; x_wconf 93' lang='lat' dir='ltr'><strong>ut</strong></span> <span class='ocrx_word' id='word_1_768' title='bbox 2477 3834 2787 3893; x_wconf 77' lang='lat' dir='ltr'><strong>imminente</strong></span> <span class='ocrx_word' id='word_1_769' title='bbox 2808 3840 2915 3905; x_wconf 91' lang='lat' dir='ltr'><strong>jam</strong></span> <span class='ocrx_word' id='word_1_770' title='bbox 2960 3839 3140 3893; x_wconf 64' lang='lat' dir='ltr'><strong>“enim</strong></span> <span class='ocrx_word' id='word_1_771' title='bbox 3192 3839 3399 3891; x_wconf 85' lang='lat' dir='ltr'><strong>Alarico</strong></span> <span class='ocrx_word' id='word_1_772' title='bbox 3425 3853 3553 3906; x_wconf 84' lang='lat' dir='ltr'><strong>gen-</strong></span> 
     </span>
    </p>
   </div>
   <div class='ocr_carea' id='block_1_112' title="bbox 1983 3906 3553 3976">
    <p class='ocr_par' dir='ltr' id='par_1_112' title="bbox 1983 3906 3553 3976">
     <span class='ocr_line' id='line_1_112' title="bbox 1983 3906 3553 3976; baseline 0.003 -20"><span class='ocrx_word' id='word_1_773' title='bbox 1983 3906 2103 3976; x_wconf 81' lang='lat' dir='ltr'><strong>tiles</strong></span> <span class='ocrx_word' id='word_1_774' title='bbox 2135 3908 2334 3973; x_wconf 91' lang='lat' dir='ltr'><strong>priscos</strong></span> <span class='ocrx_word' id='word_1_775' title='bbox 2362 3908 2494 3960; x_wconf 90' lang='lat' dir='ltr'><strong>ritus</strong></span> <span class='ocrx_word' id='word_1_776' title='bbox 2524 3918 2577 3961; x_wconf 90' lang='lat' dir='ltr'><strong>et</strong></span> <span class='ocrx_word' id='word_1_777' title='bbox 2601 3910 2858 3962; x_wconf 89' lang='lat' dir='ltr'><strong>sacriticia</strong></span> <span class='ocrx_word' id='word_1_778' title='bbox 2887 3910 3025 3963; x_wconf 90' lang='lat' dir='ltr'><strong>clam</strong></span> <span class='ocrx_word' id='word_1_779' title='bbox 3067 3917 3397 3976; x_wconf 85' lang='lat' dir='ltr'><strong>peragerent,</strong></span> <span class='ocrx_word' id='word_1_780' title='bbox 3426 3923 3553 3961; x_wconf 89' lang='lat' dir='ltr'><strong>con-</strong></span> 
     </span>
    </p>
   </div>
   <div class='ocr_carea' id='block_1_113' title="bbox 1984 3974 3559 4044">
    <p class='ocr_par' dir='ltr' id='par_1_113' title="bbox 1984 3974 3559 4044">
     <span class='ocr_line' id='line_1_113' title="bbox 1984 3974 3559 4044; baseline 0.005 -21"><span class='ocrx_word' id='word_1_781' title='bbox 1984 3974 2102 4027; x_wconf 84' lang='lat' dir='ltr'><strong>ﬁcta</strong></span> <span class='ocrx_word' id='word_1_782' title='bbox 2130 3988 2209 4029; x_wconf 85' lang='lat' dir='ltr'><strong>est</strong></span> <span class='ocrx_word' id='word_1_783' title='bbox 2231 3994 2257 4028; x_wconf 90' lang='lat' dir='ltr'><strong>a</strong></span> <span class='ocrx_word' id='word_1_784' title='bbox 2281 3976 2512 4042; x_wconf 85' lang='lat' dir='ltr'><strong>Zosimo,</strong></span> <span class='ocrx_word' id='word_1_785' title='bbox 2546 3979 2634 4031; x_wconf 88' lang='lat' dir='ltr'><strong>lib.</strong></span> <span class='ocrx_word' id='word_1_786' title='bbox 2662 3994 2712 4040; x_wconf 92' lang='lat' dir='ltr'><strong>v,</strong></span> <span class='ocrx_word' id='word_1_787' title='bbox 2742 3978 3029 4033; x_wconf 73' lang='lat' dir='ltr'><strong>calumnia.</strong></span> <span class='ocrx_word' id='word_1_788' title='bbox 3055 3974 3267 4032; x_wconf 74' lang='grc' dir='ltr'><strong>Ζοδὶιὶιο</strong></span> <span class='ocrx_word' id='word_1_789' title='bbox 3293 3981 3559 4044; x_wconf 90' lang='lat' dir='ltr'><strong>scriptore</strong></span> 
     </span>
    </p>
   </div>
   <div class='ocr_carea' id='block_1_114' title="bbox 1982 4044 3559 4114">
    <p class='ocr_par' dir='ltr' id='par_1_114' title="bbox 1982 4044 3559 4114">
     <span class='ocr_line' id='line_1_114' title="bbox 1982 4044 3559 4114; baseline 0.003 -17"><span class='ocrx_word' id='word_1_790' title='bbox 1982 4044 2196 4098; x_wconf 85' lang='lat' dir='ltr'><strong>ethnieo</strong></span> <span class='ocrx_word' id='word_1_791' title='bbox 2218 4048 2413 4114; x_wconf 87' lang='lat' dir='ltr'><strong>opponi</strong></span> <span class='ocrx_word' id='word_1_792' title='bbox 2460 4059 2683 4114; x_wconf 88' lang='lat' dir='ltr'><strong>possunt</strong></span> <span class='ocrx_word' id='word_1_793' title='bbox 2714 4050 2981 4113; x_wconf 82' lang='lat' dir='ltr'><strong>Socrates,</strong></span> <span class='ocrx_word' id='word_1_794' title='bbox 3018 4065 3093 4113; x_wconf 80' lang='lat' dir='ltr'><strong>ix,</strong></span> <span class='ocrx_word' id='word_1_795' title='bbox 3124 4050 3178 4113; x_wconf 89' lang='lat'><strong>7,</strong></span> <span class='ocrx_word' id='word_1_796' title='bbox 3211 4058 3263 4102; x_wconf 90' lang='lat' dir='ltr'><strong>et</strong></span> <span class='ocrx_word' id='word_1_797' title='bbox 3303 4049 3559 4101; x_wconf 86' lang='lat' dir='ltr'><strong>Sozome-</strong></span> 
     </span>
    </p>
   </div>
   <div class='ocr_carea' id='block_1_115' title="bbox 1986 4117 3562 4185">
    <p class='ocr_par' dir='ltr' id='par_1_115' title="bbox 1986 4117 3562 4185">
     <span class='ocr_line' id='line_1_115' title="bbox 1986 4117 3562 4185; baseline 0.003 -19"><span class='ocrx_word' id='word_1_798' title='bbox 1986 4130 2106 4178; x_wconf 85' lang='lat' dir='ltr'><strong>nus,</strong></span> <span class='ocrx_word' id='word_1_799' title='bbox 2169 4132 2264 4176; x_wconf 84' lang='lat' dir='ltr'><strong>vii,</strong></span> <span class='ocrx_word' id='word_1_800' title='bbox 2312 4118 2366 4179; x_wconf 91' lang='lat'><strong>9,</strong></span> <span class='ocrx_word' id='word_1_801' title='bbox 2416 4120 2504 4185; x_wconf 91' lang='lat' dir='ltr'><strong>qui</strong></span> <span class='ocrx_word' id='word_1_802' title='bbox 2557 4118 2741 4171; x_wconf 71' lang='lat' dir='ltr'><strong>Itonia:</strong></span> <span class='ocrx_word' id='word_1_803' title='bbox 2790 4118 3121 4173; x_wconf 87' lang='lat' dir='ltr'><strong>obsidionem</strong></span> <span class='ocrx_word' id='word_1_804' title='bbox 3149 4130 3200 4174; x_wconf 89' lang='lat' dir='ltr'><strong>et</strong></span> <span class='ocrx_word' id='word_1_805' title='bbox 3231 4117 3562 4170; x_wconf 89' lang='lat' dir='ltr'><strong>ethnicorum</strong></span> 
     </span>
    </p>
   </div>
   <div class='ocr_carea' id='block_1_116' title="bbox 1988 4187 3560 4256">
    <p class='ocr_par' dir='ltr' id='par_1_116' title="bbox 1988 4187 3560 4256">
     <span class='ocr_line' id='line_1_116' title="bbox 1988 4187 3560 4256; baseline 0.003 -20"><span class='ocrx_word' id='word_1_806' title='bbox 1988 4187 2289 4239; x_wconf 90' lang='lat' dir='ltr'><strong>iiiolitiones</strong></span> <span class='ocrx_word' id='word_1_807' title='bbox 2316 4204 2347 4240; x_wconf 93' lang='lat' dir='ltr'><strong>n</strong></span> <span class='ocrx_word' id='word_1_808' title='bbox 2370 4200 2594 4243; x_wconf 67' lang='lat' dir='ltr'><strong>srrautes</strong></span> <span class='ocrx_word' id='word_1_809' title='bbox 2618 4205 2727 4241; x_wconf 88' lang='lat' dir='ltr'><strong>rem</strong></span> <span class='ocrx_word' id='word_1_810' title='bbox 2761 4190 2913 4256; x_wconf 87' lang='lat' dir='ltr'><strong>plane</strong></span> <span class='ocrx_word' id='word_1_811' title='bbox 2936 4200 3131 4252; x_wconf 88' lang='lat' dir='ltr'><strong>tacent,</strong></span> <span class='ocrx_word' id='word_1_812' title='bbox 3159 4191 3206 4242; x_wconf 91' lang='lat' dir='ltr'><strong>id</strong></span> <span class='ocrx_word' id='word_1_813' title='bbox 3229 4203 3560 4255; x_wconf 86' lang='lat' dir='ltr'><strong>nequaquam</strong></span> 
     </span>
    </p>
   </div>
   <div class='ocr_carea' id='block_1_117' title="bbox 1991 4256 3563 4328">
    <p class='ocr_par' dir='ltr' id='par_1_117' title="bbox 1991 4256 3563 4328">
     <span class='ocr_line' id='line_1_117' title="bbox 1991 4256 3563 4328; baseline 0.002 -21"><span class='ocrx_word' id='word_1_814' title='bbox 1991 4256 2206 4321; x_wconf 86' lang='lat' dir='ltr'><strong>facturi,</strong></span> <span class='ocrx_word' id='word_1_815' title='bbox 2241 4258 2284 4310; x_wconf 86' lang='lat' dir='ltr'><strong>si</strong></span> <span class='ocrx_word' id='word_1_816' title='bbox 2316 4260 2515 4311; x_wconf 91' lang='lat' dir='ltr'><strong>crimen</strong></span> <span class='ocrx_word' id='word_1_817' title='bbox 2545 4259 2807 4328; x_wconf 89' lang='lat' dir='ltr'><strong>ejusmodi</strong></span> <span class='ocrx_word' id='word_1_818' title='bbox 2855 4259 3161 4313; x_wconf 81' lang='lat' dir='ltr'><strong>admisisset</strong></span> <span class='ocrx_word' id='word_1_819' title='bbox 3206 4258 3563 4321; x_wconf 87' lang='lat' dir='ltr'><strong>Innocentius,</strong></span> 
     </span>
    </p>
   </div>
   <div class='ocr_carea' id='block_1_118' title="bbox 1989 4328 3563 4397">
    <p class='ocr_par' dir='ltr' id='par_1_118' title="bbox 1989 4328 3563 4397">
     <span class='ocr_line' id='line_1_118' title="bbox 1989 4328 3563 4397; baseline 0.002 -19"><span class='ocrx_word' id='word_1_820' title='bbox 1989 4342 2146 4393; x_wconf 89' lang='lat' dir='ltr'><strong>quem</strong></span> <span class='ocrx_word' id='word_1_821' title='bbox 2177 4337 2337 4381; x_wconf 77' lang='lat' dir='ltr'><strong>secta:</strong></span> <span class='ocrx_word' id='word_1_822' title='bbox 2362 4328 2663 4382; x_wconf 82' lang='lat' dir='ltr'><strong>Novatiaiiae</strong></span> <span class='ocrx_word' id='word_1_823' title='bbox 2690 4331 2871 4383; x_wconf 91' lang='lat' dir='ltr'><strong>odium</strong></span> <span class='ocrx_word' id='word_1_824' title='bbox 2905 4332 3032 4397; x_wconf 87' lang='lat' dir='ltr'><strong>ipsis</strong></span> <span class='ocrx_word' id='word_1_825' title='bbox 3063 4331 3286 4383; x_wconf 91' lang='lat' dir='ltr'><strong>invisum</strong></span> <span class='ocrx_word' id='word_1_826' title='bbox 3320 4329 3563 4382; x_wconf 86' lang='lat' dir='ltr'><strong>reddide-</strong></span> 
     </span>
    </p>
   </div>
   <div class='ocr_carea' id='block_1_119' title="bbox 1993 4398 3571 4467">
    <p class='ocr_par' dir='ltr' id='par_1_119' title="bbox 1993 4398 3571 4467">
     <span class='ocr_line' id='line_1_119' title="bbox 1993 4398 3571 4467; baseline 0.003 -20"><span class='ocrx_word' id='word_1_827' title='bbox 1993 4406 2092 4450; x_wconf 88' lang='lat' dir='ltr'><strong>rat.</strong></span> <span class='ocrx_word' id='word_1_828' title='bbox 2128 4398 2269 4451; x_wconf 91' lang='lat' dir='ltr'><strong>Obiit</strong></span> <span class='ocrx_word' id='word_1_829' title='bbox 2297 4414 2435 4451; x_wconf 92' lang='lat' dir='ltr'><strong>anno</strong></span> <span class='ocrx_word' id='word_1_830' title='bbox 2462 4401 2589 4464; x_wconf 77' lang='grc'><strong>417,</strong></span> <span class='ocrx_word' id='word_1_831' title='bbox 2630 4415 2736 4453; x_wconf 92' lang='lat' dir='ltr'><strong>non</strong></span> <span class='ocrx_word' id='word_1_832' title='bbox 2767 4401 2853 4452; x_wconf 86' lang='lat' dir='ltr'><strong>die</strong></span> <span class='ocrx_word' id='word_1_833' title='bbox 2895 4402 2965 4454; x_wconf 69' lang='lat'><strong>‘28</strong></span> <span class='ocrx_word' id='word_1_834' title='bbox 2995 4399 3141 4467; x_wconf 86' lang='lat' dir='ltr'><strong>Julii,</strong></span> <span class='ocrx_word' id='word_1_835' title='bbox 3186 4410 3241 4453; x_wconf 92' lang='lat' dir='ltr'><strong>ut</strong></span> <span class='ocrx_word' id='word_1_836' title='bbox 3267 4400 3380 4451; x_wconf 86' lang='lat' dir='ltr'><strong>vult</strong></span> <span class='ocrx_word' id='word_1_837' title='bbox 3411 4400 3571 4452; x_wconf 81' lang='lat' dir='ltr'><strong>Baro-</strong></span> 
     </span>
    </p>
   </div>
   <div class='ocr_carea' id='block_1_120' title="bbox 1996 4468 3572 4537">
    <p class='ocr_par' dir='ltr' id='par_1_120' title="bbox 1996 4468 3572 4537">
     <span class='ocr_line' id='line_1_120' title="bbox 1996 4468 3572 4537; baseline 0.003 -20"><span class='ocrx_word' id='word_1_838' title='bbox 1996 4469 2146 4533; x_wconf 88' lang='lat' dir='ltr'><strong>iiius;</strong></span> <span class='ocrx_word' id='word_1_839' title='bbox 2179 4484 2242 4521; x_wconf 71' lang='lat' dir='ltr'><strong>ex</strong></span> <span class='ocrx_word' id='word_1_840' title='bbox 2294 4471 2553 4535; x_wconf 89' lang='lat' dir='ltr'><strong>rescripto</strong></span> <span class='ocrx_word' id='word_1_841' title='bbox 2599 4472 2739 4525; x_wconf 90' lang='lat' dir='ltr'><strong>enim</strong></span> <span class='ocrx_word' id='word_1_842' title='bbox 2798 4470 2994 4524; x_wconf 77' lang='lat' dir='ltr'><strong>Zosimi</strong></span> <span class='ocrx_word' id='word_1_843' title='bbox 3037 4468 3360 4525; x_wconf 88' lang='lat' dir='ltr'><strong>successoris</strong></span> <span class='ocrx_word' id='word_1_844' title='bbox 3413 4469 3572 4537; x_wconf 89' lang='lat' dir='ltr'><strong>hujus</strong></span> 
     </span>
    </p>
   </div>
   <div class='ocr_carea' id='block_1_121' title="bbox 1997 4536 3569 4594">
    <p class='ocr_par' dir='ltr' id='par_1_121' title="bbox 1997 4536 3569 4594">
     <span class='ocr_line' id='line_1_121' title="bbox 1997 4536 3569 4594; baseline -0.001 -4"><span class='ocrx_word' id='word_1_845' title='bbox 1997 4536 2289 4592; x_wconf 85' lang='lat' dir='ltr'><strong>liinocentii</strong></span> <span class='ocrx_word' id='word_1_846' title='bbox 2321 4551 2471 4594; x_wconf 87' lang='lat' dir='ltr'><strong>certo</strong></span> <span class='ocrx_word' id='word_1_847' title='bbox 2502 4551 2710 4594; x_wconf 84' lang='lat' dir='ltr'><strong>eonStat</strong></span> <span class='ocrx_word' id='word_1_848' title='bbox 2757 4542 3025 4594; x_wconf 53' lang='lat' dir='ltr'><strong>ZiSllllUII]</strong></span> <span class='ocrx_word' id='word_1_849' title='bbox 3052 4542 3140 4594; x_wconf 87' lang='lat' dir='ltr'><strong>die</strong></span> <span class='ocrx_word' id='word_1_850' title='bbox 3169 4541 3239 4593; x_wconf 64' lang='lat'><strong>25</strong></span> <span class='ocrx_word' id='word_1_851' title='bbox 3267 4539 3441 4593; x_wconf 80' lang='lat' dir='ltr'><strong>Martii</strong></span> <span class='ocrx_word' id='word_1_852' title='bbox 3472 4542 3569 4591; x_wconf 69' lang='lat' dir='ltr'><strong>ltu~</strong></span> 
     </span>
    </p>
   </div>
   <div class='ocr_carea' id='block_1_122' title="bbox 1986 4608 3570 4677">
    <p class='ocr_par' dir='ltr' id='par_1_122' title="bbox 1986 4608 3570 4677">
     <span class='ocr_line' id='line_1_122' title="bbox 1986 4608 3570 4677; baseline 0.004 -21"><span class='ocrx_word' id='word_1_853' title='bbox 1986 4608 2074 4674; x_wconf 74' lang='lat' dir='ltr'><strong>jus</strong></span> <span class='ocrx_word' id='word_1_854' title='bbox 2105 4613 2229 4662; x_wconf 90' lang='lat' dir='ltr'><strong>anni</strong></span> <span class='ocrx_word' id='word_1_855' title='bbox 2268 4613 2376 4677; x_wconf 89' lang='lat' dir='ltr'><strong>jam</strong></span> <span class='ocrx_word' id='word_1_856' title='bbox 2427 4610 2720 4665; x_wconf 80' lang='lat' dir='ltr'><strong>Ecclesiain</strong></span> <span class='ocrx_word' id='word_1_857' title='bbox 2770 4612 3062 4663; x_wconf 79' lang='lat' dir='ltr'><strong>Romanam</strong></span> <span class='ocrx_word' id='word_1_858' title='bbox 3098 4612 3318 4669; x_wconf 77' lang='lat' dir='ltr'><strong>rexisse,</strong></span> <span class='ocrx_word' id='word_1_859' title='bbox 3350 4610 3443 4662; x_wconf 88' lang='lat' dir='ltr'><strong>sed</strong></span> <span class='ocrx_word' id='word_1_860' title='bbox 3484 4610 3570 4662; x_wconf 86' lang='lat' dir='ltr'><strong>die</strong></span> 
     </span>
    </p>
   </div>
   <div class='ocr_carea' id='block_1_123' title="bbox 1993 4677 3565 4747">
    <p class='ocr_par' dir='ltr' id='par_1_123' title="bbox 1993 4677 3565 4747">
     <span class='ocr_line' id='line_1_123' title="bbox 1993 4677 3565 4747; baseline 0.003 -18"><span class='ocrx_word' id='word_1_861' title='bbox 1993 4677 2058 4728; x_wconf 73' lang='lat' dir='ltr'><strong>I2</strong></span> <span class='ocrx_word' id='word_1_862' title='bbox 2091 4679 2283 4739; x_wconf 79' lang='lat' dir='ltr'><strong>Martii,</strong></span> <span class='ocrx_word' id='word_1_863' title='bbox 2309 4689 2365 4733; x_wconf 88' lang='lat' dir='ltr'><strong>ut</strong></span> <span class='ocrx_word' id='word_1_864' title='bbox 2392 4690 2534 4747; x_wconf 90' lang='lat' dir='ltr'><strong>patet</strong></span> <span class='ocrx_word' id='word_1_865' title='bbox 2562 4696 2627 4731; x_wconf 80' lang='lat' dir='ltr'><strong>ex</strong></span> <span class='ocrx_word' id='word_1_866' title='bbox 2669 4694 2824 4747; x_wconf 87' lang='lat' dir='ltr'><strong>quam</strong></span> <span class='ocrx_word' id='word_1_867' title='bbox 2875 4682 3113 4746; x_wconf 90' lang='lat' dir='ltr'><strong>plurimis</strong></span> <span class='ocrx_word' id='word_1_868' title='bbox 3152 4679 3565 4746; x_wconf 79' lang='lat' dir='ltr'><strong>Martyrologiis.</strong></span> 
     </span>
    </p>
   </div>
   <div class='ocr_carea' id='block_1_124' title="bbox 1988 4748 3567 4816">
    <p class='ocr_par' dir='ltr' id='par_1_124' title="bbox 1988 4748 3567 4816">
     <span class='ocr_line' id='line_1_124' title="bbox 1988 4748 3567 4816; baseline -0.001 -15"><span class='ocrx_word' id='word_1_869' title='bbox 1988 4748 2172 4816; x_wconf 87' lang='lat' dir='ltr'><strong>Neque</strong></span> <span class='ocrx_word' id='word_1_870' title='bbox 2196 4752 2335 4802; x_wconf 89' lang='lat' dir='ltr'><strong>enini</strong></span> <span class='ocrx_word' id='word_1_871' title='bbox 2366 4750 2599 4802; x_wconf 68' lang='lat' dir='ltr'><strong>obiitdie</strong></span> <span class='ocrx_word' id='word_1_872' title='bbox 2622 4751 2682 4801; x_wconf 62' lang='grc' dir='ltr'><strong>ξι</strong></span> <span class='ocrx_word' id='word_1_873' title='bbox 2715 4749 3021 4801; x_wconf 86' lang='lat' dir='ltr'><strong>Decembris</strong></span> <span class='ocrx_word' id='word_1_874' title='bbox 3044 4750 3391 4814; x_wconf 82' lang='lat' dir='ltr'><strong>praecedentis</strong></span> <span class='ocrx_word' id='word_1_875' title='bbox 3418 4752 3567 4812; x_wconf 83' lang='lat' dir='ltr'><strong>auiti,</strong></span> 
     </span>
    </p>
   </div>
   <div class='ocr_carea' id='block_1_125' title="bbox 1990 4819 3565 4886">
    <p class='ocr_par' dir='ltr' id='par_1_125' title="bbox 1990 4819 3565 4886">
     <span class='ocr_line' id='line_1_125' title="bbox 1990 4819 3565 4886; baseline 0.001 -16"><span class='ocrx_word' id='word_1_876' title='bbox 1990 4820 2129 4886; x_wconf 84' lang='lat' dir='ltr'><strong>quod</strong></span> <span class='ocrx_word' id='word_1_877' title='bbox 2155 4823 2262 4871; x_wconf 88' lang='lat' dir='ltr'><strong>vult</strong></span> <span class='ocrx_word' id='word_1_878' title='bbox 2286 4819 2681 4885; x_wconf 83' lang='lat' dir='ltr'><strong>Papebroctiius</strong></span> <span class='ocrx_word' id='word_1_879' title='bbox 2708 4824 2756 4869; x_wconf 89' lang='lat' dir='ltr'><strong>in</strong></span> <span class='ocrx_word' id='word_1_880' title='bbox 2782 4824 2981 4872; x_wconf 77' lang='lat' dir='ltr'><strong>t;onatu</strong></span> <span class='ocrx_word' id='word_1_881' title='bbox 3001 4819 3565 4881; x_wconf 76' lang='lat' dir='ltr'><strong>Chronico-historico;</strong></span> 
     </span>
    </p>
   </div>
   <div class='ocr_carea' id='block_1_126' title="bbox 1993 4888 3571 4957">
    <p class='ocr_par' dir='ltr' id='par_1_126' title="bbox 1993 4888 3571 4957">
     <span class='ocr_line' id='line_1_126' title="bbox 1993 4888 3571 4957; baseline 0.001 -17"><span class='ocrx_word' id='word_1_882' title='bbox 1993 4903 2115 4940; x_wconf 87' lang='lat' dir='ltr'><strong>nam</strong></span> <span class='ocrx_word' id='word_1_883' title='bbox 2161 4897 2513 4957; x_wconf 68' lang='lat' dir='ltr'><strong>prieterquam</strong></span> <span class='ocrx_word' id='word_1_884' title='bbox 2558 4889 2699 4957; x_wconf 85' lang='lat' dir='ltr'><strong>quod</strong></span> <span class='ocrx_word' id='word_1_885' title='bbox 2728 4896 2940 4943; x_wconf 65' lang='lat' dir='ltr'><strong>constat</strong></span> <span class='ocrx_word' id='word_1_886' title='bbox 2986 4890 3132 4943; x_wconf 90' lang='lat' dir='ltr'><strong>illum</strong></span> <span class='ocrx_word' id='word_1_887' title='bbox 3164 4890 3229 4941; x_wconf 90' lang='lat' dir='ltr'><strong>ad</strong></span> <span class='ocrx_word' id='word_1_888' title='bbox 3264 4888 3418 4955; x_wconf 87' lang='lat' dir='ltr'><strong>hujus</strong></span> <span class='ocrx_word' id='word_1_889' title='bbox 3446 4892 3571 4942; x_wconf 86' lang='lat' dir='ltr'><strong>anni</strong></span> 
     </span>
    </p>
   </div>
   <div class='ocr_carea' id='block_1_127' title="bbox 1994 4958 3568 5027">
    <p class='ocr_par' dir='ltr' id='par_1_127' title="bbox 1994 4958 3568 5027">
     <span class='ocr_line' id='line_1_127' title="bbox 1994 4958 3568 5027; baseline 0.001 -16"><span class='ocrx_word' id='word_1_890' title='bbox 1994 4958 2198 5011; x_wconf 91' lang='lat' dir='ltr'><strong>initium</strong></span> <span class='ocrx_word' id='word_1_891' title='bbox 2228 4960 2388 5011; x_wconf 90' lang='lat' dir='ltr'><strong>vitain</strong></span> <span class='ocrx_word' id='word_1_892' title='bbox 2424 4960 2763 5027; x_wconf 77' lang='lat' dir='ltr'><strong>protraxissc,</strong></span> <span class='ocrx_word' id='word_1_893' title='bbox 2811 4974 2929 5012; x_wconf 91' lang='lat' dir='ltr'><strong>cum</strong></span> <span class='ocrx_word' id='word_1_894' title='bbox 2980 4975 3161 5013; x_wconf 90' lang='lat' dir='ltr'><strong>mense</strong></span> <span class='ocrx_word' id='word_1_895' title='bbox 3190 4959 3442 5013; x_wconf 89' lang='lat' dir='ltr'><strong>Januario</strong></span> <span class='ocrx_word' id='word_1_896' title='bbox 3474 4960 3568 5013; x_wconf 82' lang='lat' dir='ltr'><strong>Pe-</strong></span> 
     </span>
    </p>
   </div>
   <div class='ocr_carea' id='block_1_128' title="bbox 1994 5028 3572 5097">
    <p class='ocr_par' dir='ltr' id='par_1_128' title="bbox 1994 5028 3572 5097">
     <span class='ocr_line' id='line_1_128' title="bbox 1994 5028 3572 5097; baseline 0.001 -16"><span class='ocrx_word' id='word_1_897' title='bbox 1994 5028 2231 5097; x_wconf 85' lang='lat' dir='ltr'><strong>lagianos</strong></span> <span class='ocrx_word' id='word_1_898' title='bbox 2254 5028 2605 5095; x_wconf 65' lang='lat' dir='ltr'><strong>ddtllllth&#39;l‘ll,</strong></span> <span class='ocrx_word' id='word_1_899' title='bbox 2634 5044 2699 5084; x_wconf 93' lang='lat' dir='ltr'><strong>eo</strong></span> <span class='ocrx_word' id='word_1_900' title='bbox 2739 5040 2890 5097; x_wconf 91' lang='lat' dir='ltr'><strong>pacto</strong></span> <span class='ocrx_word' id='word_1_901' title='bbox 2919 5031 3142 5084; x_wconf 85' lang='lat' dir='ltr'><strong>sedisset</strong></span> <span class='ocrx_word' id='word_1_902' title='bbox 3167 5037 3369 5082; x_wconf 91' lang='lat' dir='ltr'><strong>tantum</strong></span> <span class='ocrx_word' id='word_1_903' title='bbox 3400 5043 3572 5083; x_wconf 79' lang='lat' dir='ltr'><strong>annos</strong></span> 
     </span>
    </p>
   </div>
   <div class='ocr_carea' id='block_1_129' title="bbox 1996 5099 3571 5169">
    <p class='ocr_par' dir='ltr' id='par_1_129' title="bbox 1996 5099 3571 5169">
     <span class='ocr_line' id='line_1_129' title="bbox 1996 5099 3571 5169; baseline 0 -18"><span class='ocrx_word' id='word_1_904' title='bbox 1996 5113 2103 5165; x_wconf 77' lang='lat' dir='ltr'><strong>XIV,</strong></span> <span class='ocrx_word' id='word_1_905' title='bbox 2138 5115 2349 5153; x_wconf 88' lang='lat' dir='ltr'><strong>menses</strong></span> <span class='ocrx_word' id='word_1_906' title='bbox 2375 5115 2446 5165; x_wconf 78' lang='lat' dir='ltr'><strong>xi,</strong></span> <span class='ocrx_word' id='word_1_907' title='bbox 2478 5099 2592 5154; x_wconf 87' lang='lat' dir='ltr'><strong>dies</strong></span> <span class='ocrx_word' id='word_1_908' title='bbox 2636 5115 2746 5163; x_wconf 71' lang='lat' dir='ltr'><strong>ni,</strong></span> <span class='ocrx_word' id='word_1_909' title='bbox 2796 5102 2937 5167; x_wconf 88' lang='lat' dir='ltr'><strong>quod</strong></span> <span class='ocrx_word' id='word_1_910' title='bbox 2980 5101 3215 5169; x_wconf 68' lang='lat' dir='ltr'><strong>tiatalogi</strong></span> <span class='ocrx_word' id='word_1_911' title='bbox 3267 5100 3571 5165; x_wconf 88' lang='lat' dir='ltr'><strong>pontiticum</strong></span> 
     </span>
    </p>
   </div>
   <div class='ocr_carea' id='block_1_130' title="bbox 1997 5170 3570 5239">
    <p class='ocr_par' dir='ltr' id='par_1_130' title="bbox 1997 5170 3570 5239">
     <span class='ocr_line' id='line_1_130' title="bbox 1997 5170 3570 5239; baseline 0.002 -20"><span class='ocrx_word' id='word_1_912' title='bbox 1997 5183 2101 5222; x_wconf 92' lang='lat' dir='ltr'><strong>non</strong></span> <span class='ocrx_word' id='word_1_913' title='bbox 2147 5171 2437 5237; x_wconf 90' lang='lat' dir='ltr'><strong>patiuntur,</strong></span> <span class='ocrx_word' id='word_1_914' title='bbox 2472 5173 2557 5239; x_wconf 92' lang='lat' dir='ltr'><strong>qui</strong></span> <span class='ocrx_word' id='word_1_915' title='bbox 2592 5170 2954 5224; x_wconf 86' lang='lat' dir='ltr'><strong>Innocentium</strong></span> <span class='ocrx_word' id='word_1_916' title='bbox 2987 5186 3051 5224; x_wconf 80' lang='lat' dir='ltr'><strong>xv</strong></span> <span class='ocrx_word' id='word_1_917' title='bbox 3074 5185 3245 5223; x_wconf 89' lang='lat' dir='ltr'><strong>annos</strong></span> <span class='ocrx_word' id='word_1_918' title='bbox 3288 5182 3570 5235; x_wconf 87' lang='lat' dir='ltr'><strong>superasse</strong></span> 
     </span>
    </p>
   </div>
   <div class='ocr_carea' id='block_1_131' title="bbox 1996 5239 3565 5310">
    <p class='ocr_par' dir='ltr' id='par_1_131' title="bbox 1996 5239 3565 5310">
     <span class='ocr_line' id='line_1_131' title="bbox 1996 5239 3565 5310; baseline -0.001 -19"><span class='ocrx_word' id='word_1_919' title='bbox 1996 5242 2355 5304; x_wconf 91' lang='lat' dir='ltr'><strong>consentiunt,</strong></span> <span class='ocrx_word' id='word_1_920' title='bbox 2408 5242 2530 5295; x_wconf 84' lang='lat' dir='ltr'><strong>licet</strong></span> <span class='ocrx_word' id='word_1_921' title='bbox 2572 5241 2623 5295; x_wconf 89' lang='lat' dir='ltr'><strong>id</strong></span> <span class='ocrx_word' id='word_1_922' title='bbox 2670 5243 3061 5310; x_wconf 80' lang='lat' dir='ltr'><strong>Papebrocliius</strong></span> <span class='ocrx_word' id='word_1_923' title='bbox 3099 5242 3214 5293; x_wconf 89' lang='lat' dir='ltr'><strong>sine</strong></span> <span class='ocrx_word' id='word_1_924' title='bbox 3250 5239 3565 5310; x_wconf 85' lang='lat' dir='ltr'><strong>auctoritate</strong></span> 
     </span>
    </p>
   </div>
   <div class='ocr_carea' id='block_1_132' title="bbox 1997 5309 3561 5378">
    <p class='ocr_par' dir='ltr' id='par_1_132' title="bbox 1997 5309 3561 5378">
     <span class='ocr_line' id='line_1_132' title="bbox 1997 5309 3561 5378; baseline -0.002 -17"><span class='ocrx_word' id='word_1_925' title='bbox 1997 5310 2220 5377; x_wconf 88' lang='lat' dir='ltr'><strong>alicujus</strong></span> <span class='ocrx_word' id='word_1_926' title='bbox 2263 5312 2477 5365; x_wconf 67' lang='lat' dir='ltr'><strong>Codicis</strong></span> <span class='ocrx_word' id='word_1_927' title='bbox 2527 5309 2862 5365; x_wconf 83' lang='lat' dir='ltr'><strong>Anastasiani</strong></span> <span class='ocrx_word' id='word_1_928' title='bbox 2912 5320 3004 5364; x_wconf 91' lang='lat' dir='ltr'><strong>aut</strong></span> <span class='ocrx_word' id='word_1_929' title='bbox 3048 5310 3270 5378; x_wconf 85' lang='lat' dir='ltr'><strong>alicujus</strong></span> <span class='ocrx_word' id='word_1_930' title='bbox 3324 5309 3561 5376; x_wconf 74' lang='lat' dir='ltr'><strong>Catatogi</strong></span> 
     </span>
    </p>
   </div>
   <div class='ocr_carea' id='block_1_133' title="bbox 2001 5379 3574 5456">
    <p class='ocr_par' dir='ltr' id='par_1_133' title="bbox 2001 5379 3574 5456">
     <span class='ocr_line' id='line_1_133' title="bbox 2001 5379 3574 5456; baseline -0.001 -25"><span class='ocrx_word' id='word_1_931' title='bbox 2001 5383 2320 5456; x_wconf 78' lang='lat' dir='ltr'><strong>pontiﬁcum</strong></span> <span class='ocrx_word' id='word_1_932' title='bbox 2367 5397 2675 5456; x_wconf 87' lang='lat' dir='ltr'><strong>persuasum</strong></span> <span class='ocrx_word' id='word_1_933' title='bbox 2730 5383 2940 5456; x_wconf 74' lang='lat' dir='ltr'><strong>habeat.</strong></span> <span class='ocrx_word' id='word_1_934' title='bbox 3002 5379 3417 5456; x_wconf 78' lang='lat' dir='ltr'><strong>Forsatt__igitii_r</strong></span> <span class='ocrx_word' id='word_1_935' title='bbox 3454 5393 3574 5444; x_wconf 83' lang='lat' dir='ltr'><strong>ejus</strong></span> 
     </span>
    </p>
   </div>
   <div class='ocr_carea' id='block_1_134' title="bbox 2000 5450 3573 5515">
    <p class='ocr_par' dir='ltr' id='par_1_134' title="bbox 2000 5450 3573 5515">
     <span class='ocr_line' id='line_1_134' title="bbox 2000 5450 3573 5515; baseline -0.003 -12"><span class='ocrx_word' id='word_1_936' title='bbox 2000 5452 2264 5505; x_wconf 73' lang='lat' dir='ltr'><strong>ordinatio</strong></span> <span class='ocrx_word' id='word_1_937' title='bbox 2311 5453 2467 5505; x_wconf 84' lang='lat' dir='ltr'><strong>hodie</strong></span> <span class='ocrx_word' id='word_1_938' title='bbox 2504 5454 2822 5515; x_wconf 89' lang='lat' dir='ltr'><strong>celebratur,</strong></span> <span class='ocrx_word' id='word_1_939' title='bbox 2873 5453 2972 5505; x_wconf 92' lang='lat' dir='ltr'><strong>hoc</strong></span> <span class='ocrx_word' id='word_1_940' title='bbox 2998 5452 3138 5504; x_wconf 89' lang='lat' dir='ltr'><strong>enim</strong></span> <span class='ocrx_word' id='word_1_941' title='bbox 3186 5450 3271 5502; x_wconf 91' lang='lat' dir='ltr'><strong>die</strong></span> <span class='ocrx_word' id='word_1_942' title='bbox 3299 5450 3573 5501; x_wconf 81' lang='lat' dir='ltr'><strong>ordinatus</strong></span> 
     </span>
    </p>
   </div>
   <div class='ocr_carea' id='block_1_135' title="bbox 2001 5518 3574 5587">
    <p class='ocr_par' dir='ltr' id='par_1_135' title="bbox 2001 5518 3574 5587">
     <span class='ocr_line' id='line_1_135' title="bbox 2001 5518 3574 5587; baseline -0.003 -13"><span class='ocrx_word' id='word_1_943' title='bbox 2001 5532 2084 5574; x_wconf 86' lang='lat' dir='ltr'><strong>est</strong></span> <span class='ocrx_word' id='word_1_944' title='bbox 2132 5522 2502 5586; x_wconf 87' lang='lat' dir='ltr'><strong>liinoceiitins;</strong></span> <span class='ocrx_word' id='word_1_945' title='bbox 2537 5523 2620 5577; x_wconf 91' lang='lat' dir='ltr'><strong>vel</strong></span> <span class='ocrx_word' id='word_1_946' title='bbox 2664 5524 2853 5576; x_wconf 87' lang='lat' dir='ltr'><strong>saltent</strong></span> <span class='ocrx_word' id='word_1_947' title='bbox 2896 5521 3168 5574; x_wconf 88' lang='lat' dir='ltr'><strong>translatio</strong></span> <span class='ocrx_word' id='word_1_948' title='bbox 3215 5518 3455 5587; x_wconf 63' lang='lat' dir='ltr'><strong>quasdam</strong></span> <span class='ocrx_word' id='word_1_949' title='bbox 3488 5524 3574 5571; x_wconf 72' lang='lat' dir='ltr'><strong>(it-2</strong></span> 
     </span>
    </p>
   </div>
   <div class='ocr_carea' id='block_1_136' title="bbox 2002 5590 3325 5660">
    <p class='ocr_par' dir='ltr' id='par_1_136' title="bbox 2002 5590 3325 5660">
     <span class='ocr_line' id='line_1_136' title="bbox 2002 5590 3325 5660; baseline -0.003 -15"><span class='ocrx_word' id='word_1_950' title='bbox 2002 5592 2346 5645; x_wconf 50' lang='lat' dir='ltr'><strong>ordinationis-</strong></span> <span class='ocrx_word' id='word_1_951' title='bbox 2379 5605 2612 5660; x_wconf 88' lang='lat' dir='ltr'><strong>peracta.</strong></span> <span class='ocrx_word' id='word_1_952' title='bbox 2649 5592 2799 5655; x_wconf 86' lang='lat' dir='ltr'><strong>Vide,</strong></span> <span class='ocrx_word' id='word_1_953' title='bbox 2830 5606 3012 5657; x_wconf 87' lang='lat' dir='ltr'><strong>supra,</strong></span> <span class='ocrx_word' id='word_1_954' title='bbox 3041 5591 3107 5645; x_wconf 67' lang='lat' dir='ltr'><strong>t2</strong></span> <span class='ocrx_word' id='word_1_955' title='bbox 3134 5590 3325 5643; x_wconf 81' lang='lat' dir='ltr'><strong>Maitii.</strong></span> 
     </span>
    </p>
   </div>
   <div class='ocr_carea' id='block_1_137' title="bbox 2081 5660 3114 5733">
    <p class='ocr_par' dir='ltr' id='par_1_137' title="bbox 2081 5660 3114 5733">
     <span class='ocr_line' id='line_1_137' title="bbox 2081 5660 3114 5733; baseline 0 -19"><span class='ocrx_word' id='word_1_956' title='bbox 2081 5660 2095 5698; x_wconf 80' lang='grc' dir='ltr'>ί</span> <span class='ocrx_word' id='word_1_957' title='bbox 2144 5662 2392 5733; x_wconf 49' lang='lat' dir='ltr'><strong>Memmii.</strong></span> <span class='ocrx_word' id='word_1_958' title='bbox 2427 5665 2499 5716; x_wconf 91' lang='lat' dir='ltr'><strong>De</strong></span> <span class='ocrx_word' id='word_1_959' title='bbox 2527 5664 2626 5717; x_wconf 92' lang='lat' dir='ltr'><strong>hoc</strong></span> <span class='ocrx_word' id='word_1_960' title='bbox 2653 5664 2773 5716; x_wconf 90' lang='lat' dir='ltr'><strong>vide</strong></span> <span class='ocrx_word' id='word_1_961' title='bbox 2808 5677 2839 5715; x_wconf 89' lang='lat' dir='ltr'><strong>v</strong></span> <span class='ocrx_word' id='word_1_962' title='bbox 2870 5662 3114 5733; x_wconf 82' lang='lat' dir='ltr'><strong>Augusti.</strong></span> 
     </span>
    </p>
   </div>
   <div class='ocr_carea' id='block_1_138' title="bbox 2076 5731 3575 5804">
    <p class='ocr_par' dir='ltr' id='par_1_138' title="bbox 2076 5731 3575 5804">
     <span class='ocr_line' id='line_1_138' title="bbox 2076 5731 3575 5804; baseline -0.003 -15"><span class='ocrx_word' id='word_1_963' title='bbox 2076 5736 2090 5782; x_wconf 78' lang='lat' dir='ltr'><strong>i</strong></span> <span class='ocrx_word' id='word_1_964' title='bbox 2173 5732 2426 5804; x_wconf 73' lang='lat' dir='ltr'><strong>Triginta.</strong></span> <span class='ocrx_word' id='word_1_965' title='bbox 2488 5733 2633 5788; x_wconf 87' lang='lat' dir='ltr'><strong>Passi</strong></span> <span class='ocrx_word' id='word_1_966' title='bbox 2680 5743 2801 5788; x_wconf 88' lang='lat' dir='ltr'><strong>sunt</strong></span> <span class='ocrx_word' id='word_1_967' title='bbox 2853 5734 2903 5785; x_wconf 92' lang='lat' dir='ltr'><strong>in</strong></span> <span class='ocrx_word' id='word_1_968' title='bbox 2961 5731 3332 5801; x_wconf 83' lang='lat' dir='ltr'><strong>persccutionc</strong></span> <span class='ocrx_word' id='word_1_969' title='bbox 3371 5731 3575 5787; x_wconf 79' lang='lat' dir='ltr'><strong>Diocle-</strong></span> 
     </span>
    </p>
   </div>
   <div class='ocr_carea' id='block_1_139' title="bbox 2008 5805 2152 5861">
    <p class='ocr_par' dir='ltr' id='par_1_139' title="bbox 2008 5805 2152 5861">
     <span class='ocr_line' id='line_1_139' title="bbox 2008 5805 2152 5861; baseline -0.007 -1"><span class='ocrx_word' id='word_1_970' title='bbox 2008 5805 2152 5861; x_wconf 83' lang='lat' dir='ltr'><strong>tiani.</strong></span> 
     </span>
    </p>
   </div>
  </div>
