4110 6454
612 368 743 426 “39

1334 365 1530 421 BEDxE
1574 360 2020 421 VENERABILIS
2064 365 2216 421 OPP.
2263 362 2435 421 PARS
2478 361 2562 421 IV.
2604 394 2673 406 —
2714 363 3093 422 lllSTUlllCA.

3746 363 3877 420 tuo

1894 478 2119 533 EDlTlO
2157 478 2625 533 COLONIENSIS.

612 570 923 634 latronibus.
980 572 1266 640 bestiisque
1304 576 1603 642 consumpti
1660 584 1813 638 sunt,
1856 576 1945 641 qui
1993 587 2178 628 omnes
2209 578 2257 635 Α
2289 572 2479 634 letum,
2534 581 2772 638 tempore
2805 569 3125 625 Diocletiani
3156 580 3209 625 et
3232 571 3539 625 Maximiani
3580 572 3871 642 imperato-

612 666 801 720 imitati
832 666 1032 719 electos
1075 665 1166 718 Dei
1206 665 1513 734 prophetas,
1544 666 1717 734 gloria
1751 666 1987 735 martyrii
2032 682 2187 719 coro-

613 759 719 811 nati
770 766 916 811 sunt.
964 756 1104 810 Inter
1151 770 1283 824 quos
1312 764 1366 808 et
1412 756 1745 810 venerandus
1773 770 1935 810 senex
1991 757 2189 810 Chere-

614 865 753 903 mon.
806 849 902 903 llic
952 848 1232 917 episcopus
1281 848 1424 902 urbis
1469 848 1847 918 Egypti,qum
1879 848 2071 901 dicitur
2101 848 2189 902 Ni-

610 943 837 1010 copolis,
867 957 986 996 cum
1037 942 1100 993 ad
1134 940 1421 994 Arabicum
1475 952 1708 993 montem
1740 954 1843 993 una
1879 955 2000 994 cum
2032 956 2189 1009 gran-

616 1034 763 1087 dmva
820 1035 1045 1103 conjuge
1098 1032 1478 1095 discessisset,
1536 1031 1665 1084 nulli
1722 1032 1854 1084 ultra
1921 1032 2186 1098 apparuit.

620 1125 806 1177 Romae
853 1125 1115 1191 depositio
1154 1123 1325 1177 sancti
1370 1123 1562 1177 Felicis
1593 1121 1849 1191 episcopi.
1902 1121 1954 1174 In
2004 1124 2191 1175 Antio-

619 1216 731 1269 chia
763 1217 937 1270 natale
964 1215 1131 1268 sancti
1167 1214 1377 1280 Basilei,
1422 1221 1477 1267 et
1502 1213 1625 1267 alibi
1670 1213 1844 1281 passio
1869 1211 2186 1266 Theodosia:

620 1305 857 1376 virginis,
889 1314 941 1358 et
975 1304 1181 1373 Didymi
1215 1305 1481 1358 monachi.

686 1397 753 1451 G.
780 1396 846 1451 Χ.
879 1396 1114 1450 Κλιεδυ.
1145 1394 1261 1449 Jan.
1291 1424 1360 1435 -—
1391 1395 1575 1449 Romae
1626 1396 1800 1449 natale
1845 1406 2043 1449 sancta:
2070 1392 2193 1450 Vie-

621 1488 771 1541 torize
799 1487 1038 1555 virginis,
1087 1485 1454 1554 persecutione
1501 1485 1642 1539 Decii
1676 1487 2035 1555 imperatOris.
2062 1487 2191 1554 Quae

619 1596 736 1634 cum
784 1589 925 1634 esset
951 1579 1269 1648 desponsata
1303 1579 1415 1631 viro
1463 1592 1667 1646 pagano
1711 1579 1968 1647 Eugenio,
1998 1588 2053 1632 et
2096 1592 2193 1632 nec

624 1671 822 1725 nubere
871 1669 1049 1733 vellet,
1113 1685 1209 1723 nec
1261 1667 1582 1733 sacriﬁcare,
1640 1678 1856 1737 pr0pter
1905 1671 2191 1723 draconem

626 1763 926 1828 pestiferum
960 1761 1027 1815 de
1079 1760 1184 1814 illis
1221 1761 1351 1814 locis
1393 1760 1699 1829 expulsum,
1728 1762 1901 1815 etalia
1933 1762 2067 1815 facta
2096 1762 2194 1815 mi-

629 1852 827 1918 racula,
879 1860 933 1906 et
964 1862 1181 1921 propter
1208 1853 1437 1921 virgines
1469 1866 1601 1921 quas
1627 1852 1691 1905 ad
1718 1853 2056 1906 serviendum
2086 1852 2190 1907 Do-

2291 679 2429 729 rum,
2462 665 2559 716 sub
2582 662 2760 734 judice
2818 661 3033 716 Flacco.
3077 664 3176 729 Qui
3207 665 3332 717 dum
3382 676 3790 732 perseveranter
3817 666 3868 720 in

2291 752 2396 806 (ide
2428 764 2683 820 maneret,
2718 751 2949 808 luStibns
3003 753 3221 808 nodosis
3260 755 3475 809 dorsum
3527 755 3645 823 ejus
3675 758 3866 810 verbe-

2292 854 2462 897 ratum
2520 846 2807 912 rumpitur,
2861 842 3108 912 rigiratus
3154 855 3338 899 venter
3379 846 3495 913 ejus
3550 846 3862 913 dissipatur,

2290 935 2412 991 inde
2442 938 2628 1007 ligatus
2660 953 2847 992 manus
2890 946 2943 991 et
2983 938 3143 1007 pedes
3190 948 3240 995 in
3272 939 3523 1003 craticula
3554 940 3865 1006 superponi-

2294 1038 2396 1090 tnr,
2431 1028 2583 1093 limis
2614 1030 2919 1097 suppositis.
2954 1030 3217 1084 Continuo
3250 1043 3552 1085 terrtemotu
3577 1031 3744 1094 tacto,
3778 1048 3860 1085 ce-

2293 1121 2418 1173 cidit
2448 1136 2549 1173 una
2613 1122 2762 1190 regio
2814 1124 2864 1174 in
2908 1123 3125 1177 civitate
3182 1123 3488 1190 Spoletana,
3518 1133 3573 1179 et
3601 1126 3864 1194 oppressit

2294 1222 2570 1282 piusquam
2623 1223 2887 1267 trecentos
2955 1212 3107 1269 idolis
3175 1216 3485 1270 servientes.
3536 1216 3661 1269 Post
3721 1216 3858 1271 ferro

2298 1307 2639 1370 constrictus,
2670 1306 2769 1359 sub
2799 1307 3035 1359 custodia
3090 1308 3314 1360 militum
3365 1308 3417 1362 in
3449 1323 3715 1363 carcerem
3746 1321 3863 1363 tru-

2296 1391 2458 1457 ditur,
2515 1395 2599 1446 ubi
2643 1395 2879 1462 angelica
2912 1395 3212 1449 visitatione
3246 1397 3572 1451 ennsolatur.
3620 1399 3854 1452 Eductus

2296 1500 2326 1540 e
2370 1501 2586 1541 carcere
2612 1487 2827 1541 carduis
2858 1486 3048 1542 ferreis
3068 1505 3235 1558 genua
3260 1490 3397 1544 illius
3423 1506 3668 1559 percussa
3701 1504 3819 1547 sunt
3844 1512 3859 1547 :

2294 1575 2389 1630 sed
2443 1586 2498 1631 et
2553 1576 2862 1633 ardentibus
2901 1578 3233 1648 lampadibus
3286 1582 3447 1636 latera
3477 1585 3593 1653 ejus
3622 1585 3858 1650 incensa.

2298 1668 2511 1723 dicente
2569 1670 2725 1724 beato
2763 1680 2997 1743 martyre
3040 1673 3203 1741 judici
3230 1674 3393 1742 impio
3421 1692 3433 1728 :
3463 1677 3516 1731 Si
3548 1688 3711 1731 totum
3746 1696 3862 1732 cor-

2298 1775 2394 1829 pus
2424 1774 2600 1813 meum
2630 1761 2845 1830 perdas,
2896 1773 3091 1829 praesto
3119 1772 3202 1817 est
3243 1765 3490 1819 Dominus
3516 1784 3663 1823 mens
3711 1769 3860 1823 Jesus

2297 1850 2565 1915 Christus,
2598 1851 2686 1920 qui
2720 1867 2805 1905 me
2844 1863 2996 1905 sanat
3024 1864 3077 1907 et
3120 1855 3451 1911 corroborat.
3476 1858 3624 1912 Tunc
3647 1858 3861 1915 Flaccus

630 1944 773 1997 mino
829 1952 1235 2013 aggregaverat,
1286 1956 1533 2012 percussa
1585 1952 1666 1996 est
1716 1943 1890 2011 gladio
1945 1946 1994 1997 in
2036 1942 2199 1999 corde
2231 1942 2456 2013 Bjussit
2477 1944 2704 1999 Tircano
2729 1944 2957 2009 cuidam,
2981 1955 3037 1999 ut
3064 1946 3274 2000 beatum
3297 1946 3605 2017 Gregorium
3642 1963 3859 2006 tractum

626 2054 653 2090 a
686 2038 931 2091 carnitice
983 2034 1323 2089 Thaliarcho.
1359 2035 1565 2103 Corpus
1612 2034 1729 2103 ejus
1759 2049 1877 2087 cum
1919 2036 2062 2088 omni
2115 2049 2201 2090 re-

627 2128 860 2185 verentia
916 2136 1155 2182 curatum
1211 2136 1313 2181 est.
1363 2129 1513 2195 Apud
1580 2126 1937 2181 Nicomediam
1982 2139 2197 2183 sancto-

633 2240 744 2277 tnm
774 2230 1064 2291 martyrum
1106 2220 1314 2290 viginti,
1365 2235 1501 2288 quos
1549 2219 1872 2276 Diocletiana
1898 2224 2200 2291 persecutio

630 2316 955 2381 gravissimis
989 2314 1265 2367 tormentis
1318 2325 1581 2385 martyres
1628 2315 1843 2369 Christo
1876 2316 2019 2370 fecit.
2068 2316 2199 2369 Item

629 2404 813 2459 liotore
845 2404 981 2457 beati
1038 2403 1266 2466 Servuli,
1321 2404 1472 2472 cujus
1502 2405 1688 2458 beatus
1731 2406 1969 2459 meminit
2002 2405 2199 2475 Grego-

628 2496 741 2548 rius
770 2493 822 2546 in
867 2492 1130 2546 homeliis.
1194 2492 1248 2544 ln
1294 2492 1397 2545 alio
1437 2493 1557 2547 loco
1606 2494 1853 2557 Evaristi,
1898 2495 2119 2549 Victoris
2149 2504 2201 2551 et

629 2587 853 2638 aliorum
894 2583 1321 2652 octingentorum
1357 2583 1570 2653 triginta
1602 2584 1851 2638 duorum.

704 2678 767 2729 A.
804 2674 872 2727 IX
898 2674 1141 2729 KALEND.
1167 2673 1288 2728 Jan.
1315 2706 1384 2715 —
1414 2676 1594 2745 Vigilia
1630 2676 1836 2729 Domini
1879 2678 2045 2730 nostri
2075 2676 2202 2732 Jesu

629 2760 848 2814 (JhriSti.
883 2760 1032 2828 Apud
1057 2760 1395 2813 Antiochiam
1424 2760 1588 2830 Syrim
1614 2772 1915 2815 sanctarum
1942 2762 2204 2829 virginum

628 2849 999 2917 quadraginta,
1036 2862 1156 2915 quae
1200 2850 1571 2917 persecutione
1604 2850 1828 2903 Deciana
1860 2866 1956 2920 per
1992 2852 2202 2907 diversa

632 2952 895 2995 tormenta
946 2941 1255 3009 martyrium
1305 2953 1827 3000 consummaverunt.
1877 2942 2077 2998 Eodem
2120 2945 2204 3000 die

635 3030 802 3086 sancti
852 3031 1093 3102 Gregorii
1128 3032 1420 3101 presbyteri
1470 3041 1523 3086 et
1570 3035 1859 3103 martyris:
1891 3036 2027 3105 apud
2068 3036 2202 3105 Spo-

2308 2037 2359 2090 in
2410 2036 2863 2106 amphitheatrum
2895 2039 3199 2092 decollaret.
3241 2039 3357 2107 Quo
3402 2041 3540 2096 facto
3565 2044 3721 2112 jussit
3751 2042 3863 2099 Tir-

2304 2142 2469 2182 canus
2494 2128 2632 2183 feras
2666 2128 2927 2183 terribiles
2954 2130 3166 2197 dimitti,
3201 2140 3257 2184 nt
3282 2143 3473 2201 corpus
3510 2134 3677 2187 sancsi
3731 2151 3864 2187 mar-

2307 2219 2437 2289 tyris
2464 2220 2830 2285 absorberent,
2876 2221 2969 2275 sed
3003 2221 3141 2274 nulla
3191 2237 3373 2276 earum
3402 2238 3587 2291 corpus
3628 2237 3864 2279 sanctum

2301 2315 2495 2383 attigit.
2524 2314 2776 2380 Quaedam
2833 2323 3009 2367 autem
3041 2314 3231 2368 mulier
3263 2314 3589 2369 Abundantia
3633 2318 3862 2379 nomine.

2302 2405 2455 2475 petiit
2481 2419 2674 2473 corpus
2694 2405 2861 2458 sancti
2890 2406 3165 2475 martyris;
3196 2406 3290 2459 sed
3312 2408 3429 2475 quia
3460 2408 3610 2461 aliter
3630 2408 3865 2463 obtinere

2304 2512 2407 2550 non
2464 2498 2653 2565 potuit,
2696 2497 2834 2552 datis
2893 2498 3101 2567 triginta
3146 2498 3376 2568 quinque
3421 2499 3592 2553 aureis
3622 2501 3863 2561 Tireano,

2305 2602 2497 2655 corpus
2552 2589 2751 2656 recepit
2800 2598 2873 2657 et,
2933 2600 2990 2643 ut
3048 2590 3266 2657 decuit,
3317 2599 3597 2661 martyrem
3630 2596 3866 2660 sepelivit

2304 2680 2451 2749 juxta
2510 2690 2722 2748 pontem
2778 2680 3061 2749 lapideum.
3097 2681 3153 2736 in
3191 2682 3440 2751 Thropoli
3488 2683 3717 2750 civitate,
3749 2700 3867 2739 san-

2309 2770 2377 2822 cti
2449 2768 2701 2834 Luciani,
2761 2770 3025 2838 Metrobi,
3084 2771 3257 2837 Pauli,
3319 2772 3529 2838 Zenoti,
3582 2774 3866 2842 Tlteutini,

2311 2861 2484 2916 Drusi.

2382 2952 2439 3004 Β.
2473 2950 2585 3005 Vill
2611 2950 2846 3007 KALEND.
2876 2952 2993 3007 Ju.
3023 2984 3093 2995 --
3117 2954 3270 3011 Jesus
3298 2955 3553 3012 Cnntsws
3577 2958 3750 3013 Ftucs
3776 2959 3868 3015 Du

2310 3056 2359 3094 ta
2386 3040 2673 3094 BETHLEEII
2697 3041 2894 3097 Jonas:
2928 3058 3201 3111 nascrrun,
3234 3062 3365 3102 anno
3387 3044 3622 3103 C£SABIS
3641 3052 3869 3105 Accusn

1876 3150 1914 3202 E
1927 3149 2102 3206 DlTlO
2142 3151 2408 3209 BOLLAN
2420 3156 2638 3213 DIANA.

634 3260 746 3319 rum
773 3240 858 3308 qtti
904 3258 1088 3319 omnes
1117 3260 1216 3319 una
1246 3240 1331 3297 die
1359 3241 1599 3319 coronati
1639 3248 1781 3294 sunt.
1815 3240 1881 3296 A.
1910 3240 1973 3294 Τ.
2018 3242 2199 3319 l_.._B.,
2230 3246 2276 3307 C
2308 3246 2624 3313 Eleutherii.
2668 3246 2886 3307 Urbani.
2916 3249 3168 3312 Cornelii,
3204 3250 3323 3319 Traj
3347 3253 3438 3311 mi.
3471 3251 3719 3315 Victoris,
3763 3253 3866 3309 Ca-

633 3310 834 3382 ltoma’,
866 3323 889 3349 ο
922 3316 1001 3367 via
1056 3314 1337 3376 Laticana,
1396 3313 1569 3365 uitale
1620 3322 1928 3382 sanctorum
1985 3314 2200 3380 triginta

635 3381 946 3452 martyrum,
977 3384 1064 3450 qui
1096 3400 1201 3436 una
1233 3385 1317 3435 die
1342 3390 1475 3452 sunt
1496 3382 1770 3452 coronati.
1795 3381 1983 3452 A.i'l‘.,
2016 3382 2200 3436 Roma:

635 3450 894 3521 depositio
931 3458 984 3507 S.
1031 3453 1222 3506 Felicis
1249 3450 1502 3520 episcopi.
1545 3451 1604 3504 l..
1656 3451 1820 3521 addit,
1869 3451 2197 3506 Portuensis.

635 3520 793 3586 A,'l‘.
825 3524 907 3587 Β..
940 3527 997 3576 lit
1028 3525 1202 3589 passio
1234 3524 1290 3575 5.
1333 3521 1643 3575 Theodosia:
1667 3520 1905 3592 virginis.
1942 3521 2003 3573 Et
2049 3524 2204 3592 Didy-

641 3597 712 3646 tni
746 3596 987 3647 monachi
1025 3597 1105 3657 ll.,
1134 3592 1187 3645 In
1221 3602 1372 3660 portu
1407 3592 1644 3645 Romano
1668 3592 1839 3645 natale
1882 3590 1939 3645 S.
1972 3590 2201 3647 Aristoni

640 3674 693 3716 et
715 3664 771 3718 5.
806 3662 994 3717 Felicis
1018 3665 1271 3732 episcopi.
1303 3663 1498 3715 Eodem
1540 3661 1625 3713 die
1654 3662 1827 3727 passio
1865 3661 1921 3715 S.
1950 3662 1976 3701 b
2001 3661 2203 3731 Grego-

633 3736 696 3786 rii
723 3736 987 3802 martyris.

703 3824 793 3878 23.
817 3849 886 3861 --
922 3822 964 3875 Χ
1012 3823 1141 3875 ΙκΑι.
1177 3819 1444 3890 Depositio
1468 3819 1525 3875 S.
1564 3832 1583 3858 ε
1622 3819 1866 3875 Victoria:
1894 3818 2076 3874 Bootae
2104 3822 2203 3876 sub

635 3916 828 3979 Decio;
859 3928 974 3983 qua:
1001 3930 1120 3967 cum
1157 3921 1303 3967 esset
1333 3913 1652 3978 desponsata
1701 3912 1815 3965 viro
1848 3926 2053 3981 pagano
2100 3913 2205 3965 Eu-

630 4007 809 4075 genio,
856 4015 911 4060 et
957 4020 1053 4059 nec
1093 4005 1293 4058 nubere
1342 4005 1498 4059 vellet
1545 4018 1644 4057 nec
1695 4005 2019 4066 sacritlcare,
2072 4012 2192 4071 pOsI.

634 4096 796 4151 multa
839 4095 969 4149 facta
1004 4095 1284 4159 mirabilia,
1319 4094 1455 4147 inter
1505 4109 1622 4163 qua:
1671 4093 1924 4160 plurimas
1971 4093 2203 4160 virgines

639 4189 861 4243 Domino
887 4197 1284 4256 aggregaverat,
1313 4201 1567 4254 percussa
1592 4194 1670 4238 est
1713 4185 1907 4253 gladio,
1949 4186 2203 4238 earniﬁce

636 4276 917 4331 Taliarcho
971 4278 1283 4341 templorum
1353 4278 1547 4329 comite
1613 4286 1796 4343 rogatu
1855 4276 1935 4327 sui
1986 4274 2201 4341 Sponsi;

632 4371 869 4435 ιιοιιιοείιθ
898 4379 980 4421 est
1006 4377 1183 4420 autem
1219 4385 1249 4420 ι
1273 4366 1625 4421 Kalendarum
1656 4367 1987 4420 earumdem.

704 4460 766 4511 (ἶ.
796 4457 886 4522 νη
917 4458 1113 4509 Eodem
1144 4457 1229 4510 die
1252 4456 1308 4510 S.
1336 4454 1577 4527 Gregorii
1609 4457 1851 4525 martyris
1876 4457 2126 4524 Spoletini
2152 4467 2204 4512 et

635 4531 721 4583 alii
755 4530 1002 4595 nongenti
1052 4527 1077 4564 ιι
1117 4531 1347 4595 triginta,
1408 4532 1468 4581 A.
1505 4529 1593 4593 T.,
1646 4529 1824 4581 lioma:
1882 4531 2056 4581 natale
2104 4531 2198 4581 SS.

639 4603 925 4655 Eli-utltcrii
951 4608 1005 4654 et
1032 4598 1282 4654 Cornelii.
1313 4598 1399 4665 8.,
1426 4599 1603 4653 ll0m.e
1628 4598 1799 4652 natale
1831 4600 1925 4653 SS.
1953 4599 2195 4667 Eugenii,
2233 4608 2276 4664 ί)

2305 3320 2455 3389 stula:
2483 3325 2537 3370 et
2562 3319 2783 3369 aliorum
2813 3321 3232 3387 octingentorum
3253 3332 3303 3375 et
3348 3323 3575 3389 triginta.
3623 3327 3678 3377 In
3707 3324 3865 3380 Nico-

2306 3388 2475 3459 media
2505 3390 2678 3440 natale
2701 3402 3006 3459 sancmruut
3046 3390 3259 3459 triginta
3283 3388 3514 3459 quinque
3545 3407 3864 3459 martyrum.

2306 3458 2373 3510 Et
2410 3458 2536 3510 alibi
2570 3458 2756 3511 natalis
2800 3459 2893 3513 SS.
2942 3458 3160 3515 Joannis
3208 3470 3262 3515 et
3310 3458 3513 3516 Felicis.
3548 3462 3629 3527 L.,
3665 3458 3868 3519 Eodem

2304 3529 2391 3583 die
2439 3530 2714 3603 adventus
2740 3530 3078 3599 reliquiarum
3128 3530 3185 3585 S.
3219 3538 3270 3603 Αε
3324 3531 3585 3585 Lamberti
3619 3534 3867 3603 martyris

2304 3607 2461 3669 atque
2485 3598 2743 3667 pontificis
2767 3640 2782 3665 ,
2813 3614 2942 3669 quas
2968 3600 3284 3655 veneranda:
3337 3604 3602 3655 memoriae
3637 3598 3870 3658 dom'nus

2308 3668 2634 3740 Dnedricus,
2680 3668 2841 3739 huius
2883 3671 2981 3723 loci
3031 3671 3195 3723 abbas
3238 3672 3441 3733 tertius,
3498 3672 3563 3725 ab
3616 3674 3870 3740 episcopo

2309 3739 2579 3793 Leodiensi
2613 3738 2877 3797 Alberone
2923 3742 2963 3793 ll
3007 3742 3344 3794 devotissime
3391 3738 3713 3809 impetratas,
3765 3738 3870 3797 Ec-

2306 3809 2467 3863 clesia
2499 3810 2745 3867 Ltetiensi
2777 3829 2805 3865 ι
2841 3810 2955 3863 Kal.
3002 3811 3233 3865 Januarii
3291 3812 3595 3865 solemniter
3641 3814 3865 3876 invexit,

2306 3880 2721 3950 solemniterqne
2762 3884 2931 3945 ipsius
2962 3881 3064 3935 diei
3103 3881 3413 3935 memoriam
3455 3885 3732 3950 quotannis
3771 3898 3871 3936 ce-

2310 3949 2614 4005 lebrandam
2638 3949 2890 4007 instituit.

2376 4042 2468 4099 24.
2495 4074 2565 4086 -
2598 4043 2667 4097 lX
2697 4043 2833 4098 ΚΑΙ..
2877 4041 3062 4111 Vigilia
3089 4039 3276 4094 natalis
3306 4040 3533 4094 Domini.

2381 4132 2466 4195 D.,
2496 4134 2645 4202 Apud
2676 4131 3007 4186 Antiochiam
3039 4132 3204 4201 Syrio
3233 4132 3404 4184 natale
3436 4139 3735 4202 sanctarum
3761 4132 3865 4185 vir—

2307 4205 2484 4271 ginum
2525 4201 2894 4271 quadraginta,
2940 4217 3056 4267 qtue
3104 4202 3468 4267 persecutiOne
3516 4201 3739 4255 Deciana
3779 4217 3877 4271 per

2309 4270 2516 4328 diversa
2544 4270 2827 4326 tormenta
2868 4272 3180 4342 martyrium
3220 4283 3741 4327 consummaverunt.
3776 4270 3870 4342 Υ..

2310 4345 2492 4397 Natale
2538 4352 2838 4397 sanctarum
2883 4341 3137 4405 virginum
3166 4342 3530 4410 quadraginta.
3564 4342 3628 4394 A.
3658 4342 3731 4395 Τ.
3773 4341 3867 4405 L.,

2316 4413 2335 4453 ί
2371 4416 2550 4469 Romae
2577 4414 2749 4467 natale
2796 4413 2900 4467 55.
2948 4412 3191 4476 Metrubi,
3226 4409 3394 4477 Pauli,
3416 4422 3466 4464 et
3495 4409 3733 4465 Luciani.

2378 4507 2467 4560 ‘25.
2508 4533 2578 4544 —
2618 4503 2725 4558 VIII
2759 4503 2892 4557 Kac.
2925 4501 3176 4555 Nativitas
3207 4502 3268 4555 D.
3294 4501 3357 4556 N.
3397 4503 3521 4556 Jesu
3548 4502 3763 4556 Christi.

2377 4598 2562 4651 Florus
2592 4594 2740 4650 addit
2795 4594 2845 4647 in
2888 4595 3031 4652 A.et
3084 4593 3141 4647 L.
3174 4594 3306 4659 :Qui
3356 4594 3405 4647 in
3447 4593 3736 4648 divinitatis
3762 4605 3874 4647 sua

2007 4712 2210 4768 SMlTll
2248 4709 2477 4767 NOTAE.

706 4822 730 4849 ιι
777 4808 871 4862 Via
892 4807 1141 4861 Lavicana
1169 4806 1319 4859 deest
1362 4808 1419 4860 ll.

706 4881 732 4920 δ
776 4878 1030 4947 Gregorii.
1098 4878 1197 4942 Qui
1270 4873 1969 4947 temporibus_Dioclctiani
2029 4875 2203 4941 primo

634 4950 852 5006 nodosis
880 4944 1102 5002 fustibus
1127 4961 1319 5007 caesus,
1372 4961 1435 4999 ac
1480 4944 1672 4997 deinde
1724 4957 1841 5010 post
1889 4947 2199 4997 craticulam

630 5034 685 5076 et
714 5034 1008 5085 carcerem,
1048 5020 1258 5071 carduis
1307 5017 1490 5069 terreis
1538 5015 1589 5068 in
1622 5016 1845 5082 genibus
1892 5029 2198 5081 percussus.

634 5092 808 5147 sedet
848 5084 1153 5142 ardentibus
1202 5086 1529 5153 lampadibus
1589 5100 1681 5151 per
1735 5085 1899 5138 latera
1957 5084 2201 5138 incensus

638 5163 846 5216 tandem
894 5158 1186 5212 decollatus
1224 5169 1325 5209 est.

708 5235 730 5261 ε
786 5230 1038 5282 Victorire.
1101 5230 1219 5281 llaec
1250 5241 1401 5295 passa
1453 5235 1534 5279 est
1580 5223 1761 5277 Roma:
1806 5224 1955 5289 juxta
2004 5223 2200 5277 Usnar-

638 5304 761 5356 dum
795 5310 849 5353 et
877 5300 1135 5357 Adonem,
1164 5298 1309 5366 juxta
1343 5297 1553 5350 Petrum
1602 5300 1667 5348 de
1696 5296 1866 5347 Natat.
1898 5296 2034 5362 apud
2077 5295 2203 5347 civi-

638 5385 797 5426 tatem
827 5370 1159 5423 Tibttlanatn.

704 5442 731 5481 ἀ
770 5440 1019 5507 Trigima.
1068 5442 1210 5505 Quos
1241 5436 1595 5490 Diocletianea
1630 5434 1924 5507 persecutio
1948 5432 2203 5507 gravis-si-

637 5515 737 5566 niis
780 5503 1056 5564 tormentis
1088 5503 1200 5560 (nar
1225 5523 1345 5577 yrcs
1377 5507 1572 5557 Christi
1616 5506 1759 5577 fecit.
1804 5505 2033 5565 Usuann,
2070 5503 2200 5577 Avo.

646 5584 715 5637 De
746 5582 1068 5650 martyribtts
1110 5575 1597 5650 Nicomediensibus
1629 5576 1678 5627 in
1713 5576 1808 5650 hac
1837 5575 2203 5650 persecutione

642 5652 808 5719 pas~is
836 5644 1020 5702 scribit
1053 5651 1242 5701 l‘juseb.
1282 5649 1414 5719 llist.
1441 5645 1585 5700 Eccl.
1614 5661 1726 5719 vni,
1760 5646 1812 5719 Ei,
1846 5644 1896 5696 ὑ.

711 5728 734 5750 ε
763 5718 1037 5771 Lamberti.
1082 5724 1233 5769 Anno
1285 5716 1439 5776 “£3,
1475 5716 1898 5781 quartodecimo
1944 5712 2054 5765 K‘ll.
2109 5711 2192 5763 Ja-

644 5790 836 5855 nuarii,
868 5797 999 5843 teste
1028 5788 1222 5842 Jacobo
1247 5788 1607 5853 Chapcavillo,
1642 5788 1689 5839 in
1735 5789 1877 5838 Notis
1918 5788 1977 5837 ad
2020 5784 2192 5852 ιιιυιυρ

2312 4820 2432 4867 gum
2466 4800 2718 4860 Stephani
2744 4799 2977 4866 episcopi
3005 4798 3068 4852 ad
3097 4798 3266 4852 Vitam
3290 4798 3351 4853 S.
3375 4798 3710 4864 Landeberti,
3736 4802 3869 4858 facta

2311 4875 2409 4925 luit
2452 4872 2629 4925 Leodii
2684 4874 2933 4937 repnsitto
2983 4871 3322 4937 reliquiarum
3380 4870 3438 4923 Β.
3489 4871 3754 4925 Lamberti
3804 4876 3873 4929 de

2313 4944 2525 4995 vasculo
2553 4943 2603 4993 in
2635 4955 2739 5010 quo
2758 4952 2876 5009 post
2907 4944 3204 5005 passionem
3231 4955 3258 4992 a
3285 4941 3341 4994 S.
3368 4942 3596 4993 lluberto
3616 4943 3871 5006 episcorio

2310 5014 2497 5067 locata:
2528 5011 2752 5074 fuerant,
2790 5014 2838 5063 in
2875 5026 2966 5063 vas
3011 5011 3147 5062 aliud
3196 5013 3332 5078 quod
3382 5011 3433 5063 in
3478 5010 3674 5063 honore
3709 5013 3869 5079 ipsius

2308 5084 2562 5136 decenter
2612 5081 2927 5134 fabricatum
2987 5080 3239 5147 fulgebat,
3298 5092 3554 5148 praesente
3605 5081 3869 5137 Alberone

2310 5156 2582 5219 episcopo,
2612 5163 2665 5205 et
2715 5159 2923 5204 astante
2976 5152 3267 5219 frequentia
3323 5164 3594 5214 procerum
3634 5160 3685 5202 et
3715 5153 3869 5207 Cleri.

2311 5222 2442 5274 lluic
2474 5218 2777 5289 repositinni
2823 5236 2941 5273 cum
2989 5222 3104 5272 aliis
3132 5218 3299 5272 adfuit
3330 5220 3649 5274 Unedericns
3679 5224 3870 5275 tertius

2312 5291 2568 5345 Letiensis
2617 5291 2802 5355 abbas,
2834 5300 2994 5357 atque
3044 5289 3165 5342 inde
3211 5294 3435 5341 maxima
3466 5291 3599 5341 dona
3647 5290 3866 5343 Lartiam

2311 5361 2510 5425 tetulit,
2547 5362 2787 5413 videlicet
2817 5376 2876 5412 os
2908 5363 2971 5412 de
2994 5375 3217 5426 corpore
3258 5362 3417 5425 ipsius
3449 5364 3782 5429 inartyris,et
3802 5364 3869 5414 de

2310 5434 2489 5484 ('illt‘l‘C
2522 5442 2623 5482 tam
2652 5432 2827 5483 carnis
2858 5431 3021 5497 ipsius
3050 5446 3203 5496 quain
3246 5433 3672 5482 vesnmentornm
3702 5443 3753 5482 et
3795 5431 3857 5481 Ie-

2309 5502 2436 5553 t'ttlli
2472 5502 2519 5553 in
2550 5517 2655 5566 quo
2688 5503 2912 5567 primum
2944 5502 3180 5563 sepultus
3210 5498 3328 5562 fuit,
3370 5507 3473 5551 etc.
3504 5499 3562 5551 5.
3595 5498 3861 5551 Lontberti

2309 5572 2422 5622 dies
2452 5573 2638 5622 natalis
2665 5570 2959 5622 celebratur
2994 5570 3057 5622 17
3102 5570 3370 5633 Septemb.

2388 5638 2404 5677 ί
2449 5642 2643 5694 Roman
2690 5641 2748 5693 lli
2779 5656 2902 5691 vero
2931 5639 3127 5705 Tripoli
3160 5640 3295 5705 passi
3343 5648 3462 5694 sunt
3500 5637 3646 5707 juxta
3682 5637 3875 5693 Usuar-

2302 5712 2447 5778 dum,
2486 5711 2783 5764 llrabannnt
2832 5722 2878 5762 ct
2927 5710 3227 5762 llarottiutn.
