4110 6462
353 358 480 411 ιενιι

1477 354 1668 410 SECT.
1709 353 1771 410 ll.
1813 384 1880 394 -—-
1924 356 2481 410 MARTYBOLOGIA.

3451 354 3583 409 illi

1604 464 1825 519 EDITIO
1864 464 2317 521 COLONIENSIS.

345 558 627 612 OCTAVIANI
674 572 1328 622 QUADRAGESHIOSECUNDD,
1393 570 1713 610 OLYDIPIHJIS
1766 570 1898 609 νειιι]

2015 557 2257 620 basilica,
2293 566 2349 611 ut
2375 555 2573 622 decuit,
2598 564 2883 628 martyrem
2914 557 3171 625 sepelivit.
3209 557 3330 638 Ipso
3352 559 3436 612 die
3470 559 3574 611 lto-

343 664 652 704 CBNTESIIE
680 664 1020 704 NONAGESIME
1051 665 1243 703 TERTlO
1269 664 1423 712 ANNO,
1452 665 1512 701 ΑΒ
1546 648 1692 703 URBE
1722 663 1901 701 Αυτειι

342 756 565 795 ΕυΝυιτΛ
627 754 1110 795 εεΡτιΝςεκτεεικο
1163 753 1584 803 ουιιηουιοεειιιο
1638 752 1907 801 SECUNDO,

342 831 664 899 rornpressis
694 843 998 886 cunctarum
1022 848 1112 901 per
1135 834 1319 885 orbem
1352 841 1507 885 terra:
1535 830 1763 899 gentium
1788 845 1903 883 mo-

343 922 501 985 libus,
533 934 585 979 et
637 922 938 976 firmissima
970 938 1097 988 pace
1132 922 1468 976 ordinatione
1520 922 1609 976 Dei
1642 936 1670 974 a
1701 922 1908 975 C:esare

342 1014 577 1082 Augusto
622 1014 912 1067 Octaviano
941 1013 1253 1080 composita,
1296 1015 1507 1083 quando
1548 1012 1807 1083 Cyrenius
1841 1030 1904 1067 ex

341 1102 560 1155 consilio
607 1112 841 1169 senatus,
895 1104 946 1157 in
977 1103 1210 1157 .ludaaam
1244 1103 1462 1168 missus,
1505 1119 1695 1157 cen~us
1725 1102 1901 1156 homi—

343 1207 464 1243 num
519 1194 1017 1263 possessionnmque
1068 1193 1421 1258 describebat,
1464 1204 1678 1247 sextam
1728 1194 1907 1246 mundi

339 1287 545 1334 (ntalem
596 1297 693 1335 suo
748 1283 987 1351 piissimo
1029 1284 1359 1337 consecravit
1415 1283 1661 1337 adventu.
1708 1282 1908 1337 Eodem

340 1371 427 1426 die
458 1375 633 1427 natale
664 1384 860 1429 sancta:
910 1376 1224 1440 Anastasirc,
1255 1390 1372 1443 qua:
1418 1386 1655 1443 tempore
1706 1376 1913 1429 Diocle-

338 1460 467 1513 tiani
493 1463 659 1529 primo
687 1464 1022 1517 durissimam
1049 1474 1102 1518 et
1127 1464 1383 1519 immitem
1412 1466 1709 1518 custodiam
1737 1481 1765 1519 a
1795 1466 1909 1521 tiro

338 1566 436 1603 suo
487 1550 671 1605 Publio
726 1568 997 1621 perpessa,
1063 1554 1114 1607 in
1165 1568 1265 1622 qua
1300 1564 1531 1607 tamena
1563 1554 1914 1625 Chrysogono

335 1642 636 1699 confessore
656 1645 847 1699 Chritti
872 1649 1090 1698 multum
1115 1646 1386 1699 consolata
1411 1653 1465 1699 et
1488 1646 1781 1701 confortata
1807 1657 1908 1715 est,

334 1733 524 1789 deinde
552 1750 579 1787 a
612 1736 858 1803 prmfccto
889 1736 1095 1806 Illyrico
1144 1738 1197 1790 in
1252 1737 1582 1805 gravissima,
1613 1748 1769 1807 atque
1798 1738 1913 1792 diu-

335 1827 442 1878 tina
489 1828 728 1879 custodia
771 1837 1032 1883 macerata
1072 1838 1172 1895 est,
1230 1830 1281 1881 in
1325 1844 1427 1898 qua
1472 1829 1680 1883 duobus
1714 1832 1913 1884 mensi-

2014 661 2116 699 mse
2144 647 2194 699 in
2218 646 2524 701 ctrtneterio
2558 646 2847 714 Aproniani
2885 648 3060 714 passio
3096 658 3293 702 sanctae
3323 648 3577 717 Eugenic

2012 735 2250 804 virginis,
2304 750 2422 804 que
2469 746 2707 803 tempore
2768 736 2996 792 Gallieni
3053 738 3391 808 imperatoris
3457 748 3577 805 post

2010 828 2171 882 multa
2200 826 2423 893 insignia
2459 826 2731 891 virtutum,
2764 836 2817 881 et
2855 842 3036 882 sacros
3064 829 3325 897 virginum
3357 828 3574 893 choros,

2011 932 2141 985 quos
2169 915 2389 970 Christo
2415 915 2641 969 Domino
2669 928 3064 985 aggregaverat,
3093 919 3191 972 sub
3220 917 3443 989 Nycetio
3474 934 3567 972 ur-

2012 1008 2094 1062 bis
2122 1008 2366 1075 prmfecto
2384 1009 2598 1089 alligato
2629 1022 2779 1073 saxo,
2807 1017 2859 1062 et
2882 1010 3205 1078 praecipitata
3234 1010 3284 1063 in
3310 1009 3566 1075 Tiberim,

2011 1096 2104 1150 sed
2148 1098 2310 1165 mergi
2341 1112 2441 1151 non
2493 1098 2680 1165 potuit.
2722 1098 2848 1153 Inde
2876 1098 3095 1153 thermis
3139 1100 3318 1169 ignitis
3349 1099 3577 1163 inclusa,

2012 1189 2172 1243 illaesa
2216 1198 2420 1257 reperta
2453 1200 2552 1254 est,
2599 1192 2887 1246 novissime
2933 1192 2986 1245 in
3031 1192 3118 1246 die
3148 1192 3338 1246 natalis
3366 1191 3572 1245 Domini

2012 1280 2148 1333 sicut
2172 1280 2283 1347 ipse
2321 1280 2563 1335 Salvator
2592 1283 2640 1336 ei
2685 1291 2807 1337 ante
2853 1282 3127 1348 revelavit,
3161 1298 3256 1353 per
3286 1283 3575 1349 spiculato-

2013 1387 2122 1426 rem
2177 1371 2227 1427 in
2259 1373 2495 1426 custodia
2524 1373 2700 1442 gladio
2751 1373 3039 1444 jugulatur.
3098 1375 3161 1429 Et
3190 1376 3455 1431 sublatum
3492 1386 3576 1429 est

2013 1479 2203 1532 corpus
2257 1462 2420 1531 cjusa
2464 1463 2796 1525 Christianis.
2828 1476 2882 1521 et
2912 1467 3137 1532 positum
3178 1479 3280 1520 non
3323 1466 3479 1535 longe
3508 1466 3575 1518 ab

2014 1555 2146 1610 urbe
2167 1554 2248 1609 via
2291 1553 2494 1619 Latina,
2530 1556 2583 1609 in
2614 1557 2812 1623 praedio
2838 1557 2953 1626 ejus
3002 1558 3236 1627 pr0prio,
3270 1557 3357 1612 ubi
3387 1558 3579 1612 multo-

2014 1665 2133 1704 rum
2156 1651 2267 1719 ipsa
2297 1650 2581 1719 sepelierat
2608 1650 2866 1705 membra.

2086 1742 2145 1797 C.
2183 1742 2270 1795 VII
2294 1741 2533 1796 KALEND.
2565 1740 2685 1797 Jan.
2716 1769 2784 1780 -—
2812 1743 2865 1795 In
2898 1740 3093 1810 oppido
3126 1739 3579 1811 Jcrosolymitano

2014 1831 2435 1901 Caphargamala
2465 1830 2641 1899 passio
2684 1830 2851 1885 sancti
2882 1830 3138 1901 Stephani
3173 1830 3582 1899 protomartyris

334 1915 435 1971 bus
461 1915 656 1973 refecta
682 1926 764 1973 est
807 1918 1109 1974 cmlestibus
1152 1919 1289 1973 escis
1337 1933 1431 1988 per
1458 1929 1691 1973 sanctam
1737 1920 1911 1974 'l‘heo-
1947 1914 1993 1973 Β
2018 1922 2238 1987 Chrisﬁ,
2266 1924 2354 1991 qui
2397 1936 2501 1976 non
2553 1922 2720 1975 multo
2752 1930 2869 1991 post
2895 1922 3262 1976 ascensionem
3288 1920 3495 1974 Domini
3518 1921 3583 1973 ab

336 2008 544 2074 duram,
592 2025 709 2078 quae
764 2009 1074 2077 martyrium
1126 2008 1271 2077 prius
1325 2024 1481 2079 passa
1538 2019 1639 2066 est.
1709 2010 1910 2065 Deinde

333 2098 453 2152 navi
508 2100 751 2166 imposita
813 2115 931 2154 cum
986 2099 1230 2154 ducentis
1286 2100 1438 2168 viris,
1494 2110 1550 2156 et
1597 2102 1907 2171 quingentis

329 2187 557 2255 feminis,
588 2202 641 2243 ut
682 2190 1118 2260 demergerentur
1144 2190 1198 2245 in
1228 2206 1407 2257 mare;
1456 2192 1549 2248 sed
1592 2196 1793 2263 perlata
1825 2204 1910 2250 est

329 2278 395 2332 ad
425 2280 622 2334 insulas
678 2279 988 2348 l‘almarias,
1038 2282 1124 2337 ubi
1181 2299 1277 2355 per
1309 2298 1498 2339 manus
1535 2294 1589 2339 et
1621 2285 1779 2351 pedes
1809 2300 1907 2340 ex-

330 2380 499 2437 tensa,
526 2381 580 2426 et
604 2372 759 2443 ligata
789 2373 855 2427 ad
884 2374 1031 2442 palos
1064 2376 1218 2440 fixos,
1258 2386 1311 2431 et
1335 2380 1478 2431 circa
1522 2376 1757 2431 medium
1792 2377 1906 2446 ejus

330 2464 467 2530 ignis
518 2478 795 2530 accensus,
824 2466 874 2518 in
918 2480 1024 2534 quo
1070 2468 1382 2537 martyrium
1413 2455 1906 2530 consummavitfet

321 2566 511 2606 omnes
552 2554 641 2620 qui
698 2569 819 2607 cum
886 2555 972 2607 illa
1006 2567 1281 2623 venerant,
1314 2557 1473 2611 variis
1520 2557 1902 2612 interiectioni-

327 2642 429 2697 bus
458 2644 766 2715 martyrium
796 2644 1151 2700 celebrarunt.
1188 2646 1329 2702 Inter
1375 2662 1509 2715 quos
1554 2664 1739 2702 omnes
1766 2664 1903 2704 unus

326 2741 441 2785 erat
474 2734 918 2790 innocentissima:
970 2734 1191 2802 naturae,
1251 2740 1465 2794 nomine
1515 2740 1900 2810 Eutychianus.

323 2822 424 2889 Qui
446 2823 669 2879 sublatis
696 2826 818 2891 sibi,
855 2841 975 2881 cum
1007 2830 1160 2885 dives
1207 2841 1370 2895 esset,
1401 2833 1651 2887 omnibus
1676 2834 1897 2887 faculta-

326 2919 493 2983 tibtts,
547 2920 709 2973 tacuit
754 2920 883 2975 nihil
912 2922 1170 2989 cogitans,
1220 2925 1458 2994 nihilque
1501 2934 1743 2980 metuens
1796 2923 1898 2977 nisi

323 3008 449 3073 hoc,
503 3026 569 3065 ne
618 3013 896 3069 facultates
924 3030 986 3068 ac
1016 3016 1230 3070 divitias
1279 3017 1401 3070 fidei
1445 3017 1718 3085 perderet.
1752 3016 1899 3084 Quo-

320 3101 630 3170 tiescunque
674 3101 863 3158 fuisset
911 3106 1142 3173 auditus,
1201 3106 1618 3174 quotiescunque
1666 3106 1897 3161 interro-

319 3201 492 3258 gatus,
516 3192 644 3246 nihil
675 3194 816 3247 aliud
839 3194 1048 3248 dicebat
1081 3214 1093 3249 :
1127 3194 1401 3250 Christum
1436 3197 1564 3251 mihi
1593 3212 1696 3250 non
1730 3197 1886 3259 tollit,

2012 2012 2275 2081 apostolis
2301 2012 2558 2066 diaconus
2584 2011 2857 2066 ordinatus
2881 2020 2981 2066 est.
3015 2011 3216 2067 Scribit
3256 2013 3440 2067 beatus
3469 2010 3581 2065 Lu-

2009 2116 2102 2158 cas
2145 2101 2467 2172 evangelista
2496 2101 2612 2171 ejus
2646 2103 2945 2171 passionem
2972 2104 3023 2156 in
3052 2102 3271 2157 Actibus
3294 2102 3565 2169 apostolo-

2009 2212 2149 2251 rum.
2185 2197 2386 2251 Eodem
2415 2196 2501 2252 die
2529 2200 2697 2251 sancti
2733 2197 2937 2265 lgnatii,
2965 2196 3081 2251 [tuli
3107 2206 3162 2253 et
3182 2196 3379 2251 ZOsimi
3404 2210 3572 2266 papat,

2008 2291 2096 2360 qui
2122 2290 2260 2345 sedit
2297 2290 2481 2345 Romae
2511 2305 2708 2344 annum
2742 2306 2922 2344 unum.
2952 2290 3047 2345 llic
3071 2289 3347 2346 constituit.
3379 2298 3438 2343 ut
3461 2289 3573 2343 dia-

2007 2396 2176 2435 conus
2230 2381 2414 2437 lteram
2449 2390 2647 2452 tegeret
2692 2380 2887 2448 palliis,
2931 2391 2983 2435 et
3014 2385 3264 2450 pr.t'cepit
3316 2390 3372 2433 ιιι
3400 2380 3572 2434 nullus

2005 2472 2230 2526 clericus
2256 2472 2503 2538 poculum
2536 2472 2587 2525 in
2634 2470 2846 2539 publico
2887 2471 3215 2541 pr0pinaret,
3250 2470 3349 2524 nisi
3375 2480 3575 2524 tantum

2006 2562 2057 2615 in
2087 2562 2234 2616 cellis
2286 2561 2523 2617 fidelium
2576 2572 2631 2616 et
2660 2562 2998 2617 clericorurn.
3050 2562 3122 2616 De
3154 2576 3378 2631 quorum
3411 2575 3578 2629 agone

2005 2650 2175 2716 felici,
2221 2661 2437 2706 sanctus
2488 2652 2815 2722 Polycarpus
2866 2652 2917 2705 in
2973 2652 3195 2721 cpistola
3254 2650 3319 2703 ad
3383 2649 3575 2717 Philip-

2003 2757 2193 2809 penses
2245 2742 2450 2806 scribit,
2507 2742 2735 2796 dicens:
2774 2759 2793 2794 ι
2848 2742 3113 2810 DeprecOr
3161 2749 3340 2794 autem
3391 2752 3577 2793 omnes

2001 2846 2096 2886 vos
2123 2833 2440 2887 obedientize
2463 2833 2591 2887 dare
2607 2846 2844 2901 operam,
2879 2846 2943 2885 ac
2970 2829 3209 2886 meditari
3240 2829 3576 2899 patientiam,

1998 2939 2159 2993 quam
2188 2924 2393 2979 vidistis
2426 2924 2477 2978 in
2510 2924 2733 2992 lgnatio,
2780 2931 2837 2978 et
2874 2921 3029 2985 ltufo,
3057 2931 3111 2974 et
3148 2921 3363 2975 Zosimo
3396 2920 3568 2974 beatis

1999 3017 2151 3077 viris,
2182 3018 2409 3071 scientes
2438 3016 2576 3086 quod
2607 3014 2657 3069 hi
2692 3029 2795 3069 non
2826 3016 2876 3067 in
2906 3028 3150 3076 vacuum,
3174 3015 3265 3066 sed
3293 3028 3385 3079 per
3420 3011 3576 3065 Iidem

1997 3118 2045 3163 et
2088 3106 2351 3176 justitiam
2385 3116 2764 3169 cucurrerunt,
2794 3105 2963 3159 donec
3011 3103 3260 3158 venirent
3286 3102 3350 3155 ad
3405 3102 3577 3156 locum

1996 3199 2095 3253 sibi
2126 3214 2155 3250 a
2191 3196 2412 3251 Domino
2453 3203 2827 3264 prmparatum,
2886 3196 3137 3263 quoniam
3191 3193 3401 3261 quidem
3451 3207 3575 3260 pas-

318 3283 477 3337 etiam
517 3283 603 3354 qui
657 3296 818 3353 caput
867 3285 1167 3342 abstulerit.
1208 3287 1355 3342 Tunc
1408 3287 1685 3356 Apollonia
1732 3287 1888 3341 Chri-
1917 3259 1961 3321 Ο
1994 3288 2201 3341 sionum
2240 3286 2359 3356 ejus
2400 3259 2681 3353 participes
2734 3259 3079 3348 exstiterunt;
3131 3259 3229 3336 nec
3272 3259 3579 3335 dilexerunt

320 3374 491 3427 stiana
546 3382 786 3429 matrona
840 3377 1030 3430 tollens
1089 3392 1285 3446 corpus
1338 3377 1504 3432 beata:
1551 3375 1887 3444 Anastasize,

320 3464 751 3533 exosculabatur,
778 3475 833 3522 et
859 3467 1186 3523 aromatibus
1214 3477 1269 3524 et
1311 3469 1704 3525 linteaminibus
1731 3485 1886 3524 mun-

320 3554 411 3611 dis
440 3556 751 3624 obvulvens,
782 3560 919 3614 intra
944 3559 1251 3614 viridarium
1284 3560 1474 3616 domus
1496 3577 1607 3616 sua:
1635 3560 1889 3616 fabricata

1996 3392 2229 3450 prtesens
2271 3379 2543 3441 sacculum,
2599 3376 2692 3431 sed
2721 3376 3011 3437 Christum,
3067 3374 3155 3444 qui
3195 3387 3291 3437 pro
3340 3372 3472 3442 ipsis
3524 3381 3583 3427 et

1998 3484 2093 3540 pro
2145 3469 2392 3525 omnibus
2438 3477 2675 3523 mortuus
2722 3474 2832 3533 est,
2868 3476 2921 3521 et
2951 3464 3262 3520 resurrexit.
3296 3479 3316 3515 I

1564 3675 1793 3731 EDITIO
1832 3666 2326 3731 BOLLANDIANA.

323 3786 557 3853 potentia
587 3798 640 3841 et
671 3797 877 3855 tempus
921 3789 1208 3843 nativitatis
1249 3803 1358 3843 sua:
1405 3785 1669 3857 praevidit,
1698 3794 1751 3841 et
1776 3801 1885 3839 ma-

322 3886 456 3929 trem
494 3891 587 3944 per
616 3892 774 3947 quam
809 3888 1118 3933 nasceretur
1146 3879 1328 3947 elegit.

396 3967 461 4021 Et
489 3966 549 4022 8.
591 3976 617 4005 ι
666 3968 912 4037 Eugeniae
943 3970 1179 4039 virginis.
1227 3970 1426 4026 Eodem
1471 3970 1557 4027 die
1603 3970 1779 4025 natale
1835 3969 1891 4025 S.

320 4060 651 4125 Anastasius;
703 4076 820 4129 quae
867 4071 1107 4130 tempore
1152 4062 1469 4118 Diocletiani
1502 4064 1674 4131 primo
1720 4061 1890 4115 diram

321 4158 378 4204 et
405 4150 659 4205 immitem
687 4151 980 4206 custodiam
1029 4169 1057 4206 a
1106 4156 1220 4209 viro
1277 4168 1374 4208 suo
1420 4154 1607 4208 Publio
1640 4167 1892 4222 perpessa

322 4250 426 4306 est,
459 4242 511 4295 in
539 4256 639 4309 qua
668 4252 841 4297 tamen
871 4258 900 4295 a
931 4250 956 4288 ιι
985 4243 1227 4315 Chrysug
1249 4260 1333 4299 =no
1364 4245 1671 4300 confessore
1698 4241 1894 4297 Christi

322 4331 547 4384 multum
595 4333 869 4386 consolata
909 4344 963 4387 et
990 4336 1286 4387 confortata
1320 4344 1421 4389 est.
1470 4333 1675 4389 Deinde
1703 4349 1731 4387 a
1760 4348 1896 4402 pra:-

322 4421 461 4476 fecto
505 4422 688 4478 lllirici
731 4424 784 4476 in
812 4425 1123 4492 gravissima
1156 4440 1307 4493 teque
1346 4434 1399 4479 et
1428 4425 1627 4479 diutina
1654 4426 1895 4480 custodia

318 4525 584 4570 macerata
613 4527 696 4572 est
737 4516 1039 4587 (Hucusque
1069 4518 1187 4586 A.),
1220 4517 1272 4570 in
1303 4532 1405 4586 qua
1442 4517 1652 4572 duobus
1685 4518 1891 4571 mensi-

2001 3784 2053 3837 in
2081 3795 2185 3852 quo
2216 3778 2526 3847 martyrium
2555 3773 2963 3837 consummavit,
2996 3780 3049 3827 et
3094 3786 3279 3826 omnes
3322 3770 3412 3840 qui
3453 3783 3572 3823 cum

2002 3878 2087 3932 illa
2119 3882 2373 3931 venerant
2402 3870 2559 3925 variis
2584 3867 3048 3924 interfectionihns
3079 3865 3388 3936 martyrium
3416 3864 3569 3919 cele—

2000 3971 2237 4025 brarunt.

2072 4058 2259 4111 Florus
2286 4056 2337 4108 in
2380 4053 2447 4109 A.
2488 4052 2551 4106 T.
2582 4051 2639 4105 L.
2677 4050 2968 4119 praeposuit
3001 4066 3014 4101 :
3046 4049 3102 4103 ln
3131 4048 3344 4104 Sirmio.

2074 4150 2159 4215 Β..
2190 4144 2708 4211 ConstantinOpnlim
2731 4141 2787 4197 8.
2823 4139 3107 4195 Anastasii.

2073 4238 2161 4292 26.
2195 4236 2378 4290 —Vll
2429 4235 2562 4290 Κιι..
2597 4233 2784 4289 Natale
2840 4232 2898 4288 8.
2963 4231 3219 4299 Stephani
3283 4238 3574 4302 protomar-

2006 4342 2265 4477 tyr[flores
2307 4422 2359 4475 in
2410 4420 2475 4473 A.
2525 4418 2590 4471 Τ.
2636 4416 2741 4473 L.:
2795 4416 2850 4469 In
2907 4415 3102 4483 opptdo
3132 4412 3577 4487 Jerosolymitanu

2001 4514 2123 4568 villa
2150 4508 2573 4581 Caphargamala
2603 4508 2780 4577 passio
2823 4506 2883 4563 S.
2916 4504 3194 4575 Stephani,
3238 4508 3324 4574 qui
3353 4505 3420 4558 ab
3444 4519 3575 4573 apo-

318 4608 418 4662 bus
448 4609 643 4664 refecta
673 4620 754 4665 est
793 4612 1105 4665 caelestibus
1132 4611 1275 4664 escis
1326 4624 1419 4677 per
1452 4610 1510 4665 S.
1554 4589 1888 4675 Theodcten,
1926 4625 1976 4687 υ
1998 4604 2148 4658 stolis
2174 4602 2330 4657 levita
2373 4599 2666 4662 ordinatus,
2698 4597 2766 4651 ob
2802 4598 3160 4687 testimonium
3192 4594 3390 4687 Christi
3426 4594 3563 4661 lapi-

316 4712 436 4767 qua:
475 4699 619 4769 prius
650 4700 956 4769 martyrium
988 4716 1143 4769 passa
1183 4710 1287 4755 est.
1324 4699 1524 4755 Deinde
1555 4702 1674 4753 navi
1718 4699 1891 4769 impo-

316 4786 417 4840 sita
445 4801 565 4841 cum
606 4788 849 4843 ducentis
884 4790 1011 4844 viris
1060 4797 1117 4844 et
1166 4789 1514 4859 septingentis
1568 4787 1801 4853 feminis,
1836 4796 1892 4842 ut

316 4879 715 4948 demergeretur
755 4882 810 4936 in
839 4884 992 4947 mari,
1025 4883 1223 4951 perlata
1263 4891 1340 4936 est
1391 4882 1458 4935 ad
1510 4881 1709 4936 insulas
1762 4880 1890 4934 Pal—

317 4969 535 5035 marias,
561 4973 649 5025 ubi
677 4987 771 5039 per
791 4987 980 5027 manus
1005 4982 1059 5028 et
1082 4972 1244 5043 pedes
1269 4980 1488 5027 extensa
1513 4982 1617 5040 est,
1643 4972 1798 5041 ligata
1821 4970 1889 5025 ad

318 5060 469 5127 palos
496 5058 658 5129 fixos,
685 5071 741 5119 et
764 5066 905 5118 circa
936 5064 1169 5120 medium
1191 5062 1310 5133 ejus
1338 5063 1471 5132 ignis
1503 5076 1758 5120 accensus
1786 5070 1891 5125 est,

1999 4697 2248 4753 dantibus
2271 4692 2472 4749 Judais
2521 4692 2724 4760 primus
2778 4697 2896 4756 post
2946 4686 3312 4741 ascensionem
3361 4685 3593 4738 Domini-

2002 4787 2255 4856 martyrio
2276 4789 2672 4837 consummatus
2698 4788 2781 4833 est
2818 4776 3120 4847 (Hucusque
3146 4775 3257 4844 A.).
3288 4774 3380 4829 llic
3408 4775 3579 4829 cmlos

2001 4878 2134 4932 vidit
2171 4882 2383 4944 apertos
2429 4881 2483 4926 et
2530 4870 2709 4925 .lesum
2759 4876 2986 4922 stantem
3035 4881 3065 4920 a
3115 4866 3315 4921 dextris
3360 4863 3575 4918 virtutis

2003 4972 2132 5037 Dei;
2159 4969 2242 5024 cui
2267 4967 2513 5036 spiritum
2552 4961 2956 5027 commendans,
2989 4968 3044 5016 et
3082 4976 3177 5030 pro
3220 4966 3571 5030 persecutort»

2004 5064 2103 5118 bus
2125 5075 2374 5127 exorans,
2401 5059 2572 5113 imbre
2600 5054 2833 5126 lapidum
2856 5053 3098 5125 perfusus
3118 5052 3455 5108 obdormivit.

1694 5173 1902 5229 SMITH
1941 5172 2170 5230 NOTAE.

393 5287 419 5315 ⁸
462 5284 727 5357 Eugenite.
782 5284 932 5357 Filiae
982 5282 1209 5357 Philippi
1266 5283 1503 5354 praefecti
1547 5282 1886 5357 Alexandrini

320 5352 567 5425 tempore
608 5356 833 5409 Gallieni
882 5352 1235 5420 imperatoris,
1266 5352 1385 5425 qua:
1428 5368 1707 5425 assumens
1740 5352 1892 5406 babi-

320 5424 668 5483 tum’virilem
691 5440 810 5479 cum
840 5426 1002 5479 sociis
1041 5425 1198 5478 Prato
1222 5424 1891 5495 etgllyacinthoimonaste-

322 5497 463 5551 rium
493 5498 735 5565 ingressa
761 5504 863 5565 est,
891 5495 1040 5565 cujus
1070 5491 1409 5565 posteafac'ta
1438 5504 1520 5548 est
1541 5494 1725 5565 abbas.
1756 5491 1886 5565 POst

322 5563 764 5637 plurimaiautem
811 5564 1029 5637 insignia
1062 5566 1165 5637 sub
1208 5563 1414 5637 Nicetio
1458 5564 1603 5637 urbis
1636 5564 1885 5637 praefecto

320 5631 411 5691 diu
437 5635 743 5705 agonizans,
788 5631 1075 5705 novissime
1117 5634 1295 5703 gladio
1337 5632 1571 5702 jugulata
1606 5642 1720 5705 est.
1752 5631 1888 5705 Ejus

322 5710 451 5761 Acta
475 5701 742 5771 descripta
770 5720 799 5757 a
846 5701 1203 5771 Metaphraste
1244 5712 1453 5758 exstant
1480 5703 1616 5770 apud
1642 5701 1882 5764 Suriutn,

324 5789 454 5831 tom.
487 5774 570 5830 Vl.
606 5773 811 5829 Habent
863 5783 1037 5830 tamen
1091 5772 1263 5843 aliqua
1313 5789 1429 5842 quae
1478 5787 1699 5827 censura
1751 5771 1887 5825 imii-

1998 5292 2179 5352 geant,
2212 5279 2372 5352 veluti
2414 5278 2564 5352 quod
2603 5276 2673 5332 ibi
2718 5276 2909 5344 legitur
2950 5275 3018 5352 _de
3048 5274 3288 5352 Philippo
3317 5275 3570 5352 Eugenim

1999 5343 2173 5421 patre,
2219 5350 2376 5412 facto,
2412 5343 2469 5402 ut
2519 5348 2592 5401 ait
2637 5343 2844 5409 auctor,
2878 5346 3130 5421 episcopo
3180 5343 3567 5421 Alexandrino,

1998 5416 2137 5490 quod
2171 5421 2325 5486 plane
2370 5427 2729 5490 commentum
2774 5430 2898 5490 esse
2946 5416 3163 5490 Tabulae
3191 5416 3563 5490 episcoporum

1986 5482 2472 5545 Alexandrinorum
2509 5501 2629 5557 qua:
2677 5486 2745 5557 ab
2804 5484 3033 5557 Eusebio
3089 5484 3141 5537 in
3188 5482 3392 5539 Chron.
3430 5494 3483 5539 et
3515 5486 3565 5537 in

1990 5562 2123 5615 llist.
2152 5554 2545 5620 describuntur,
2575 5555 2850 5610 manifeste
2875 5554 3167 5608 declarant.

2058 5633 2084 5672 ι»
2126 5628 2601 5698 C/trysogono._De
2648 5624 2864 5698 boc_qui
2912 5623 3240 5679 Anastasiam
3287 5622 3351 5677 ad
3398 5621 3555 5679 fidem

1989 5694 2271 5762 convertit,
2309 5694 2426 5751 vide
2447 5694 2518 5751 ⁸24
2545 5694 2804 5750 Novemb.
