4110 6458
606 314 746 380 4163

1328 320 1526 378 ΒΕῡίΕ
1574 320 2018 378 VENERABILIS
2056 323 2200 379 OPP.
2244 324 2415 379 PARS
2454 321 2539 377 IV.
2580 354 2648 363 ——
2688 324 3065 380 lilSTOItICA.

3722 326 3845 381 Hii

1841 436 2066 491 EDITIO
2104 435 2575 492 COLONIENSIS.

672 526 736 582 D.
780 527 844 584 Vl
874 528 1006 582 ΚΑι..
1036 528 1152 583 Jan.
1186 558 1254 571 —
1279 529 1465 584 Natale
1496 528 1633 583 beati
1673 527 1893 583 Joannis
1932 543 2165 597 evange-
2192 539 2239 594 Α
2269 541 2435 582 annos
2482 543 2608 592 sex;
2656 530 2897 597 sepultus
2929 529 3009 581 via
3056 530 3244 596 Appia,
3292 531 3345 583 in
3393 530 3709 586 cmmeterio
3734 532 3842 586 Cal-

601 618 759 686 liste,
800 633 956 689 quem
988 619 1242 673 Dominus
1285 619 1438 675 Jesus
1475 620 1679 673 amavit
1709 618 2030 688 plurimum;
2073 621 2161 689 qui

601 712 885 766 secundam
943 721 1060 780 post
1118 712 1382 766 Neronem
1443 712 1863 781 persecutionem
1918 721 2161 765 movente

601 800 922 867 Domitiano,
956 813 1295 873 posteaquam
1320 803 1370 857 in
1393 802 1514 858 oleo
1542 803 1709 871 ignito
1729 802 2007 856 demersus
2032 803 2165 857 nihil

598 903 783 957 passus
807 900 909 957 est,
937 893 988 946 in
1014 893 1294 948 Pathmum
1320 894 1542 947 insulam
1570 894 1836 961 relegatus
1863 892 1993 947 vidit
2021 891 2167 961 Apo-

599 982 879 1053 calypsim.
921 982 1205 1040 Interfecto
1230 994 1411 1039 autem
1455 982 1781 1050 Domitiano,
1810 993 1864 1039 et
1889 985 2020 1038 actis
2049 985 2164 1052 ejus

597 1073 668 1129 ob
698 1074 916 1129 nimiam
945 1076 1313 1131 crudelitatem
1340 1076 1579 1130 rescissis
1609 1090 1639 1129 a
1666 1084 1873 1140 senatu,
1902 1075 2003 1129 sub
2036 1075 2167 1130 Per-

593 1161 773 1218 tinace
800 1163 1040 1234 principe
1070 1166 1226 1219 rediit
1257 1164 1524 1234 Ephesum
1552 1180 1565 1217 :
1605 1175 1658 1219 et
1687 1163 1806 1233 quia
1846 1179 2162 1221 concussam

597 1266 660 1308 se
688 1252 909 1308 absente
938 1268 1029 1322 per
1058 1254 1341 1309 haereticos
1373 1254 1500 1307 vidit
1532 1254 1780 1309 Ecclesiae
1805 1254 1959 1308 fidem
1983 1298 1997 1321 ,
2032 1269 2162 1308 con-

596 1341 771 1397 festim
799 1343 936 1398 hanc
966 1344 1288 1413 descriptam
1318 1345 1369 1398 in
1405 1343 1698 1412 Evangelia
1742 1358 1839 1397 suo
1873 1343 2036 1398 Verbi
2066 1344 2162 1397 Dei

594 1436 945 1488 aeternitatem
993 1434 1272 1489 stabilivit.
1331 1434 1565 1504 Rogatus
1597 1433 1856 1502 siquidem
1905 1434 1972 1488 ab
2021 1434 2164 1488 Asiae

593 1522 856 1592 episcopis
900 1524 1155 1579 adversus
1196 1524 1531 1589 Cerintbum,
1583 1524 1819 1592 aliosque
1863 1523 2163 1591 haereticos,

593 1620 649 1666 et
678 1614 907 1667 maxime
935 1623 1117 1667 cootra
1153 1614 1520 1668 Ebionitarum
1544 1622 1669 1667 tunc
1696 1614 1887 1683 dogma
1916 1628 2163 1684 surgens,

595 1702 686 1772 qui
715 1712 960 1757 asserunt
983 1703 1254 1757 Christum
1286 1712 1409 1756 ante
1435 1702 1653 1757 Mariam
1685 1718 1789 1758 non
1820 1704 1999 1769 fuisse,
2028 1704 2168 1759 unde

599 1796 909 1863 compulsus
936 1804 1016 1848 est
1044 1794 1310 1849 scribendi
1334 1794 1603 1863 Evangelii
1630 1803 1867 1850 sanctum
1898 1810 2034 1864 opus
2055 1810 2175 1849 sus-

2266 618 2391 672 listi.
2446 618 2543 671 Hic
2584 619 2846 672 Ecclesias
2900 619 3223 688 presbyteris
3254 618 3420 687 dedit,
3472 631 3527 675 et
3570 625 3842 685 parochias

2263 709 2510 768 diecesis
2536 708 2704 771 dedit,
2735 720 2895 779 atque
2916 710 3216 765 constituit.
3256 710 3323 765 Et
3353 712 3691 779 episcopatus
3715 728 3832 766 san-

2264 803 2335 858 cti
2364 802 2540 857 Jacobi
2580 801 2763 856 fratris
2816 802 3040 864 Domini,
3090 803 3178 871 qui
3227 803 3294 857 ab
3335 804 3597 873 apostolis
3647 805 3839 873 primus

2268 908 2334 948 ex
2367 893 2564 947 Judaeis
2591 904 2671 948 est
2700 893 2975 947 ordinatus
3012 894 3379 963 Jerosolymis.

2343 983 2402 1035 E.
2446 982 2485 1033 V
2516 982 2649 1037 Kac.
2680 982 2804 1037 Jan.
2853 1011 2923 1022 -—
2952 983 3260 1037 Bethlebem
3290 983 3487 1039 Judteae
3511 985 3685 1039 natale
3710 999 3824 1039 san-

2268 1082 2472 1130 ctorum
2496 1064 2871 1140 liittocentum,
2897 1088 3031 1142 quos
3059 1074 3296 1129 Herodes
3320 1089 3438 1129 cum
3460 1076 3657 1130 Christi
3699 1078 3825 1129 natio

2268 1165 2486 1218 vitatem
2544 1179 2818 1232 magorum
2881 1164 3077 1218 indicio
3122 1167 3503 1235 cognovisset,
3564 1168 3821 1221 tricesimo

2267 1257 2452 1324 quinto
2478 1269 2617 1309 anno
2658 1256 2801 1323 regni
2830 1256 2907 1309 sui
2936 1256 3161 1310 interfici
3201 1255 3381 1324 jussit,
3420 1257 3508 1326 qui
3558 1271 3696 1309 anno
3738 1258 3826 1311 tri-

2267 1347 2467 1401 cesimo
2513 1354 2664 1400 sexto
2708 1344 2894 1398 morbo
2944 1346 3216 1399 intercutis
3253 1360 3438 1412 aquze,
3483 1355 3535 1398 et
3582 1348 3824 1400 scatenti-

2271 1442 2368 1495 bus
2413 1451 2526 1494 toto
2570 1455 2795 1509 corpore
2824 1441 3091 1495 vermibus
3117 1483 3131 1506 ,
3174 1442 3544 1497 miserabiliter
3570 1452 3622 1496 et
3660 1444 3812 1512 digne

2272 1541 2532 1584 mortuus.

2341 1619 2402 1673 F.
2430 1619 2491 1672 Vl
2531 1619 2661 1673 Kac.
2694 1619 2815 1673 Jan.
2838 1650 2905 1660 —
2935 1618 3094 1673 David
3127 1620 3286 1688 regis.
3318 1620 3445 1674 Item
3478 1621 3611 1688 apud
3644 1620 3823 1674 Arela-

2274 1719 2360 1765 ten
2392 1712 2567 1766 natale
2613 1713 2785 1766 sancti
2816 1711 3088 1778 Troiibimi
3128 1713 3366 1780 episcopi
3410 1722 3463 1766 et
3491 1712 3823 1775 confessori<,

2272 1801 2515 1868 discipuli
2560 1804 2921 1870 apostolorum
2981 1803 3124 1857 Petri
3167 1812 3220 1856 et
3272 1803 3437 1856 Pauli.
3493 1803 3689 1857 Eodem
3744 1802 3827 1857 die

595 1888 799 1957 cipere.
846 1888 964 1956 Ipse
991 1897 1168 1941 autem
1202 1902 1370 1957 usque
1400 1887 1465 1941 ad
1493 1888 1708 1956 Trajani
1744 1890 1998 1957 principis
2026 1898 2159 1943 tem-
2187 1885 2235 1945 B
2261 1893 2428 1946 sancti
2454 1892 2748 1947 Crescentii
2778 1893 3012 1961 apostoli
3051 1893 3198 1947 Pauli
3227 1892 3819 1960 discipuli,Viennensis

594 1993 725 2048 pora
749 1995 1116 2050 perseverans,
1145 1987 1283 2034 totas
1313 1979 1452 2035 Asia:
1484 1978 1725 2033 fundavit
1781 1982 2027 2049 rexitque
2058 1981 2170 2035 Ec-

594 2072 809 2141 clesias,
842 2080 896 2127 et
943 2072 1216 2127 confectus
1243 2073 1393 2127 senio
1424 2071 1758 2141 sexagesimo
1807 2082 1997 2127 octavo
2039 2082 2165 2142 post

599 2164 901 2232 passionem
929 2163 1139 2218 Domini
1171 2163 1353 2231 annoT,
1383 2164 1556 2218 aetatis
1585 2173 1764 2217 autem
1796 2177 1905 2217 suae
1938 2176 2171 2232 nonage-

592 2255 731 2309 simo
758 2271 897 2309 nono
926 2263 1187 2320 mortuus,
1226 2257 1373 2323 juxta
1404 2254 1645 2310 eamdem
1672 2256 1853 2310 urbem
1878 2264 1961 2309 est
1990 2254 2167 2322 sepul-

592 2353 694 2400 tus.
728 2344 911 2400 Romae
944 2345 1176 2416 Dionysii
1208 2360 1361 2415 papae
1386 2384 1401 2409 ,
1447 2345 1534 2415 qui
1566 2345 1707 2399 sedit
1760 2344 1814 2399 in
1858 2345 2170 2414 episc0patu

2276 1983 2530 2037 Ecclesiae
2578 1984 2731 2051 primi
2763 1983 3021 2037 doctoris.
3077 1984 3132 2037 lu
3182 1984 3356 2037 Africa
3396 1984 3567 2037 natale
3598 1983 3822 2047 Domini,

2276 2075 2523 2137 Victoris,
2561 2074 2837 2136 Primiani,
2870 2073 3063 2144 Lybosi
3094 2073 3349 2143 episcopi.
3403 2074 3579 2126 lloma:
3608 2072 3826 2138 Callisu,

2280 2165 2474 2222 Felicis
2503 2176 2555 2220 et
2586 2165 2842 2219 Bonifacii
2896 2165 3130 2234 episcOpi
3176 2167 3229 2219 in
3261 2167 3565 2221 cmmeterio
3608 2165 3827 2219 Callisti.

2280 2256 2480 2309 Eodem
2506 2256 2592 2310 die
2632 2255 2802 2309 sancti
2833 2255 3051 2310 Thema:
3089 2256 3471 2325 archiepiscolii
3498 2266 3552 2310 et
3579 2256 3825 2326 martyris

2276 2347 2700 2402 Cantuariensis.

1850 2459 2078 2513 EDITlO
2118 2460 2620 2516 BOLLANDIANA.

665 2559 724 2611 Β.
847 2555 939 2635 V.A
960 2555 1142 2609 Rosz
1186 2555 1263 2635 S._
1294 2562 1318 2588 ⁸
1344 2553 1601 2635 "Dionysii
1622 2554 1902 2635 episcopi.
1934 2554 2023 2635 T.,
2068 2556 2173 2635 Eo-

593 2628 715 2683 dem
767 2627 854 2680 die
906 2626 1085 2680 Romae
1128 2626 1303 2693 passio
1343 2625 1400 2680 S.
1438 2626 1466 2665 ι)
1510 2625 1714 2680 Marini.
1759 2625 1843 2691 Β.,
1876 2626 2172 2681 Antiochiae

588 2695 784 2753 Juliani
810 2706 862 2751 et
886 2696 1160 2749 Marciani.

658 2787 751 2842 27.
801 2817 869 2830 -—
920 2787 985 2841 Vl
1036 2785 1168 2841 Kac.
1217 2786 1416 2841 Natalis
1465 2786 1524 2841 S.
1579 2784 1798 2841 Joannis
1846 2786 2070 2855 apostoli
2121 2796 2174 2841 et

592 2876 953 2946 evangelista,
983 2875 1163 2929 dilecti
1198 2874 1425 2930 Domini.

664 2968 856 3023 Florus
907 2968 959 3021 in
1009 2966 1075 3021 A.
1118 2966 1184 3020 Τ.
1234 2966 1295 3019 L.
1345 2964 1618 3033 prazmittit
1667 2982 1682 3019 :
1735 2963 1792 3018 In
1840 2964 2071 3033 Epheso,
2119 2975 2173 3019 et

592 3057 786 3114 deinde
813 3058 1085 3127 subjungit
1113 3076 1124 3110 :
1153 3058 1321 3125 Quem
1351 3056 1609 3112 Dominus
1653 3074 1757 3112 non
1802 3072 1913 3126 prae
1961 3059 2167 3113 cazteris

587 3152 784 3217 solum,
818 3150 913 3205 sed
946 3159 997 3205 et
1028 3165 1137 3218 pra:
1168 3148 1378 3205 caeteris
1406 3150 1716 3205 familiarius
1758 3166 1918 3205 unum
1961 3150 2163 3204 dilexit.

589 3244 687 3301 llic
713 3260 873 3313 supra
905 3254 1089 3314 pectus
1118 3244 1328 3298 Domini
1373 3244 1427 3298 in
1456 3257 1605 3299 caena
1637 3244 1910 3308 recubuit;
1939 3242 2023 3297 cui
2069 3258 2165 3310 po-

586 3344 703 3391 stea
734 3336 935 3391 levatus
977 3335 1031 3389 in
1061 3350 1220 3390 cruce
1249 3346 1471 3389 matrem
1509 3333 1775 3404 Virginem
1803 3334 1991 3403 virgini
2021 3348 2164 3388 com-

590 3427 879 3483 mendavit.
912 3428 1211 3498 (fluensque
1252 3428 1340 3494 A.)
1367 3427 1461 3481 Hic
1500 3426 1638 3480 inter
1667 3435 1891 3495 quatuor
1919 3426 2163 3481 animalia

591 3521 783 3591 aquilae
812 3527 1174 3589 comparatus,
1201 3520 1268 3574 de
1300 3518 1574 3573 divinitate
1600 3518 1791 3572 Christi
1820 3527 1871 3571 et
1899 3518 2163 3585 limpidins

590 3622 700 3677 prae
729 3609 931 3665 cunctis
958 3610 1256 3678 conspexit,
1283 3618 1337 3663 et
1365 3607 1419 3663 in
1454 3609 1722 3679 Evangelii
1767 3609 1848 3663 sui
1895 3609 2165 3678 principiis

584 3701 868 3756 scribendo
898 3700 1236 3755 contradidit.

658 3792 724 3847 Τ.
758 3792 816 3846 L.
850 3792 933 3855 Β.,
968 3793 1161 3845 Εοᾶοτη
1214 3792 1299 3845 die
1333 3802 1352 3830 ε
1388 3792 1652 3845 ordinatio
1703 3792 2058 3857 episcopatus.
2107 3791 2161 3845 S.

586 3862 792 3927 Jacobi,
831 3863 1007 3916 fratris
1057 3862 1282 3926 Domini,
1329 3861 1416 3930 qui
1457 3862 1522 3914 ab
1564 3862 1816 3930 apostolis
1846 3862 2047 3930 primus
2093 3877 2157 3916 ex

2277 2557 2472 2613 Judmis
2516 2558 2842 2628 Jerosolyma
2888 2568 2968 2612 est
3014 2554 3284 2613 ordinatus
3328 2561 3619 2628 episcopus.
3653 2561 3732 2625 Β..
3767 2562 3830 2617 Et

2278 2629 2455 2699 medio
2506 2630 2705 2682 Pascha
2753 2629 3007 2699 marlytio
3033 2640 3334 2683 coronatus.
3368 2631 3427 2683 V.
3457 2630 3541 2695 C.,
3572 2633 3631 2684 Et
3661 2631 3718 2687 S.
3750 2633 3833 2687 Ja-

2277 2700 2393 2753 cobi
2428 2698 2602 2752 fratris
2632 2700 2857 2752 Domini.

2347 2787 2440 2842 28.
2471 2817 2539 2828 —
2569 2788 2606 2842 ν
2640 2787 2773 2843 Kac.
2803 2788 2998 2843 Natalis
3028 2797 3330 2845 sanctorum
3367 2803 3650 2864 martyrum
3680 2793 3833 2847 lano.

2272 2879 2527 2932 centium.

2345 2970 2534 3025 Florus
2562 2972 2612 3025 in
2643 2974 2707 3026 A.
2736 2971 2798 3025 Τ.
2830 2971 2889 3025 L.
2924 2972 3066 3025 addit
3104 2991 3116 3025 :
3150 2970 3245 3038 Qui
3290 2973 3641 3028 testimonium
3681 2972 3832 3026 Chri-

2274 3070 2357 3117 sto
2386 3076 2488 3115 non
2518 3062 2785 3130 loquendo
2811 3063 2900 3116 sed
2934 3062 3207 3117 moriendo
3236 3064 3589 3133 perbibentes,
3618 3065 3839 3124 Herodis

2275 3150 2541 3219 impietate
2568 3151 2706 3205 felici
2737 3166 2865 3205 nece
2890 3152 3187 3221 consumpti
3211 3160 3351 3206 sunt.

2273 3311 2311 3367 ϐ
2342 3241 2435 3364 γι..
2464 3243 2650 3324 Natale
2678 3242 2701 3279 ἀ
2736 3243 2940 3313 Eutycii
2970 3244 3281 3313 presbyteri,
3307 3244 3585 3299 Domitiani
3605 3245 3835 3311 diaconi,

2317 3328 2373 3366 as
2402 3328 2522 3365 orn.

2317 3324 2522 3366 38101⁵11.

2339 3420 2429 3477 29.
2464 3451 2531 3463 -ι
2558 3421 2621 3475 IV
2653 3422 2784 3477 Kac.
2824 3421 2985 3476 Vacat
3010 3421 3183 3476 Baeda.

2342 3513 2427 3576 D.,
2478 3512 2639 3565 David
2687 3513 2845 3579 regis.
2892 3512 3041 3580 Apud
3089 3512 3352 3565 Arelatem
3396 3512 3453 3565 S.
3504 3517 3524 3543 ε’
3560 3512 3833 3578 Trephimi

2272 3583 2508 3652 episcopi
2539 3595 2587 3635 et
2621 3582 2963 3652 confessoris,
3002 3582 3243 3648 discipuli
3291 3584 3641 3647 apostolorum
3694 3585 3835 3636 Petri

2270 3649 2325 3706 et
2350 3653 2513 3705 Pauli.
2553 3652 2613 3704 V.
2643 3652 2726 3715 (1.,
2762 3652 2815 3704 lu
2845 3649 3017 3705 Africa
3066 3652 3372 3715 (Irescentii,
3428 3652 3698 3713 Primiani,
3735 3654 3834 3707 Se-

2272 3724 2450 3784 cundi,
2495 3722 2785 3785 Saturnini,
2835 3720 3106 3773 Honorati.
3138 3721 3315 3773 Romae
3360 3719 3544 3773 Felicis
3585 3730 3636 3774 et
3677 3724 3835 3775 Boni-

2274 3793 2390 3845 facii
2440 3793 2695 3858 episcopi,
2742 3792 2829 3859 qui
2881 3791 3095 3842 ultimus
3119 3791 3275 3842 etiam
3302 3799 3383 3842 est
3410 3791 3575 3856 primo
3614 3792 3727 3844 loco
3778 3794 3831 3845 in

2273 3864 2340 3916 A.
2371 3862 2437 3915 Τ.
2479 3864 2541 3916 L.
2578 3862 2631 3914 ltt
2666 3862 2839 3915 Africa
2886 3860 2982 3915 SS.
3016 3860 3248 3923 Domitii,
3296 3860 3513 3924 Victuri,
3559 3860 3830 3926 Primiani,

1973 3972 2181 4028 Sill'l‘ll
2221 3973 2451 4029 NOTAE.

663 4066 689 4095 ⁸
720 4064 974 4136 Dionysii.
1028 4062 1309 4136 llic‘juxla
1338 4063 1642 4136 Chronicon
1682 4058 1887 4136 Damasi
1921 4063 2155 4136 pontifex

579 4133 750 4190 factus
796 4132 875 4189 est
919 4150 1057 4189 anno
1103 4134 1230 4197 259,
1284 4135 1531 4201 insignito
1580 4132 1866 4187 Aimitiano
1903 4144 1955 4187 et
1998 4135 2159 4187 Basso

578 4206 908 4271 consulibus,
938 4216 991 4259 et
1037 4206 1302 4258 hominem
1342 4204 1486 4257 exuit
1515 4218 1653 4256 anno
1679 4203 1808 4266 269,
1854 4202 2058 4256 Claudii
2106 4212 2160 4257 et

582 4274 793 4329 Paterni
824 4276 1100 4329 consulatu
1133 4284 1331 4326 notato.
1365 4274 1587 4337 Quidam
1630 4272 1695 4327 de
1740 4273 1842 4325 hoc
1870 4282 2030 4340 agunt
2064 4289 2157 4340 po-

580 4346 812 4408 stridie;
859 4344 953 4398 sed
1006 4344 1217 4411 quando
1269 4344 1555 4409 scriptores
1605 4343 1658 4396 in
1715 4349 1886 4395 morte
1937 4343 2159 4410 alicujus

582 4414 848 4480 pontificis
879 4428 984 4466 uno
1016 4416 1186 4465 solum
1232 4412 1319 4465 die
1361 4413 1496 4480 inter
1522 4427 1580 4466 se
1619 4412 1897 4471 dissident,
1932 4414 2067 4465 alter
2094 4414 2160 4466 de

580 4479 669 4537 die
696 4484 935 4543 obitnali,
964 4484 1100 4535 alter
1128 4482 1193 4535 de
1221 4483 1305 4535 die
1335 4479 1620 4547 sepulturae
1649 4492 1732 4534 est
1765 4482 2157 4548 intelligendus.

581 4553 637 4623 ln
671 4553 1046 4623 Martyrologio
1075 4551 1488 4623 llicronymiano
1516 4550 1756 4623 addiem
1792 4551 1855 4601 14
1886 4551 2157 4623 Septemb.

581 4622 777 4690 legitur
809 4621 841 4677 ἐ
900 4643 917 4677 ι
956 4621 1227 4691 Depositio
1273 4621 1328 4675 S.
1389 4621 1621 4690 Dionysii
1669 4621 1922 4689 episcopi.
1980 4640 1998 4673 ›
2055 4624 2158 4676 Sed

579 4703 791 4747 constat
819 4695 904 4747 hic
934 4710 1037 4747 non
1062 4693 1199 4745 diem
1231 4692 1601 4753 emortualem,
1634 4693 1725 4745 sed
1760 4691 2157 4747 translationem

581 4764 662 4816 vel
694 4763 1046 4818 elevationem
1077 4764 1362 4830 quamdam
1395 4762 1587 4815 notari.

649 4833 678 4873 δ
731 4833 941 4887 Marini.
993 4831 1208 4886 Ordinis
1253 4833 1525 4896 senatorii,
1562 4830 1652 4899 qui
1703 4831 1801 4885 sub
1838 4831 2158 4886 Numeriano

576 4903 922 4969 imperatore,
947 4912 1001 4957 et
1026 4904 1287 4957 Marciano
1312 4902 1581 4970 przefecto,
1606 4901 1917 4955 Cilt'islialla:
1949 4904 2159 4970 religio-

575 4974 662 5027 nis
691 4986 849 5027 causa
880 4973 1320 5042 comprehensus,
1364 4973 1588 5042 equoleo
1633 4980 1685 5024 et
1733 4973 1941 5040 ungulis
1980 4973 2155 5025 servili

580 5057 732 5097 more
762 5041 1081 5111 punitus,'in
1118 5044 1437 5112 sartaginem
1485 5041 1677 5112 deinde
1722 5043 2014 5109 conjectus,
2063 5043 2157 5096 sed

579 5113 701 5181 igne
731 5112 783 5166 in
816 5129 991 5168 rorem
1025 5111 1287 5166 converso
1321 5112 1592 5181 liberatus,
1629 5111 1750 5164 feris
1786 5126 1999 5181 quoque
2024 5127 2155 5165 con-

576 5182 771 5251 jectus,
803 5193 856 5237 et
886 5183 952 5237 ab
998 5184 1100 5236 illis
1129 5191 1370 5234 servatus
1415 5180 1632 5244 illaesos,
1676 5180 1886 5251 tandem
1916 5183 1979 5234 ad
2010 5195 2154 5234 aram

573 5250 763 5307 iterum
792 5253 1000 5313 ductus.
1033 5253 1157 5306 dum
1204 5251 1337 5303 idola
1369 5251 1609 5302 oratione
1639 5250 1755 5317 ejus
1799 5251 2147 5316 corruissent,

575 5337 863 5447 l[‘t‘ercussus
905 5323 1080 5393 gladio
1127 5322 1439 5391 martyrium
1490 5321 1712 5389 adeptus
1760 5332 1858 5374 est.
1894 5321 2056 5375 Pera.
2091 5338 2155 5376 es

623 5409 779 5447 ATAL.

623 5409 779 5447 ATAL.

650 5466 673 5494 ε
708 5462 1000 5517 Ordinatio.
1044 5461 1299 5517 Ecclesiae
1326 5459 1673 5529 Jerosolymis
1704 5461 2004 5513 constituta
2044 5462 2155 5528 epi-

580 5545 771 5597 scopus
797 5572 811 5596 ,
845 5534 1015 5598 inquit
1048 5532 1304 5586 Eusebius
1334 5532 1386 5584 in
1415 5530 1679 5583 Chronico
1700 5568 1715 5593 ,
1747 5531 1977 5583 Jacobus
2008 5533 2151 5583 ordi-

583 5612 735 5653 natus
762 5611 870 5662 est;
904 5603 1081 5669 utique
1108 5601 1293 5654 eodem
1324 5616 1427 5669 qtto
1456 5599 1698 5653 Christus
1728 5602 2008 5654 cruciﬁxus
2034 5600 2150 5664 fuit,

582 5672 870 5738 resurrexit
910 5681 964 5723 et
1008 5674 1058 5725 in
1090 5671 1281 5724 coelum
1308 5672 1549 5723 ascendit
1573 5685 1735 5733 anno,
1764 5672 1851 5738 qui
1898 5671 1991 5722 fuit
2019 5672 2151 5723 dno-

581 5738 674 5793 bus
712 5737 946 5794 Geminis
993 5742 1293 5796 consulibus
1342 5752 1566 5801 notatus,
1610 5751 1656 5793 ct
1702 5737 1980 5808 respondet
2014 5756 2152 5795 anno

2188 4453 2237 4513 D

2266 4063 2501 4133 vulgaris
2550 4078 2671 4117 terre
2713 4063 2800 4119 29.
2858 4064 2968 4118 lloc
2996 4065 3154 4118 etiam
3186 4064 3525 4117 confirmatur
3551 4079 3613 4118 ex
3648 4063 3838 4118 "iero-

2267 4149 2443 4203 nymo,
2478 4136 2563 4199 qui
2596 4135 2646 4187 in
2673 4134 2811 4189 libro
2849 4135 2914 4187 de
2945 4133 3303 4204 Scriptoribus
3331 4133 3701 4188 ecclesiasticis
3726 4138 3840 4187 elo-

2264 4208 2406 4271 giu‘tn
2454 4204 2638 4258 Jacobi
2685 4206 2955 4259 concludit
2986 4205 3066 4257 itis
3097 4204 3269 4258 verbis
3302 4222 3314 4255 :
3348 4222 3367 4255 ι
3405 4204 3633 4269 Triginta
3682 4206 3839 4258 annis

2267 4274 2616 4342 Jerosolymis
2669 4276 2806 4328 rexit
2850 4275 3157 4339 Ecclesiam,
3194 4290 3358 4342 usque
3397 4274 3459 4327 ad
3490 4273 3709 4326 Neronis
3736 4290 3838 4326 an-

2266 4359 2389 4397 num
2432 4345 2486 4407 7,
2522 4363 2539 4395 ι
2594 4345 2681 4411 qui
2728 4346 2910 4411 utique
2958 4353 3038 4397 est
3076 4358 3242 4396 annus
3293 4344 3358 4398 66
3397 4360 3531 4396 θυαε.
3563 4344 3839 4397 Ordinatio

2269 4424 2443 4468 autem
2475 4414 2591 4484 ejus
2624 4417 2777 4468 hotlie
2799 4414 3113 4468 celebratur.
3143 4416 3314 4482 Atque
3338 4416 3438 4466 huc
3465 4423 3666 4480 spectat
3694 4416 3837 4481 quod

2270 4484 2528 4538 Eusebius
2579 4487 2733 4540 habet
2784 4486 2914 4539 llist.
2966 4485 3107 4537 Eccl.
3142 4499 3231 4543 vn,
3269 4485 3375 4540 l9:
3415 4503 3431 4534 ι
3470 4484 3649 4535 Jacobi
3698 4483 3837 4537 iilius

2266 4556 2735 4608 catlicdram.......
2768 4556 2832 4607 ad
2875 4564 3054 4607 nostra
3088 4569 3251 4623 usque
3283 4564 3513 4621 tempora
3545 4567 3837 4606 conserva-

2267 4632 2369 4676 tam
2401 4628 2588 4678 fratres
2620 4626 2756 4679 illius
2783 4626 3031 4678 Eccleize
3058 4624 3165 4691 jam
3197 4624 3317 4677 inde
3344 4639 3371 4675 a
3404 4623 3686 4685 majoribus
3716 4639 3835 4675 ma-

2262 4710 2362 4758 gna
2414 4707 2806 4763 prosequuntur
2854 4696 3166 4748 reverentia.
3207 4712 3224 4743 ι
3280 4694 3404 4760 Ιςῇιιε
3450 4693 3632 4744 natalis
3680 4695 3705 4746 l
3743 4694 3840 4747 die

2262 4764 2378 4817 Maii
2409 4762 2730 4819 celebratur.
2766 4766 2999 4819 Ecclesia
3032 4764 3437 4817 Mediolanensis
3485 4763 3635 4827 hujus
3687 4762 3838 4816 ordi-

2264 4837 2533 4904 nationem
2580 4836 2815 4889 celebrat
2843 4844 3034 4904 qnarto
3075 4832 3192 4886 Kal.
3224 4832 3475 4887 Januarii.
3508 4832 3838 4897 Fumantes,

2262 4903 2314 4957 in
2344 4904 2512 4959 Catal.
2546 4906 2680 4958 Gen.

2332 4974 2615 5044 “AEtitycii.
2664 4974 2725 5028 lli
2776 4977 3001 5044 Ancyrte
3046 4974 3095 5027 in
3128 4973 3328 5027 Galatia
3361 4971 3497 5041 passi
3526 4979 3680 5035 sunt;
3728 4969 3836 5025 Ca-

2259 5036 2453 5097 stoiins
2484 5036 2605 5097 vero
2638 5046 2687 5097 in
2720 5036 2920 5098 Africa'.
2950 5044 3195 5109 iilEnt)N.,
3232 5036 3378 5096 Marti

2335 5116 2358 5142 "
2404 5113 2687 5183 Trophimi.
2736 5114 3022 5183 Gregorius
3074 5114 3432 5183 Turonensis,
3480 5127 3526 5173 ι,
3580 5110 3673 5183 28,
3718 5111 3835 5162 vult

2259 5183 2608 5249 TrOphimum
2640 5200 2667 5236 a
2700 5185 2948 5251 pontilice
2978 5182 3217 5236 Romano
3260 5182 3563 5248 episcopum
3609 5182 3828 5251 factum,

2258 5264 2314 5308 et
2365 5253 2521 5307 Decio
2571 5269 2632 5308 ac
2686 5249 2847 5306 Grato
2896 5255 3239 5317 consulibus,
3289 5266 3427 5304 anno
3475 5265 3661 5315 nempe
3696 5249 3827 5313 350,

2257 5324 2525 5377 Arelatem
2582 5324 2844 5385 missum,
2904 5323 3126 5391 primum
3185 5324 3298 5389 ejus
3348 5320 3487 5375 sedis
3537 5320 3828 5372 antistitem

2260 5393 2456 5456 fuisse;
2489 5394 2580 5447 sed
2608 5395 2693 5447 illa
2727 5394 2827 5446 alia
2857 5391 3067 5446 traditio
3093 5393 3260 5445 multo
3291 5402 3369 5444 est
3396 5391 3678 5451 celebrior,
3709 5404 3834 5457 quc

2257 5463 2605 5531 'J‘rophimum
2631 5462 2990 5531 apostolorum
3020 5473 3173 5517 aetate
3206 5463 3366 5514 ltoma
3408 5460 3667 5513 Arelatem
3699 5462 3832 5511 mis-

2257 5530 2377 5585 sum
2403 5535 2576 5595 docet,
2609 5530 2977 5586 etfauctoritas
3006 5531 3249 5599 Gregorii
3280 5531 3477 5584 'l‘uron.
3508 5545 3571 5584 ex
3604 5530 3825 5594 epistola

2258 5605 2308 5653 in
2357 5602 2606 5668 operibus
2653 5603 2899 5671 Cypriani
2950 5604 3016 5656 de
3063 5602 3322 5656 Marciano
3366 5602 3451 5671 qui
3501 5601 3598 5671 sub
3646 5601 3824 5655 Decio,

2258 5670 2485 5749 Gaitoet
2523 5670 2818 5741 Valeriano,
2849 5673 3125 5743 episcopus
3166 5670 3483 5727 Arelatensis
3524 5670 3639 5733 fuit,
3674 5671 3824 5737 plane

2255 5751 2525 5797 evertitur.
