4110 6462
354 341 485 397 illi;

1461 342 1653 397 SECT.
1705 344 1767 398 ll.
1806 374 1876 386 -—
1917 344 2470 400 .‘dAllTYROLOGlA.

3448 354 3580 407 1146

1618 458 1842 513 EDITIO
1881 461 2345 517 COLONIENSIS.

414 548 478 603 G.
515 546 578 604 lll
603 545 736 602 ΚΑΙ..
770 545 888 601 Jan.
929 574 998 586 —
1042 546 1190 612 Apud
1223 545 1495 613 Spoletum
1529 549 1706 613 passio
1734 550 1901 603 sancti
1936 561 1984 619 Α
2009 552 2247 606 custodia
2274 558 2449 617 erant,
2482 553 2742 607 miserunt
2770 568 2826 609 se
2875 555 2939 608 ad
2993 556 3154 623 pedes
3182 556 3297 625 ejus
3318 600 3331 624 ,
3361 572 3580 613 numero

344 642 522 696 Sabini
577 642 835 709 episcopi,
887 640 1228 709 Exnperantii
1279 651 1333 695 et
1379 644 1611 697 Marcelli
1660 643 1913 698 diacono-

345 748 483 795 rum,
525 741 575 786 et
607 731 910 785 Venustiani
941 747 1059 787 cum
1092 748 1253 787 uxore
1295 749 1357 789 ac
1406 734 1547 796 liliis,
1601 736 1699 789 sub
1741 735 1912 789 Maxi-

345 828 522 883 miano
555 827 809 896 Augusto.
864 829 963 893 Qui
1012 828 1201 882 beatus
1237 828 1466 883 Sabinus
1509 843 1630 883 cum
1676 840 1817 883 esset
1858 830 1910 883 in

345 919 591 974 omnibus
615 919 809 973 divinis
851 918 1284 973 instructionibus
1312 919 1486 973 clarus
1510 959 1526 982 ,
1561 928 1735 973 tentus
1763 926 1845 973 est
1882 934 1910 972 a

345 1010 576 1077 praeside
607 1010 811 1064 Tusciae
843 1010 1181 1075 Venustiano,
1209 1024 1326 1062 cum
1360 1009 1570 1063 duobus
1597 1009 1913 1063 diaconibus

351 1102 711 1171 Exuperantio
735 1109 790 1156 et
817 1101 1086 1167 Marcello,
1113 1110 1167 1155 et
1195 1101 1373 1155 multis
1413 1101 1645 1155 clericis.
1671 1099 1769 1155 Cui
1805 1101 1907 1153 Ve.

354 1194 630 1247 nustianns
658 1194 816 1247 deum
845 1193 1027 1246 Jovem
1058 1206 1233 1255 suum,
1265 1205 1420 1260 quem
1455 1190 1683 1245 habebat
1716 1190 1766 1244 in
1809 1205 1904 1243 cu-

346 1285 524 1340 biculo
552 1300 614 1338 ex
651 1285 824 1352 lapide
851 1286 987 1337 mire
1038 1284 1338 1346 lormatum,
1371 1281 1701 1336 vestimentis
1730 1280 1913 1334 aureis

344 1378 409 1431 ad
440 1377 764 1431 adorandum
792 1376 1000 1430 obtulit.
1035 1376 1201 1442 Quem
1240 1374 1428 1429 beatus
1455 1375 1688 1428 Sabinus
1716 1372 1767 1426 in
1802 1387 1913 1425 ma-

346 1468 498 1522 nibus
520 1476 814 1536 acceptum,
858 1468 993 1522 facta
1023 1467 1268 1521 oratione
1296 1464 1549 1518 continuo
1574 1464 1715 1518 elisit
1744 1463 1795 1516 in
1824 1477 1915 1531 pa-

343 1559 596 1622 vimento,
629 1569 682 1612 et
710 1559 992 1626 confregit.
1025 1556 1173 1623 Quod
1206 1555 1401 1608 factum
1425 1554 1609 1607 videns
1634 1552 1919 1607 Venustia-

344 1663 466 1710 nus,
512 1661 633 1701 cum
668 1644 844 1701 furore
886 1647 1042 1715 jussit
1071 1657 1128 1699 ut
1161 1644 1571 1712 praeciderentur
1606 1643 1655 1698 ci
1699 1657 1907 1709 manus,

342 1746 399 1792 et
443 1737 493 1791 in
542 1747 823 1806 conspectu
872 1737 986 1804 ejus
1034 1734 1336 1789 Marcellum
1388 1741 1443 1786 et
1486 1733 1907 1799 Exuperantiun

342 1827 567 1895 equuleo
594 1826 862 1895 suspendi,
887 1840 948 1879 ac
975 1825 1195 1879 lusnbus
1217 1823 1369 1890 c.rdi,
1402 1834 1454 1878 et
1502 1824 1766 1891 unguibus
1799 1825 1913 1879 radi

2012 643 2277 706 undecim,
2331 652 2384 696 ct
2426 643 2674 711 baptizati
2722 656 2868 699 sunt.
2917 646 3070 711 Quod
3111 662 3230 700 cum
3284 649 3579 703 nuntiatum

2011 743 2152 787 esset
2186 732 2510 787 Venustiano
2556 736 2791 802 praesidi,
2825 736 3164 790 indoluerant
3192 736 3333 792 oculi
3362 739 3494 807 ejus,
3527 749 3583 793 et

2014 841 2122 894 pra:
2151 826 2335 880 dolore
2364 841 2536 893 neque
2563 828 2760 890 cibum,
2795 844 2964 897 neque
2995 838 3200 897 potum,
3238 844 3409 898 neque
3433 844 3581 883 som-

2012 931 2136 971 num
2161 931 2353 985 capere
2383 926 2605 986 poterat,
2640 918 2888 987 misitque
2917 935 3140 973 uxoretn
3166 936 3337 987 suam,
3368 931 3423 975 et
3446 922 3582 976 duos

2014 1008 2171 1073 ﬁlios,
2203 1019 2261 1063 ut
2309 1011 2633 1066 adducerent
2681 1014 2895 1066 beatum
2945 1015 3200 1070 Sabinum
3255 1017 3319 1070 ad
3364 1017 3580 1070 domum

2013 1101 2126 1167 ejns
2153 1101 2220 1155 de
2249 1116 2482 1157 carcere.
2530 1102 2808 1156 Adductus
2853 1104 3033 1171 itaque
3085 1106 3373 1172 prostravit
3409 1122 3467 1159 se
3516 1106 3582 1161 ad

2016 1191 2178 1258 pedes
2219 1192 2334 1260 ejus
2382 1192 2733 1246 Venustianus
2764 1208 2883 1247 cum
2934 1193 3081 1257 ﬂetu,
3114 1210 3351 1257 uxorque
3386 1210 3451 1249 ac
3491 1194 3585 1252 ﬁlii

2013 1292 2230 1349 agentes
2257 1282 2620 1347 paenitentiam
2648 1322 2662 1345 ,
2697 1286 2748 1336 et
2787 1293 3034 1351 rogantes
3072 1299 3131 1339 se
3158 1286 3433 1353 baptizari.
3466 1286 3583 1339 Mox

2015 1372 2309 1440 baptizatus
2353 1382 2409 1426 ut
2439 1374 2505 1428 de
2532 1374 2668 1441 pelvi
2720 1374 2924 1428 levatus
2962 1383 3065 1441 est,
3111 1376 3310 1430 nullum
3343 1377 3582 1430 dolorem

2014 1464 2181 1519 sensit
2209 1465 2484 1521 oculorum
2533 1484 2546 1519 :
2605 1468 2900 1521 nuntiatum
2932 1476 3017 1522 est
3052 1476 3226 1523 autem
3273 1469 3373 1522 boc
3416 1468 3585 1522 Maxi-

2016 1557 2228 1620 miano,
2278 1558 2365 1625 qui
2416 1558 2580 1611 iratus
2630 1560 2882 1627 praecepit
2933 1560 3184 1616 Sabinum
3228 1558 3492 1624 damnari,
3531 1570 3586 1615 et

2016 1647 2189 1712 ipsum
2226 1646 2608 1701 Venustiannm
2639 1650 2810 1716 capite
2857 1652 3114 1704 truncari.
3145 1650 3376 1705 Venit-ns
3411 1660 3585 1705 autem

2018 1737 2212 1791 Lucius
2252 1739 2518 1802 tribunus,
2566 1738 2683 1792 sine
2729 1739 3002 1795 auditione
3050 1740 3261 1794 beatum
3312 1740 3588 1795 Venustia-

2018 1842 2144 1880 num
2172 1843 2290 1882 cum
2321 1843 2488 1882 uxore
2516 1838 2568 1883 et
2598 1829 2715 1883 liliis
2742 1830 2969 1895 necavit,
2995 1831 3044 1884 in
3072 1830 3286 1885 civitate
3314 1831 3589 1897 Assisina;

344 1918 508 1972 latera
563 1933 773 1981 eorum,
805 1918 976 1985 ignem
1019 1916 1179 1970 etiam
1211 1916 1456 1984 supponi.
1507 1917 1619 1971 Hoc
1658 1916 1800 1971 facto
1853 1918 1905 1972 in
1948 1902 1992 1961 Β
2021 1918 2273 1971 Sabinum
2307 1934 2430 1971 vero
2460 1921 2771 1987 episcopum
2801 1920 3020 1974 adduxit
3057 1920 3109 1973 in
3130 1921 3417 1975 ._civitatem
3457 1921 3589 1989 Spo-

341 2004 675 2059 conlessione
727 2005 934 2058 Domini
988 2003 1229 2071 spiritum
1281 2004 1591 2058 emiserunt.
1649 2004 1905 2061 Sabinum

340 2110 467 2149 vero
500 2096 800 2164 episcopum
838 2096 991 2163 jussit
1031 2095 1225 2149 retrudi
1258 2094 1309 2148 in
1337 2110 1632 2151 carcerem.
1672 2097 1909 2153 Audien-

343 2195 424 2240 tes
449 2194 626 2240 autem
664 2186 877 2253 quidam
910 2185 1143 2253 piscator
1166 2194 1217 2238 et
1246 2186 1546 2254 presbyter,
1580 2187 1913 2255 collegerunt

340 2290 565 2342 corpora
594 2284 899 2329 sanctorum
919 2314 936 2341 ,
966 2286 1017 2329 et
1049 2275 1540 2343 sepelieruntjuxta
1570 2275 1707 2329 viam
1744 2276 1912 2342 pridie

340 2364 603 2421 Kalendas
652 2366 909 2421 Januarii.
968 2366 1164 2419 Serena
1213 2380 1342 2418 vero
1398 2364 1693 2418 Christiana
1755 2366 1910 2419 vidua

339 2470 517 2510 curam
549 2456 748 2509 habens
774 2454 940 2508 sancti
967 2453 1146 2508 Sabini
1179 2454 1439 2522 episcopi,
1468 2454 1689 2507 adduxit
1718 2452 1771 2507 in
1793 2468 1911 2508 car-

339 2557 515 2597 cerem
557 2554 802 2611 nepotem
847 2557 999 2596 suum
1049 2542 1373 2595 Priscianum
1402 2581 1416 2606 ,
1450 2543 1541 2610 qui
1572 2551 1688 2595 erat
1718 2556 1909 2595 caecus.

338 2633 484 2689 Tunc
510 2643 724 2687 sanctus
770 2633 997 2688 Sabinus
1042 2642 1254 2687 truncas
1296 2647 1483 2687 manus
1528 2648 1687 2701 super
1730 2634 1911 2687 oculos

335 2724 452 2795 ejus
480 2725 671 2795 posuit,
723 2735 773 2779 et
803 2724 1138 2780 illuminavit.
1190 2723 1443 2780 Videntes
1498 2733 1673 2779 autem
1714 2726 1805 2793 qui
1856 2724 1909 2779 in

2014 2009 2197 2072 letum,
2264 2018 2315 2063 et
2364 2009 2542 2062 tandiu
2595 2010 2847 2078 praacepit
2899 2011 3050 2072 0.01“,
3102 2010 3272 2065 donec
3316 2011 3587 2066 deficeret.

2014 2097 2175 2165 Cujus
2206 2112 2400 2166 corpus
2426 2097 2639 2166 collegit
2663 2099 2986 2154 venerabilis
3016 2099 3237 2163 Serena,
3262 2115 3379 2169 quas
3400 2115 3587 2154 manus

2015 2186 2129 2256 ejus
2182 2187 2233 2241 in
2277 2187 2422 2241 dolio
2452 2188 2620 2242 vitreo
2664 2203 2784 2242 cum
2824 2189 3152 2243 aromatibus
3180 2190 3506 2256 condiverat,
3538 2199 3589 2243 et

2017 2278 2150 2331 infra
2177 2277 2393 2332 domum
2420 2292 2573 2332 suam
2602 2289 2869 2346 posuerat,
2914 2279 3258 2348 scpelivitque
3288 2295 3411 2333 eum
3454 2295 3482 2331 a
3514 2280 3588 2333 ci-

2019 2369 2182 2423 vitate
2225 2369 2508 2437 Spolctana
2541 2371 2789 2425 milliario
2834 2373 2949 2439 plus
2980 2372 3155 2425 minus
3185 2388 3310 2435 uno,
3353 2372 3452 2426 sub
3495 2373 3585 2427 die

2019 2458 2243 2527 septimo
2278 2458 2394 2512 ldus
2442 2459 2772 2514 Decembris.
2822 2460 3103 2515 Festivitas
3156 2468 3330 2515 tamen
3378 2460 3492 2529 ejus
3535 2470 3587 2514 et

2018 2562 2176 2614 supra
2205 2549 2596 2602 nominatorum
2652 2558 2965 2615 martvrum,
3002 2549 3157 2604 tertio
3205 2548 3468 2604 Kalendas
3495 2548 3586 2603 Ja-

2021 2640 2188 2692 nuarii
2213 2641 2392 2707 agitur.

1608 2819 1839 2872 EDlTlU
1882 2817 2311 2873 llOLLANDIAN
2328 2821 2392 2873 Α.

341 2910 616 2975 Honorati,
647 2910 845 2976 Saturi,
876 2912 1082 2966 Felicis.
1116 2910 1201 2973 L.,
1232 2914 1298 2966 Et
1328 2916 1500 2980 passio
1529 2914 1585 2970 S.
1625 2924 1649 2951 ι
1682 2914 1905 2968 Thomzn

338 2981 720 3051 archiepiscopi
768 2993 822 3035 et
874 2981 1117 3051 martyris
1159 2983 1573 3039 Cantuariensis.
1606 2986 1687 3048 Β..
1725 2986 1904 3037 llomte

342 3050 533 3103 Felicis
576 3061 628 3104 et
674 3052 924 3105 Bonifacii
954 3050 1183 3118 episcopi
1218 3053 1283 3106 de
1310 3056 1665 3109 ordinatione.
1697 3056 1748 3106 In
1780 3068 1911 3120 pago

338 3121 634 3242 Oxormense
681 3121 833 3176 Otico
882 3124 1204 3176 monasterio
1254 3123 1518 3191 depositio
1561 3124 1619 3181 S.
1650 3126 1677 3164 δ
1708 3124 1908 3178 Ebrulll

338 3204 434 3242 con
461 3205 674 3242 essorts.

336 3204 674 3244 COHIBSSOHS.

404 3279 493 3333 50.
528 3309 596 3319 —
626 3279 689 3332 lll
720 3280 850 3334 ΚΑι.
881 3279 1045 3335 Vacat
1072 3284 1245 3338 Baeda.

404 3360 594 3415 Florus
638 3365 689 3416 in
733 3367 796 3417 Α.
849 3364 910 3417 Τ.
965 3365 1023 3418 L.
1061 3386 1071 3418 ι
1124 3368 1351 3421 Turonis
1391 3366 1607 3420 civitate
1653 3366 1911 3433 depositio

337 3457 359 3484 ε
385 3450 628 3519 Perpetui
660 3454 893 3520 episcopi
923 3464 975 3507 et
998 3456 1318 3508 confessoris
1351 3473 1362 3508 :
1400 3457 1488 3523 qui
1521 3455 1769 3523 religioso
1801 3470 1909 3507 ma-

334 3556 541 3611 gnoque
568 3550 692 3596 voto
717 3557 907 3611 corpus
936 3545 993 3597 Β.
1025 3545 1234 3599 Martini
1260 3560 1563 3608 removens,
1617 3548 1906 3614 angelicam

2019 2913 2370 2967 visitationem
2400 2912 2702 2981 promeruit.

2087 3003 2175 3067 D.,
2211 3004 2360 3071 Apud
2386 3005 2658 3072 Spoletum
2691 3005 2867 3071 passio
2893 3004 2947 3058 S.
2982 3013 3008 3051 d
3035 3004 3213 3059 Sabini
3244 3005 3500 3074 episcopi,
3530 3018 3587 3064 et

2022 3075 2343 3142 Exnperanti
2390 3082 2444 3128 et
2498 3074 2726 3128 Marcelli
2771 3076 3141 3136 diaconorum,
3188 3086 3240 3128 et
3282 3076 3583 3131 Vcnustiani

2016 3159 2137 3198 cum
2170 3157 2334 3214 uxore
2362 3155 2410 3214 et
2446 3144 2564 3214 liliis
2592 3144 2693 3197 sub
2735 3145 3048 3214 Maximiano
3090 3148 3343 3214 Augnsm.
3391 3147 3451 3200 V.
3496 3148 3583 3213 T.,

2018 3214 2073 3266 ln
2103 3213 2417 3283 Alexandria
2451 3212 2701 3266 Mansueti
2740 3212 3047 3283 (ﬂuensque
3076 3214 3137 3266 Τ.
3166 3212 3210 3267 ἐι
3239 3214 3344 3283 8.),
3379 3212 3583 3282 Severi,

2019 3282 2242 3353 Appiani
2275 3280 2506 3349 [Securi,
2537 3282 2774 3353 Apanis],
2812 3280 3016 3341 Donati,
3046 3284 3280 3348 llonorii,
3304 3280 3399 3350 ⁷η,
3435 3280 3585 3340 Pols?

2018 3353 2138 3406 disi.
2189 3351 2242 3404 In
2277 3354 2300 3380 θ
2331 3353 2503 3404 Insula
2556 3354 2612 3405 S.
2673 3351 2946 3414 Flereotii,
2991 3354 3197 3420 Sereni,
3250 3354 3417 3417 Pauli,
3465 3357 3585 3408 Ste—

2021 3422 2201 3487 phani,
2253 3419 2488 3493 Papiam,
2538 3422 2887 3493 Cleteogenis.
2938 3422 3164 3477 Turonis
3193 3424 3435 3492 Perpetui
3473 3427 3585 3493 epi-

2018 3493 2160 3560 sc0pi
2188 3499 2240 3545 et
2261 3490 2598 3545 cool‘essoris.

1738 3640 1943 3696 SMlTlI
1984 3641 2207 3699 ΝΟΤΔΕ.

405 3732 430 3759 α
461 3725 688 3797 Titanida.
720 3723 1082 3797 Cognoﬁmento
1132 3727 1322 3783 Becket
1370 3738 1527 3797 gente
1577 3730 1748 3796 Angli,
1779 3732 1906 3783 civi-

335 3808 440 3851 tate
472 3796 849 3850 Londinensis.
892 3796 1007 3849 Fuit
1036 3799 1216 3862 primis
1249 3796 1539 3851 litterarum
1571 3799 1846 3854 elementis
1879 3819 1903 3852 at

334 3869 508 3930 priore
553 3867 866 3919 Mertoneosi
918 3867 1169 3930 imbutus,
1220 3869 1442 3934 primum
1490 3870 1706 3932 Oxonii,
1771 3872 1894 3923 dein

336 3936 552 3989 Lutetia».
577 3936 795 3987 Studuit.
822 3936 876 3988 ltt
906 3939 1148 4001 Angliam
1179 3954 1424 3991 reversus
1451 3938 1587 3993 inter
1609 3940 1899 3995 'l‘beobaltli

332 4005 714 4073 archiepiscopi
739 4005 1131 4059 Can'uariensfs
1154 4008 1473 4059 domesticos
1494 4019 1767 4075 cooptatus
1788 4021 1900 4073 est;

332 4078 399 4130 ab
443 4075 839 4141 archiepiscopo
872 4076 1159 4128 Bononiam
1214 4094 1331 4130 mox
1374 4080 1704 4141 amantlatns,
1739 4091 1791 4133 ut
1834 4082 1902 4134 ibi

329 4144 462 4213 juris
508 4144 749 4197 canonici
792 4147 1066 4197 scientiam
1115 4147 1397 4201 edisceret.
1435 4148 1624 4202 lterum
1661 4165 1904 4203 reversus

331 4215 762 4269 arcltidiaconatu
811 4215 1215 4277 Cantuariensi,
1251 4219 1594 4284 prmposilura
1649 4219 1905 4272 lieverla-

328 4284 499 4347 censi,
548 4284 788 4337 rectoriis
836 4287 902 4336 de
956 4287 1235 4339 Bt‘omlield
1277 4296 1330 4339 et
1380 4302 1558 4342 monte
1605 4290 1660 4342 S.
1704 4290 1899 4352 Marte,

333 4352 630 4420 praebendis
660 4354 782 4405 item
833 4354 1058 4418 duabus,
1108 4371 1206 4407 una
1261 4356 1497 4417 Paulina,
1545 4357 1901 4415 Lincolniensi

330 4425 542 4487 altera,
592 4423 836 4476 donatur.
886 4424 1004 4477 Mox
1053 4426 1102 4478 in
1153 4426 1325 4477 aulam
1374 4429 1609 4492 ascitus,
1660 4445 1899 4482 summus

330 4478 541 4561 Anglia).
575 4494 922 4563 cancellarius
967 4503 1175 4563 creatus
1215 4504 1330 4557 est;
1376 4505 1427 4547 et
1460 4478 1897 4563 posty'l‘lieobaldi
1935 4478 1982 4535 D

330 4573 555 4617 mortem
599 4562 663 4615 ad
717 4562 964 4615 thronum
1012 4562 1442 4617 Cantuariensem
1491 4576 1705 4620 evectus
1758 4585 1899 4624 anno

334 4632 489 4698 “62,
521 4634 634 4697 ipso
663 4631 747 4685 die
780 4633 1119 4685 Pentecostes
1146 4645 1482 4687 consecratus
1512 4646 1630 4700 est;
1662 4653 1781 4689 cum
1808 4655 1900 4690 att-

330 4713 433 4771 tetn
479 4703 675 4770 aliquot
723 4716 890 4754 annos
936 4705 1136 4770 regium
1181 4702 1267 4771 jus
1316 4704 1512 4757 clerum
1554 4706 1898 4771 Anglicanam

323 4770 474 4843 juxta
520 4775 762 4844 antiquas
814 4772 959 4838 regni
1003 4770 1414 4826 consuetudines
1446 4770 1691 4841 puniendi
1733 4793 1902 4844 oppu-

326 4850 562 4909 gnasset,
593 4850 646 4895 et
669 4842 777 4908 jam
822 4844 931 4909 regi
979 4857 1245 4911 regnoque
1273 4845 1445 4908 gravis
1477 4844 1643 4899 factus
1674 4842 1836 4912 esset,
1868 4863 1899 4901 a

327 4912 638 4966 satellitibus
667 4919 889 4977 quatuor
917 4912 1090 4979 regiis,
1123 4913 1324 4977 injussu
1355 4922 1526 4965 tamen
1559 4916 1730 4982 regio,
1760 4916 1894 4970 Catt-

329 4982 515 5034 tuarite
543 4982 846 5033 interfectus
875 4989 977 5045 est,
1028 4990 1253 5035 exeunte
1292 4997 1428 5033 anno
1480 4983 1632 5039 H70.
1679 4985 1901 5042 Exstant

327 5051 445 5119 ejus
476 5052 817 5115 epistularum
848 5050 967 5103 libri
992 5066 1063 5113 vt,
1087 5067 1113 5101 a
1141 5051 1346 5105 Joanne
1367 5052 1743 5109 Sarisberiensi
1771 5058 1895 5110 otim

325 5121 533 5175 collecti
564 5130 617 5174 et
645 5121 854 5188 digesti,
886 5120 1125 5174 admistis
1155 5123 1311 5175 etiam
1343 5125 1738 5189 quatnpturimis
1765 5126 1899 5179 alio-

328 5206 443 5243 rum
494 5191 557 5243 ad
608 5190 864 5242 Thomam
912 5199 966 5242 et
1012 5191 1079 5245 de
1123 5206 1187 5245 eo
1228 5191 1482 5256 Epistolis.
1513 5193 1895 5249 Collectionem

327 5261 562 5333 istamjn
595 5260 764 5313 lucem
796 5259 1076 5326 protraxit,
1107 5270 1159 5314 et
1187 5277 1285 5314 una
1313 5276 1431 5333 eum
1461 5263 1777 5333 Quadrilogo
1802 5280 1897 5320 seu

332 5330 444 5382 Vita
491 5331 709 5384 'l'bomte
757 5343 824 5381 ex
869 5338 1093 5396 quatuor
1135 5331 1437 5385 auctoribus
1478 5334 1604 5386 olim
1647 5330 1895 5390 contexta

321 5401 409 5456 edi
441 5402 641 5454 curavit
663 5398 994 5452 Christianus
1021 5398 1200 5466 Lupus
1232 5401 1505 5455 Bruxellis.

397 5475 425 5513 b
455 5468 679 5540 Ebrul/i.
730 5468 834 5540 llic
868 5469 1027 5522 nobili
1074 5480 1220 5540 ortus
1260 5473 1523 5539 prosapia,
1559 5471 1896 5540 Bajocassina

325 5540 459 5594 urbe
482 5539 734 5592 oriundus
769 5538 883 5600 fuit,
910 5553 1046 5590 anno
1074 5539 1176 5591 5l7
1200 5550 1370 5594 natus.
1404 5538 1705 5595 Amicorum
1737 5560 1893 5599 suasu

326 5626 549 5663 uxorem
581 5608 765 5671 duxit;
797 5623 895 5673 qua
926 5618 1105 5675 postea
1132 5610 1321 5670 velata,
1351 5609 1403 5663 in
1429 5615 1805 5666 monasterium
1837 5631 1894 5668 se

326 5682 542 5747 recepit,
576 5678 697 5731 inde
736 5679 785 5747 in
824 5694 1057 5730 eremum
1102 5680 1439 5732 Uxitnensem
1471 5696 1561 5734 seu
1596 5682 1893 5737 Uticensem

326 5765 444 5803 cum
480 5750 645 5804 tribus
677 5746 852 5812 sociis,
885 5748 970 5803 ubi
1016 5749 1174 5803 cellas
1202 5752 1491 5805 construxit
1519 5751 1656 5807 circa
1696 5768 1889 5810 annum

2018 3732 2141 3785 560.
2196 3732 2259 3783 Et
2307 3748 2372 3785 xv
2420 3732 2519 3784 alia
2559 3730 2876 3785 monasteria
2917 3730 3147 3783 virorum
3189 3747 3278 3783 seu
3309 3732 3581 3785 mulierum

2017 3801 2327 3863 regulariter
2376 3800 2621 3865 instituit,
2673 3817 2894 3868 quorum
2943 3802 3150 3852 nomina
3204 3803 3491 3867 perierunt.
3531 3802 3581 3852 In

2014 3872 2210 3939 duplici
2239 3872 2505 3925 Chronico
2548 3885 2647 3923 ms.
2697 3871 3001 3923 monasterii
3038 3869 3317 3938 Uticensis,
3348 3872 3483 3933 quod
3526 3873 3583 3924 S.

2016 3942 2213 3994 Ebrulli
2264 3944 2419 3994 modo
2449 3943 2766 4008 appellatur,
2802 3949 2955 3992 natus
2981 3940 3186 4009 legitur
3234 3942 3293 3996 S.
3341 3940 3583 3994 Ebrulfns

2012 4026 2153 4065 anno
2179 4012 2303 4070 5l7,
2336 4022 2572 4063 mortuus
2605 4026 2731 4064 vero
2760 4024 2896 4062 anno
2935 4008 3065 4061 596.
3090 4011 3365 4064 Consentit
3391 4011 3584 4065 Guliel-

2010 4096 2126 4132 mus
2172 4080 2628 4139 Cemmeticensis,
2684 4081 2771 4131 lib.
2826 4094 2919 4142 vn,
2970 4094 3018 4132 c.
3074 4079 3162 4143 23,
3218 4081 3296 4133 bis
3343 4080 3517 4133 verbis
3567 4096 3581 4132 :

2014 4168 2032 4199 ‹
2068 4153 2218 4203 Anno
2247 4152 2313 4202 ab
2342 4152 2706 4205 locarna'ione
2735 4149 2935 4201 Domini
2963 4148 3090 4211 596,
3116 4149 3284 4201 mtatis
3318 4166 3443 4203 vero
3472 4164 3583 4202 suae

2009 4219 2094 4281 80,
2152 4221 2417 4274 residente
2471 4221 2522 4272 in
2572 4219 2698 4272 sede
2741 4219 3027 4282 aposwlica
3078 4219 3334 4284 Gregorio
3377 4235 3583 4272 summo

2007 4291 2225 4344 doctore
2256 4300 2308 4343 et
2340 4290 2626 4353 Anglorum
2654 4288 2964 4354 apostolico,
3002 4290 3057 4339 Β.
3091 4290 3334 4343 Ebrul‘us
3375 4304 3424 4341 tv
3464 4290 3580 4342 Kal.

2006 4359 2123 4413 Jan.
2158 4375 2220 4414 ex
2254 4361 2353 4414 bac
2397 4360 2502 4414 vita
2553 4359 2813 4428 migravit.
2855 4377 2873 4409 ι
2909 4359 3036 4414 Vide
3065 4360 3347 4413 Mabillonii
3386 4374 3509 4414 saec.
3541 4373 3582 4427 ι,

2010 4435 2124 4483 Act.
2161 4431 2288 4485 Ben.

2078 4504 2100 4532 ο
2135 4499 2399 4570 Perpetui.
2430 4501 2503 4553 De
2529 4515 2593 4555 eo
2624 4500 2762 4566 vide,
2795 4515 2974 4567 supra,
3007 4500 3093 4553 die
3130 4500 3162 4553 8
3191 4500 3403 4564 Aprilis.
3453 4501 3579 4567 Quis

2004 4569 2118 4624 dies
2164 4569 2531 4635 SJPerpetuo
2565 4572 2721 4625 fuerit
2766 4571 2957 4623 natalis
3000 4571 3255 4623 incertum
3281 4579 3380 4624 est.
3409 4570 3461 4622 In
3494 4588 3582 4624 ve-

2003 4642 2313 4696 tustioribus
2344 4656 2471 4694 vero
2498 4641 2885 4709 martyrolOgiis
2916 4650 3124 4692 nOIatur
3152 4636 3220 4690 5t)
3255 4640 3500 4692 Deeemb.

2079 4714 2106 4753 ἀ
2136 4710 2332 4765 Sabini.
2372 4710 2725 4763 Venuslianus
2756 4724 2949 4774 praeses
2977 4709 3183 4761 Tuscia:
3230 4709 3348 4760 buic
3392 4724 3578 4762 [nanus

2004 4780 2218 4846 praecidi
2262 4778 2451 4845 jussit;
2485 4794 2545 4831 ac
2566 4781 2724 4831 etiam
2750 4779 3053 4832 Marcellum
3085 4789 3134 4830 et
3161 4777 3575 4845 Exuperantium

2004 4850 2053 4900 in
2082 4851 2307 4914 equuleo
2354 4850 2626 4914 suspendi,
2659 4848 2881 4903 fustibus
2926 4846 3155 4914 graviter
3198 4848 3431 4911 multari,
3478 4864 3578 4900 un-

2001 4918 2188 4987 gnibns
2214 4919 2417 4983 abradi,
2451 4918 2613 4972 latera
2654 4920 2930 4972 exuetione
2972 4918 3135 4970 assari
3167 4917 3338 4970 donec
3366 4917 3575 4987 emitte-

2000 4986 2121 5040 rent
2145 4989 2410 5053 Spiritum.
2440 5000 2492 5042 et
2520 5003 2739 5056 corpora
2772 4990 2820 5041 in
2852 4988 3065 5040 ﬂuvium
3100 4986 3443 5055 praecipitari;
3473 4986 3574 5039 Sa-

1999 5056 2153 5111 binus
2180 5067 2356 5113 autem
2392 5060 2584 5113 laedunt
2628 5060 2677 5111 in
2710 5072 2976 5113 carcerem
3019 5056 3292 5124 conjectus
3330 5065 3430 5109 est.
3476 5058 3573 5110 Ve-

2000 5128 2277 5181 nustianns
2300 5139 2475 5181 autem
2501 5144 2694 5195 praeses
2718 5130 2993 5182 otzulorum
3017 5129 3199 5181 dolore
3220 5138 3422 5194 captus,
3448 5141 3569 5179 cum

2000 5199 2294 5252 remedium
2338 5201 2574 5252 invenire
2604 5199 2945 5267 nequivisset,
2975 5213 3002 5249 a
3031 5198 3226 5251 Sabino
3256 5211 3373 5250 cum
3405 5212 3571 5251 exere

1998 5275 2052 5319 et
2081 5268 2204 5321 liliis
2236 5269 2527 5335 baptizatus
2556 5279 2659 5335 est,
2689 5266 2743 5323 et
2790 5266 2965 5322 statim
3014 5276 3094 5321 est
3145 5266 3350 5335 fugatus
3395 5268 3567 5321 omnis

1996 5338 2269 5391 oculorum
2298 5340 2470 5393 dolor.
2500 5339 2629 5404 Qua:
2657 5341 2877 5391 audiens
2910 5336 3273 5399 Maximianus,
3312 5336 3469 5403 jussit
3511 5346 3568 5391 ut

1996 5405 2190 5459 Lucius
2220 5408 2459 5463 tribunus
2494 5409 2869 5462 Venustianum
2897 5422 3015 5460 cum
3050 5423 3212 5461 uxore
3252 5416 3303 5460 et
3337 5406 3456 5458 liliis
3478 5421 3567 5459 ca-

1998 5476 2101 5543 pite
2156 5486 2452 5543 truncaret,
2511 5489 2749 5532 sanctum
2800 5495 2925 5531 vero
2971 5478 3223 5531 Sabinum
3279 5476 3564 5544 plumbatis

2000 5560 2164 5613 usque
2186 5549 2249 5601 ad
2273 5559 2492 5602 mortem
2522 5549 2768 5601 caederet.
2798 5547 2959 5617 Cujus
2989 5561 3177 5617 corpus
3198 5548 3393 5602 Surena
3418 5545 3565 5615 juxta

1995 5618 2268 5685 Spoletum
2294 5618 2555 5683 sepelivit.
2589 5621 2717 5672 Aoo.

2074 5692 2093 5715 ε’
2129 5687 2327 5741 Insula.
2362 5690 2475 5755 Uia,
2509 5704 2586 5743 sc.
