4110 6472
466 268 594 326 1167

1451 267 1539 320 AD
1584 262 1967 318 MAl‘tTYROL.
2016 263 2214 316 DEDJE
2255 261 2689 318 APPENDICES.

3567 265 3695 320 “Si

465 387 652 447 Maius,
678 397 707 434 v
733 382 817 435 die
844 383 1060 445 mensis,
1086 381 1132 433 id
1157 389 1231 433 ost
1259 397 1312 433 ιιι
1343 381 1384 435 Ν
1410 397 1518 433 -nas
1546 380 1724 441 Maias,
1744 379 1828 452 die
1851 395 1878 432 v
1905 379 2026 452 fer.,
2065 384 2104 439 Λ
2131 380 2364 448 jectione
2409 380 2604 435 diaboli
2654 380 2919 452 liberaret.
2967 378 3096 434 Nam
3127 394 3192 435 st.
3219 390 3270 437 et
3302 396 3354 434 vi
3402 382 3691 452 significant

469 458 593 508 liora
623 470 681 514 tt,
733 455 930 506 sanctis
973 453 1225 515 apostolis
1267 452 1588 512 videntibus,
1632 459 1688 503 et
1733 451 1832 502 alia
1881 451 2029 502 turba

465 525 867 592 discipularum,
907 522 1171 588 quomodo
1208 534 1508 587 assumptus
1560 529 1637 592 est
1665 535 1716 592 ra
1739 590 1746 592 Α
1772 520 2030 592 nubibus;

467 589 660 648 sanctis
706 594 901 658 angelis
932 592 1224 642 tlicctttilttts
1252 610 1262 643 :
1295 593 1430 656 Quid
1471 589 1704 659 a~picitis
1737 590 1787 641 iit
1816 590 2030 647 rteltnn,

469 667 562 718 viri
593 663 828 718 Galilzei‘!
858 662 951 714 llic
979 659 1133 714 Jesus
1162 664 1247 727 qui
1277 671 1576 726 assumptus
1606 669 1687 712 est
1710 676 1735 708 ει
1769 659 1936 719 vobis,
1960 661 2035 711 sic

470 746 659 788 iterum
693 733 887 794 veniet,
917 731 1361 801 qtn-tuaduiodum
1386 747 1506 782 eum
1531 731 1955 801 vide-tiseunti-m
1984 729 2032 781 in

469 807 682 858 uelum.
733 799 1013 855 Descendit
1042 813 1216 852 autem
1250 802 1538 853 secundum
1584 799 1787 852 [)ontiui
1833 800 2034 863 pollici-

472 877 718 926 tationem
746 881 958 924 sanctus
989 882 1040 922 et
1066 871 1357 923 vivifn-ator
1383 871 1608 936 Spiritus
1633 885 1792 936 super
1823 879 2036 934 aposto-

471 946 546 995 los
569 957 750 996 mense
776 941 1078 1002 Artemisio,
1109 943 1193 1008 qui
1227 951 1309 993 est
1334 941 1518 999 Maius,
1551 949 1575 975 ι
1609 954 1674 990 xv
1703 940 1787 991 die
1815 941 2031 998 mensis,

466 1015 550 1064 die
585 1012 872 1071 Dominica,
908 1013 1032 1061 hora
1062 1025 1144 1074 ut,
1176 1019 1365 1076 agente
1399 1027 1444 1075 pi
1460 1009 1733 1060 :t-sidatum
1773 1011 1822 1058 iti
1853 1008 2032 1060 Judsra

467 1084 653 1135 eodem
681 1081 869 1134 Pontio
907 1080 1093 1143 Pilato,
1119 1083 1204 1146 qui
1235 1081 1536 1148 adsignatus
1564 1078 1726 1130 fueral
1749 1079 2034 1144 principari

468 1155 608 1220 genti
635 1151 937 1206 Jndrrorutn
969 1150 1035 1202 ab
1067 1151 1180 1217 ipso
1208 1150 1420 1202 Tiberio
1442 1150 1767 1220 Caesarequi
1798 1149 2038 1200 dissolvit

468 1217 687 1290 regnum
705 1221 1026 1284 Judzeor-mn,
1049 1233 1096 1273 et
1111 1221 1381 1273 constituit
1408 1217 1484 1272 eis
1506 1217 1788 1283 principem
1811 1232 2038 1290 praiesse

465 1289 903 1361 qualemcumque
931 1291 1202 1361 voluisset,
1235 1292 1332 1342 snh
1365 1291 1668 1358 pontificatu
1700 1289 2036 1341 sacerdotum

466 1360 770 1415 Iudaeorum
803 1365 966 1414 Anum
990 1371 1041 1412 et
1070 1360 1281 1426 (Iaiplue
1311 1363 1358 1414 ιν.

496 1460 502 1467 -
537 1432 625 1486 1⁸2.
668 1432 776 1484 lloc
805 1446 1030 1499 namque
1055 1425 1176 1482 loco
1194 1429 1316 1483 licet
1360 1427 1621 1494 inspicere
1649 1425 1894 1495 quicquid
1923 1441 2039 1499 per-

468 1503 646 1556 tuletit
688 1498 1122 1555 Christussalus
1175 1509 1224 1553 et
1279 1502 1571 1566 redemptio
1614 1509 1812 1560 nostra,
1861 1498 2035 1549 oinnia

465 1587 610 1638 gestia
653 1585 770 1626 esse
811 1574 860 1624 in
908 1571 1121 1622 homine
1178 1571 1332 1633 pleno
1371 1585 1488 1622 cum
1539 1567 1666 1621 Deo.
1717 1567 1845 1618 [Vaut
1899 1570 2036 1629 quod

467 1643 709 1696 Christus
736 1656 828 1708 per
855 1641 1097 1709 angelum
1129 1638 1330 1707 Virgini
1363 1640 1651 1698 nuntiatur,
1685 1639 2036 1709 adievacnau-

2134 463 2336 504 sextam
2367 467 2518 513 quam
2553 453 2780 503 mundus
2802 451 2987 514 agebat
3015 461 3243 516 aetatem,
3273 452 3398 506 dmn
3430 451 3692 520 reparator

2133 535 2242 573 sua:
2271 521 2481 574 fabrica:
2509 519 2799 582 adveniret,
2823 529 2877 571 et
2905 522 3188 585 perfectam
3218 519 3578 590 penitentiam
3604 542 3691 586 per

2136 605 2413 644 numerum
2443 590 2781 655 perfectionis
2811 590 3224 659 quadragesimae
3249 591 3513 659 jejunium
3533 597 3692 658 pmni-

2135 661 2366 714 tentibus
2386 661 2796 714 demonstraret.
2827 658 2974 714 Unde
2994 670 3046 713 et
3071 663 3181 727 ipse
3203 658 3446 716 Salvator
3469 673 3690 727 tempta-

2135 739 2219 782 tus
2247 746 2274 780 a
2304 731 2516 783 diabolo
2563 733 2705 783 velut
2751 731 2936 790 homo,
2991 731 3161 783 victor
3189 733 3411 786 exstitit.
3459 733 3523 788 Ut
3564 733 3696 788 Dens

2135 815 2262 866 ergo
2304 817 2396 866 per
2426 799 2889 868 quadragesimum
2945 809 3000 853 et
3045 809 3248 854 sextum
3283 818 3557 858 numerum
3589 814 3692 859 ter-

2136 871 2370 937 tiumque
2391 872 2737 940 duplicatum,
2765 885 2974 940 omnem
3001 869 3208 924 humani
3241 875 3449 940 generis
3472 890 3691 928 massam

2137 939 2185 991 in
2220 956 2372 1010 unam
2409 939 2526 994 fidei
2559 939 2923 992 fermentando
2941 939 3690 1010 coagulavitconsparsionem.

2210 1007 2296 1061 Η.
2331 1011 2478 1076 Quod
2511 1020 2686 1062 autem
2718 1025 2779 1064 ex
2813 1011 3036 1063 femineo
3065 1011 3236 1064 editus
3266 1007 3468 1074 ventre,
3501 1016 3693 1080 positus

2139 1080 2188 1131 in
2239 1081 2522 1147 przesepio,
2577 1081 2889 1150 pauiiisest
2940 1080 3238 1144 obvolutus,
3297 1093 3505 1150 propter
3553 1085 3693 1137 illum

2138 1151 2491 1215 versiculum,
2524 1165 2628 1220 quo
2662 1148 2818 1203 Dat-id
2848 1149 3192 1218 jurejurando
3227 1152 3363 1205 Deus
3394 1148 3692 1220 promiserat

2137 1221 2318 1272 dicens
2361 1237 2375 1272 :
2422 1220 2493 1272 De
2533 1219 2700 1272 fructu
2745 1220 2942 1273 ventris
2983 1222 3053 1272 tui
3098 1235 3284 1288 poliam
3324 1219 3480 1288 super
3521 1224 3694 1276 sedem

2140 1298 2305 1342 tuam.
2356 1290 2673 1356 Pratsepium
2720 1299 2881 1360 totus
2909 1290 3135 1343 mundus
3183 1291 3460 1354 adseritur,
3502 1293 3550 1345 in
3594 1311 3695 1360 quo

2137 1362 2246 1410 sitis
2290 1360 2542 1425 jnmentis
2591 1359 2989 1412 rationaliilibus
3042 1361 3286 1427 pabulum
3339 1359 3695 1416 subministrat

2142 1428 2394 1482 llontinus
2428 1431 2733 1493 tttajestatis.
2793 1429 2983 1482 l‘attnis
3005 1446 3127 1481 vero
3157 1431 3466 1495 advolvitur,
3498 1445 3698 1485 nostras

2140 1501 2380 1553 mi~eiias
2419 1500 2686 1568 patiendo,
2722 1501 2770 1551 in
2803 1499 2990 1565 quibus
3027 1500 3281 1554 adhibens
3313 1503 3464 1554 nobis
3501 1508 3696 1569 empta-

2139 1584 2280 1631 sira,
2331 1570 2523 1621 nos:ris
2566 1570 2870 1622 vulneribus
2912 1570 3146 1622 exhibuit
3192 1571 3518 1624 medicinam.
3553 1575 3698 1637 Quid

2141 1648 2318 1713 autem
2353 1642 2400 1713 in
2432 1639 2703 1713 l‘lethlcem
2734 1639 2879 1692 Iuda:
2913 1639 3314 1713 civitateDavitl
3347 1657 3558 1713 nascere
3599 1644 3699 1713 (ita

466 1715 592 1766 dttnt
622 1707 1195 1785 cnnSilittmserpentis
1221 1710 1283 1762 ad
1317 1711 1478 1762 Evam
1514 1709 1562 1760 in
1595 1707 1859 1785 paradiso.
1885 1707 2035 1772 Quod
2075 1728 2116 1785 [ς
2143 1709 2282 1777 col.)
2316 1709 2479 1785 voluit
2521 1711 2816 1785 (ριι-τιςειις.Δ
2839 1720 3052 1785 propter
3089 1710 3214 1785 illud
3255 1711 3390 1785 quod
3437 1723 3556 1765 ante
3595 1707 3699 1778 jam

468 1793 642 1836 autem
682 1783 748 1835 de
786 1779 996 1843 Virgine
1041 1792 1192 1833 uazus
1240 1789 1341 1843 est,
1397 1789 1610 1845 propter
1659 1781 2037 1841 protuphtsttnn

474 1854 658 1917 Adam,
691 1866 846 1920 quam
882 1851 947 1903 de
991 1850 1186 1916 virgine
1227 1862 1362 1903 terra
1402 1857 1453 1902 et
1491 1847 1758 1920 impolluta
1791 1847 1854 1898 ad
1899 1863 2044 1920 suam

474 1924 594 1976 fecit
623 1915 935 1990 imaginem;
968 1921 1054 1988 qui
1074 1915 1200 1972 cum
1231 1921 1486 1990 suadente
1517 1915 1730 1990 diabolo
1760 1917 1944 1969 mortis
1970 1918 2048 1969 in-

468 1992 714 2045 currisset
735 1987 1040 2052 exitiniina
1068 1991 1182 2043 solo
1209 1989 1334 2042 [)otn
1362 1987 1658 2041 noCbiisto
1681 2001 1857 2039 rerum
1887 2002 2042 2054 repa-

473 2073 705 2115 ratoreet
732 2060 1005 2113 conditore
1027 2059 1141 2125 ejus
1164 2061 1404 2127 corporis
1426 2065 1479 2111 et
1499 2059 1708 2127 aniinzc,
1729 2071 1820 2121 per
1839 2059 2050 2109 immor-

473 2133 612 2186 talita
639 2147 721 2184 em
738 2126 1345 2192 Christi,rcstaurztretttt‘
1360 2126 1858 2190 domiciliutn.Quod
1873 2136 2046 2180 autem

476 2204 668 2256 decimi
698 2201 898 2255 mensis
927 2204 1141 2252 tinntem
1173 2199 1432 2268 Iet'gi~set
1460 2199 1511 2250 in
1541 2196 1768 2264 Virginis
1798 2206 1976 2268 utero,
1999 2197 2046 2249 id

474 2285 553 2325 est
581 2273 694 2325 dies
719 2287 771 2323 vt
801 2285 956 2336 supra
991 2284 1173 2322 ine-ne
1205 2266 1342 2320 nono
1374 2267 1670 2335 perliciens,
1703 2266 1842 2332 qttod
1875 2267 2049 2320 nullus

471 2359 532 2395 ex
567 2341 686 2395 filiis
724 2335 993 2394 hominum
1041 2339 1204 2407 tangit
1245 2350 1470 2392 metrum
1535 2335 1802 2407 nascendo
1835 2351 1928 2404 per
1966 2353 2050 2388 se-

474 2429 613 2477 men,
647 2414 746 2466 nisi
778 2410 920 2466 solus
951 2411 1039 2463 Cb.
1059 2410 1101 2462 is
1130 2405 1189 2461 us
1231 2424 1384 2462 verus
1427 2407 1591 2460 Filius
1618 2405 1708 2458 Dei
1738 2415 1792 2477 et
1821 2406 2050 2460 hominis

473 2485 590 2536 sine
615 2483 817 2535 semine
847 2490 1000 2533 natus
1023 2495 1086 2532 ex
1119 2481 1349 2547 virgine;
1387 2482 1452 2531 ita
1487 2490 1540 2530 ut
1571 2477 1694 2528 fiant
1722 2476 1838 2529 dies
1869 2478 1918 2528 itt
1947 2492 2046 2528 una

475 2551 732 2606 collectio:
757 2566 788 2605 e
816 2551 1084 2604 constricu
1109 2563 1354 2612 ccmxvt,
1385 2548 1471 2617 qui
1499 2547 1938 2617 fiuntallegorice
1969 2547 2047 2600 vel

477 2638 568 2694 per
606 2623 830 2694 typiram
858 2621 1237 2694 qtta'stioncttt;
1269 2616 1412 2694 quod
1441 2621 1551 2686 ipse
1579 2616 1765 2694 affatus
1789 2618 1845 2694 _i_n
1872 2618 2045 2694 Evan-

473 2686 708 2757 gelioait
734 2708 747 2744 :
781 2686 980 2746 Soliite
1011 2692 1263 2759 templum
1287 2686 1419 2754 hoc,
1450 2700 1501 2742 et
1529 2703 1626 2756 ego
1654 2686 1703 2739 in
1737 2687 1902 2759 tribus
1934 2688 2050 2759 die-

477 2767 572 2816 htts
603 2762 873 2818 suscitabo
904 2762 1054 2820 illud,
1100 2757 1201 2815 Sed
1234 2759 1398 2813 Judtei
1433 2760 1735 2827 ignorantes
1765 2757 2048 2826 capitulum

475 2834 717 2898 rationis,
775 2832 1109 2899 protuli-runt
1162 2828 1522 2883 testiinoniuu
1575 2827 1844 2892 veritatis,
1885 2839 1936 2899 et
1983 2829 2049 2881 ita

477 2903 696 2956 Domino
726 2898 1110 2969 respondcn'cs
1151 2901 1299 2952 aiunt
1327 2917 1338 2950 :
1372 2915 1435 2952 xi.
1462 2907 1514 2950 et
1543 2912 1591 2950 vt
1625 2912 1790 2969 annos
1820 2898 2052 2950 adifica-

477 2986 583 3025 tum
611 2983 689 3026 est
717 2966 968 3038 templum
1000 2973 1120 3035 hoc,
1163 2979 1215 3023 et
1245 2977 1299 3021 tu
1335 2984 1383 3020 in
1414 2969 1579 3038 tribus
1609 2966 1795 3038 diebus
1820 2969 2048 3020 suscita-

475 3043 556 3096 his
585 3041 748 3096 illud?
782 3037 870 3095 ille
898 3053 1105 3105 autem,
1144 3040 1309 3107 inquit
1335 3037 1653 3104 evangelista
1682 3075 1696 3099 ,
1737 3037 1945 3090 dicebat
1974 3041 2041 3090 de

478 3090 1264 3180 ἱὲῖιῷιέῗέυτῇὲόιοιξεὖῇἐἶπ’ίῦέ
1282 3090 1733 3180 ιιὶξιιειιξθιιιιιιειῐι
1759 3108 2045 3176 atlprellen-
2075 3090 2117 3152 C

477 3179 605 3237 dere
644 3185 992 3248 nequivermtt
1023 3181 1186 3234 Judaei
1212 3221 1225 3244 ,
1275 3179 1503 3248 ideoque
1551 3191 1843 3248 numerum
1877 3193 2047 3233 anno-

474 3269 589 3307 rtttn
620 3246 984 3307 tedilicationis
1025 3252 1237 3320 templi,
1278 3246 1428 3318 quod
1451 3250 1558 3303 veri
1611 3247 1792 3316 templi
1826 3246 2047 3302 formam

477 3324 734 3392 gerebat,
787 3323 1008 3376 Domino
1041 3322 1376 3392 protulerunt
1402 3338 1419 3392 :7
1444 3335 1598 3388 quem
1632 3333 1910 3392 numerum
1945 3336 2049 3373 non

474 3389 571 3448 sub
621 3393 907 3449 Salomone
954 3389 1228 3446 conditore
1276 3390 1512 3459 ejusdem
1563 3389 1768 3455 templi,
1815 3389 1908 3443 sed
1953 3392 2050 3443 sub

473 3462 800 3530 Zorobabel,
856 3464 944 3532 qni
991 3475 1041 3516 et
1093 3463 1318 3528 Esdras,
1368 3467 1723 3532 reszauratore
1765 3460 2050 3532 contigisse

476 3528 793 3602 perlegitur;
837 3528 902 3588 eo
950 3534 1084 3600 quod
1131 3543 1345 3600 gentes,
1388 3545 1508 3599 qme
1549 3531 1606 3602 in
1629 3528 1849 3583 circuitu
1876 3542 2049 3602 erant,

468 3600 1021 3674 .opus'praepediliaut.
1054 3603 1184 3657 Nam
1208 3601 1455 3657 Salomon
1485 3600 1638 3654 annis
1667 3613 1739 3653 vti
1767 3600 2052 3670 complevit

475 3689 606 3744 opus
632 3675 842 3729 aedificd
871 3675 1047 3740 templi
1080 3674 1304 3726 Domini.

548 3745 633 3799 15.
678 3747 881 3798 Etenim
911 3738 1066 3797 Jesus
1095 3755 1278 3798 noster
1319 3739 1566 3808 pacificus
1603 3738 1852 3795 Salomon
1884 3739 2052 3794 aedili-

477 3816 619 3868 cavit
648 3815 744 3867 sibi
775 3830 866 3882 per
893 3814 1205 3882 sapientiam
1237 3815 1288 3867 itt
1317 3811 1540 3879 Virgine
1582 3812 1942 3882 sacratissima
1971 3810 2052 3865 sui

477 3884 712 3952 corporis
736 3881 984 3952 templum
1016 3901 1108 3951 per
1139 3884 1280 3937 hunc
1309 3889 1586 3936 numerum
1611 3895 1874 3947 sanctum,
1899 3881 1948 3936 id
1975 3893 2054 3935 est

484 3971 577 4023 per
607 3970 792 4010 novem
819 3971 1028 4009 menses
1058 3964 1111 4008 et
1137 3957 1250 4008 dies
1272 3968 1388 4007 sex.
1443 3954 1574 4018 Quia
1605 3953 1780 4005 omnis
1809 3953 2054 4007 nativitas

480 4025 723 4090 tuast-uli,
752 4026 940 4080 decimi
974 4042 1040 4078 un
1061 4027 1170 4080 nsis
1202 4028 1365 4092 tangit
1397 4023 1566 4088 initia,
1597 4033 1653 4078 et
1679 4025 1752 4076 sic
1781 4025 1958 4090 prodit
1986 4024 2050 4076 ad

481 4097 634 4165 hujus
667 4098 787 4150 vitae
819 4099 1068 4165 patentia.
1098 4095 1228 4149 Nam
1269 4095 1374 4149 hoc
1412 4094 1598 4148 ordine
1637 4094 1930 4165 secundum
1959 4109 2050 4147 au-

482 4164 780 4220 ctoritatem
813 4164 1070 4232 majorum
1098 4175 1397 4220 nostrorum
1425 4177 1582 4232 atque
1607 4167 1838 4232 priorum
1864 4164 2055 4218 dicitur

479 4247 568 4288 aut
601 4239 790 4307 legitur
819 4240 1028 4304 generis
1071 4236 1282 4289 humani
1313 4236 1610 4307 conceptio,
1646 4235 1784 4303 quod
1828 4249 1934 4302 per-
1960 4250 2051 4307 sex

479 4307 592 4360 dies
622 4305 773 4359 tactis
804 4307 1199 4360 similitudinem
1251 4307 1450 4359 habens
1474 4305 1616 4373 jacet
1647 4321 1831 4357 semen
1864 4307 1915 4358 itt
1945 4305 2054 4358 vul-

479 4391 574 4440 va;
614 4375 806 4430 dehinc
851 4378 1177 4429 convertitur
1217 4378 1268 4428 in
1312 4391 1621 4443 sanguinem
1652 4390 1818 4442 usque
1845 4379 1908 4426 ad
1939 4373 2053 4428 dies

2155 1781 2546 1844 pronuntiatum
2586 1779 2752 1832 fuerat
2795 1779 2957 1830 .lat-ob
2996 1779 3248 1847 fugienti,
3279 1781 3400 1834 dum
3432 1796 3702 1847 separatus

2151 1851 2346 1920 scalam
2382 1850 2448 1902 ibi
2476 1849 2542 1920 ad
2575 1851 2765 1903 cmlum
2811 1864 2974 1920 usque
3013 1849 3371 1915 eonspit-eret,
3403 1863 3455 1905 et
3494 1853 3703 1920 angelus

2155 1919 2244 1970 llei
2293 1919 2642 1973 ascendentes
2672 1931 2721 1972 et
2750 1919 3130 1972 descendentes
3168 1921 3406 1982 vidisset,
3451 1932 3499 1974 et
3545 1919 3700 1975 Deum

2156 1990 2205 2040 in
2232 1988 2443 2042 'suunno
2474 1990 2773 2042 incubuisse
2813 1991 3089 2054 aspiceret,
3122 1989 3250 2042 dixit
3280 2009 3291 2042 :
3352 1991 3445 2043 llic
3475 2000 3554 2045 est
3582 2008 3702 2045 vere

2152 2059 2338 2110 domus
2397 2059 2516 2124 Dei,
2580 2069 2630 2112 ct
2675 2068 2822 2128 p'irta
2879 2057 3033 2123 cteli;
3079 2060 3217 2112 unde
3271 2063 3557 2128 appellatur
3603 2063 3701 2116 lle-

2152 2129 2279 2182 tliel.
2317 2130 2377 2182 Et
2409 2130 2652 2193 lapidem,
2677 2144 2832 2194 quem
2857 2129 2918 2182 ad
2943 2134 3095 2196 caput
3126 2129 3222 2182 sibi
3245 2129 3406 2183 Jacoh
3439 2144 3702 2198 posuera',

2154 2199 2202 2251 in
2233 2199 2634 2269 similitudinem
2665 2199 2804 2269 illius
2836 2198 3022 2265 lapidis
3063 2200 3327 2268 angularis
3357 2201 3540 2269 (erexit
3568 2202 3616 2255 in
3645 2205 3708 2254 ιι-

2156 2269 2342 2336 tulum)
2373 2270 2458 2321 ctti
2483 2268 2697 2336 junctos
2723 2268 2854 2321 duos
2893 2269 3120 2336 parietes
3147 2285 3177 2323 c
3205 2268 3413 2324 diverso
3441 2271 3703 2324 venientes

2152 2339 2205 2391 in
2230 2339 2518 2406 semetipso
2545 2341 2845 2406 capulavit;
2878 2339 3074 2392 scilicet
3101 2341 3407 2407 populorum
3430 2343 3708 2394 cennexio-

2157 2423 2279 2480 nem
2318 2408 2639 2480 Judmorum
2665 2420 2821 2477 atqtte
2849 2408 3116 2480 gentilium
3137 2447 3154 2472 ,
3191 2424 3370 2476 pacein
3400 2412 3449 2463 in
3481 2414 3708 2480 utrisque

2153 2477 2454 2546 per-ficiens.
2493 2478 2644 2544 Quod
2676 2494 2800 2532 vero
2832 2479 3210 2533 admirabiliter
3250 2494 3278 2532 a
3310 2481 3595 2546 pastoribus
3625 2477 3704 2535 vel

2154 2548 2400 2615 vigilibus
2433 2550 2723 2611 invenitur,
2753 2549 2863 2603 sive
2893 2549 3030 2614 qttod
3061 2550 3109 2601 in
3138 2550 3415 2603 cunabulis
3441 2551 3704 2616 adorator,

2156 2626 2308 2687 typus
2338 2621 2622 2686 gerebatur
2649 2621 2968 2686 eptiinOrutn
3001 2629 3288 2686 pastorum,
3317 2635 3447 2688 quos
3475 2621 3708 2674 Christus

2154 2691 2534 2755 paterfamilias
2562 2691 2896 2743 constituens
2951 2705 3107 2756 super
3139 2689 3361 2743 famulos
3395 2699 3448 2744 et
3476 2691 3706 2753 famulas,

2154 2765 2210 2810 ιιι
2246 2759 2388 2828 jnste
2421 2761 2577 2814 tritici
2621 2775 2916 2814 mensuram
2949 2759 3291 2824 distribuant,
3333 2761 3551 2814 sollicite
3580 2763 3701 2814 dili-

2150 2842 2442 2900 genterque
2473 2829 2762 2884 mandavit.
2797 2830 2886 2884 Vel
2913 2830 3072 2891 illius,
3103 2829 3186 2884 cui
3217 2840 3295 2883 ter
3317 2829 3388 2883 ait
3416 2830 3704 2900 injnngens.

2152 2898 2316 2952 Pasce
2357 2916 2481 2954 oves
2530 2916 2696 2965 meas,
2746 2916 2812 2954 ne
2861 2901 3102 2965 luporum
3151 2901 3347 2970 impetu
3397 2898 3708 2969 perturbata:

2156 2983 2346 3037 pascua
2379 2971 2620 3037 perdant,
2648 2970 2698 3024 id
2731 2980 2810 3025 est
2837 2971 3024 3039 placita
3057 2984 3192 3024 mea.

2227 3040 2313 3093 15.
2355 3040 2503 3106 Quod
2537 3051 2711 3096 autem
2743 3042 2985 3111 artnagis,
3017 3041 3197 3108 primis
3224 3041 3454 3095 omnium
3481 3042 3705 3111 gentium

2153 3109 2295 3163 velut
2336 3113 2610 3165 nationutn
2641 3109 3194 3178 primitiis'adoratur,
3235 3109 3706 3166 omnittmcreato-

2154 3195 2264 3234 rem
2297 3192 2350 3234 et
2375 3181 2761 3236 dominatorem
2803 3181 3096 3249 significant
3127 3196 3243 3237 esse
3270 3190 3571 3246 venturum;
3601 3191 3652 3235 et
3675 3197 3707 3234 a

2154 3251 2398 3319 gentibus
2439 3252 2698 3306 creditum
2744 3252 2804 3306 iri
2850 3261 3008 3320 atque
3051 3251 3101 3304 in
3145 3266 3420 3307 munerum
3452 3252 3711 3304 oblatione

2156 3323 2321 3374 Deum
2373 3329 2428 3376 et
2479 3338 2697 3389 regem;
2752 3321 2847 3377 sed
2902 3332 2955 3375 et
3007 3321 3074 3376 ad
3122 3323 3346 3376 victima:
3397 3323 3710 3390 sepulturam

2156 3392 2371 3460 myrrha
2417 3391 2613 3446 dicitur
2655 3393 2966 3459 distributa,
3020 3400 3076 3445 ut
3121 3407 3212 3462 per
3259 3393 3446 3446 trinam
3492 3393 3712 3456 Speciem

2156 3476 2457 3530 munerum,
2491 3464 2540 3515 id
2567 3471 2650 3516 est
2675 3478 2767 3531 per
2793 3478 2976 3517 aurum
2998 3463 3128 3530 regi,
3155 3466 3274 3516 tbus
3298 3462 3428 3525 Deo,
3456 3463 3716 3532 myrrham

2155 3534 2436 3603 morituro,
2487 3541 2734 3603 tanquam
2766 3548 2866 3586 una
2898 3533 3066 3586 deitas
3093 3534 3258 3586 Patris
3284 3544 3336 3588 et
3365 3533 3479 3603 Filii
3511 3547 3570 3586 ac
3598 3532 3717 3599 Spi-

2155 3602 2291 3657 ritus
2330 3603 2537 3667 sancti,
2565 3602 2746 3658 saneta
2778 3613 2831 3659 et
2861 3603 3130 3657 individua
3160 3603 3388 3658 Trinitas
3415 3602 3717 3656 adoraretur

2157 3673 2209 3726 in
2252 3673 2486 3736 Christo,
2535 3673 2846 3728 crederetur
2891 3675 2942 3728 in
2989 3673 3203 3732 mundo.
3254 3674 3620 3743 prmdicaretur
3664 3673 3713 3725 in

2155 3743 2419 3811 gentibus.
2447 3744 2596 3809 Quod
2627 3744 2780 3798 stella
2809 3744 3050 3798 ducatum
3082 3745 3246 3811 magis
3277 3743 3575 3812 praebuerit,
3600 3757 3715 3812 pra-

2158 3823 2275 3881 pter
2304 3812 2428 3867 illud
2459 3814 2598 3882 quod
2630 3815 2821 3884 legitur
2861 3833 2873 3868 :
2917 3813 3128 3868 Urietur
3169 3815 3356 3879 sti-lla,
3410 3814 3603 3884 inquit,
3650 3813 3716 3866 de

2155 3884 2339 3947 Jacob,
2387 3891 2442 3937 et
2481 3881 2737 3938 ascendit
2769 3884 2929 3940 homo
2975 3886 3026 3939 in
3076 3883 3309 3948 Israhel,
3341 3894 3396 3939 et
3434 3881 3718 3950 confringet

2157 3967 2343 4007 omnes
2364 3953 2528 4007 duces
2554 3953 2993 4023 alienigenarum.
3025 3955 3089 4009 Et
3110 3955 3234 4007 illud
3267 3973 3278 4008 :
3311 3957 3506 4010 Omnes
3533 3969 3559 4006 a
3584 3954 3714 4006 Saba

2161 4025 2390 4092 venient,
2426 4023 2657 4079 ferentes
2687 4040 2906 4090 aurum,
2935 4030 3054 4079 thus
3083 4035 3137 4080 et
3168 4027 3466 4094 myrrham,
3495 4024 3719 4078 salutare

2159 4095 2366 4148 Domini
2415 4096 2735 4165 nuntiantes.
2773 4097 2922 4161 Quod
2955 4104 3126 4150 autem
3161 4105 3469 4165 perscrutns
3509 4096 3574 4147 ab
3614 4094 3716 4146 lle-

2158 4165 2286 4219 rode
2315 4163 2523 4237 perfido
2545 4179 2668 4237 rege
2695 4176 3049 4237 cruentoque,
3084 4177 3137 4218 ιιι
3166 4163 3718 4237 adimplereturﬁcri-

2159 4243 2309 4304 ptura
2339 4250 2457 4304 quae
2494 4235 2622 4288 dicit
2651 4253 2664 4288 :
2703 4235 2809 4290 Vox
2839 4237 2890 4290 in
2921 4234 3153 4301 excelso,
3185 4237 3283 4288 hoc
3323 4244 3401 4289 est
3446 4235 3495 4288 in
3534 4234 3716 4292 Rama.

2155 4307 2331 4359 audita
2362 4315 2475 4372 est,
2523 4305 2758 4374 ploratus
2790 4317 2841 4360 ct
2871 4307 3044 4361 luctus
3077 4321 3326 4374 magnus;
3374 4305 3562 4358 Itacltel
3604 4305 3723 4370 plo-

2160 4390 2284 4428 rans
2329 4375 2466 4430 ftlios
2514 4389 2660 4443 suos,
2708 4385 2763 4430 et
2805 4378 2973 4431 noluit
3019 4378 3281 4430 consolari
3331 4377 3573 4443 quoniam
3621 4389 3723 4428 non

489 4460 633 4510 vutt;
661 4444 854 4500 deinde
883 4456 1104 4518 augetur
1137 4460 1302 4518 usque
1331 4445 1394 4496 ad
1425 4459 1526 4507 λιις
1559 4444 2058 4518 οιῄιιθιιιῃαὲςιιιάηιι-
2091 4452 2140 4510 1)
2163 4457 2317 4518 sunt:
2337 4446 2544 4502 lulusus
2575 4463 2801 4518 namque
2827 4463 2856 4500 a
2887 4448 3053 4515 magis
3090 4448 3242 4501 saevit
3284 4447 3515 4500 llerodes
3540 4444 3724 4498 adver-

482 4527 566 4570 tur
593 4531 622 4569 x
637 4525 691 4570 et
714 4531 802 4568 vnt
826 4517 942 4585 ;qui
961 4533 1081 4569 mox
1101 4515 1408 4580 cmgnlatur
1422 4525 1472 4566 et
1497 4516 1737 4567 tenditad
1753 4514 2057 4568 liniamenta

483 4588 841 4640 membrorum
875 4603 924 4640 Vt
959 4597 1011 4639 et
1043 4602 1174 4650 vitii,
1206 4601 1276 4638 λιι
1303 4595 1356 4638 et
1383 4601 1531 4648 xvut,
1559 4588 1687 4637 tiuttt
1733 4587 1886 4638 simul
1913 4601 2008 4638 ην
2044 4603 2055 4638 :

480 4659 647 4710 addes
671 4673 855 4719 unum,
881 4666 931 4710 ιι
956 4659 1086 4710 fiunt
1110 4671 1250 4720 xmt,
1277 4668 1330 4710 et
1362 4656 1480 4708 inde
1503 4657 1652 4708 ducis
1678 4671 1769 4723 per
1792 4665 1988 4724 partes,
2011 4658 2058 4710 id

481 4732 752 4781 est:exies
774 4728 1090 4796 quadrageni
1114 4742 1247 4783 CCXL
1274 4743 1286 4780 :
1311 4728 1566 4781 etilerum
1596 4727 1730 4779 idetn
1751 4742 1843 4792 per
1857 4741 2058 4780 sentiam

481 4814 570 4851 sex
619 4799 731 4852 seni
777 4813 931 4852 xxxvi
979 4801 1172 4852 trecies
1221 4800 1415 4856 sexies,
1464 4798 1552 4865 qui
1606 4797 1658 4850 in
1703 4811 1804 4850 una
1849 4811 2056 4850 smuiua

481 4871 611 4921 fiunt
634 4882 876 4924 ccuxvt.
918 4870 979 4922 Et
1011 4871 1128 4923 ideo
1157 4870 1206 4921 in
1242 4869 1466 4921 Domino
1497 4869 1611 4920 solo
1642 4883 1742 4920 una
1779 4867 1922 4920 cadit
1945 4871 2056 4922 dies

481 4954 642 5006 super
671 4954 771 4993 λιν
799 4949 1015 5006 propter
1045 4940 1367 5006 singularem
1399 4939 1514 5006 ejus
1544 4936 1961 4991 incarnationem
1991 4942 2057 4993 de

481 5011 706 5078 virgine,
735 5014 851 5063 sine
893 5016 1234 5078 corruptione
1264 5011 1376 5062 sive
1431 5009 1782 5077 glutinatione
1812 5010 2052 5062 seminis.

485 5077 729 5148 lioquod
780 5081 1068 5133 seetindutn
1122 5091 1300 5148 typum
1349 5077 1693 5132 historiabilis
1737 5079 1939 5146 templi.
1989 5095 2055 5132 χι.

481 5160 535 5203 et
561 5165 610 5205 vt
641 5149 792 5203 annis
815 5150 1084 5214 aediﬁcati,
1122 5151 1188 5204 ita
1221 5150 1466 5202 Christus
1493 5164 1687 5214 corpus
1713 5149 2057 5204 humanitatis

481 5235 589 5275 suae
619 5235 712 5289 per
739 5221 876 5274 hunc
899 5223 1119 5290 gradum
1152 5223 1455 5290 restaurans
1487 5221 1739 5290 parietem
1769 5221 1818 5272 in
1842 5229 2054 5290 semet-

484 5307 617 5356 ipso,
647 5307 804 5360 quem
833 5293 886 5345 in
911 5289 1083 5345 ’Adam
1114 5293 1223 5344 suis
1251 5289 1620 5360 fraudulentus
1675 5289 1916 5342 diabolus
1944 5291 2054 5343 cal-

481 5361 620 5414 iidus
671 5376 893 5430 serpens
944 5363 1265 5423 ruiuaverat,
1299 5361 1439 5412 illius
1495 5361 1725 5413 salutare
1774 5360 2054 5412 (editicium

482 5440 834 5498 testattraret;
865 5442 916 5486 et
951 5448 1156 5500 passus,
1194 5439 1312 5499 post
1343 5430 1556 5482 tertium
1599 5431 1735 5500 diem
1768 5445 2055 5496 numquam

483 5502 771 5556 moriturus
815 5499 1078 5573 erigeret;
1109 5512 1164 5556 et
1208 5504 1288 5556 sic
1316 5516 1527 5555 onmem
1571 5499 1838 5555 hominem
1869 5515 1896 5553 a
1927 5501 2058 5554 sub-

549 5644 574 5671 ⁸
603 5632 842 5704 Malalas,
878 5655 983 5692 xlv.

447 5704 450 5706 .
465 5691 492 5704 ι

2165 4532 2256 4570 sus
2283 4516 2588 4582 Christum,
2635 4527 2690 4572 et
2717 4516 2880 4586 quasi
2922 4527 3102 4586 posset
3140 4520 3274 4570 inter
3311 4525 3528 4570 cteteros
3569 4529 3723 4586 unum

2163 4588 2440 4655 jugulare,
2477 4603 2632 4656 quem
2659 4585 2762 4643 sibi
2787 4585 3073 4642 succedere
3105 4589 3262 4640 miser
3291 4586 3535 4647 timebat,
3565 4585 3724 4637 millia

2169 4659 2509 4723 parvulorum
2543 4659 2594 4712 in
2627 4673 2848 4727 persona
2882 4659 3034 4712 unius
3063 4657 3274 4710 infantis
3305 4657 3493 4723 impius
3520 4665 3571 4708 et
3598 4669 3728 4708 cru-

2168 4728 2304 4781 delis
2347 4729 2616 4797 mactavit.
2663 4730 2769 4783 Sed
2807 4730 2872 4782 ab
2916 4729 3104 4797 angelo
3144 4738 3327 4780 sancto
3367 4727 3616 4797 monitus_
3635 4739 3730 4790 per

2167 4800 2338 4852 visum
2363 4796 2560 4864 Joseph
2591 4800 2706 4853 tulit
2738 4814 2954 4868 puerum
2987 4795 3104 4852 eum
3139 4808 3306 4850 matre
3335 4797 3528 4868 ejusin
3560 4795 3725 4863 Αἰθι-

2160 4877 2342 4938 ptum;
2385 4879 2440 4924 ct
2485 4870 2720 4924 llerodcs
2740 4865 2930 4924 contra
2963 4884 3116 4922 suum
3144 4867 3398 4936 judicium
3429 4865 3544 4938 sine
3568 4879 3726 4918 causa

2163 4937 2444 5008 parvorum
2496 4942 2831 4994 innocentum
2899 4938 3120 4994 Crimine
3195 4953 3426 5008 pressus,
3474 4937 3728 4989 infantum

2167 5012 2472 5078 pernecavit
2501 5015 2812 5064 exercitum.

2234 5079 2320 5132 ili.
2363 5081 2512 5146 Quod
2542 5092 2715 5133 autem
2749 5081 3201 5134 circumeisionem
3227 5079 3466 5133 Christus
3495 5077 3544 5129 in
3566 5090 3730 5128 carne

2159 5151 2468 5224 pertulerit,
2512 5161 2724 5219 prepter
2766 5151 2890 5204 illtid
2921 5149 3064 5218 quod
3107 5152 3384 5224 Apostolus
3412 5148 3538 5224 _ait_:
3571 5146 3727 5224 Clu-i-

2161 5213 2298 5272 stum
2330 5222 2472 5273 enim
2496 5213 2525 5284 ,’
2560 5213 2757 5289 inquit,
2799 5213 3097 5273 ministrum
3129 5213 3550 5289 circntucisionis‘
3572 5213 3732 5267 fuisse

2162 5292 2482 5343 credendum
2513 5303 2614 5354 est,
2635 5287 2696 5344 iet
2728 5293 2849 5344 illud
2877 5293 2939 5343 de
2972 5292 3152 5344 Exodo
3180 5307 3193 5345 :
3219 5290 3347 5342 Cum
3376 5287 3730 5356 proﬁciscere-

2166 5371 2249 5413 tur
2289 5361 2497 5430 Moyses
2539 5365 2832 5426 imperante
2879 5362 3099 5414 Dontino
3129 5364 3192 5414 ad
3225 5360 3522 5430 ΑἰεγιιιιιιηΡ
3556 5367 3609 5430 et
3648 5371 3730 5406 se.

2165 5446 2286 5483 cum
2325 5425 2668 5485 comitaretur
2709 5433 2899 5499 eonjux
2930 5449 3050 5484 cum
3085 5425 3543 5493 liherisfuccurrit
3566 5425 3610 5479 ei
3639 5442 3733 5499 an-

2165 5505 2346 5569 εθιυε,
2404 5504 2701 5557 interficere
2751 5495 2893 5558 illum
2945 5505 3144 5557 Volt-tis.
3202 5503 3278 5556 Ad
3329 5499 3464 5570 quod
3515 5495 3734 5550 attonita

553 5711 577 5749 ιι
621 5709 883 5763 llactenus
913 5720 1089 5765 noster
1119 5711 1564 5781 Clirnnographus
1595 5711 1901 5778 plerumque
1933 5707 2170 5762 .‘llalalatn
2196 5714 2407 5758 secutus
2429 5713 2526 5760 est.
2600 5725 2602 5728 ·
