4110 6454
399 373 532 428 116‘)

1509 368 1890 426 Clll‘iONlCON
1934 367 2485 434 ANTIQUISSNUM.

3506 367 3637 423 ll7l)

395 489 667 557 Sepphora
688 529 701 551 ,
739 485 1000 567 accipiens
1028 484 1884 566 lapidemcircumciditpuerum:
1918 491 1969 567 et
2001 484 2048 540 Α
2078 485 2265 547 potuit.
2308 484 2459 552 Quod
2489 495 2662 567 autem
2698 487 2981 567 discipulus
3010 501 3084 567 ex_
3109 487 3324 567 piseatot
3342 486 3456 539 ibus
3485 486 3636 567 facit,

401 556 616 629 propter
666 558 973 629 sanguinem
1029 557 1446 629 circntucisiouis
1495 556 1674 629 pueri,
1730 559 1966 629 pepercit

399 623 616 694 angelus
661 642 726 680 ne
769 623 1112 680 interﬁceret.
1159 625 1305 680 Unde
1343 626 1746 679 circumcisione
1776 623 1970 676 Christi

400 699 572 750 omnis
623 698 748 762 legis
797 700 871 750 ira
916 695 1168 757 Cessavit,
1222 704 1272 746 et
1317 695 1532 760 sanguis
1578 694 1694 763 eius
1744 695 1970 760 pondera

399 771 529 821 dura
563 766 713 829 tttlit;
761 781 825 820 eo
854 765 991 831 quod
1028 765 1143 816 linis
1188 765 1316 831 legis
1361 763 1623 825 Christus,
1670 765 1758 831 qui
1805 763 1971 816 male-

404 839 598 888 dictum
645 837 915 889 vetustatis
946 835 1204 891 absolvit.
1250 845 1300 887 et
1347 850 1374 888 a
1419 833 1684 888 servitutis
1726 834 1847 900 jttgo
1877 847 1973 886 nos

405 908 664 960 liberavit.
714 906 862 972 Quod
911 916 1082 956 autem
1133 903 1432 957 adcrevisse
1475 904 1671 958 dicitur
1717 903 1972 970 sapientia

402 991 610 1044 quoque
653 990 856 1044 coram,
886 975 990 1027 Deo
1034 983 1083 1027 ct
1124 973 1460 1044 hominibus,
1509 988 1769 1026 summam
1815 982 1974 1040 atque

404 1042 687 1113 perlectam
721 1043 950 1096 hominis
1000 1042 1374 1109 plenitudinem
1421 1045 1585 1110 gessit
1635 1045 1682 1096 in
1717 1059 1858 1105 amo;
1904 1044 1974 1096 ita

405 1127 459 1166 ut
499 1115 752 1176 incipiens
781 1130 1037 1166 annorum
1083 1129 1181 1165 xxx
1227 1114 1539 1180 baptismum
1574 1113 1907 1166 voluntarius
1947 1128 1975 1164 a

401 1185 641 1238 .loltaune
673 1193 874 1251 peteret
919 1184 968 1236 itt
1000 1183 1261 1245 .lordane;
1316 1194 1529 1250 propter
1561 1183 1685 1235 illud
1719 1183 1853 1249 quod
1902 1182 1976 1235 ait

405 1255 686 1318 Apostolus
717 1273 726 1304 :
760 1255 927 1306 donec
955 1267 1166 1313 omnes,
1211 1253 1408 1320 inquit,
1439 1267 1782 1305 occurramus
1814 1253 1862 1304 in
1896 1253 1975 1305 vi-

413 1339 526 1375 rum
579 1325 900 1390 perfectum,
955 1324 1006 1376 in
1064 1336 1364 1377 tuenSuram
1411 1324 1581 1376 mtatis
1635 1322 1978 1392 plenitudinis

407 1395 624 1447 Christi.

478 1463 562 1514 17.
605 1463 732 1514 Nam
768 1472 820 1516 et
863 1461 1086 1532 primum
1131 1460 1395 1515 hominem
1439 1462 1576 1516 Deus
1604 1471 1758 1516 tetate
1799 1461 1973 1526 perfeo

406 1542 569 1592 ctum,
605 1548 701 1586 nec
733 1550 835 1586 non
867 1543 919 1585 et
959 1533 1226 1585 intellectu
1259 1542 1416 1598 atque
1443 1533 1642 1584 ratione
1676 1533 1972 1598 przcditutn,

409 1614 462 1654 ιιι
503 1617 612 1654 sure
658 1604 858 1656 scilicet
897 1602 1182 1654 voluntatis
1231 1611 1405 1654 rector
1446 1611 1587 1654 esset
1632 1603 1864 1664 arbitrii,
1914 1602 1982 1656 de

410 1681 547 1740 terra
589 1673 735 1724 tinxit
778 1673 1093 1726 incolumem
1135 1671 1403 1738 juvenem,
1449 1681 1502 1724 et
1540 1671 1652 1739 ejus
1701 1672 1980 1740 conjugem

411 1739 578 1808 plenis
606 1742 833 1795 nubilem
865 1741 1037 1802 annis,
1075 1749 1288 1808 pectore
1316 1741 1602 1808 virginem,
1645 1739 1893 1794 decorant
1929 1742 1980 1796 in

2075 561 2133 605 ut
2175 569 2276 606 non
2308 572 2370 607 ev
2413 557 2679 619 Sanguinis
2721 557 2990 609 nobilitate
3040 556 3421 616 plautlentiutn,
3447 557 3540 607 sed
3574 571 3639 611 ex

2077 637 2364 688 pauperqu
2414 642 2572 692 grege
2617 627 2886 679 humiliter
2929 627 3266 678 sentientium
3320 627 3514 691 primas
3562 627 3640 677 itt-

2077 693 2322 748 Stitueret
2361 709 2433 746 χιι
2468 697 2710 749 Ecclesiae
2740 697 3041 758 columnis,
3088 707 3333 758 tanquam
3373 711 3436 748 ex
3477 694 3643 750 .Iztcob

2078 776 2149 814 XII
2181 766 2602 828 congregationis
2652 768 2792 818 illius
2837 769 3192 832 patriarchas;
3243 781 3362 816 nam
3395 781 3641 832 unaqute-

2078 847 2179 898 que
2210 833 2380 886 tribus
2414 835 2604 906 Israhel
2639 837 2873 906 singulos
2904 835 3172 902 apostolos
3203 839 3251 906 in
3286 837 3429 906 Novo
3458 836 3645 887 'l'csta-

2079 912 2278 963 tucuto,
2332 903 2477 969 quasi
2526 921 2595 958 xtl
2646 903 2844 969 lapides
2894 908 3039 957 vivos
3087 921 3148 958 ex
3200 905 3448 958 Iordanis
3495 907 3644 956 alveo

2079 972 2454 1043 reddiderunt;
2478 983 2531 1026 et
2559 976 2633 1027 sic
2660 984 2826 1034 totum
2853 975 3126 1037 mundum,
3156 986 3403 1043 tanquam
3433 991 3645 1028 mensi-s

2081 1041 2239 1110 totius
2286 1043 2432 1105 anni,
2482 1047 2650 1098 solem
2702 1045 2752 1097 in
2785 1060 2842 1098 se
2882 1045 3097 1110 justilisl:
3141 1041 3474 1099 continentes
3524 1060 3642 1110 per-

2084 1109 2474 1176 lustraverunt;
2505 1123 2558 1167 et
2587 1114 2790 1168 animas
2821 1109 3065 1167 ﬂuctibus
3095 1116 3262 1167 (ικςίΗὶ
3292 1131 3478 1180 vagas,
3514 1109 3642 1166 luei-

2078 1180 2157 1230 dis
2193 1183 2279 1233 Dci
2313 1186 2603 1249 przeceptis,
2624 1195 2866 1248 tanquam
2899 1185 2948 1236 in
2973 1185 3071 1237 lina
3101 1183 3237 1249 (sic),
3271 1187 3510 1237 manibus
3543 1182 3643 1235 Ec-
3707 1180 3715 1248 l

2078 1249 2252 1302 clesiae
2277 1253 2450 1322 medio
2481 1257 2851 1308 conelusernut
2896 1255 2982 1308 Sic
3003 1257 3142 1306 enim
3165 1255 3235 1306 ait
3265 1273 3276 1306 :
3312 1254 3497 1307 Venite
3528 1271 3560 1322 p
3583 1263 3646 1305 ist
3717 1275 3725 1313 '.

2078 1333 2238 1392 meet
2274 1321 2455 1376 faciam
2484 1339 2574 1376 vos
2603 1327 2766 1392 piscat
2805 1340 2886 1378 res
2915 1325 3025 1378 lieri
3059 1325 3353 1376 hominum.

2155 1389 2238 1443 l9.
2282 1392 2432 1458 Quod
2480 1389 2655 1447 autem
2701 1395 3033 1447 inlirtnitates
3073 1408 3231 1462 atque
3278 1393 3648 1462 aegrotationes

2082 1470 2312 1526 nostras,
2358 1463 2492 1515 sicut
2526 1479 2646 1516 reor
2679 1464 2994 1529 praedixerat
3025 1465 3226 1525 Iisaias.
3263 1465 3486 1516 libenter
3519 1479 3649 1530 pur-

2083 1532 2305 1595 tavetit,
2340 1533 2419 1584 sic
2464 1549 2556 1600 per
2583 1534 2758 1587 omnia
2802 1549 3054 1595 currens,
3084 1533 3531 1602 quemadmodum
3561 1533 3653 1599 gi-

2080 1612 2212 1666 gans
2262 1615 2354 1665 per
2395 1602 2568 1671 viam;
2619 1614 2828 1668 oportet
2877 1603 3134 1670 inspicere
3173 1605 3439 1671 quomodo
3488 1603 3539 1654 in
3595 1617 3654 1655 se

2081 1670 2441 1742 consecrando
2483 1672 2796 1737 Eeclesiam,
2822 1677 3016 1742 gradus
3059 1670 3458 1742 ejussingulos
3499 1687 3648 1742 cotu-

2087 1738 2415 1811 tneudaverit
2435 1782 2450 1806 ,
2482 1742 2531 1794 id
2559 1751 2639 1795 est
2671 1759 2762 1808 per
2792 1738 2993 1810 septeni
3027 1741 3220 1811 gradus
3251 1743 3413 1794 oflieii
3448 1741 3648 1794 manci~

407 1811 551 1886 ouuii
585 1813 840 1886 membro,
867 1810 1084 1886 jamque
1113 1811 1789 1886 maturant,_itapulchrum
1813 1811 1980 1865 oculis
2016 1827 2058 1886 Β
2089 1808 2528 1886 pandatttaltario
2557 1808 2870 1886 sattciveriti
2902 1814 2988 1886 qui
3019 1808 3142 1864 sunt
3179 1813 3450 1886 ostiarius
3483 1811 3652 1865 fossa-

411 1883 575 1932 visutn
594 1922 608 1946 ,
638 1881 820 1934 eduxit
847 1897 908 1935 es
936 1881 1100 1934 latere
1128 1880 1460 1932 dormientis.
1493 1881 1621 1943 Quia
1642 1896 1744 1934 non
1779 1895 1980 1947 parvu-

416 1951 586 2002 lorum
618 1952 847 2004 motibus
875 1960 965 2003 aut
1007 1950 1282 2002 teneritate
1326 1949 1588 2002 tuentium
1611 1965 1891 2018 puerorum
1927 1953 1978 2006 iu

413 2034 636 2085 corpore
667 2035 828 2088 parvo
859 2019 1206 2087 qualentitttn,
1252 2027 1409 2086 atque
1450 2022 1665 2086 pedum,
1707 2036 1978 2083 manuum,

419 2091 732 2156 linguarum,
781 2105 1084 2144 sermonum
1128 2100 1180 2142 et
1228 2102 1438 2141 actuum
1490 2089 1836 2157 pra'petlitos;
1888 2091 1979 2144 sed

417 2169 594 2221 a-tate,
636 2160 862 2226 ratione,
895 2160 1160 2212 soliditate
1193 2160 1549 2212 membrorum
1581 2172 1739 2227 atque
1767 2161 1981 2228 sapien-

415 2231 481 2280 tia
513 2231 717 2294 plcnos,
765 2233 932 2298 primo
966 2228 1101 2281 Deus
1130 2243 1193 2282 ex
1224 2231 1329 2280 luto
1357 2237 1512 2282 terra)
1542 2230 1730 2283 fet-isse
1761 2231 1983 2283 creden-

412 2302 511 2350 dus
540 2310 646 2362 est,
693 2309 749 2352 ut
792 2315 854 2352 ex
906 2298 1110 2352 illorum
1154 2300 1367 2352 materia
1416 2300 1627 2351 soboles
1669 2309 1978 2352 crearetur:

415 2380 657 2435 tauquam
682 2383 743 2422 ex
775 2369 966 2422 arbore
998 2369 1127 2420 ratui
1161 2369 1240 2421 vel
1274 2366 1470 2420 fructus
1511 2369 1734 2434 primum
1767 2369 1978 2436 quidem

417 2446 635 2500 tenues,
666 2449 844 2505 postea
874 2439 982 2504 jatn
1013 2439 1130 2506 paul
1152 2439 1260 2490 itim
1296 2439 1485 2490 maturi
1516 2439 1596 2491 vel
1633 2438 1765 2491 firmi
1802 2440 1980 2492 viden-

415 2519 498 2559 tur
527 2511 798 2574 protirere.
843 2507 917 2560 Ita
948 2523 1172 2575 namque
1195 2508 1366 2558 omnis
1412 2519 1596 2560 natura
1628 2509 1776 2561 lirtna
1805 2518 1859 2562 et
1889 2524 1980 2562 so-

418 2578 518 2628 lida
563 2581 808 2646 quicquid
855 2580 1131 2645 protulerit
1169 2577 1419 2641 ostendit,
1445 2589 1721 2643 reparante
1762 2589 1982 2633 auctore

419 2647 525 2700 Dco
555 2649 675 2700 dttttt
707 2658 939 2715 generat.
976 2650 1036 2699 lCt
1060 2647 1135 2698 sic
1164 2650 1356 2714 quippe
1384 2649 1702 2702 credcudutn
1733 2658 1832 2712 est,
1863 2651 1980 2714 quia

416 2719 573 2769 homo
602 2719 651 2770 in
686 2718 970 2783 primordio
994 2721 1156 2769 laetus
1185 2735 1212 2769 a
1246 2718 1488 2782 Domino,
1512 2727 1666 2770 :ctale
1698 2719 1980 2785 legitimus,

413 2797 465 2838 et
497 2797 670 2839 tuente
703 2789 904 2854 plenus,
935 2799 985 2840 et
1015 2801 1179 2850 capax
1211 2788 1458 2849 rationis;
1493 2788 1540 2841 in
1574 2804 1674 2856 qua
1705 2792 1768 2838 Vit
1792 2789 1978 2840 l'tt‘iil."

416 2868 628 2924 capt-ret
650 2898 664 2920 ,
706 2859 748 2910 si
785 2859 968 2911 tnortis
1001 2858 1310 2924 imperasset
1350 2859 1572 2909 auctori.
1607 2859 1725 2911 Ideo
1757 2873 1984 2925 namque

417 2942 624 2990 pii-nam
654 2928 838 2981 mortis
868 2929 1106 2991 incurrit,
1134 2929 1254 2992 quia
1282 2942 1384 2978 non
1409 2930 1504 2979 sub
1537 2929 1734 2993 parvuli
1763 2937 1906 2980 motu
1933 2938 1985 2981 et

417 2997 626 3048 inlirmo
653 3012 842 3060 sensu,
887 2998 977 3050 sed
1013 2998 1194 3064 plenus
1223 3000 1427 3050 ratione
1459 3000 1616 3049 homo
1647 2998 1696 3050 itt
1742 3000 1986 3064 paradiso

416 3067 664 3134 deliquit;
718 3069 838 3135 quia
866 3069 1052 3120 scienti
1085 3067 1279 3120 bonum
1312 3070 1484 3120 lacere
1513 3079 1563 3120 et
1598 3083 1700 3119 non
1734 3066 1982 3134 facienti,

415 3145 684 3202 peccatum
716 3148 796 3189 est
837 3138 910 3189 illi
960 3139 1287 3201 imputatum.
1341 3137 1646 3188 Itcuovatur
1674 3147 1849 3190 autem
1894 3153 1986 3205 per

413 3207 632 3272 gratiam
659 3205 928 3259 Creatoris
958 3207 1044 3274 qui
1077 3222 1178 3258 nou
1221 3205 1390 3256 solum
1424 3207 1667 3272 parvulos
1707 3208 1985 3260 coronavit

413 3277 538 3326 dutn
582 3285 732 3330 natus
773 3285 875 3339 est,
918 3291 1100 3328 verum
1145 3274 1302 3328 etiam
1346 3275 1612 3328 diabolum
1660 3278 1986 3344 compescuit

413 3361 532 3398 cum
572 3360 754 3413 passus
786 3355 894 3406 est,
926 3345 1172 3398 donando
1215 3345 1364 3396 nobis
1402 3345 1540 3412 quod
1584 3348 1693 3413 ipse
1730 3348 1893 3415 gessit
1936 3349 1987 3399 in

414 3431 575 3469 carne
621 3432 634 3467 :
685 3425 744 3470 ut
794 3416 1197 3470 resurrectionis
1246 3415 1487 3467 similiter
1531 3415 1764 3479 Christi,
1815 3418 1989 3471 omnis

417 3500 591 3538 annua
624 3501 724 3538 xxx
753 3495 933 3555 surgat
963 3501 1220 3538 annorum
1248 3495 1404 3536 attate
1432 3486 1482 3537 itt
1524 3485 1621 3538 hac
1653 3486 1762 3552 ipsa
1782 3528 1796 3551 ,
1829 3501 1987 3553 quam

416 3557 578 3623 gessit
605 3556 789 3608 vivens
832 3557 882 3608 in
929 3570 1171 3624 corpore,
1201 3569 1392 3617 carne;
1443 3567 1497 3606 ut
1543 3556 1759 3618 recipiat
1810 3572 1988 3610 unus—

415 3626 640 3745 quilsque
663 3625 814 3695 juxta
845 3625 985 3696 quod
1015 3627 1123 3696 egit
1162 3631 1212 3680 in
1239 3640 1463 3694 corpore
1491 3626 1607 3680 sive
1648 3625 1845 3681 bonum
1877 3627 1989 3683 sive

417 3711 499 3745 Illa
526 3711 632 3745 11η).

417 3711 632 3750 malum.

485 3765 573 3818 18.
615 3766 766 3833 Quod
811 3777 984 3822 autem
1034 3767 1355 3834 baptismum
1399 3781 1428 3819 a
1477 3765 1718 3821 Johanne
1746 3767 1988 3823 Christus

415 3835 640 3889 libenter
668 3843 959 3903 acceperit,
1009 3847 1064 3890 ut
1111 3849 1164 3890 tu
1197 3852 1298 3890 neu
1329 3837 1629 3906 dcdiguerts
1669 3853 1696 3890 a
1727 3853 1987 3892 tonservo

413 3907 706 3973 suscipere.
758 3909 870 3961 Non
918 3910 1142 3972 debitor,
1167 3909 1256 3962 sed
1301 3906 1574 3970 Detniuus,
1621 3909 1737 3961 sine
1773 3919 1988 3974 peccato

413 3989 625 4029 sumere
656 3977 818 4044 voluit
861 3993 890 4031 a
937 3994 1128 4040 servo;
1184 3986 1241 4031 ιιι
1269 3979 1405 4030 inter
1436 3979 1544 4044 ipsa
1579 3978 1770 4030 tluenta
1801 3978 1986 4033 Jorda—

416 4047 496 4098 nis
523 4062 682 4113 super
714 4063 874 4100 unum
905 4051 1247 4101 niedtatorem
1278 4047 1368 4100 Dei
1395 4055 1450 4100 et
1475 4058 1526 4100 et
1559 4047 1832 4101 hominum
1862 4064 1986 4102 san-

413 4127 514 4169 cta:
561 4117 833 4170 'l'rinitatis
880 4118 1240 4172 declararetur
1295 4117 1614 4181 auctoritas;
1665 4119 1789 4172 dum
1848 4119 1986 4175 Deus

417 4185 571 4239 I’ater
604 4189 655 4240 ιιι
689 4202 838 4250 voce,
873 4187 1034 4241 Filius
1076 4191 1125 4241 iu
1168 4187 1402 4250 homine,
1435 4188 1656 4256 Spiritus
1685 4196 1899 4243 sanctus
1933 4193 1984 4244 in

413 4259 669 4311 columba:
709 4260 885 4326 specie
921 4262 1375 4323 demonstrantur,
1421 4274 1520 4310 uua
1563 4258 1810 4313 divinitas
1853 4273 1982 4314 con-

413 4337 559 4380 stans
589 4337 643 4381 et
673 4328 893 4382 indivisa
926 4329 1094 4381 dedas
1125 4339 1281 4396 atque
1313 4329 1583 4390 maiestas.
1615 4329 1766 4394 Quod
1809 4339 1982 4383 autem

413 4399 478 4448 ab
507 4399 694 4466 spiritu
722 4401 972 4466 etipulsus
1002 4409 1080 4450 t-st
1121 4397 1172 4450 itt
1213 4399 1483 4450 desertum
1507 4440 1521 4464 ,
1558 4398 1606 4451 id
1638 4408 1720 4452 est
1749 4413 1877 4453 caro
1906 4401 1984 4453 fa-

413 4479 527 4520 ctus
560 4476 740 4533 homo,
766 4484 920 4537 quam
951 4477 1243 4536 sumpserat
1279 4480 1495 4533 propter
1523 4477 1755 4522 veterem
1785 4471 1978 4535 Adam,

2088 1879 2196 1931 rius
2225 1887 2273 1943 ο,
2308 1879 2492 1950 lector,
2525 1882 2902 1943 subdiaconus,
2921 1879 3210 1943 diaconus,
3257 1882 3557 1950 presbyter,
3603 1891 3655 1932 et

2053 1948 2384 2017 'episcopus.
2433 1949 2538 2003 llos
2580 1961 2780 2019 septem
2825 1953 3019 2017 gradus
3061 1951 3299 2016 implevit
3327 1948 3571 2004 (.ltristus
3601 1951 3651 2002 in

2084 2030 2246 2072 carne
2303 2021 2432 2074 Nam
2463 2021 2711 2073 ostiarius
2741 2021 2856 2083 fuit,
2889 2021 3103 2089 quando
3132 2021 3324 2073 ostium
3353 2036 3490 2073 arca:
3528 2035 3653 2077 atte-

2085 2091 2208 2154 ruit,
2245 2097 2297 2142 et
2327 2091 2515 2143 iterum
2547 2091 2753 2143 clausit.
2791 2090 3066 2144 Foss:trius
3100 2090 3193 2142 l'nit
3236 2091 3448 2155 quando
3493 2090 3650 2143 Laza-

2085 2171 2201 2210 rum
2233 2159 2297 2210 de
2331 2173 2693 2224 monumento,
2726 2170 2912 2228 quarto
2943 2160 3028 2213 die
3054 2162 3162 2226 jtm
3193 2160 3431 2214 hetidum
3461 2175 3651 2213 evoca-

2085 2228 2177 2281 vit.
2235 2229 2420 2281 |.ector
2470 2230 2566 2282 luit
2611 2233 2822 2297 quando
2865 2229 3053 2283 librum
3100 2231 3264 2282 ESiliie
3299 2229 3651 2298 prophetaein

2087 2298 2264 2351 medio
2293 2313 2571 2368 synagoga:
2595 2300 2646 2352 in
2677 2314 2829 2353 aures
2859 2300 2996 2366 plebi
3030 2299 3254 2368 aperuit,
3283 2301 3425 2366 legit,
3451 2309 3505 2354 et
3532 2314 3652 2351 cum

2091 2368 2464 2433 replieuisset,
2520 2369 2762 2423 ntinistro
2828 2369 3059 2422 tradidit.
3133 2369 3506 2424 Sttbdiaconus
3560 2370 3656 2420 l'uit

2085 2441 2298 2502 quando
2343 2453 2532 2504 aquam
2585 2439 2636 2492 in
2685 2436 2878 2506 pelvim
2926 2441 3088 2499 misit,
3139 2449 3193 2492 et
3246 2437 3516 2492 humiliter
3560 2455 3652 2491 sua

2090 2516 2281 2572 sponte
2305 2509 2464 2574 pedes
2485 2509 2858 2575 discipulorum
2885 2511 3024 2562 lavit.
3047 2508 3306 2563 Diaconos
3329 2509 3426 2562 l'uit
3447 2509 3655 2576 quando

2086 2577 2303 2629 calicem
2355 2578 2644 2640 benedixit,
2695 2590 2746 2632 et
2795 2580 3048 2646 apostolis
3093 2581 3203 2631 suis
3247 2580 3312 2632 ad
3366 2579 3651 2634 bibendum

2089 2647 2343 2712 porrexit.
2387 2647 2666 2716 Presbyter
2707 2649 2802 2701 l'uit
2835 2649 3044 2716 quando
3076 2664 3264 2714 panem
3308 2649 3576 2702 benedixt
3604 2661 3656 2704 ct

2092 2717 2170 2767 eis
2197 2718 2439 2771 similiter
2469 2718 2701 2771 tradidit.
2740 2720 3028 2786 Episcopus
3058 2721 3154 2773 luit
3189 2719 3402 2785 quando
3434 2721 3484 2772 itt
3516 2730 3660 2772 tetn-

2089 2789 2174 2851 plo
2218 2791 2458 2854 pepulus,
2504 2789 2641 2842 sicut
2681 2797 2994 2856 potestatem
3040 2790 3259 2853 habens,
3305 2804 3524 2858 regnum
3569 2789 3659 2842 Dei

2087 2858 2328 2908 docebat.
2385 2859 2447 2910 lit
2501 2858 2612 2910 haec
2664 2859 2878 2927 quidem
2928 2861 3089 2914 etiam
3144 2869 3362 2914 sanctus
3418 2860 3660 2929 Epiri-tem

2088 2938 2470 2980 commemorat
2501 2929 2762 2981 similiter.

2155 2996 2246 3048 20.
2290 2997 2420 3050 Nam
2451 2999 2589 3068 quod
2637 3013 2664 3050 a
2708 2997 2920 3066 preprio
2960 3000 3216 3068 discipulo
3260 3016 3363 3054 xxx
3397 3001 3660 3068 argenteis

2090 3068 2442 3138 veuutudatur
2465 3067 2682 3129 ludatis,
2709 3080 2831 3122 ante
2854 3067 3227 3138 prtesignatutu
3252 3083 3333 3125 est
3357 3073 3407 3123 in
3430 3067 3662 3136 Josepho

2016 3174 2058 3234 C
2090 3137 2202 3234 suis
2219 3137 2504 3234 “fratribus.
2543 3138 2862 3234 ifillllaillciills
2888 3139 3180 3234 distracto:l
3213 3141 3362 3234 Quod
3392 3151 3567 3234 autem
3602 3140 3661 3215 lia

2091 3218 2242 3274 gaius
2272 3221 2299 3260 a
2332 3207 2585 3260 ministris
2617 3207 2958 3261 llebrteorutu
2989 3209 3198 3262 dest-rib
3227 3221 3329 3274 tur,
3369 3219 3425 3262 ut
3453 3224 3548 3264 eos
3575 3213 3660 3276 qui

2092 3276 2304 3328 diabolo
2333 3278 2617 3343 compediti
2667 3277 2981 3331 tenebantur
3025 3279 3348 3343 absolveret,
3397 3289 3450 3333 et
3497 3297 3663 3332 nexus

2093 3355 2424 3414 peccatorum
2465 3346 2842 3413 confringet-et.
2889 3349 2952 3401 Et
2994 3350 3130 3414 quid
3174 3350 3360 3417 palmis
3389 3350 3439 3401 iu
3471 3348 3660 3402 facient

2094 3417 2420 3488 verberatur,
2449 3417 2601 3471 nobis
2630 3433 2806 3470 vetant
2839 3417 3132 3472 libertatein
3161 3421 3395 3472 donavit.
3429 3421 3492 3472 Et
3517 3422 3660 3488 qttod

2091 3487 2327 3555 colaphis
2378 3488 2548 3556 capite
2584 3487 2824 3550 caeditur,
2877 3499 3114 3541 nostrum
3165 3501 3246 3542 est
3285 3491 3496 3542 sanitati
3541 3487 3663 3542 red-

2090 3557 2258 3611 ditutn
2285 3566 2460 3627 caput.
2502 3559 2564 3610 Et
2593 3559 2730 3626 quod
2772 3559 3057 3612 immundis
3086 3559 3471 3626 Sputatniuihtts
3501 3561 3661 3626 perli-

2092 3627 2256 3692 nitur,
2285 3643 2315 3680 a
2348 3638 2527 3682 nostra
2559 3629 2689 3681 facie
2718 3629 2964 3682 abstersit
3009 3631 3372 3696 opprobrium.
3427 3630 3492 3682 Et
3522 3629 3662 3694 quod

2089 3697 2250 3753 dorso
2280 3700 2500 3768 ﬂagellis
2544 3699 2874 3760 verberatur,
2922 3715 2950 3751 a
2993 3699 3144 3752 nobis
3189 3701 3367 3767 plagas
3398 3701 3586 3752 mortis
3613 3708 3667 3753 et

2091 3769 2282 3822 diabdi
2315 3769 2517 3837 llagella
2544 3768 2784 3822 dimovit.
2818 3771 2881 3822 Et
2908 3771 3049 3836 quod
3081 3780 3203 3824 ante
3231 3771 3457 3823 tribunal
3493 3770 3660 3822 Pontii

2091 3839 2247 3892 Pilati
2281 3840 2472 3902 adstat,
2499 3855 2527 3890 a
2559 3841 2711 3892 nobis
2741 3849 2994 3892 letI'OI‘Clll
3029 3850 3186 3906 at-pte
3215 3840 3550 3893 lbi-midinem
3583 3841 3661 3904 ju-

2089 3910 2266 3963 dicutn
2298 3919 2353 3962 et
2386 3913 2678 3977 principum
2714 3917 2867 3976 hujus
2910 3910 3091 3962 Inttttdi
3132 3911 3364 3962 abstulit.
3419 3913 3479 3962 lat
3519 3912 3659 3977 qun-tl

2090 3979 2282 4032 multos
2339 3988 2503 4032 testes
2559 3979 2720 4030 l‘alsos
2775 3980 3027 4046 pertulit,
3089 3989 3393 4032 sanctorum
3447 3994 3662 4032 suorum

2087 4060 2272 4102 contra
2307 4052 2494 4114 impios
2525 4049 2883 4102 testimonium
2913 4050 3263 4102 continuavit.
3307 4049 3454 4114 Quod
3485 4063 3660 4102 autem

2089 4119 2227 4172 inter
2275 4120 2479 4186 iniquos
2517 4119 2797 4187 deputatus
2838 4125 2938 4178 est,
2990 4128 3045 4171 ut
3078 4119 3211 4171 lilios
3254 4119 3529 4185 adoptivos
3576 4135 3667 4186 per

2090 4189 2244 4242 lidcut
2274 4191 2581 4257 angelorum
2615 4189 2893 4257 participes
2921 4190 3328 4242 demonstraret.
3359 4190 3508 4256 Quod
3539 4204 3666 4241 vero

2089 4273 2249 4311 unum
2277 4262 2572 4323 susreperit
2592 4299 2606 4322 ,
2649 4259 2696 4310 al
2723 4275 2870 4312 erunt
2904 4257 3258 4326 teprobavct'it
3281 4298 3294 4321 ,
3328 4271 3382 4311 ut
3409 4268 3662 4328 quantum

2089 4329 2297 4382 intersit
2329 4329 2465 4381 inter
2495 4330 2840 4382 hllllllillillelll
2881 4339 2932 4381 et
2961 4331 3264 4395 superbiant
3287 4369 3301 4392 ,
3333 4341 3386 4382 et
3409 4342 3666 4398 quantum

2086 4400 2390 4466 desperatio
2419 4401 2487 4452 ab
2526 4414 2620 4467 spe
2664 4401 2868 4462 salutis,
2915 4400 2992 4453 \el
3041 4415 3070 4452 a
3119 4402 3314 4453 malitia
3360 4399 3520 4453 distet
3563 4403 3668 4455 clo-

2089 4471 2286 4524 nientia
2311 4510 2326 4534 ,
2357 4469 2764 4524 demonstraret.
2810 4472 2874 4523 Et
2911 4470 3050 4538 quod
3082 4471 3245 4523 clavis
3273 4472 3576 4539 conligitur,
3611 4484 3668 4526 ut

413 4554 568 4604 quem
601 4529 736 4592 intra
769 4529 988 4609 delicias
1018 4529 1246 4609 paradisi
1271 4529 1510 4609 diabolus
1541 4539 1772 4603 vicerat,
1806 4541 1893 4595 hic
1925 4529 1976 4596 iri
2016 4529 2065 4589 1)
2088 4529 2329 4594 aculeum
2359 4542 2566 4606 mortis,
2598 4543 2683 4609 qui
2721 4541 2874 4593 nobis
2906 4529 3072 4593 luerat
3103 4529 3469 4606 pertnolestus,
3498 4529 3662 4609 signi--

413 4614 626 4663 deserto
654 4623 774 4663 cum
807 4608 1023 4662 inimico
1052 4607 1336 4676 conﬂigere
1364 4607 1603 4674 cupiens,
1637 4616 1692 4661 ut
1719 4624 1812 4676 per
1834 4609 1974 4678 jeju-

412 4681 484 4731 nii
531 4693 724 4732 munus
771 4681 838 4732 de
881 4679 970 4732 illo
1003 4679 1277 4731 victoriam
1317 4677 1552 4745 capiens,
1583 4677 1982 4735 omnibus’suis

413 4749 656 4802 lidelibus
709 4749 945 4803 traderet
990 4747 1424 4802 conculcandutn.
1485 4747 1561 4800 De
1605 4763 1707 4815 qua
1759 4751 1980 4804 victoria

411 4833 536 4874 ante
585 4820 842 4888 propheta
889 4819 1174 4872 Zacharias
1201 4817 1392 4871 cecinit
1437 4817 1666 4872 dicens:
1699 4817 1845 4883 Vidi,
1899 4821 1980 4874 in—

411 4891 542 4956 quit,
572 4889 750 4943 Jesum
783 4889 1112 4943 sacerdotem
1141 4903 1409 4955 magnum,
1441 4896 1497 4941 et
1523 4889 1696 4943 stabat
1722 4903 1752 4940 a
1780 4891 1982 4944 dextris

411 4976 527 5027 ejus
558 4962 841 5024 diabolus,
888 4961 937 5013 id
968 4969 1050 5014 est
1079 4974 1141 5012 ex
1189 4968 1337 5025 parte
1371 4957 1590 5026 justitite
1610 4998 1624 5021 ,
1656 4962 1983 5015 concinuans

415 5036 585 5084 dolos.
619 5033 681 5083 ιιι
708 5031 814 5083 dixi
849 5029 915 5084 ad
953 5046 1072 5083 cum
1109 5047 1120 5081 :
1156 5028 1397 5096 lucrepet
1427 5028 1516 5080 tibi
1550 5030 1830 5096 Dominus,
1864 5030 1980 5082 dia-

413 5101 564 5162 bole,
594 5102 682 5168 qui
715 5099 923 5154 redimit
957 5099 1183 5163 Israhel,
1211 5110 1262 5152 et
1292 5096 1450 5165 elegit
1478 5098 1804 5152 Hierusalem
1833 5115 1846 5152 :
1874 5117 1980 5152 no-

415 5172 491 5224 bis
534 5185 660 5240 ergo
691 5170 814 5224 vicit
843 5173 932 5239 qui
963 5169 1110 5223 solos
1143 5169 1414 5223 victoriam
1446 5175 1511 5222 de
1540 5169 1756 5224 diabolo
1786 5185 1981 5239 capere

487 5309 511 5336 "
561 5308 732 5363 Locus
789 5307 940 5374 valde
993 5307 1238 5362 notabilis
1290 5307 1360 5362 ob
1413 5307 1775 5361 testimandatn
1831 5306 1986 5375 hujus

411 5378 663 5432 Chronici
693 5381 1080 5447 antiquitatem.
1118 5378 1323 5432 Etenim
1354 5390 1539 5431 auctor
1565 5389 1714 5431 vetus
1744 5379 1986 5442 epistola:

413 5453 478 5504 de
515 5449 791 5504 ordinibus
832 5449 1070 5504 ecclesiae
1110 5448 1209 5518 (S.
1255 5447 1471 5500 Hieron.
1506 5447 1668 5514 0pp.,
1706 5459 1825 5500 tam.
1864 5447 1984 5514 ulc,

413 5535 464 5587 p.
499 5518 648 5587 115),
687 5520 902 5589 primus,
943 5519 1142 5587 inquit,
1185 5519 1238 5570 in
1274 5519 1467 5572 clericis
1505 5519 1831 5586 [ossariorum
1863 5522 1988 5571 ordo

411 5599 506 5656 cst,
537 5606 694 5658 quem
723 5602 904 5643 lluSlel'
928 5601 1102 5645 tamen
1129 5589 1276 5655 ponit
1303 5592 1614 5642 secundum.
1644 5589 1986 5641 Animadver-

417 5661 478 5716 tit
501 5673 678 5714 autctn
719 5661 965 5728 Ariugius
1004 5661 1156 5711 llom.
1192 5660 1332 5711 subt.
1367 5658 1429 5712 Τ.
1463 5661 1508 5720 l,
1545 5677 1594 5725 p.
1626 5663 1713 5720 till,
1748 5661 1989 5727 [uasto-ias

416 5735 512 5782 hos
542 5731 782 5784 ecclesia.-
821 5731 1122 5794 tuinistros,
1162 5728 1266 5781 dici
1318 5737 1575 5788 κοπώντας
1607 5745 1634 5780 a
1685 5734 1740 5783 S.
1793 5731 1990 5795 lguatio

416 5801 574 5871 epist.
623 5803 686 5856 ad
730 5800 1002 5868 Antioch,
1050 5811 1101 5856 ct
1133 5801 1374 5860 κοπικτάς
1425 5816 1452 5852 a
1497 5803 1552 5855 S.
1608 5800 1899 5870 Epiphanio
1937 5801 1987 5853 itt

2089 4609 2273 4663 licaret
2320 4625 2439 4664 esse
2484 4610 2830 4664 destructum.
2881 4610 3029 4674 Quod
3073 4623 3198 4661 vero
3241 4618 3416 4661 vestes
3456 4611 3572 4678 ejus
3615 4614 3666 4663 in

2085 4691 2283 4733 sortem
2321 4679 2640 4744 ceciderint,
2684 4687 2742 4733 ut
2786 4693 2904 4733 sors
2939 4688 3243 4731 sanctorum
3276 4680 3578 4733 lirmaretur
3615 4685 3664 4734 in

2085 4752 2243 4802 caelo.

2154 4819 2244 4871 2|.
2287 4818 2348 4872 Et
2377 4819 2513 4887 quod
2555 4819 2713 4872 etiam
2761 4818 2969 4885 propria
3016 4827 3308 4886 potestate,
3356 4827 3528 4871 morte
3565 4834 3662 4871 sua

2088 4887 2270 4942 habtnt
2315 4889 2666 4956 esplctionetn
2707 4888 2919 4950 dicens,
2961 4891 3396 4941 Consumtuatutn
3445 4897 3557 4952 est,
3610 4901 3664 4941 et

2086 4958 2337 5012 inclinato
2362 4961 2534 5026 capite
2566 4959 2777 5011 tradidit
2805 4959 3081 5026 spiritum;
3115 4968 3326 5026 propter
3355 4957 3480 5010 Illud
3511 4973 3522 5010 :
3559 4958 3664 5010 Po-

2089 5037 2331 5083 testatcm
2366 5028 2532 5082 habeo
2572 5030 2798 5095 ponendi
2842 5031 3072 5081 animam
3107 5045 3309 5088 meant,
3341 5037 3394 5081 et
3434 5037 3664 5095 potesta-

2088 5107 2190 5152 tctn
2226 5099 2393 5152 habeo
2423 5103 2609 5153 iterum
2641 5099 2882 5152 sumendi
2909 5114 3059 5158 eam;
3088 5115 3154 5151 eo
3175 5102 3312 5165 qttod
3343 5098 3663 5151 sacrilicitun

2088 5169 2441 5224 voluntarium
2472 5185 2532 5224 se
2567 5170 2738 5238 ipsutu
2766 5171 2957 5238 optulit
2988 5172 3127 5222 l'atrt
3160 5185 3254 5238 pro
3285 5170 3455 5222 nobis.
3485 5169 3655 5239 Quod-

2089 5318 2214 5371 cxp.
2246 5303 2335 5356 lid.
2370 5303 2640 5358 Boldeltus
2685 5301 2736 5356 in
2765 5301 3098 5356 Cmineteriis
3141 5303 3230 5355 lib.
3275 5317 3323 5363 t,
3367 5300 3455 5364 15,
3486 5299 3554 5356 de
3584 5300 3665 5354 bis

2089 5370 2405 5428 Christianis
2454 5373 2690 5426 l'ossariis
2737 5387 2832 5426 seu
2881 5373 3169 5426 fossoribus
3215 5371 3368 5425 docte
3415 5370 3664 5431 disserit,

2092 5444 2424 5510 exhibetque
2455 5443 2736 5511 imaginem
2764 5445 2812 5495 in
2841 5447 3042 5508 cryptis
3069 5442 3234 5495 sacris
3259 5452 3523 5508 repertam
3541 5456 3664 5495 cum

2092 5515 2431 5580 illSCl'ipliOIle
2449 5515 2734 5569 DIOGENES.
2757 5513 2978 5566 Fossou.
2993 5527 3041 5564 tv
3065 5527 3216 5565 race.
3236 5527 3544 5578 DEI‘OSITUS,
3559 5526 3661 5566 etc.

2093 5582 2258 5636 Porro
2286 5584 2351 5636 de
2391 5595 2643 5638 Vartetate
2671 5599 2732 5637 ac
2762 5584 3098 5636 multitudine
3130 5585 3390 5635 tninormn
3418 5583 3665 5642 ordinum

2091 5656 2227 5720 apud
2264 5653 2436 5707 varias
2467 5654 2750 5716 Ecclesias,
2784 5654 2958 5720 legere
2991 5653 3224 5720 proderit
3251 5668 3369 5720 qua:
3397 5653 3580 5706 scribit
3613 5667 3665 5704 ιιι

2092 5725 2462 5778 dissertatione
2503 5725 2569 5778 de
2615 5725 2772 5778 rebus
2811 5722 3003 5775 cccles.
3036 5723 3178 5790 et'ipt.
3221 5723 3482 5789 .losepbus
3511 5728 3662 5776 Asse-

2094 5812 2280 5852 tuanus
2311 5796 2505 5865 SCI‘lpl.
2545 5794 2658 5851 ‘t'ct.
2690 5805 2815 5850 toni.
2857 5793 2916 5859 Υ,
2949 5805 3082 5864 part,
3119 5809 3174 5858 ιι,
3209 5808 3327 5864 pag.
3362 5795 3380 5848 l
3427 5793 3478 5845 7.
