  <div class='ocr_page' id='page_1' title='image "/cluster/home/n/w/nwhite01/storage/ocr_20150623/94/umn.31951002477387e/591.png"; bbox 0 0 4110 6480; ppageno 0'>
   <div class='ocr_carea' id='block_1_1' title="bbox 489 382 616 433">
    <p class='ocr_par' dir='ltr' id='par_1_1' title="bbox 489 382 616 433">
     <span class='ocr_line' id='line_1_1' title="bbox 489 382 616 433; baseline -0.008 -1"><span class='ocrx_word' id='word_1_1' title='bbox 489 382 616 433; x_wconf 57' lang='grc' dir='ltr'><strong>ἑίἷι</strong></span> 
     </span>
    </p>
   </div>
   <div class='ocr_carea' id='block_1_2' title="bbox 1478 377 2726 433">
    <p class='ocr_par' dir='ltr' id='par_1_2' title="bbox 1478 377 2726 433">
     <span class='ocr_line' id='line_1_2' title="bbox 1478 377 2726 433; baseline 0.002 -1"><span class='ocrx_word' id='word_1_2' title='bbox 1478 380 1562 432; x_wconf 73' lang='lat' dir='ltr'><strong>Al)</strong></span> <span class='ocrx_word' id='word_1_3' title='bbox 1606 379 1650 432; x_wconf 66' lang='lat' dir='ltr'><strong>ill</strong></span> <span class='ocrx_word' id='word_1_4' title='bbox 1681 377 1999 432; x_wconf 54' lang='lat' dir='ltr'><strong>tliTYliOL.</strong></span> <span class='ocrx_word' id='word_1_5' title='bbox 2047 377 2243 428; x_wconf 66' lang='grc' dir='ltr'><strong><em>ιιιειλ-ι]</em></strong></span> <span class='ocrx_word' id='word_1_6' title='bbox 2289 379 2726 433; x_wconf 61' lang='grc' dir='ltr'><strong>ΜῬΕΝΜΗΕΞ.</strong></span> 
     </span>
    </p>
   </div>
   <div class='ocr_carea' id='block_1_3' title="bbox 3581 381 3712 436">
    <p class='ocr_par' dir='ltr' id='par_1_3' title="bbox 3581 381 3712 436">
     <span class='ocr_line' id='line_1_3' title="bbox 3581 381 3712 436; baseline -0.015 0"><span class='ocrx_word' id='word_1_7' title='bbox 3581 381 3712 436; x_wconf 74' lang='lat'><strong>“73</strong></span> 
     </span>
    </p>
   </div>
   <div class='ocr_carea' id='block_1_4' title="bbox 485 469 3707 540">
    <p class='ocr_par' dir='ltr' id='par_1_4' title="bbox 485 469 3707 540">
     <span class='ocr_line' id='line_1_4' title="bbox 485 469 3707 540; baseline 0 -17"><span class='ocrx_word' id='word_1_8' title='bbox 485 488 584 537; x_wconf 78' lang='lat' dir='ltr'><strong>que</strong></span> <span class='ocrx_word' id='word_1_9' title='bbox 627 489 760 524; x_wconf 72' lang='lat' dir='ltr'><strong>unus</strong></span> <span class='ocrx_word' id='word_1_10' title='bbox 812 473 1054 537; x_wconf 81' lang='lat' dir='ltr'><strong>idemque</strong></span> <span class='ocrx_word' id='word_1_11' title='bbox 1106 471 1241 523; x_wconf 80' lang='lat' dir='ltr'><strong>inter</strong></span> <span class='ocrx_word' id='word_1_12' title='bbox 1288 477 1521 522; x_wconf 79' lang='lat' dir='ltr'><strong>mortuos</strong></span> <span class='ocrx_word' id='word_1_13' title='bbox 1573 469 1724 530; x_wconf 85' lang='lat' dir='ltr'><strong>liber,</strong></span> <span class='ocrx_word' id='word_1_14' title='bbox 1771 478 1829 522; x_wconf 88' lang='lat' dir='ltr'><strong>ut</strong></span> <span class='ocrx_word' id='word_1_15' title='bbox 1877 481 2056 522; x_wconf 85' lang='lat' dir='ltr'><strong>nostra</strong></span> <span class='ocrx_word' id='word_1_16' title='bbox 2094 478 2132 527; x_wconf 75' lang='grc' dir='ltr'>Α</span> <span class='ocrx_word' id='word_1_17' title='bbox 2166 472 2214 522; x_wconf 89' lang='lat' dir='ltr'><strong>in</strong></span> <span class='ocrx_word' id='word_1_18' title='bbox 2245 470 2472 523; x_wconf 65' lang='lat' dir='ltr'><strong>lr-mine.</strong></span> <span class='ocrx_word' id='word_1_19' title='bbox 2533 472 2659 523; x_wconf 84' lang='lat' dir='ltr'><strong>Nam</strong></span> <span class='ocrx_word' id='word_1_20' title='bbox 2703 481 2821 540; x_wconf 88' lang='lat' dir='ltr'><strong>post</strong></span> <span class='ocrx_word' id='word_1_21' title='bbox 2871 476 3002 525; x_wconf 78' lang='lat' dir='ltr'><strong>Sexti</strong></span> <span class='ocrx_word' id='word_1_22' title='bbox 3049 475 3153 527; x_wconf 83' lang='lat' dir='ltr'><strong>diei</strong></span> <span class='ocrx_word' id='word_1_23' title='bbox 3197 472 3558 540; x_wconf 86' lang='lat' dir='ltr'><strong>operationem</strong></span> <span class='ocrx_word' id='word_1_24' title='bbox 3605 488 3707 524; x_wconf 82' lang='lat' dir='ltr'><strong>nou</strong></span> 
     </span>
    </p>
   </div>
   <div class='ocr_carea' id='block_1_5' title="bbox 487 540 2052 602">
    <p class='ocr_par' dir='ltr' id='par_1_5' title="bbox 487 540 2052 602">
     <span class='ocr_line' id='line_1_5' title="bbox 487 540 2052 602; baseline -0.001 -10"><span class='ocrx_word' id='word_1_25' title='bbox 487 541 821 596; x_wconf 84' lang='lat' dir='ltr'><strong>mortilicatio</strong></span> <span class='ocrx_word' id='word_1_26' title='bbox 870 543 1005 594; x_wconf 88' lang='lat' dir='ltr'><strong>illius</strong></span> <span class='ocrx_word' id='word_1_27' title='bbox 1049 541 1444 593; x_wconf 83' lang='lat' dir='ltr'><strong>immortalitate</strong></span> <span class='ocrx_word' id='word_1_28' title='bbox 1483 540 1854 593; x_wconf 70' lang='lat' dir='ltr'><strong>viviltcaretnr.</strong></span> <span class='ocrx_word' id='word_1_29' title='bbox 1903 543 2052 602; x_wconf 86' lang='lat' dir='ltr'><strong>Quod</strong></span> 
     </span>
    </p>
   </div>
   <div class='ocr_carea' id='block_1_6' title="bbox 486 608 2056 677">
    <p class='ocr_par' dir='ltr' id='par_1_6' title="bbox 486 608 2056 677">
     <span class='ocr_line' id='line_1_6' title="bbox 486 608 2056 677; baseline -0.001 -15"><span class='ocrx_word' id='word_1_30' title='bbox 486 624 662 666; x_wconf 83' lang='lat' dir='ltr'><strong>autem</strong></span> <span class='ocrx_word' id='word_1_31' title='bbox 694 623 1004 665; x_wconf 73' lang='lat' dir='ltr'><strong>cmterorum</strong></span> <span class='ocrx_word' id='word_1_32' title='bbox 1037 625 1190 662; x_wconf 88' lang='lat' dir='ltr'><strong>crura</strong></span> <span class='ocrx_word' id='word_1_33' title='bbox 1222 609 1489 663; x_wconf 68' lang='lat' dir='ltr'><strong>confracta</strong></span> <span class='ocrx_word' id='word_1_34' title='bbox 1514 654 1525 671; x_wconf 81' lang='lat'><strong>,</strong></span> <span class='ocrx_word' id='word_1_35' title='bbox 1571 608 1792 677; x_wconf 78' lang='lat' dir='ltr'><strong>ej-xsque</strong></span> <span class='ocrx_word' id='word_1_36' title='bbox 1839 609 2056 664; x_wconf 85' lang='lat' dir='ltr'><strong>minime</strong></span> 
     </span>
    </p>
   </div>
   <div class='ocr_carea' id='block_1_7' title="bbox 485 678 2057 746">
    <p class='ocr_par' dir='ltr' id='par_1_7' title="bbox 485 678 2057 746">
     <span class='ocr_line' id='line_1_7' title="bbox 485 678 2057 746; baseline -0.001 -15"><span class='ocrx_word' id='word_1_37' title='bbox 485 691 607 736; x_wconf 58' lang='grc' dir='ltr'><strong><em>ριιιιι</em></strong></span> <span class='ocrx_word' id='word_1_38' title='bbox 634 683 955 734; x_wconf 85' lang='lat' dir='ltr'><strong>comminuta</strong></span> <span class='ocrx_word' id='word_1_39' title='bbox 977 722 990 741; x_wconf 92' lang='lat'><strong>,</strong></span> <span class='ocrx_word' id='word_1_40' title='bbox 1027 690 1237 746; x_wconf 56' lang='lat' dir='ltr'><strong>propter</strong></span> <span class='ocrx_word' id='word_1_41' title='bbox 1265 678 1388 732; x_wconf 89' lang='lat' dir='ltr'><strong>illud</strong></span> <span class='ocrx_word' id='word_1_42' title='bbox 1429 687 1550 732; x_wconf 88' lang='lat' dir='ltr'><strong>ante</strong></span> <span class='ocrx_word' id='word_1_43' title='bbox 1584 680 1888 742; x_wconf 64' lang='grc' dir='ltr'><strong><em>ιιιιειίριιιιιι</em></strong></span> <span class='ocrx_word' id='word_1_44' title='bbox 1914 720 1926 740; x_wconf 84' lang='grc'>,</span> <span class='ocrx_word' id='word_1_45' title='bbox 1960 683 2057 730; x_wconf 74' lang='lat' dir='ltr'><strong>Us-</strong></span> 
     </span>
    </p>
   </div>
   <div class='ocr_carea' id='block_1_8' title="bbox 486 748 2056 819">
    <p class='ocr_par' dir='ltr' id='par_1_8' title="bbox 486 748 2056 819">
     <span class='ocr_line' id='line_1_8' title="bbox 486 748 2056 819; baseline 0.001 -20"><span class='ocrx_word' id='word_1_46' title='bbox 486 769 600 805; x_wconf 59' lang='lat' dir='ltr'><strong>.sum</strong></span> <span class='ocrx_word' id='word_1_47' title='bbox 628 753 720 819; x_wconf 84' lang='lat' dir='ltr'><strong>(ita</strong></span> <span class='ocrx_word' id='word_1_48' title='bbox 747 751 888 814; x_wconf 83' lang='lat' dir='ltr'><strong>cod.)</strong></span> <span class='ocrx_word' id='word_1_49' title='bbox 923 766 1024 802; x_wconf 92' lang='lat' dir='ltr'><strong>non</strong></span> <span class='ocrx_word' id='word_1_50' title='bbox 1055 748 1428 819; x_wconf 89' lang='lat' dir='ltr'><strong>comminuetis</strong></span> <span class='ocrx_word' id='word_1_51' title='bbox 1468 763 1528 800; x_wconf 81' lang='lat' dir='ltr'><strong>ex</strong></span> <span class='ocrx_word' id='word_1_52' title='bbox 1561 763 1642 799; x_wconf 90' lang='lat' dir='ltr'><strong>eo.</strong></span> <span class='ocrx_word' id='word_1_53' title='bbox 1683 749 1794 812; x_wconf 79' lang='lat' dir='ltr'><strong>Ipse</strong></span> <span class='ocrx_word' id='word_1_54' title='bbox 1832 765 2056 816; x_wconf 84' lang='lat' dir='ltr'><strong>namque</strong></span> 
     </span>
    </p>
   </div>
   <div class='ocr_carea' id='block_1_9' title="bbox 484 818 2055 887">
    <p class='ocr_par' dir='ltr' id='par_1_9' title="bbox 484 818 2055 887">
     <span class='ocr_line' id='line_1_9' title="bbox 484 818 2055 887; baseline 0.001 -18"><span class='ocrx_word' id='word_1_55' title='bbox 484 834 561 871; x_wconf 71' lang='lat' dir='ltr'><strong>est</strong></span> <span class='ocrx_word' id='word_1_56' title='bbox 614 818 780 885; x_wconf 80' lang='lat' dir='ltr'><strong>agnus</strong></span> <span class='ocrx_word' id='word_1_57' title='bbox 836 818 1093 886; x_wconf 70' lang='lat' dir='ltr'><strong>paschalis</strong></span> <span class='ocrx_word' id='word_1_58' title='bbox 1140 820 1439 887; x_wconf 77' lang='lat' dir='ltr'><strong>populoque</strong></span> <span class='ocrx_word' id='word_1_59' title='bbox 1487 819 1831 880; x_wconf 66' lang='lat' dir='ltr'><strong>mactandos;</strong></span> <span class='ocrx_word' id='word_1_60' title='bbox 1883 829 1937 871; x_wconf 89' lang='lat' dir='ltr'><strong>et</strong></span> <span class='ocrx_word' id='word_1_61' title='bbox 1989 821 2055 870; x_wconf 87' lang='lat' dir='ltr'><strong>ah</strong></span> 
     </span>
    </p>
   </div>
   <div class='ocr_carea' id='block_1_10' title="bbox 486 888 2055 960">
    <p class='ocr_par' dir='ltr' id='par_1_10' title="bbox 486 888 2055 960">
     <span class='ocr_line' id='line_1_10' title="bbox 486 888 2055 960; baseline -0.001 -16"><span class='ocrx_word' id='word_1_62' title='bbox 486 892 713 960; x_wconf 54' lang='lat' dir='ltr'><strong>.l‘lgyptO</strong></span> <span class='ocrx_word' id='word_1_63' title='bbox 755 906 851 944; x_wconf 81' lang='lat' dir='ltr'><strong>suo</strong></span> <span class='ocrx_word' id='word_1_64' title='bbox 889 901 1070 943; x_wconf 78' lang='lat' dir='ltr'><strong>sancto</strong></span> <span class='ocrx_word' id='word_1_65' title='bbox 1109 905 1298 942; x_wconf 78' lang='lat' dir='ltr'><strong>rruore</strong></span> <span class='ocrx_word' id='word_1_66' title='bbox 1337 889 1401 940; x_wconf 82' lang='lat' dir='ltr'><strong>ad</strong></span> <span class='ocrx_word' id='word_1_67' title='bbox 1448 898 1496 940; x_wconf 91' lang='lat' dir='ltr'><strong>te</strong></span> <span class='ocrx_word' id='word_1_68' title='bbox 1530 903 1639 960; x_wconf 81' lang='lat' dir='ltr'><strong>run</strong></span> <span class='ocrx_word' id='word_1_69' title='bbox 1690 888 2055 954; x_wconf 71' lang='lat' dir='ltr'><strong>promissionis</strong></span> 
     </span>
    </p>
   </div>
   <div class='ocr_carea' id='block_1_11' title="bbox 486 958 2052 1027">
    <p class='ocr_par' dir='ltr' id='par_1_11' title="bbox 486 958 2052 1027">
     <span class='ocr_line' id='line_1_11' title="bbox 486 958 2052 1027; baseline -0.002 -16"><span class='ocrx_word' id='word_1_70' title='bbox 486 958 849 1024; x_wconf 32' lang='lat' dir='ltr'><strong>per—medium</strong></span> <span class='ocrx_word' id='word_1_71' title='bbox 901 973 1047 1012; x_wconf 87' lang='lat' dir='ltr'><strong>mare</strong></span> <span class='ocrx_word' id='word_1_72' title='bbox 1098 960 1310 1027; x_wconf 85' lang='lat' dir='ltr'><strong>proprio</strong></span> <span class='ocrx_word' id='word_1_73' title='bbox 1358 958 1612 1027; x_wconf 83' lang='lat' dir='ltr'><strong>sanguine</strong></span> <span class='ocrx_word' id='word_1_74' title='bbox 1664 970 2052 1022; x_wconf 77' lang='lat' dir='ltr'><strong>purpuratum,</strong></span> 
     </span>
    </p>
   </div>
   <div class='ocr_carea' id='block_1_12' title="bbox 487 1027 2054 1096">
    <p class='ocr_par' dir='ltr' id='par_1_12' title="bbox 487 1027 2054 1096">
     <span class='ocr_line' id='line_1_12' title="bbox 487 1027 2054 1096; baseline -0.001 -14"><span class='ocrx_word' id='word_1_75' title='bbox 487 1045 657 1096; x_wconf 65' lang='lat' dir='ltr'><strong>patres</strong></span> <span class='ocrx_word' id='word_1_76' title='bbox 709 1047 829 1086; x_wconf 90' lang='lat' dir='ltr'><strong>cum</strong></span> <span class='ocrx_word' id='word_1_77' title='bbox 885 1030 1063 1082; x_wconf 68' lang='lat' dir='ltr'><strong>litteris</strong></span> <span class='ocrx_word' id='word_1_78' title='bbox 1111 1029 1406 1091; x_wconf 79' lang='lat' dir='ltr'><strong>reducens,</strong></span> <span class='ocrx_word' id='word_1_79' title='bbox 1457 1038 1729 1093; x_wconf 78' lang='lat' dir='ltr'><strong>postqu-im</strong></span> <span class='ocrx_word' id='word_1_80' title='bbox 1780 1027 2054 1081; x_wconf 80' lang='lat' dir='ltr'><strong>Pharaone</strong></span> 
     </span>
    </p>
   </div>
   <div class='ocr_carea' id='block_1_13' title="bbox 487 1096 2054 1164">
    <p class='ocr_par' dir='ltr' id='par_1_13' title="bbox 487 1096 2054 1164">
     <span class='ocr_line' id='line_1_13' title="bbox 487 1096 2054 1164; baseline -0.003 -10"><span class='ocrx_word' id='word_1_81' title='bbox 487 1117 752 1164; x_wconf 77' lang='lat' dir='ltr'><strong>i-eicuSSo,</strong></span> <span class='ocrx_word' id='word_1_82' title='bbox 784 1117 903 1154; x_wconf 89' lang='lat' dir='ltr'><strong>cum</strong></span> <span class='ocrx_word' id='word_1_83' title='bbox 931 1100 1042 1151; x_wconf 83' lang='lat' dir='ltr'><strong>suis</strong></span> <span class='ocrx_word' id='word_1_84' title='bbox 1068 1115 1187 1152; x_wconf 85' lang='lat' dir='ltr'><strong>eum</strong></span> <span class='ocrx_word' id='word_1_85' title='bbox 1218 1099 1387 1151; x_wconf 86' lang='lat' dir='ltr'><strong>satelli</strong></span> <span class='ocrx_word' id='word_1_86' title='bbox 1417 1098 1533 1149; x_wconf 69' lang='lat' dir='ltr'><strong>ilius</strong></span> <span class='ocrx_word' id='word_1_87' title='bbox 1566 1097 1700 1147; x_wconf 86' lang='lat' dir='ltr'><strong>inter</strong></span> <span class='ocrx_word' id='word_1_88' title='bbox 1727 1096 1915 1149; x_wconf 75' lang='lat' dir='ltr'><strong>[luctus</strong></span> <span class='ocrx_word' id='word_1_89' title='bbox 1945 1099 2054 1152; x_wconf 88' lang='lat' dir='ltr'><strong>alto</strong></span> 
     </span>
    </p>
   </div>
   <div class='ocr_carea' id='block_1_14' title="bbox 484 1167 2056 1237">
    <p class='ocr_par' dir='ltr' id='par_1_14' title="bbox 484 1167 2056 1237">
     <span class='ocr_line' id='line_1_14' title="bbox 484 1167 2056 1237; baseline 0 -17"><span class='ocrx_word' id='word_1_90' title='bbox 484 1173 666 1237; x_wconf 60' lang='lat' dir='ltr'><strong>pelago</strong></span> <span class='ocrx_word' id='word_1_91' title='bbox 696 1169 969 1224; x_wconf 62' lang='lat' dir='ltr'><strong>denter-it.</strong></span> <span class='ocrx_word' id='word_1_92' title='bbox 1011 1167 1158 1233; x_wconf 81' lang='lat' dir='ltr'><strong>Quod</strong></span> <span class='ocrx_word' id='word_1_93' title='bbox 1201 1179 1375 1221; x_wconf 89' lang='lat' dir='ltr'><strong>autem</strong></span> <span class='ocrx_word' id='word_1_94' title='bbox 1406 1167 1471 1219; x_wconf 87' lang='lat' dir='ltr'><strong>de</strong></span> <span class='ocrx_word' id='word_1_95' title='bbox 1501 1181 1657 1218; x_wconf 86' lang='lat' dir='ltr'><strong>cruce</strong></span> <span class='ocrx_word' id='word_1_96' title='bbox 1693 1167 1973 1229; x_wconf 79' lang='lat' dir='ltr'><strong>deponitur</strong></span> <span class='ocrx_word' id='word_1_97' title='bbox 2003 1178 2056 1220; x_wconf 89' lang='lat' dir='ltr'><strong>et</strong></span> 
     </span>
    </p>
   </div>
   <div class='ocr_carea' id='block_1_15' title="bbox 485 1237 2052 1308">
    <p class='ocr_par' dir='ltr' id='par_1_15' title="bbox 485 1237 2052 1308">
     <span class='ocr_line' id='line_1_15' title="bbox 485 1237 2052 1308; baseline -0.002 -16"><span class='ocrx_word' id='word_1_98' title='bbox 485 1245 532 1292; x_wconf 91' lang='lat' dir='ltr'><strong>iu</strong></span> <span class='ocrx_word' id='word_1_99' title='bbox 563 1244 804 1308; x_wconf 83' lang='lat' dir='ltr'><strong>sepulcro</strong></span> <span class='ocrx_word' id='word_1_100' title='bbox 834 1241 1064 1306; x_wconf 89' lang='lat' dir='ltr'><strong>ponitur,</strong></span> <span class='ocrx_word' id='word_1_101' title='bbox 1108 1249 1163 1291; x_wconf 91' lang='lat' dir='ltr'><strong>ut</strong></span> <span class='ocrx_word' id='word_1_102' title='bbox 1205 1250 1508 1308; x_wconf 84' lang='lat' dir='ltr'><strong>sanetorum</strong></span> <span class='ocrx_word' id='word_1_103' title='bbox 1549 1237 1785 1308; x_wconf 82' lang='lat' dir='ltr'><strong>onmium</strong></span> <span class='ocrx_word' id='word_1_104' title='bbox 1818 1238 2052 1300; x_wconf 86' lang='lat' dir='ltr'><strong>sepultu-</strong></span> 
     </span>
    </p>
   </div>
   <div class='ocr_carea' id='block_1_16' title="bbox 484 1305 2053 1374">
    <p class='ocr_par' dir='ltr' id='par_1_16' title="bbox 484 1305 2053 1374">
     <span class='ocr_line' id='line_1_16' title="bbox 484 1305 2053 1374; baseline -0.003 -10"><span class='ocrx_word' id='word_1_105' title='bbox 484 1327 592 1363; x_wconf 76' lang='lat' dir='ltr'><strong>ram</strong></span> <span class='ocrx_word' id='word_1_106' title='bbox 622 1305 870 1374; x_wconf 84' lang='lat' dir='ltr'><strong>sanciret,</strong></span> <span class='ocrx_word' id='word_1_107' title='bbox 895 1321 946 1363; x_wconf 89' lang='lat' dir='ltr'><strong>et</strong></span> <span class='ocrx_word' id='word_1_108' title='bbox 975 1311 1217 1361; x_wconf 90' lang='lat' dir='ltr'><strong>timorem</strong></span> <span class='ocrx_word' id='word_1_109' title='bbox 1248 1306 1435 1361; x_wconf 88' lang='lat' dir='ltr'><strong>mortis</strong></span> <span class='ocrx_word' id='word_1_110' title='bbox 1467 1306 1714 1358; x_wconf 80' lang='lat' dir='ltr'><strong>aufcrret.</strong></span> <span class='ocrx_word' id='word_1_111' title='bbox 1749 1305 1827 1371; x_wconf 88' lang='lat' dir='ltr'><strong>Qu</strong></span> <span class='ocrx_word' id='word_1_112' title='bbox 1853 1308 1897 1357; x_wconf 81' lang='grc' dir='ltr'><strong><em>ιιΙ</em></strong></span> <span class='ocrx_word' id='word_1_113' title='bbox 1927 1322 2053 1360; x_wconf 85' lang='lat' dir='ltr'><strong>vero</strong></span> 
     </span>
    </p>
   </div>
   <div class='ocr_carea' id='block_1_17' title="bbox 485 1375 2051 1441">
    <p class='ocr_par' dir='ltr' id='par_1_17' title="bbox 485 1375 2051 1441">
     <span class='ocr_line' id='line_1_17' title="bbox 485 1375 2051 1441; baseline -0.001 -9"><span class='ocrx_word' id='word_1_114' title='bbox 485 1382 532 1432; x_wconf 84' lang='lat' dir='ltr'><strong>in</strong></span> <span class='ocrx_word' id='word_1_115' title='bbox 566 1381 814 1435; x_wconf 84' lang='lat' dir='ltr'><strong>interiora</strong></span> <span class='ocrx_word' id='word_1_116' title='bbox 841 1392 989 1433; x_wconf 76' lang='lat' dir='ltr'><strong>term-</strong></span> <span class='ocrx_word' id='word_1_117' title='bbox 1012 1377 1307 1441; x_wconf 84' lang='lat' dir='ltr'><strong>descendit,</strong></span> <span class='ocrx_word' id='word_1_118' title='bbox 1334 1387 1388 1431; x_wconf 88' lang='lat' dir='ltr'><strong>et</strong></span> <span class='ocrx_word' id='word_1_119' title='bbox 1415 1392 1442 1430; x_wconf 88' lang='lat' dir='ltr'><strong>a</strong></span> <span class='ocrx_word' id='word_1_120' title='bbox 1469 1376 1669 1431; x_wconf 70' lang='lat' dir='ltr'><strong>cmicsd</strong></span> <span class='ocrx_word' id='word_1_121' title='bbox 1695 1378 1818 1429; x_wconf 76' lang='lat' dir='ltr'><strong>St’dc</strong></span> <span class='ocrx_word' id='word_1_122' title='bbox 1846 1375 1910 1428; x_wconf 81' lang='lat' dir='ltr'><strong>de</strong></span> <span class='ocrx_word' id='word_1_123' title='bbox 1934 1377 2051 1430; x_wconf 87' lang='lat' dir='ltr'><strong>sinu</strong></span> 
     </span>
    </p>
   </div>
   <div class='ocr_carea' id='block_1_18' title="bbox 485 1445 2050 1511">
    <p class='ocr_par' dir='ltr' id='par_1_18' title="bbox 485 1445 2050 1511">
     <span class='ocr_line' id='line_1_18' title="bbox 485 1445 2050 1511; baseline -0.001 -11"><span class='ocrx_word' id='word_1_124' title='bbox 485 1452 648 1503; x_wconf 80' lang='lat' dir='ltr'><strong>Patris</strong></span> <span class='ocrx_word' id='word_1_125' title='bbox 678 1467 781 1504; x_wconf 88' lang='lat' dir='ltr'><strong>non</strong></span> <span class='ocrx_word' id='word_1_126' title='bbox 815 1452 1064 1511; x_wconf 80' lang='lat' dir='ltr'><strong>recessit,</strong></span> <span class='ocrx_word' id='word_1_127' title='bbox 1099 1459 1154 1500; x_wconf 91' lang='lat' dir='ltr'><strong>ut</strong></span> <span class='ocrx_word' id='word_1_128' title='bbox 1181 1462 1306 1500; x_wconf 90' lang='lat' dir='ltr'><strong>suos</strong></span> <span class='ocrx_word' id='word_1_129' title='bbox 1335 1445 1399 1501; x_wconf 88' lang='lat' dir='ltr'><strong>de</strong></span> <span class='ocrx_word' id='word_1_130' title='bbox 1429 1449 1657 1500; x_wconf 78' lang='lat' dir='ltr'><strong>circeris</strong></span> <span class='ocrx_word' id='word_1_131' title='bbox 1687 1446 1893 1500; x_wconf 85' lang='lat' dir='ltr'><strong>vinculo</strong></span> <span class='ocrx_word' id='word_1_132' title='bbox 1923 1447 2050 1499; x_wconf 89' lang='lat' dir='ltr'><strong>edu-</strong></span> 
     </span>
    </p>
   </div>
   <div class='ocr_carea' id='block_1_19' title="bbox 480 1516 2052 1586">
    <p class='ocr_par' dir='ltr' id='par_1_19' title="bbox 480 1516 2052 1586">
     <span class='ocr_line' id='line_1_19' title="bbox 480 1516 2052 1586; baseline -0.005 -12"><span class='ocrx_word' id='word_1_133' title='bbox 480 1531 641 1583; x_wconf 68' lang='lat' dir='ltr'><strong>o&#39;eret,</strong></span> <span class='ocrx_word' id='word_1_134' title='bbox 687 1531 738 1575; x_wconf 89' lang='lat' dir='ltr'><strong>et</strong></span> <span class='ocrx_word' id='word_1_135' title='bbox 788 1519 980 1573; x_wconf 78' lang='lat' dir='ltr'><strong>diaboli</strong></span> <span class='ocrx_word' id='word_1_136' title='bbox 1031 1528 1340 1586; x_wconf 87' lang='lat' dir='ltr'><strong>potestatem</strong></span> <span class='ocrx_word' id='word_1_137' title='bbox 1389 1516 1709 1578; x_wconf 77' lang='lat' dir='ltr'><strong>destrueret,</strong></span> <span class='ocrx_word' id='word_1_138' title='bbox 1761 1518 2052 1580; x_wconf 82' lang='lat' dir='ltr'><strong>mortisque</strong></span> 
     </span>
    </p>
   </div>
   <div class='ocr_carea' id='block_1_20' title="bbox 485 1587 2048 1658">
    <p class='ocr_par' dir='ltr' id='par_1_20' title="bbox 485 1587 2048 1658">
     <span class='ocr_line' id='line_1_20' title="bbox 485 1587 2048 1658; baseline 0 -18"><span class='ocrx_word' id='word_1_139' title='bbox 485 1591 760 1658; x_wconf 90' lang='lat' dir='ltr'><strong>imperium</strong></span> <span class='ocrx_word' id='word_1_140' title='bbox 792 1598 1129 1654; x_wconf 83' lang='lat' dir='ltr'><strong>eontereret,</strong></span> <span class='ocrx_word' id='word_1_141' title='bbox 1160 1597 1214 1640; x_wconf 77' lang='lat' dir='ltr'><strong>et</strong></span> <span class='ocrx_word' id='word_1_142' title='bbox 1244 1587 1751 1658; x_wconf 83' lang='lat' dir='ltr'><strong>inlernipotentiam</strong></span> <span class='ocrx_word' id='word_1_143' title='bbox 1781 1587 2048 1658; x_wconf 71' lang='lat' dir='ltr'><strong>aboleret.</strong></span> 
     </span>
    </p>
   </div>
   <div class='ocr_carea' id='block_1_21' title="bbox 481 1655 2048 1730">
    <p class='ocr_par' dir='ltr' id='par_1_21' title="bbox 481 1655 2048 1730">
     <span class='ocr_line' id='line_1_21' title="bbox 481 1655 2048 1730; baseline -0.001 -18"><span class='ocrx_word' id='word_1_144' title='bbox 481 1671 531 1712; x_wconf 72' lang='lat' dir='ltr'><strong>rt</strong></span> <span class='ocrx_word' id='word_1_145' title='bbox 561 1655 714 1713; x_wconf 81' lang='lat' dir='ltr'><strong>suum</strong></span> <span class='ocrx_word' id='word_1_146' title='bbox 746 1675 963 1725; x_wconf 81' lang='lat' dir='ltr'><strong>regnum</strong></span> <span class='ocrx_word' id='word_1_147' title='bbox 997 1673 1100 1712; x_wconf 88' lang='lat' dir='ltr'><strong>ItOtt</strong></span> <span class='ocrx_word' id='word_1_148' title='bbox 1134 1658 1306 1710; x_wconf 85' lang='lat' dir='ltr'><strong>solum</strong></span> <span class='ocrx_word' id='word_1_149' title='bbox 1334 1657 1513 1730; x_wconf 81' lang='lat' dir='ltr'><strong>justis,</strong></span> <span class='ocrx_word' id='word_1_150' title='bbox 1537 1656 1628 1708; x_wconf 91' lang='lat' dir='ltr'><strong>sed</strong></span> <span class='ocrx_word' id='word_1_151' title='bbox 1663 1658 1827 1730; x_wconf 71' lang='lat' dir='ltr'><strong>etiam</strong></span> <span class='ocrx_word' id='word_1_152' title='bbox 1861 1655 2048 1710; x_wconf 82' lang='lat' dir='ltr'><strong>latroni</strong></span> 
     </span>
    </p>
   </div>
   <div class='ocr_carea' id='block_1_22' title="bbox 483 1725 2046 1794">
    <p class='ocr_par' dir='ltr' id='par_1_22' title="bbox 483 1725 2046 1794">
     <span class='ocr_line' id='line_1_22' title="bbox 483 1725 2046 1794; baseline -0.001 -15"><span class='ocrx_word' id='word_1_153' title='bbox 483 1733 723 1782; x_wconf 73' lang='lat' dir='ltr'><strong>donaret.</strong></span> <span class='ocrx_word' id='word_1_154' title='bbox 755 1729 902 1794; x_wconf 82' lang='lat' dir='ltr'><strong>Quod</strong></span> <span class='ocrx_word' id='word_1_155' title='bbox 934 1738 1107 1780; x_wconf 90' lang='lat' dir='ltr'><strong>autem</strong></span> <span class='ocrx_word' id='word_1_156' title='bbox 1137 1742 1166 1780; x_wconf 85' lang='lat' dir='ltr'><strong>a</strong></span> <span class='ocrx_word' id='word_1_157' title='bbox 1197 1726 1419 1779; x_wconf 78' lang='lat' dir='ltr'><strong>mortuis</strong></span> <span class='ocrx_word' id='word_1_158' title='bbox 1453 1734 1570 1792; x_wconf 64' lang='lat' dir='ltr'><strong>pust</strong></span> <span class='ocrx_word' id='word_1_159' title='bbox 1611 1725 1838 1777; x_wconf 79' lang='lat' dir='ltr'><strong>triduum</strong></span> <span class='ocrx_word' id='word_1_160' title='bbox 1869 1741 2046 1778; x_wconf 87' lang='lat' dir='ltr'><strong>resur-</strong></span> 
     </span>
    </p>
   </div>
   <div class='ocr_carea' id='block_1_23' title="bbox 2163 541 3706 608">
    <p class='ocr_par' dir='ltr' id='par_1_23' title="bbox 2163 541 3706 608">
     <span class='ocr_line' id='line_1_23' title="bbox 2163 541 3706 608; baseline 0.002 -18"><span class='ocrx_word' id='word_1_161' title='bbox 2163 541 2350 596; x_wconf 66' lang='lat' dir='ltr'><strong>legitur</strong></span> <span class='ocrx_word' id='word_1_162' title='bbox 2383 542 2574 594; x_wconf 79' lang='lat' dir='ltr'><strong>lar-tum</strong></span> <span class='ocrx_word' id='word_1_163' title='bbox 2610 544 2708 595; x_wconf 89' lang='lat' dir='ltr'><strong>hoc</strong></span> <span class='ocrx_word' id='word_1_164' title='bbox 2737 552 2825 595; x_wconf 88' lang='lat' dir='ltr'><strong>aut</strong></span> <span class='ocrx_word' id='word_1_165' title='bbox 2859 543 3024 604; x_wconf 88' lang='lat' dir='ltr'><strong>illud;</strong></span> <span class='ocrx_word' id='word_1_166' title='bbox 3058 545 3147 597; x_wconf 83' lang='lat' dir='ltr'><strong>se-l</strong></span> <span class='ocrx_word' id='word_1_167' title='bbox 3181 545 3476 608; x_wconf 83' lang='lat' dir='ltr'><strong>requievit,</strong></span> <span class='ocrx_word' id='word_1_168' title='bbox 3519 543 3706 608; x_wconf 83' lang='lat' dir='ltr'><strong>inquit,</strong></span> 
     </span>
    </p>
   </div>
   <div class='ocr_carea' id='block_1_24' title="bbox 2163 609 3707 682">
    <p class='ocr_par' dir='ltr' id='par_1_24' title="bbox 2163 609 3707 682">
     <span class='ocr_line' id='line_1_24' title="bbox 2163 609 3707 682; baseline 0.005 -22"><span class='ocrx_word' id='word_1_169' title='bbox 2163 609 2300 682; x_wconf 67' lang='lat' dir='ltr'><strong>Dens</strong></span> <span class='ocrx_word' id='word_1_170' title='bbox 2329 611 2379 662; x_wconf 89' lang='lat' dir='ltr'><strong>in</strong></span> <span class='ocrx_word' id='word_1_171' title='bbox 2408 611 2495 663; x_wconf 83' lang='lat' dir='ltr'><strong>die</strong></span> <span class='ocrx_word' id='word_1_172' title='bbox 2523 614 2751 675; x_wconf 86' lang='lat' dir='ltr'><strong>septimo</strong></span> <span class='ocrx_word' id='word_1_173' title='bbox 2771 613 2837 663; x_wconf 85' lang='lat' dir='ltr'><strong>ab</strong></span> <span class='ocrx_word' id='word_1_174' title='bbox 2863 615 3108 666; x_wconf 81' lang='lat' dir='ltr'><strong>onttrihus</strong></span> <span class='ocrx_word' id='word_1_175' title='bbox 3132 614 3378 679; x_wconf 81' lang='lat' dir='ltr'><strong>Operibus</strong></span> <span class='ocrx_word' id='word_1_176' title='bbox 3411 614 3544 667; x_wconf 85' lang='lat' dir='ltr'><strong>suis.</strong></span> <span class='ocrx_word' id='word_1_177' title='bbox 3572 615 3707 682; x_wconf 75' lang='lat' dir='ltr'><strong>Ergo</strong></span> 
     </span>
    </p>
   </div>
   <div class='ocr_carea' id='block_1_25' title="bbox 2158 681 3707 750">
    <p class='ocr_par' dir='ltr' id='par_1_25' title="bbox 2158 681 3707 750">
     <span class='ocr_line' id='line_1_25' title="bbox 2158 681 3707 750; baseline 0.004 -20"><span class='ocrx_word' id='word_1_178' title='bbox 2158 681 2440 750; x_wconf 48' lang='lat' dir='ltr'><strong>requiescit</strong></span> <span class='ocrx_word' id='word_1_179' title='bbox 2474 683 2646 734; x_wconf 82' lang='lat' dir='ltr'><strong>omnis</strong></span> <span class='ocrx_word' id='word_1_180' title='bbox 2695 683 2851 732; x_wconf 89' lang='lat' dir='ltr'><strong>homo</strong></span> <span class='ocrx_word' id='word_1_181' title='bbox 2886 683 2952 735; x_wconf 87' lang='lat' dir='ltr'><strong>ab</strong></span> <span class='ocrx_word' id='word_1_182' title='bbox 2983 698 3143 750; x_wconf 87' lang='lat' dir='ltr'><strong>opere</strong></span> <span class='ocrx_word' id='word_1_183' title='bbox 3173 699 3289 748; x_wconf 86' lang='lat' dir='ltr'><strong>suo,</strong></span> <span class='ocrx_word' id='word_1_184' title='bbox 3340 685 3423 735; x_wconf 87' lang='lat' dir='ltr'><strong>vel</strong></span> <span class='ocrx_word' id='word_1_185' title='bbox 3451 684 3536 736; x_wconf 76' lang='lat' dir='ltr'><strong>liic</strong></span> <span class='ocrx_word' id='word_1_186' title='bbox 3564 681 3707 736; x_wconf 80' lang='lat' dir='ltr'><strong>mim-</strong></span> 
     </span>
    </p>
   </div>
   <div class='ocr_carea' id='block_1_26' title="bbox 2156 749 3706 820">
    <p class='ocr_par' dir='ltr' id='par_1_26' title="bbox 2156 749 3706 820">
     <span class='ocr_line' id='line_1_26' title="bbox 2156 749 3706 820; baseline 0.006 -23"><span class='ocrx_word' id='word_1_187' title='bbox 2156 749 2252 800; x_wconf 81' lang='lat' dir='ltr'><strong>dns</strong></span> <span class='ocrx_word' id='word_1_188' title='bbox 2300 751 2365 800; x_wconf 79' lang='lat' dir='ltr'><strong>ali</strong></span> <span class='ocrx_word' id='word_1_189' title='bbox 2409 750 2593 802; x_wconf 83' lang='lat' dir='ltr'><strong>studiis</strong></span> <span class='ocrx_word' id='word_1_190' title='bbox 2641 751 2750 802; x_wconf 86' lang='lat' dir='ltr'><strong>suis</strong></span> <span class='ocrx_word' id='word_1_191' title='bbox 2792 764 3036 816; x_wconf 71' lang='lat' dir='ltr'><strong>tanquam</strong></span> <span class='ocrx_word' id='word_1_192' title='bbox 3084 755 3132 804; x_wconf 93' lang='lat' dir='ltr'><strong>in</strong></span> <span class='ocrx_word' id='word_1_193' title='bbox 3171 754 3255 806; x_wconf 90' lang='lat' dir='ltr'><strong>die</strong></span> <span class='ocrx_word' id='word_1_194' title='bbox 3290 755 3545 818; x_wconf 88' lang='lat' dir='ltr'><strong>septimo,</strong></span> <span class='ocrx_word' id='word_1_195' title='bbox 3589 764 3706 820; x_wconf 86' lang='lat' dir='ltr'><strong>post</strong></span> 
     </span>
    </p>
   </div>
   <div class='ocr_carea' id='block_1_27' title="bbox 2156 823 3705 884">
    <p class='ocr_par' dir='ltr' id='par_1_27' title="bbox 2156 823 3705 884">
     <span class='ocr_line' id='line_1_27' title="bbox 2156 823 3705 884; baseline 0.006 -16"><span class='ocrx_word' id='word_1_196' title='bbox 2156 829 2356 870; x_wconf 81' lang='lat' dir='ltr'><strong>sextam</strong></span> <span class='ocrx_word' id='word_1_197' title='bbox 2410 835 2556 870; x_wconf 88' lang='lat' dir='ltr'><strong>suun</strong></span> <span class='ocrx_word' id='word_1_198' title='bbox 2613 832 2819 873; x_wconf 65' lang='lat' dir='ltr'><strong>a-titem</strong></span> <span class='ocrx_word' id='word_1_199' title='bbox 2849 861 2862 882; x_wconf 84' lang='lat'><strong>,</strong></span> <span class='ocrx_word' id='word_1_200' title='bbox 2913 823 3048 875; x_wconf 85' lang='lat' dir='ltr'><strong>sicut</strong></span> <span class='ocrx_word' id='word_1_201' title='bbox 3098 823 3232 876; x_wconf 63' lang='lat' dir='ltr'><strong>D-us</strong></span> <span class='ocrx_word' id='word_1_202' title='bbox 3281 823 3348 874; x_wconf 86' lang='lat' dir='ltr'><strong>ab</strong></span> <span class='ocrx_word' id='word_1_203' title='bbox 3375 823 3516 875; x_wconf 88' lang='lat' dir='ltr'><strong>omni</strong></span> <span class='ocrx_word' id='word_1_204' title='bbox 3548 838 3705 884; x_wconf 59' lang='lat' dir='ltr'><strong>oluere</strong></span> 
     </span>
    </p>
   </div>
   <div class='ocr_carea' id='block_1_28' title="bbox 2156 889 3702 956">
    <p class='ocr_par' dir='ltr' id='par_1_28' title="bbox 2156 889 3702 956">
     <span class='ocr_line' id='line_1_28' title="bbox 2156 889 3702 956; baseline 0.004 -16"><span class='ocrx_word' id='word_1_205' title='bbox 2156 904 2216 940; x_wconf 79' lang='lat' dir='ltr'><strong>su</strong></span> <span class='ocrx_word' id='word_1_206' title='bbox 2243 908 2273 940; x_wconf 76' lang='grc' dir='ltr'><strong>ν.</strong></span> <span class='ocrx_word' id='word_1_207' title='bbox 2309 889 2594 941; x_wconf 67' lang='lat' dir='ltr'><strong>Sahbatum</strong></span> <span class='ocrx_word' id='word_1_208' title='bbox 2627 890 2781 954; x_wconf 80' lang='lat' dir='ltr'><strong>igitur</strong></span> <span class='ocrx_word' id='word_1_209' title='bbox 2813 908 2949 942; x_wconf 76' lang='lat' dir='ltr'><strong>tione</strong></span> <span class='ocrx_word' id='word_1_210' title='bbox 2980 903 3078 955; x_wconf 83' lang='lat' dir='ltr'><strong>est,</strong></span> <span class='ocrx_word' id='word_1_211' title='bbox 3122 905 3175 945; x_wconf 82' lang='lat' dir='ltr'><strong>ut</strong></span> <span class='ocrx_word' id='word_1_212' title='bbox 3206 893 3381 944; x_wconf 89' lang='lat' dir='ltr'><strong>nullus</strong></span> <span class='ocrx_word' id='word_1_213' title='bbox 3414 909 3520 956; x_wconf 86' lang='lat' dir='ltr'><strong>rep-</strong></span> <span class='ocrx_word' id='word_1_214' title='bbox 3542 892 3702 946; x_wconf 88' lang='lat' dir='ltr'><strong>riatur</strong></span> 
     </span>
    </p>
   </div>
   <div class='ocr_carea' id='block_1_29' title="bbox 2155 959 3702 1029">
    <p class='ocr_par' dir='ltr' id='par_1_29' title="bbox 2155 959 3702 1029">
     <span class='ocr_line' id='line_1_29' title="bbox 2155 959 3702 1029; baseline 0.003 -21"><span class='ocrx_word' id='word_1_215' title='bbox 2155 968 2404 1029; x_wconf 70' lang='lat' dir='ltr'><strong>apex-ator</strong></span> <span class='ocrx_word' id='word_1_216' title='bbox 2436 959 2600 1012; x_wconf 72' lang='lat' dir='ltr'><strong>vinea:</strong></span> <span class='ocrx_word' id='word_1_217' title='bbox 2633 962 2719 1011; x_wconf 82' lang='lat' dir='ltr'><strong>Dei</strong></span> <span class='ocrx_word' id='word_1_218' title='bbox 2751 977 2763 1024; x_wconf 92' lang='lat'>;</span> <span class='ocrx_word' id='word_1_219' title='bbox 2797 961 2965 1015; x_wconf 90' lang='lat' dir='ltr'><strong>donec</strong></span> <span class='ocrx_word' id='word_1_220' title='bbox 2992 965 3165 1014; x_wconf 76' lang='lat' dir='ltr'><strong>Subito</strong></span> <span class='ocrx_word' id='word_1_221' title='bbox 3197 963 3374 1014; x_wconf 80' lang='lat' dir='ltr'><strong>Veniat</strong></span> <span class='ocrx_word' id='word_1_222' title='bbox 3406 966 3490 1028; x_wconf 91' lang='lat' dir='ltr'><strong>qui</strong></span> <span class='ocrx_word' id='word_1_223' title='bbox 3526 977 3702 1029; x_wconf 80' lang='lat' dir='ltr'><strong>repro-</strong></span> 
     </span>
    </p>
   </div>
   <div class='ocr_carea' id='block_1_30' title="bbox 2157 1027 3697 1091">
    <p class='ocr_par' dir='ltr' id='par_1_30' title="bbox 2157 1027 3697 1091">
     <span class='ocr_line' id='line_1_30' title="bbox 2157 1027 3697 1091; baseline 0.003 -12"><span class='ocrx_word' id='word_1_224' title='bbox 2157 1027 2297 1079; x_wconf 82' lang='lat' dir='ltr'><strong>tni-it</strong></span> <span class='ocrx_word' id='word_1_225' title='bbox 2332 1040 2444 1091; x_wconf 84' lang='lat' dir='ltr'><strong>post</strong></span> <span class='ocrx_word' id='word_1_226' title='bbox 2478 1030 2632 1080; x_wconf 82' lang='lat' dir='ltr'><strong>tinent</strong></span> <span class='ocrx_word' id='word_1_227' title='bbox 2679 1033 2858 1082; x_wconf 76' lang='grc' dir='ltr'><strong><em>ιιιιιιιοίί</em></strong></span> <span class='ocrx_word' id='word_1_228' title='bbox 2895 1033 2942 1083; x_wconf 92' lang='lat' dir='ltr'><strong>in</strong></span> <span class='ocrx_word' id='word_1_229' title='bbox 2975 1033 3083 1084; x_wconf 89' lang='lat' dir='ltr'><strong>suis</strong></span> <span class='ocrx_word' id='word_1_230' title='bbox 3117 1032 3312 1083; x_wconf 74' lang='lat' dir='ltr'><strong>sanctis</strong></span> <span class='ocrx_word' id='word_1_231' title='bbox 3341 1027 3594 1084; x_wconf 83' lang='lat' dir='ltr'><strong>omnibus</strong></span> <span class='ocrx_word' id='word_1_232' title='bbox 3611 1048 3697 1084; x_wconf 83' lang='lat' dir='ltr'><strong>re-</strong></span> 
     </span>
    </p>
   </div>
   <div class='ocr_carea' id='block_1_31' title="bbox 2155 1099 3701 1166">
    <p class='ocr_par' dir='ltr' id='par_1_31' title="bbox 2155 1099 3701 1166">
     <span class='ocr_line' id='line_1_31' title="bbox 2155 1099 3701 1166; baseline 0.003 -18"><span class='ocrx_word' id='word_1_233' title='bbox 2155 1101 2452 1163; x_wconf 70' lang='lat' dir='ltr'><strong>quiescere.</strong></span> <span class='ocrx_word' id='word_1_234' title='bbox 2515 1099 2752 1166; x_wconf 76' lang='lat' dir='ltr'><strong>Naxoque</strong></span> <span class='ocrx_word' id='word_1_235' title='bbox 2783 1103 3002 1161; x_wconf 75' lang='lat' dir='ltr'><strong>primam</strong></span> <span class='ocrx_word' id='word_1_236' title='bbox 3035 1103 3173 1153; x_wconf 89' lang='lat' dir='ltr'><strong>diem</strong></span> <span class='ocrx_word' id='word_1_237' title='bbox 3197 1142 3210 1164; x_wconf 89' lang='lat'><strong>,</strong></span> <span class='ocrx_word' id='word_1_238' title='bbox 3245 1103 3294 1152; x_wconf 91' lang='lat' dir='ltr'><strong>in</strong></span> <span class='ocrx_word' id='word_1_239' title='bbox 3324 1118 3420 1166; x_wconf 85' lang='lat' dir='ltr'><strong>qua</strong></span> <span class='ocrx_word' id='word_1_240' title='bbox 3455 1102 3701 1166; x_wconf 85' lang='lat' dir='ltr'><strong>principia</strong></span> 
     </span>
    </p>
   </div>
   <div class='ocr_carea' id='block_1_32' title="bbox 2159 1166 3700 1235">
    <p class='ocr_par' dir='ltr' id='par_1_32' title="bbox 2159 1166 3700 1235">
     <span class='ocr_line' id='line_1_32' title="bbox 2159 1166 3700 1235; baseline 0.005 -19"><span class='ocrx_word' id='word_1_241' title='bbox 2159 1166 2336 1217; x_wconf 86' lang='lat' dir='ltr'><strong>:nuudi</strong></span> <span class='ocrx_word' id='word_1_242' title='bbox 2371 1175 2528 1230; x_wconf 89' lang='lat' dir='ltr'><strong>sunt,</strong></span> <span class='ocrx_word' id='word_1_243' title='bbox 2560 1169 2672 1232; x_wconf 77' lang='lat' dir='ltr'><strong>ipse</strong></span> <span class='ocrx_word' id='word_1_244' title='bbox 2715 1169 2864 1222; x_wconf 78' lang='lat' dir='ltr'><strong>nobis</strong></span> <span class='ocrx_word' id='word_1_245' title='bbox 2890 1183 3123 1224; x_wconf 85' lang='lat' dir='ltr'><strong>octavam</strong></span> <span class='ocrx_word' id='word_1_246' title='bbox 3158 1187 3247 1235; x_wconf 87' lang='lat' dir='ltr'><strong>per</strong></span> <span class='ocrx_word' id='word_1_247' title='bbox 3272 1173 3700 1224; x_wconf 86' lang='lat' dir='ltr'><strong>resurrectionem</strong></span> 
     </span>
    </p>
   </div>
   <div class='ocr_carea' id='block_1_33' title="bbox 2156 1237 3434 1305">
    <p class='ocr_par' dir='ltr' id='par_1_33' title="bbox 2156 1237 3434 1305">
     <span class='ocr_line' id='line_1_33' title="bbox 2156 1237 3434 1305; baseline 0.005 -19"><span class='ocrx_word' id='word_1_248' title='bbox 2156 1237 2304 1296; x_wconf 75' lang='lat' dir='ltr'><strong>lci-it,</strong></span> <span class='ocrx_word' id='word_1_249' title='bbox 2338 1237 2387 1287; x_wconf 90' lang='lat' dir='ltr'><strong>in</strong></span> <span class='ocrx_word' id='word_1_250' title='bbox 2421 1254 2518 1303; x_wconf 72' lang='lat' dir='ltr'><strong>qua</strong></span> <span class='ocrx_word' id='word_1_251' title='bbox 2549 1238 2683 1291; x_wconf 83' lang='lat' dir='ltr'><strong>Deus</strong></span> <span class='ocrx_word' id='word_1_252' title='bbox 2715 1243 2910 1291; x_wconf 64' lang='lat' dir='ltr'><strong>sant-tis</strong></span> <span class='ocrx_word' id='word_1_253' title='bbox 2941 1244 3170 1305; x_wconf 62' lang='lat' dir='ltr'><strong>requiem</strong></span> <span class='ocrx_word' id='word_1_254' title='bbox 3202 1240 3434 1293; x_wconf 83' lang='lat' dir='ltr'><strong>donavit.</strong></span> 
     </span>
    </p>
   </div>
   <div class='ocr_carea' id='block_1_34' title="bbox 2223 1306 3700 1374">
    <p class='ocr_par' dir='ltr' id='par_1_34' title="bbox 2223 1306 3700 1374">
     <span class='ocr_line' id='line_1_34' title="bbox 2223 1306 3700 1374; baseline 0.003 -18"><span class='ocrx_word' id='word_1_255' title='bbox 2223 1306 2312 1360; x_wconf 62' lang='lat'><strong>‘24.</strong></span> <span class='ocrx_word' id='word_1_256' title='bbox 2356 1307 2513 1370; x_wconf 75' lang='lat' dir='ltr'><strong>Igitur</strong></span> <span class='ocrx_word' id='word_1_257' title='bbox 2541 1308 2806 1374; x_wconf 79' lang='lat' dir='ltr'><strong>expletum</strong></span> <span class='ocrx_word' id='word_1_258' title='bbox 2839 1319 2918 1361; x_wconf 84' lang='lat' dir='ltr'><strong>est</strong></span> <span class='ocrx_word' id='word_1_259' title='bbox 2958 1321 3162 1365; x_wconf 85' lang='lat' dir='ltr'><strong>sextum</strong></span> <span class='ocrx_word' id='word_1_260' title='bbox 3207 1311 3504 1362; x_wconf 88' lang='lat' dir='ltr'><strong>milliarium</strong></span> <span class='ocrx_word' id='word_1_261' title='bbox 3535 1311 3700 1363; x_wconf 70' lang='lat' dir='ltr'><strong>aetatis</strong></span> 
     </span>
    </p>
   </div>
   <div class='ocr_carea' id='block_1_35' title="bbox 2155 1373 3700 1446">
    <p class='ocr_par' dir='ltr' id='par_1_35' title="bbox 2155 1373 3700 1446">
     <span class='ocr_line' id='line_1_35' title="bbox 2155 1373 3700 1446; baseline 0.003 -20"><span class='ocrx_word' id='word_1_262' title='bbox 2155 1373 2311 1442; x_wconf 58' lang='lat' dir='ltr'><strong>hujus</strong></span> <span class='ocrx_word' id='word_1_263' title='bbox 2361 1377 2540 1428; x_wconf 85' lang='lat' dir='ltr'><strong>mundi</strong></span> <span class='ocrx_word' id='word_1_264' title='bbox 2589 1373 2743 1430; x_wconf 75' lang='lat' dir='ltr'><strong>etiam</strong></span> <span class='ocrx_word' id='word_1_265' title='bbox 2794 1382 3033 1444; x_wconf 71' lang='lat' dir='ltr'><strong>(plaint&#39;is</strong></span> <span class='ocrx_word' id='word_1_266' title='bbox 3078 1382 3437 1432; x_wconf 73' lang='lat' dir='ltr'><strong>Cotttrndimttt</strong></span> <span class='ocrx_word' id='word_1_267' title='bbox 3480 1379 3565 1446; x_wconf 86' lang='lat' dir='ltr'><strong>qui</strong></span> <span class='ocrx_word' id='word_1_268' title='bbox 3601 1380 3700 1432; x_wconf 85' lang='lat' dir='ltr'><strong>hoc</strong></span> 
     </span>
    </p>
   </div>
   <div class='ocr_carea' id='block_1_36' title="bbox 2158 1449 3700 1513">
    <p class='ocr_par' dir='ltr' id='par_1_36' title="bbox 2158 1449 3700 1513">
     <span class='ocr_line' id='line_1_36' title="bbox 2158 1449 3700 1513; baseline 0.005 -19"><span class='ocrx_word' id='word_1_269' title='bbox 2158 1450 2429 1512; x_wconf 62' lang='lat' dir='ltr'><strong>percipere</strong></span> <span class='ocrx_word' id='word_1_270' title='bbox 2461 1449 2642 1499; x_wconf 76' lang='lat' dir='ltr'><strong>uolunt</strong></span> <span class='ocrx_word' id='word_1_271' title='bbox 2663 1488 2675 1504; x_wconf 91' lang='lat'><strong>.</strong></span> <span class='ocrx_word' id='word_1_272' title='bbox 2705 1457 2758 1500; x_wconf 87' lang='lat' dir='ltr'><strong>et</strong></span> <span class='ocrx_word' id='word_1_273' title='bbox 2789 1452 3010 1513; x_wconf 88' lang='lat' dir='ltr'><strong>septima</strong></span> <span class='ocrx_word' id='word_1_274' title='bbox 3041 1450 3209 1513; x_wconf 77' lang='lat' dir='ltr'><strong>agitur</strong></span> <span class='ocrx_word' id='word_1_275' title='bbox 3236 1460 3281 1500; x_wconf 73' lang='grc'><strong>⁸.</strong></span> <span class='ocrx_word' id='word_1_276' title='bbox 3314 1450 3569 1503; x_wconf 67' lang='lat' dir='ltr'><strong>Surculum</strong></span> <span class='ocrx_word' id='word_1_277' title='bbox 3602 1451 3700 1501; x_wconf 78' lang='lat' dir='ltr'><strong>hoc</strong></span> 
     </span>
    </p>
   </div>
   <div class='ocr_carea' id='block_1_37' title="bbox 2151 1515 3702 1588">
    <p class='ocr_par' dir='ltr' id='par_1_37' title="bbox 2151 1515 3702 1588">
     <span class='ocr_line' id='line_1_37' title="bbox 2151 1515 3702 1588; baseline 0.005 -25"><span class='ocrx_word' id='word_1_278' title='bbox 2151 1515 2291 1588; x_wconf 79' lang='lat' dir='ltr'><strong>diem</strong></span> <span class='ocrx_word' id='word_1_279' title='bbox 2333 1517 2681 1588; x_wconf 67' lang='lat' dir='ltr'><strong>solemnitatis</strong></span> <span class='ocrx_word' id='word_1_280' title='bbox 2731 1532 2838 1588; x_wconf 80' lang='lat' dir='ltr'><strong>suze</strong></span> <span class='ocrx_word' id='word_1_281' title='bbox 2890 1520 3334 1588; x_wconf 66' lang='lat' dir='ltr'><strong>frequentiamq-te</strong></span> <span class='ocrx_word' id='word_1_282' title='bbox 3383 1520 3432 1571; x_wconf 89' lang='lat' dir='ltr'><strong>in</strong></span> <span class='ocrx_word' id='word_1_283' title='bbox 3483 1535 3579 1585; x_wconf 87' lang='lat' dir='ltr'><strong>qua</strong></span> <span class='ocrx_word' id='word_1_284' title='bbox 3620 1528 3702 1571; x_wconf 89' lang='lat' dir='ltr'><strong>est</strong></span> 
     </span>
    </p>
   </div>
   <div class='ocr_carea' id='block_1_38' title="bbox 2153 1585 3701 1655">
    <p class='ocr_par' dir='ltr' id='par_1_38' title="bbox 2153 1585 3701 1655">
     <span class='ocr_line' id='line_1_38' title="bbox 2153 1585 3701 1655; baseline 0.003 -19"><span class='ocrx_word' id='word_1_285' title='bbox 2153 1585 2376 1647; x_wconf 64' lang='lat' dir='ltr'><strong>ignorat,</strong></span> <span class='ocrx_word' id='word_1_286' title='bbox 2412 1586 2702 1651; x_wconf 74' lang='lat' dir='ltr'><strong>horamque</strong></span> <span class='ocrx_word' id='word_1_287' title='bbox 2730 1598 2778 1640; x_wconf 80' lang='lat' dir='ltr'><strong>et</strong></span> <span class='ocrx_word' id='word_1_288' title='bbox 2809 1587 2945 1639; x_wconf 74' lang='lat' dir='ltr'><strong>diem</strong></span> <span class='ocrx_word' id='word_1_289' title='bbox 2981 1590 3097 1642; x_wconf 87' lang='lat' dir='ltr'><strong>linis</strong></span> <span class='ocrx_word' id='word_1_290' title='bbox 3122 1585 3263 1648; x_wconf 55' lang='lat' dir='ltr'><strong>sumi</strong></span> <span class='ocrx_word' id='word_1_291' title='bbox 3303 1590 3422 1655; x_wconf 89' lang='lat' dir='ltr'><strong>quia</strong></span> <span class='ocrx_word' id='word_1_292' title='bbox 3443 1629 3458 1650; x_wconf 88' lang='lat'><strong>,</strong></span> <span class='ocrx_word' id='word_1_293' title='bbox 3490 1592 3618 1640; x_wconf 72' lang='lat' dir='ltr'><strong>sicut</strong></span> <span class='ocrx_word' id='word_1_294' title='bbox 3651 1590 3701 1641; x_wconf 85' lang='lat' dir='ltr'><strong>in</strong></span> 
     </span>
    </p>
   </div>
   <div class='ocr_carea' id='block_1_39' title="bbox 2153 1655 3704 1723">
    <p class='ocr_par' dir='ltr' id='par_1_39' title="bbox 2153 1655 3704 1723">
     <span class='ocr_line' id='line_1_39' title="bbox 2153 1655 3704 1723; baseline 0.002 -17"><span class='ocrx_word' id='word_1_295' title='bbox 2153 1655 2467 1722; x_wconf 56' lang='lat' dir='ltr'><strong>Apncilypsl</strong></span> <span class='ocrx_word' id='word_1_296' title='bbox 2501 1657 2646 1708; x_wconf 75' lang='lat' dir='ltr'><strong>intim</strong></span> <span class='ocrx_word' id='word_1_297' title='bbox 2670 1667 2788 1717; x_wconf 57' lang='lat' dir='ltr'><strong>itur,</strong></span> <span class='ocrx_word' id='word_1_298' title='bbox 2838 1658 2887 1709; x_wconf 90' lang='lat' dir='ltr'><strong>in</strong></span> <span class='ocrx_word' id='word_1_299' title='bbox 2913 1660 3130 1723; x_wconf 75' lang='lat' dir='ltr'><strong>septima</strong></span> <span class='ocrx_word' id='word_1_300' title='bbox 3165 1661 3282 1710; x_wconf 87' lang='lat' dir='ltr'><strong>tuba</strong></span> <span class='ocrx_word' id='word_1_301' title='bbox 3305 1699 3318 1721; x_wconf 96' lang='lat'><strong>,</strong></span> <span class='ocrx_word' id='word_1_302' title='bbox 3348 1675 3440 1714; x_wconf 87' lang='lat' dir='ltr'><strong>seu</strong></span> <span class='ocrx_word' id='word_1_303' title='bbox 3469 1659 3518 1710; x_wconf 90' lang='lat' dir='ltr'><strong>in</strong></span> <span class='ocrx_word' id='word_1_304' title='bbox 3545 1661 3704 1722; x_wconf 76' lang='lat' dir='ltr'><strong>septi-</strong></span> 
     </span>
    </p>
   </div>
   <div class='ocr_carea' id='block_1_40' title="bbox 2153 1724 3697 1793">
    <p class='ocr_par' dir='ltr' id='par_1_40' title="bbox 2153 1724 3697 1793">
     <span class='ocr_line' id='line_1_40' title="bbox 2153 1724 3697 1793; baseline 0.005 -18"><span class='ocrx_word' id='word_1_305' title='bbox 2153 1739 2233 1775; x_wconf 74' lang='lat' dir='ltr'><strong>ma</strong></span> <span class='ocrx_word' id='word_1_306' title='bbox 2281 1724 2453 1790; x_wconf 92' lang='lat' dir='ltr'><strong>phiala</strong></span> <span class='ocrx_word' id='word_1_307' title='bbox 2501 1727 2593 1777; x_wconf 69' lang='lat' dir='ltr'><strong>ira:</strong></span> <span class='ocrx_word' id='word_1_308' title='bbox 2647 1726 2776 1790; x_wconf 83' lang='lat' dir='ltr'><strong>Dei,</strong></span> <span class='ocrx_word' id='word_1_309' title='bbox 2827 1731 3226 1793; x_wconf 75' lang='lat' dir='ltr'><strong>complebuntur</strong></span> <span class='ocrx_word' id='word_1_310' title='bbox 3273 1744 3541 1781; x_wconf 74' lang='lat' dir='ltr'><strong>sermones</strong></span> <span class='ocrx_word' id='word_1_311' title='bbox 3587 1728 3697 1782; x_wconf 87' lang='lat' dir='ltr'><strong>Dei.</strong></span> 
     </span>
    </p>
   </div>
   <div class='ocr_carea' id='block_1_41' title="bbox 482 1794 3701 1869">
    <p class='ocr_par' dir='ltr' id='par_1_41' title="bbox 482 1794 3701 1869">
     <span class='ocr_line' id='line_1_41' title="bbox 482 1794 3701 1869; baseline -0 -19"><span class='ocrx_word' id='word_1_312' title='bbox 482 1802 650 1862; x_wconf 67' lang='lat' dir='ltr'><strong>rexit,</strong></span> <span class='ocrx_word' id='word_1_313' title='bbox 684 1809 736 1853; x_wconf 91' lang='lat' dir='ltr'><strong>et</strong></span> <span class='ocrx_word' id='word_1_314' title='bbox 767 1797 986 1851; x_wconf 83' lang='lat' dir='ltr'><strong>mortuis</strong></span> <span class='ocrx_word' id='word_1_315' title='bbox 1013 1796 1384 1869; x_wconf 13' lang='lat' dir='ltr'><strong>vitamrdedit,</strong></span> <span class='ocrx_word' id='word_1_316' title='bbox 1410 1805 1462 1869; x_wconf 80' lang='lat' dir='ltr'><strong>et</strong></span> <span class='ocrx_word' id='word_1_317' title='bbox 1491 1794 1746 1869; x_wconf 71' lang='lat' dir='ltr'><strong>primitias</strong></span> <span class='ocrx_word' id='word_1_318' title='bbox 1776 1810 2046 1869; x_wconf 81' lang='lat' dir='ltr'><strong>resurrec-</strong></span> <span class='ocrx_word' id='word_1_319' title='bbox 2084 1810 2127 1869; x_wconf 77' lang='grc' dir='ltr'><strong><em>Β</em></strong></span> <span class='ocrx_word' id='word_1_320' title='bbox 2155 1794 2330 1869; x_wconf 75' lang='lat' dir='ltr'><strong>Scdut</strong></span> <span class='ocrx_word' id='word_1_321' title='bbox 2354 1813 2415 1845; x_wconf 89' lang='lat' dir='ltr'><strong>ue</strong></span> <span class='ocrx_word' id='word_1_322' title='bbox 2442 1795 2555 1869; x_wconf 65' lang='lat' dir='ltr'><strong>quis</strong></span> <span class='ocrx_word' id='word_1_323' title='bbox 2576 1797 2672 1847; x_wconf 87' lang='lat' dir='ltr'><strong>hoc</strong></span> <span class='ocrx_word' id='word_1_324' title='bbox 2703 1807 2842 1869; x_wconf 78' lang='lat' dir='ltr'><strong>putet</strong></span> <span class='ocrx_word' id='word_1_325' title='bbox 2865 1800 3001 1864; x_wconf 83' lang='lat' dir='ltr'><strong>quod</strong></span> <span class='ocrx_word' id='word_1_326' title='bbox 3032 1814 3098 1850; x_wconf 87' lang='lat' dir='ltr'><strong>vn</strong></span> <span class='ocrx_word' id='word_1_327' title='bbox 3125 1799 3418 1851; x_wconf 80' lang='lat' dir='ltr'><strong>milliarium</strong></span> <span class='ocrx_word' id='word_1_328' title='bbox 3448 1813 3701 1869; x_wconf 79' lang='lat' dir='ltr'><strong>annorum</strong></span> 
     </span>
    </p>
   </div>
   <div class='ocr_carea' id='block_1_42' title="bbox 486 1864 2048 1926">
    <p class='ocr_par' dir='ltr' id='par_1_42' title="bbox 486 1864 2048 1926">
     <span class='ocr_line' id='line_1_42' title="bbox 486 1864 2048 1926; baseline -0.003 -5"><span class='ocrx_word' id='word_1_329' title='bbox 486 1870 639 1922; x_wconf 86' lang='lat' dir='ltr'><strong>tionis</strong></span> <span class='ocrx_word' id='word_1_330' title='bbox 668 1869 928 1926; x_wconf 84' lang='lat' dir='ltr'><strong>ostendit,</strong></span> <span class='ocrx_word' id='word_1_331' title='bbox 966 1877 1018 1920; x_wconf 92' lang='lat' dir='ltr'><strong>et</strong></span> <span class='ocrx_word' id='word_1_332' title='bbox 1051 1868 1286 1919; x_wconf 79' lang='lat' dir='ltr'><strong>euntium</strong></span> <span class='ocrx_word' id='word_1_333' title='bbox 1319 1864 1552 1918; x_wconf 70' lang='lat' dir='ltr'><strong>fidelium</strong></span> <span class='ocrx_word' id='word_1_334' title='bbox 1582 1865 1739 1917; x_wconf 88' lang='lat' dir='ltr'><strong>corda</strong></span> <span class='ocrx_word' id='word_1_335' title='bbox 1771 1865 1834 1916; x_wconf 90' lang='lat' dir='ltr'><strong>ad</strong></span> <span class='ocrx_word' id='word_1_336' title='bbox 1869 1881 2048 1919; x_wconf 85' lang='lat' dir='ltr'><strong>resur-</strong></span> 
     </span>
    </p>
   </div>
   <div class='ocr_carea' id='block_1_43' title="bbox 481 1935 2049 2003">
    <p class='ocr_par' dir='ltr' id='par_1_43' title="bbox 481 1935 2049 2003">
     <span class='ocr_line' id='line_1_43' title="bbox 481 1935 2049 2003; baseline -0.002 -13"><span class='ocrx_word' id='word_1_337' title='bbox 481 1939 766 1993; x_wconf 73' lang='lat' dir='ltr'><strong>reCti-rnem</strong></span> <span class='ocrx_word' id='word_1_338' title='bbox 801 1939 1025 1991; x_wconf 83' lang='lat' dir='ltr'><strong>futuram</strong></span> <span class='ocrx_word' id='word_1_339' title='bbox 1055 1938 1294 1989; x_wconf 87' lang='lat' dir='ltr'><strong>lirmavit.</strong></span> <span class='ocrx_word' id='word_1_340' title='bbox 1324 1935 1470 2000; x_wconf 88' lang='lat' dir='ltr'><strong>Quod</strong></span> <span class='ocrx_word' id='word_1_341' title='bbox 1495 1944 1671 1986; x_wconf 85' lang='lat' dir='ltr'><strong>autem</strong></span> <span class='ocrx_word' id='word_1_342' title='bbox 1700 1935 2049 2003; x_wconf 69' lang='lat' dir='ltr'><strong>quadraginta</strong></span> 
     </span>
    </p>
   </div>
   <div class='ocr_carea' id='block_1_44' title="bbox 476 2005 2051 2075">
    <p class='ocr_par' dir='ltr' id='par_1_44' title="bbox 476 2005 2051 2075">
     <span class='ocr_line' id='line_1_44' title="bbox 476 2005 2051 2075; baseline 0 -17"><span class='ocrx_word' id='word_1_343' title='bbox 476 2009 680 2064; x_wconf 81' lang='lat' dir='ltr'><strong>dierum</strong></span> <span class='ocrx_word' id='word_1_344' title='bbox 721 2011 891 2075; x_wconf 72' lang='lat' dir='ltr'><strong>spitio</strong></span> <span class='ocrx_word' id='word_1_345' title='bbox 923 2023 1042 2060; x_wconf 91' lang='lat' dir='ltr'><strong>cum</strong></span> <span class='ocrx_word' id='word_1_346' title='bbox 1073 2005 1343 2074; x_wconf 69' lang='lat' dir='ltr'><strong>discipulis</strong></span> <span class='ocrx_word' id='word_1_347' title='bbox 1384 2005 1496 2058; x_wconf 85' lang='lat' dir='ltr'><strong>suis</strong></span> <span class='ocrx_word' id='word_1_348' title='bbox 1535 2012 1654 2075; x_wconf 79' lang='lat' dir='ltr'><strong>post</strong></span> <span class='ocrx_word' id='word_1_349' title='bbox 1682 2019 1831 2057; x_wconf 87' lang='lat' dir='ltr'><strong>suam</strong></span> <span class='ocrx_word' id='word_1_350' title='bbox 1876 2020 2051 2058; x_wconf 63' lang='lat' dir='ltr'><strong>resuro</strong></span> 
     </span>
    </p>
   </div>
   <div class='ocr_carea' id='block_1_45' title="bbox 479 2074 2051 2139">
    <p class='ocr_par' dir='ltr' id='par_1_45' title="bbox 479 2074 2051 2139">
     <span class='ocr_line' id='line_1_45' title="bbox 479 2074 2051 2139; baseline -0.001 -11"><span class='ocrx_word' id='word_1_351' title='bbox 479 2074 766 2133; x_wconf 77' lang='lat' dir='ltr'><strong>rectionem</strong></span> <span class='ocrx_word' id='word_1_352' title='bbox 804 2087 1160 2132; x_wconf 83' lang='lat' dir='ltr'><strong>commoratus</strong></span> <span class='ocrx_word' id='word_1_353' title='bbox 1191 2086 1296 2139; x_wconf 88' lang='lat' dir='ltr'><strong>est,</strong></span> <span class='ocrx_word' id='word_1_354' title='bbox 1341 2084 1397 2127; x_wconf 91' lang='lat' dir='ltr'><strong>ut</strong></span> <span class='ocrx_word' id='word_1_355' title='bbox 1437 2074 1726 2128; x_wconf 83' lang='lat' dir='ltr'><strong>inﬁdelium</strong></span> <span class='ocrx_word' id='word_1_356' title='bbox 1764 2077 1922 2128; x_wconf 89' lang='lat' dir='ltr'><strong>corda</strong></span> <span class='ocrx_word' id='word_1_357' title='bbox 1952 2076 2051 2127; x_wconf 84' lang='lat' dir='ltr'><strong>do-</strong></span> 
     </span>
    </p>
   </div>
   <div class='ocr_carea' id='block_1_46' title="bbox 480 2143 2052 2214">
    <p class='ocr_par' dir='ltr' id='par_1_46' title="bbox 480 2143 2052 2214">
     <span class='ocr_line' id='line_1_46' title="bbox 480 2143 2052 2214; baseline 0 -15"><span class='ocrx_word' id='word_1_358' title='bbox 480 2161 679 2214; x_wconf 81' lang='lat' dir='ltr'><strong>niaret,</strong></span> <span class='ocrx_word' id='word_1_359' title='bbox 732 2159 784 2202; x_wconf 91' lang='lat' dir='ltr'><strong>et</strong></span> <span class='ocrx_word' id='word_1_360' title='bbox 837 2163 946 2203; x_wconf 70' lang='lat' dir='ltr'><strong>sua:</strong></span> <span class='ocrx_word' id='word_1_361' title='bbox 999 2147 1253 2201; x_wconf 76' lang='lat' dir='ltr'><strong>Eccleia:</strong></span> <span class='ocrx_word' id='word_1_362' title='bbox 1308 2158 1524 2199; x_wconf 88' lang='lat' dir='ltr'><strong>munera</strong></span> <span class='ocrx_word' id='word_1_363' title='bbox 1578 2143 1709 2213; x_wconf 82' lang='lat' dir='ltr'><strong>legis</strong></span> <span class='ocrx_word' id='word_1_364' title='bbox 1759 2148 2052 2213; x_wconf 58' lang='lat' dir='ltr'><strong>quatiruplo</strong></span> 
     </span>
    </p>
   </div>
   <div class='ocr_carea' id='block_1_47' title="bbox 478 2219 763 2272">
    <p class='ocr_par' dir='ltr' id='par_1_47' title="bbox 478 2219 763 2272">
     <span class='ocr_line' id='line_1_47' title="bbox 478 2219 763 2272; baseline 0.007 -2"><span class='ocrx_word' id='word_1_365' title='bbox 478 2219 763 2272; x_wconf 64' lang='lat' dir='ltr'><strong>conferret.</strong></span> 
     </span>
    </p>
   </div>
   <div class='ocr_carea' id='block_1_48' title="bbox 548 2285 2042 2354">
    <p class='ocr_par' dir='ltr' id='par_1_48' title="bbox 548 2285 2042 2354">
     <span class='ocr_line' id='line_1_48' title="bbox 548 2285 2042 2354; baseline -0.001 -14"><span class='ocrx_word' id='word_1_366' title='bbox 548 2289 638 2344; x_wconf 68' lang='lat'><strong>22:2.</strong></span> <span class='ocrx_word' id='word_1_367' title='bbox 681 2289 832 2354; x_wconf 84' lang='lat' dir='ltr'><strong>Quod</strong></span> <span class='ocrx_word' id='word_1_368' title='bbox 884 2303 1010 2342; x_wconf 88' lang='lat' dir='ltr'><strong>vero</strong></span> <span class='ocrx_word' id='word_1_369' title='bbox 1052 2286 1356 2341; x_wconf 63' lang='lat' dir='ltr'><strong>ascendisse</strong></span> <span class='ocrx_word' id='word_1_370' title='bbox 1407 2285 1579 2350; x_wconf 90' lang='lat' dir='ltr'><strong>ipsum</strong></span> <span class='ocrx_word' id='word_1_371' title='bbox 1637 2285 2042 2354; x_wconf 80' lang='lat' dir='ltr'><strong>quadragesimo</strong></span> 
     </span>
    </p>
   </div>
   <div class='ocr_carea' id='block_1_49' title="bbox 480 2353 2046 2421">
    <p class='ocr_par' dir='ltr' id='par_1_49' title="bbox 480 2353 2046 2421">
     <span class='ocr_line' id='line_1_49' title="bbox 480 2353 2046 2421; baseline -0.001 -10"><span class='ocrx_word' id='word_1_372' title='bbox 480 2359 563 2411; x_wconf 83' lang='lat' dir='ltr'><strong>die</strong></span> <span class='ocrx_word' id='word_1_373' title='bbox 589 2353 929 2421; x_wconf 67' lang='lat' dir='ltr'><strong>perscribitur</strong></span> <span class='ocrx_word' id='word_1_374' title='bbox 959 2361 1007 2412; x_wconf 89' lang='lat' dir='ltr'><strong>in</strong></span> <span class='ocrx_word' id='word_1_375' title='bbox 1034 2359 1225 2413; x_wconf 65' lang='lat' dir='ltr'><strong>caelum</strong></span> <span class='ocrx_word' id='word_1_376' title='bbox 1250 2397 1264 2420; x_wconf 88' lang='lat'><strong>,</strong></span> <span class='ocrx_word' id='word_1_377' title='bbox 1319 2366 1374 2408; x_wconf 90' lang='lat' dir='ltr'><strong>ut</strong></span> <span class='ocrx_word' id='word_1_378' title='bbox 1413 2358 1495 2410; x_wconf 88' lang='lat' dir='ltr'><strong>cui</strong></span> <span class='ocrx_word' id='word_1_379' title='bbox 1525 2356 1722 2407; x_wconf 85' lang='lat' dir='ltr'><strong>dictum</strong></span> <span class='ocrx_word' id='word_1_380' title='bbox 1749 2353 1857 2419; x_wconf 78' lang='lat' dir='ltr'><strong>est,</strong></span> <span class='ocrx_word' id='word_1_381' title='bbox 1883 2353 2046 2410; x_wconf 80' lang='lat' dir='ltr'><strong>Terra</strong></span> 
     </span>
    </p>
   </div>
   <div class='ocr_carea' id='block_1_50' title="bbox 481 2423 2044 2492">
    <p class='ocr_par' dir='ltr' id='par_1_50' title="bbox 481 2423 2044 2492">
     <span class='ocr_line' id='line_1_50' title="bbox 481 2423 2044 2492; baseline -0.001 -11"><span class='ocrx_word' id='word_1_382' title='bbox 481 2444 537 2481; x_wconf 78' lang='lat' dir='ltr'><strong>es</strong></span> <span class='ocrx_word' id='word_1_383' title='bbox 562 2429 688 2483; x_wconf 90' lang='lat' dir='ltr'><strong>etin</strong></span> <span class='ocrx_word' id='word_1_384' title='bbox 723 2439 913 2484; x_wconf 88' lang='lat' dir='ltr'><strong>terram</strong></span> <span class='ocrx_word' id='word_1_385' title='bbox 965 2427 1084 2489; x_wconf 85' lang='lat' dir='ltr'><strong>ibis,</strong></span> <span class='ocrx_word' id='word_1_386' title='bbox 1137 2427 1235 2492; x_wconf 92' lang='lat' dir='ltr'><strong>ipsi</strong></span> <span class='ocrx_word' id='word_1_387' title='bbox 1269 2435 1383 2492; x_wconf 88' lang='lat' dir='ltr'><strong>post</strong></span> <span class='ocrx_word' id='word_1_388' title='bbox 1408 2464 1422 2488; x_wconf 92' lang='lat'><strong>,</strong></span> <span class='ocrx_word' id='word_1_389' title='bbox 1467 2423 1534 2479; x_wconf 87' lang='lat' dir='ltr'><strong>de</strong></span> <span class='ocrx_word' id='word_1_390' title='bbox 1563 2425 1776 2478; x_wconf 76' lang='lat' dir='ltr'><strong>diabolo</strong></span> <span class='ocrx_word' id='word_1_391' title='bbox 1806 2434 1958 2492; x_wconf 88' lang='lat' dir='ltr'><strong>capta</strong></span> <span class='ocrx_word' id='word_1_392' title='bbox 1995 2427 2044 2480; x_wconf 91' lang='lat' dir='ltr'><strong>in</strong></span> 
     </span>
    </p>
   </div>
   <div class='ocr_carea' id='block_1_51' title="bbox 481 2494 2042 2563">
    <p class='ocr_par' dir='ltr' id='par_1_51' title="bbox 481 2494 2042 2563">
     <span class='ocr_line' id='line_1_51' title="bbox 481 2494 2042 2563; baseline -0.001 -12"><span class='ocrx_word' id='word_1_393' title='bbox 481 2497 693 2553; x_wconf 69' lang='lat' dir='ltr'><strong>Christo</strong></span> <span class='ocrx_word' id='word_1_394' title='bbox 740 2500 958 2553; x_wconf 78' lang='lat' dir='ltr'><strong>victoria</strong></span> <span class='ocrx_word' id='word_1_395' title='bbox 989 2540 1003 2563; x_wconf 93' lang='lat'><strong>,</strong></span> <span class='ocrx_word' id='word_1_396' title='bbox 1072 2500 1338 2552; x_wconf 83' lang='lat' dir='ltr'><strong>diceretur</strong></span> <span class='ocrx_word' id='word_1_397' title='bbox 1381 2514 1394 2549; x_wconf 89' lang='lat'><strong>:</strong></span> <span class='ocrx_word' id='word_1_398' title='bbox 1455 2494 1594 2549; x_wconf 86' lang='lat' dir='ltr'><strong>Sede</strong></span> <span class='ocrx_word' id='word_1_399' title='bbox 1641 2495 1707 2548; x_wconf 91' lang='lat' dir='ltr'><strong>ad</strong></span> <span class='ocrx_word' id='word_1_400' title='bbox 1765 2495 2042 2551; x_wconf 81' lang='lat' dir='ltr'><strong>dexteram</strong></span> 
     </span>
    </p>
   </div>
   <div class='ocr_carea' id='block_1_52' title="bbox 482 2565 2042 2636">
    <p class='ocr_par' dir='ltr' id='par_1_52' title="bbox 482 2565 2042 2636">
     <span class='ocr_line' id='line_1_52' title="bbox 482 2565 2042 2636; baseline 0.004 -20"><span class='ocrx_word' id='word_1_401' title='bbox 482 2583 675 2636; x_wconf 83' lang='lat' dir='ltr'><strong>meam,</strong></span> <span class='ocrx_word' id='word_1_402' title='bbox 696 2570 867 2624; x_wconf 84' lang='lat' dir='ltr'><strong>donec</strong></span> <span class='ocrx_word' id='word_1_403' title='bbox 899 2586 1086 2633; x_wconf 86' lang='lat' dir='ltr'><strong>ponam</strong></span> <span class='ocrx_word' id='word_1_404' title='bbox 1111 2568 1352 2622; x_wconf 90' lang='lat' dir='ltr'><strong>inimicos</strong></span> <span class='ocrx_word' id='word_1_405' title='bbox 1381 2578 1497 2620; x_wconf 87' lang='lat' dir='ltr'><strong>tuos</strong></span> <span class='ocrx_word' id='word_1_406' title='bbox 1525 2579 1612 2618; x_wconf 87' lang='lat' dir='ltr'><strong>sca</strong></span> <span class='ocrx_word' id='word_1_407' title='bbox 1625 2565 1818 2618; x_wconf 88' lang='lat' dir='ltr'><strong>bellum</strong></span> <span class='ocrx_word' id='word_1_408' title='bbox 1851 2567 2042 2632; x_wconf 87' lang='lat' dir='ltr'><strong>pedum</strong></span> 
     </span>
    </p>
   </div>
   <div class='ocr_carea' id='block_1_53' title="bbox 485 2637 2044 2707">
    <p class='ocr_par' dir='ltr' id='par_1_53' title="bbox 485 2637 2044 2707">
     <span class='ocr_line' id='line_1_53' title="bbox 485 2637 2044 2707; baseline 0.001 -21"><span class='ocrx_word' id='word_1_409' title='bbox 485 2650 710 2693; x_wconf 85' lang='lat' dir='ltr'><strong>tuorum.</strong></span> <span class='ocrx_word' id='word_1_410' title='bbox 740 2639 896 2693; x_wconf 81' lang='lat' dir='ltr'><strong>Duxit</strong></span> <span class='ocrx_word' id='word_1_411' title='bbox 927 2653 1056 2707; x_wconf 77' lang='lat' dir='ltr'><strong>ergo</strong></span> <span class='ocrx_word' id='word_1_412' title='bbox 1082 2639 1377 2692; x_wconf 80' lang='lat' dir='ltr'><strong>ascendens</strong></span> <span class='ocrx_word' id='word_1_413' title='bbox 1403 2637 1642 2690; x_wconf 82' lang='lat' dir='ltr'><strong>Christus</strong></span> <span class='ocrx_word' id='word_1_414' title='bbox 1665 2637 1925 2707; x_wconf 85' lang='lat' dir='ltr'><strong>captivam</strong></span> <span class='ocrx_word' id='word_1_415' title='bbox 1957 2652 2044 2689; x_wconf 87' lang='lat' dir='ltr'><strong>ca-</strong></span> 
     </span>
    </p>
   </div>
   <div class='ocr_carea' id='block_1_54' title="bbox 484 2705 2037 2773">
    <p class='ocr_par' dir='ltr' id='par_1_54' title="bbox 484 2705 2037 2773">
     <span class='ocr_line' id='line_1_54' title="bbox 484 2705 2037 2773; baseline -0.005 -6"><span class='ocrx_word' id='word_1_416' title='bbox 484 2710 792 2772; x_wconf 63' lang='lat' dir='ltr'><strong>ptivitatem,</strong></span> <span class='ocrx_word' id='word_1_417' title='bbox 822 2721 874 2764; x_wconf 90' lang='lat' dir='ltr'><strong>et</strong></span> <span class='ocrx_word' id='word_1_418' title='bbox 905 2711 981 2763; x_wconf 87' lang='lat' dir='ltr'><strong>sic</strong></span> <span class='ocrx_word' id='word_1_419' title='bbox 1003 2705 1300 2762; x_wconf 82' lang='lat' dir='ltr'><strong>secundum</strong></span> <span class='ocrx_word' id='word_1_420' title='bbox 1329 2723 1478 2759; x_wconf 82' lang='lat' dir='ltr'><strong>suam</strong></span> <span class='ocrx_word' id='word_1_421' title='bbox 1511 2705 1917 2773; x_wconf 70' lang='lat' dir='ltr'><strong>promissionem</strong></span> <span class='ocrx_word' id='word_1_422' title='bbox 1947 2708 2037 2761; x_wconf 91' lang='lat' dir='ltr'><strong>die</strong></span> 
     </span>
    </p>
   </div>
   <div class='ocr_carea' id='block_1_55' title="bbox 485 2776 2040 2834">
    <p class='ocr_par' dir='ltr' id='par_1_55' title="bbox 485 2776 2040 2834">
     <span class='ocr_line' id='line_1_55' title="bbox 485 2776 2040 2834; baseline -0.001 -4"><span class='ocrx_word' id='word_1_423' title='bbox 485 2782 822 2834; x_wconf 66' lang='lat' dir='ltr'><strong>pentecostes</strong></span> <span class='ocrx_word' id='word_1_424' title='bbox 857 2780 1002 2834; x_wconf 86' lang='lat' dir='ltr'><strong>dedit</strong></span> <span class='ocrx_word' id='word_1_425' title='bbox 1046 2779 1186 2834; x_wconf 87' lang='lat' dir='ltr'><strong>dona</strong></span> <span class='ocrx_word' id='word_1_426' title='bbox 1235 2778 1558 2830; x_wconf 74' lang='lat' dir='ltr'><strong>numinibus.</strong></span> <span class='ocrx_word' id='word_1_427' title='bbox 1608 2776 1861 2829; x_wconf 85' lang='lat' dir='ltr'><strong>Ascendit</strong></span> <span class='ocrx_word' id='word_1_428' title='bbox 1888 2776 2040 2830; x_wconf 89' lang='lat' dir='ltr'><strong>Chri-</strong></span> 
     </span>
    </p>
   </div>
   <div class='ocr_carea' id='block_1_56' title="bbox 482 2847 2042 2915">
    <p class='ocr_par' dir='ltr' id='par_1_56' title="bbox 482 2847 2042 2915">
     <span class='ocr_line' id='line_1_56' title="bbox 482 2847 2042 2915; baseline -0.001 -14"><span class='ocrx_word' id='word_1_429' title='bbox 482 2861 598 2904; x_wconf 78' lang='lat' dir='ltr'><strong>stus</strong></span> <span class='ocrx_word' id='word_1_430' title='bbox 619 2851 682 2903; x_wconf 88' lang='lat' dir='ltr'><strong>ad</strong></span> <span class='ocrx_word' id='word_1_431' title='bbox 708 2851 937 2914; x_wconf 81' lang='lat' dir='ltr'><strong>Patrem,</strong></span> <span class='ocrx_word' id='word_1_432' title='bbox 963 2859 1019 2902; x_wconf 84' lang='lat' dir='ltr'><strong>et</strong></span> <span class='ocrx_word' id='word_1_433' title='bbox 1041 2848 1319 2903; x_wconf 83' lang='lat' dir='ltr'><strong>descendit</strong></span> <span class='ocrx_word' id='word_1_434' title='bbox 1344 2847 1576 2915; x_wconf 75' lang='lat' dir='ltr'><strong>Spiritus</strong></span> <span class='ocrx_word' id='word_1_435' title='bbox 1598 2857 1813 2900; x_wconf 90' lang='lat' dir='ltr'><strong>sanctus</strong></span> <span class='ocrx_word' id='word_1_436' title='bbox 1837 2847 1898 2898; x_wconf 88' lang='lat' dir='ltr'><strong>ad</strong></span> <span class='ocrx_word' id='word_1_437' title='bbox 1930 2847 2042 2912; x_wconf 83' lang='lat' dir='ltr'><strong>ple-</strong></span> 
     </span>
    </p>
   </div>
   <div class='ocr_carea' id='block_1_57' title="bbox 487 2916 2040 2985">
    <p class='ocr_par' dir='ltr' id='par_1_57' title="bbox 487 2916 2040 2985">
     <span class='ocr_line' id='line_1_57' title="bbox 487 2916 2040 2985; baseline 0.001 -16"><span class='ocrx_word' id='word_1_438' title='bbox 487 2924 623 2972; x_wconf 75' lang='lat' dir='ltr'><strong>liem.</strong></span> <span class='ocrx_word' id='word_1_439' title='bbox 664 2921 764 2985; x_wconf 88' lang='lat' dir='ltr'><strong>Qui</strong></span> <span class='ocrx_word' id='word_1_440' title='bbox 791 2920 1102 2983; x_wconf 86' lang='lat' dir='ltr'><strong>descendit,</strong></span> <span class='ocrx_word' id='word_1_441' title='bbox 1157 2919 1268 2984; x_wconf 88' lang='lat' dir='ltr'><strong>ipse</strong></span> <span class='ocrx_word' id='word_1_442' title='bbox 1296 2918 1452 2970; x_wconf 88' lang='lat' dir='ltr'><strong>etiam</strong></span> <span class='ocrx_word' id='word_1_443' title='bbox 1483 2916 1722 2968; x_wconf 78' lang='lat' dir='ltr'><strong>asrendit</strong></span> <span class='ocrx_word' id='word_1_444' title='bbox 1743 2929 1901 2982; x_wconf 85' lang='lat' dir='ltr'><strong>super</strong></span> <span class='ocrx_word' id='word_1_445' title='bbox 1930 2931 2040 2970; x_wconf 80' lang='lat' dir='ltr'><strong>cte-</strong></span> 
     </span>
    </p>
   </div>
   <div class='ocr_carea' id='block_1_58' title="bbox 485 2987 2039 3056">
    <p class='ocr_par' dir='ltr' id='par_1_58' title="bbox 485 2987 2039 3056">
     <span class='ocr_line' id='line_1_58' title="bbox 485 2987 2039 3056; baseline 0.001 -19"><span class='ocrx_word' id='word_1_446' title='bbox 485 2991 584 3053; x_wconf 86' lang='lat' dir='ltr'><strong>los,</strong></span> <span class='ocrx_word' id='word_1_447' title='bbox 639 2999 695 3042; x_wconf 90' lang='lat' dir='ltr'><strong>ut</strong></span> <span class='ocrx_word' id='word_1_448' title='bbox 749 2990 1064 3056; x_wconf 88' lang='lat' dir='ltr'><strong>adimpleret</strong></span> <span class='ocrx_word' id='word_1_449' title='bbox 1097 2988 1300 3041; x_wconf 87' lang='lat' dir='ltr'><strong>omnia.</strong></span> <span class='ocrx_word' id='word_1_450' title='bbox 1388 2987 1541 3050; x_wconf 84' lang='lat' dir='ltr'><strong>Quod</strong></span> <span class='ocrx_word' id='word_1_451' title='bbox 1585 2999 1710 3037; x_wconf 86' lang='lat' dir='ltr'><strong>vero</strong></span> <span class='ocrx_word' id='word_1_452' title='bbox 1765 2987 2039 3040; x_wconf 87' lang='lat' dir='ltr'><strong>descendit</strong></span> 
     </span>
    </p>
   </div>
   <div class='ocr_carea' id='block_1_59' title="bbox 486 3056 2034 3123">
    <p class='ocr_par' dir='ltr' id='par_1_59' title="bbox 486 3056 2034 3123">
     <span class='ocr_line' id='line_1_59' title="bbox 486 3056 2034 3123; baseline -0.002 -13"><span class='ocrx_word' id='word_1_453' title='bbox 486 3059 789 3113; x_wconf 74' lang='lat' dir='ltr'><strong>l‘araclctns</strong></span> <span class='ocrx_word' id='word_1_454' title='bbox 818 3061 882 3112; x_wconf 88' lang='lat' dir='ltr'><strong>ad</strong></span> <span class='ocrx_word' id='word_1_455' title='bbox 912 3059 1178 3122; x_wconf 81' lang='lat' dir='ltr'><strong>apostolus</strong></span> <span class='ocrx_word' id='word_1_456' title='bbox 1205 3095 1225 3123; x_wconf 88' lang='lat'><strong>,</strong></span> <span class='ocrx_word' id='word_1_457' title='bbox 1273 3057 1324 3109; x_wconf 92' lang='lat' dir='ltr'><strong>in</strong></span> <span class='ocrx_word' id='word_1_458' title='bbox 1357 3057 1471 3119; x_wconf 87' lang='lat' dir='ltr'><strong>ipso</strong></span> <span class='ocrx_word' id='word_1_459' title='bbox 1503 3056 1888 3108; x_wconf 70' lang='lat' dir='ltr'><strong>continuantur</strong></span> <span class='ocrx_word' id='word_1_460' title='bbox 1916 3057 2034 3108; x_wconf 86' lang='lat' dir='ltr'><strong>uni-</strong></span> 
     </span>
    </p>
   </div>
   <div class='ocr_carea' id='block_1_60' title="bbox 482 3125 2034 3192">
    <p class='ocr_par' dir='ltr' id='par_1_60' title="bbox 482 3125 2034 3192">
     <span class='ocr_line' id='line_1_60' title="bbox 482 3125 2034 3192; baseline -0.003 -10"><span class='ocrx_word' id='word_1_461' title='bbox 482 3143 628 3182; x_wconf 63' lang='lat' dir='ltr'><strong>tersa</strong></span> <span class='ocrx_word' id='word_1_462' title='bbox 659 3129 710 3182; x_wconf 91' lang='lat' dir='ltr'><strong>in</strong></span> <span class='ocrx_word' id='word_1_463' title='bbox 741 3129 880 3183; x_wconf 66' lang='lat' dir='ltr'><strong>caelo</strong></span> <span class='ocrx_word' id='word_1_464' title='bbox 921 3139 974 3182; x_wconf 90' lang='lat' dir='ltr'><strong>ct</strong></span> <span class='ocrx_word' id='word_1_465' title='bbox 1020 3128 1072 3182; x_wconf 93' lang='lat' dir='ltr'><strong>in</strong></span> <span class='ocrx_word' id='word_1_466' title='bbox 1117 3137 1276 3181; x_wconf 84' lang='lat' dir='ltr'><strong>terra.</strong></span> <span class='ocrx_word' id='word_1_467' title='bbox 1331 3127 1458 3180; x_wconf 81' lang='lat' dir='ltr'><strong>Nam</strong></span> <span class='ocrx_word' id='word_1_468' title='bbox 1495 3125 1691 3192; x_wconf 83' lang='lat' dir='ltr'><strong>Spiritu</strong></span> <span class='ocrx_word' id='word_1_469' title='bbox 1715 3136 1899 3178; x_wconf 87' lang='lat' dir='ltr'><strong>sancto</strong></span> <span class='ocrx_word' id='word_1_470' title='bbox 1927 3128 2034 3178; x_wconf 84' lang='lat' dir='ltr'><strong>lar-</strong></span> 
     </span>
    </p>
   </div>
   <div class='ocr_carea' id='block_1_61' title="bbox 480 3195 2042 3260">
    <p class='ocr_par' dir='ltr' id='par_1_61' title="bbox 480 3195 2042 3260">
     <span class='ocr_line' id='line_1_61' title="bbox 480 3195 2042 3260; baseline -0.001 -10"><span class='ocrx_word' id='word_1_471' title='bbox 480 3199 693 3260; x_wconf 63' lang='lat' dir='ltr'><strong>giuntur</strong></span> <span class='ocrx_word' id='word_1_472' title='bbox 721 3199 856 3253; x_wconf 90' lang='lat' dir='ltr'><strong>dona</strong></span> <span class='ocrx_word' id='word_1_473' title='bbox 901 3201 1107 3254; x_wconf 85' lang='lat' dir='ltr'><strong>cunctis</strong></span> <span class='ocrx_word' id='word_1_474' title='bbox 1137 3197 1410 3260; x_wconf 81' lang='lat' dir='ltr'><strong>ﬁdelibus,</strong></span> <span class='ocrx_word' id='word_1_475' title='bbox 1462 3204 1518 3248; x_wconf 93' lang='lat' dir='ltr'><strong>ut</strong></span> <span class='ocrx_word' id='word_1_476' title='bbox 1554 3195 1626 3248; x_wconf 88' lang='lat' dir='ltr'><strong>ait</strong></span> <span class='ocrx_word' id='word_1_477' title='bbox 1655 3196 1938 3256; x_wconf 78' lang='lat' dir='ltr'><strong>Apostolus</strong></span> <span class='ocrx_word' id='word_1_478' title='bbox 1967 3196 2042 3249; x_wconf 90' lang='lat' dir='ltr'><strong>di-</strong></span> 
     </span>
    </p>
   </div>
   <div class='ocr_carea' id='block_1_62' title="bbox 480 3266 2037 3336">
    <p class='ocr_par' dir='ltr' id='par_1_62' title="bbox 480 3266 2037 3336">
     <span class='ocr_line' id='line_1_62' title="bbox 480 3266 2037 3336; baseline -0.001 -16"><span class='ocrx_word' id='word_1_479' title='bbox 480 3285 607 3323; x_wconf 83' lang='lat' dir='ltr'><strong>rens</strong></span> <span class='ocrx_word' id='word_1_480' title='bbox 634 3286 648 3324; x_wconf 89' lang='lat'><strong>:</strong></span> <span class='ocrx_word' id='word_1_481' title='bbox 679 3269 784 3324; x_wconf 86' lang='lat' dir='ltr'><strong>Alii</strong></span> <span class='ocrx_word' id='word_1_482' title='bbox 815 3269 1025 3336; x_wconf 83' lang='lat' dir='ltr'><strong>quidem</strong></span> <span class='ocrx_word' id='word_1_483' title='bbox 1056 3271 1211 3322; x_wconf 87' lang='lat' dir='ltr'><strong>datur</strong></span> <span class='ocrx_word' id='word_1_484' title='bbox 1240 3281 1418 3320; x_wconf 77' lang='lat' dir='ltr'><strong>sermo</strong></span> <span class='ocrx_word' id='word_1_485' title='bbox 1445 3266 1720 3336; x_wconf 79' lang='lat' dir='ltr'><strong>sapientiae</strong></span> <span class='ocrx_word' id='word_1_486' title='bbox 1746 3267 2037 3319; x_wconf 74' lang='lat' dir='ltr'><strong>secandum</strong></span> 
     </span>
    </p>
   </div>
   <div class='ocr_carea' id='block_1_63' title="bbox 481 3335 2039 3407">
    <p class='ocr_par' dir='ltr' id='par_1_63' title="bbox 481 3335 2039 3407">
     <span class='ocr_line' id='line_1_63' title="bbox 481 3335 2039 3407; baseline -0.001 -16"><span class='ocrx_word' id='word_1_487' title='bbox 481 3340 723 3394; x_wconf 89' lang='lat' dir='ltr'><strong>eumdem</strong></span> <span class='ocrx_word' id='word_1_488' title='bbox 773 3335 1054 3407; x_wconf 87' lang='lat' dir='ltr'><strong>spiritum,</strong></span> <span class='ocrx_word' id='word_1_489' title='bbox 1101 3339 1187 3392; x_wconf 86' lang='lat' dir='ltr'><strong>alii</strong></span> <span class='ocrx_word' id='word_1_490' title='bbox 1238 3353 1363 3390; x_wconf 86' lang='lat' dir='ltr'><strong>vero</strong></span> <span class='ocrx_word' id='word_1_491' title='bbox 1417 3351 1596 3407; x_wconf 85' lang='lat' dir='ltr'><strong>sermo</strong></span> <span class='ocrx_word' id='word_1_492' title='bbox 1645 3335 1916 3407; x_wconf 75' lang='lat' dir='ltr'><strong>scientiae,</strong></span> <span class='ocrx_word' id='word_1_493' title='bbox 1949 3336 2039 3390; x_wconf 87' lang='lat' dir='ltr'><strong>alii</strong></span> 
     </span>
    </p>
   </div>
   <div class='ocr_carea' id='block_1_64' title="bbox 479 3405 2040 3476">
    <p class='ocr_par' dir='ltr' id='par_1_64' title="bbox 479 3405 2040 3476">
     <span class='ocr_line' id='line_1_64' title="bbox 479 3405 2040 3476; baseline -0.001 -14"><span class='ocrx_word' id='word_1_494' title='bbox 479 3410 644 3471; x_wconf 69' lang='lat' dir='ltr'><strong>gratia</strong></span> <span class='ocrx_word' id='word_1_495' title='bbox 676 3405 1032 3474; x_wconf 84' lang='lat' dir='ltr'><strong>curationum,</strong></span> <span class='ocrx_word' id='word_1_496' title='bbox 1063 3409 1150 3462; x_wconf 85' lang='lat' dir='ltr'><strong>atii</strong></span> <span class='ocrx_word' id='word_1_497' title='bbox 1180 3422 1372 3476; x_wconf 82' lang='lat' dir='ltr'><strong>genera</strong></span> <span class='ocrx_word' id='word_1_498' title='bbox 1408 3406 1700 3471; x_wconf 74' lang='lat' dir='ltr'><strong>linguarum</strong></span> <span class='ocrx_word' id='word_1_499' title='bbox 1727 3446 1741 3466; x_wconf 82' lang='lat'><strong><em>.</em></strong></span> <span class='ocrx_word' id='word_1_500' title='bbox 1765 3405 1852 3458; x_wconf 86' lang='lat' dir='ltr'><strong>alii</strong></span> <span class='ocrx_word' id='word_1_501' title='bbox 1879 3406 2040 3460; x_wconf 81' lang='lat' dir='ltr'><strong>inter—</strong></span> 
     </span>
    </p>
   </div>
   <div class='ocr_carea' id='block_1_65' title="bbox 482 3476 2037 3549">
    <p class='ocr_par' dir='ltr' id='par_1_65' title="bbox 482 3476 2037 3549">
     <span class='ocr_line' id='line_1_65' title="bbox 482 3476 2037 3549; baseline -0.001 -19"><span class='ocrx_word' id='word_1_502' title='bbox 482 3481 707 3543; x_wconf 89' lang='lat' dir='ltr'><strong>pretatio</strong></span> <span class='ocrx_word' id='word_1_503' title='bbox 737 3483 1030 3549; x_wconf 83' lang='lat' dir='ltr'><strong>linguarum</strong></span> <span class='ocrx_word' id='word_1_504' title='bbox 1079 3480 1130 3534; x_wconf 90' lang='lat' dir='ltr'><strong>iu</strong></span> <span class='ocrx_word' id='word_1_505' title='bbox 1162 3478 1391 3531; x_wconf 86' lang='lat' dir='ltr'><strong>eundem</strong></span> <span class='ocrx_word' id='word_1_506' title='bbox 1442 3476 1728 3549; x_wconf 71' lang='lat' dir='ltr'><strong>Spiritum,</strong></span> <span class='ocrx_word' id='word_1_507' title='bbox 1759 3484 2037 3549; x_wconf 85' lang='lat' dir='ltr'><strong>et__cetera.</strong></span> 
     </span>
    </p>
   </div>
   <div class='ocr_carea' id='block_1_66' title="bbox 481 3545 2043 3614">
    <p class='ocr_par' dir='ltr' id='par_1_66' title="bbox 481 3545 2043 3614">
     <span class='ocr_line' id='line_1_66' title="bbox 481 3545 2043 3614; baseline -0.003 -11"><span class='ocrx_word' id='word_1_508' title='bbox 481 3552 602 3604; x_wconf 64' lang='lat' dir='ltr'><strong>Haec</strong></span> <span class='ocrx_word' id='word_1_509' title='bbox 646 3545 835 3605; x_wconf 53' lang='lat' dir='ltr'><strong>autem&#39;</strong></span> <span class='ocrx_word' id='word_1_510' title='bbox 865 3552 1041 3604; x_wconf 87' lang='lat' dir='ltr'><strong>omnia</strong></span> <span class='ocrx_word' id='word_1_511' title='bbox 1088 3549 1226 3603; x_wconf 86' lang='lat' dir='ltr'><strong>dona</strong></span> <span class='ocrx_word' id='word_1_512' title='bbox 1271 3557 1525 3614; x_wconf 82' lang='lat' dir='ltr'><strong>operatur</strong></span> <span class='ocrx_word' id='word_1_513' title='bbox 1557 3545 1694 3598; x_wconf 85' lang='lat' dir='ltr'><strong>Deus</strong></span> <span class='ocrx_word' id='word_1_514' title='bbox 1720 3553 1774 3599; x_wconf 91' lang='lat' dir='ltr'><strong>et</strong></span> <span class='ocrx_word' id='word_1_515' title='bbox 1803 3545 2043 3599; x_wconf 78' lang='lat' dir='ltr'><strong>Christus</strong></span> 
     </span>
    </p>
   </div>
   <div class='ocr_carea' id='block_1_67' title="bbox 483 3615 2043 3686">
    <p class='ocr_par' dir='ltr' id='par_1_67' title="bbox 483 3615 2043 3686">
     <span class='ocr_line' id='line_1_67' title="bbox 483 3615 2043 3686; baseline 0.001 -18"><span class='ocrx_word' id='word_1_516' title='bbox 483 3621 742 3674; x_wconf 88' lang='lat' dir='ltr'><strong>ineodem</strong></span> <span class='ocrx_word' id='word_1_517' title='bbox 792 3631 978 3674; x_wconf 86' lang='lat' dir='ltr'><strong>sancto</strong></span> <span class='ocrx_word' id='word_1_518' title='bbox 1027 3619 1265 3686; x_wconf 87' lang='lat' dir='ltr'><strong>Spiritu,</strong></span> <span class='ocrx_word' id='word_1_519' title='bbox 1315 3617 1406 3685; x_wconf 85' lang='lat' dir='ltr'><strong>qui</strong></span> <span class='ocrx_word' id='word_1_520' title='bbox 1455 3624 1535 3670; x_wconf 91' lang='lat' dir='ltr'><strong>est</strong></span> <span class='ocrx_word' id='word_1_521' title='bbox 1565 3615 1839 3683; x_wconf 82' lang='lat' dir='ltr'><strong>plenitudo</strong></span> <span class='ocrx_word' id='word_1_522' title='bbox 1889 3615 2043 3670; x_wconf 80' lang='lat' dir='ltr'><strong>unius</strong></span> 
     </span>
    </p>
   </div>
   <div class='ocr_carea' id='block_1_68' title="bbox 478 3687 2044 3758">
    <p class='ocr_par' dir='ltr' id='par_1_68' title="bbox 478 3687 2044 3758">
     <span class='ocr_line' id='line_1_68' title="bbox 478 3687 2044 3758; baseline 0 -18"><span class='ocrx_word' id='word_1_523' title='bbox 478 3691 692 3744; x_wconf 86' lang='lat' dir='ltr'><strong>deitatis</strong></span> <span class='ocrx_word' id='word_1_524' title='bbox 739 3701 899 3758; x_wconf 86' lang='lat' dir='ltr'><strong>atque</strong></span> <span class='ocrx_word' id='word_1_525' title='bbox 946 3689 1289 3750; x_wconf 69' lang='lat' dir='ltr'><strong>substantiae;</strong></span> <span class='ocrx_word' id='word_1_526' title='bbox 1351 3687 1490 3758; x_wconf 77' lang='lat' dir='ltr'><strong>quia</strong></span> <span class='ocrx_word' id='word_1_527' title='bbox 1531 3695 1636 3738; x_wconf 94' lang='lat' dir='ltr'><strong>tres</strong></span> <span class='ocrx_word' id='word_1_528' title='bbox 1688 3699 1940 3758; x_wconf 81' lang='lat' dir='ltr'><strong>personas</strong></span> <span class='ocrx_word' id='word_1_529' title='bbox 1991 3695 2044 3740; x_wconf 90' lang='lat' dir='ltr'><strong>et</strong></span> 
     </span>
    </p>
   </div>
   <div class='ocr_carea' id='block_1_69' title="bbox 479 3754 2041 3824">
    <p class='ocr_par' dir='ltr' id='par_1_69' title="bbox 479 3754 2041 3824">
     <span class='ocr_line' id='line_1_69' title="bbox 479 3754 2041 3824; baseline -0.001 -14"><span class='ocrx_word' id='word_1_530' title='bbox 479 3771 587 3813; x_wconf 87' lang='lat' dir='ltr'><strong>tres</strong></span> <span class='ocrx_word' id='word_1_531' title='bbox 611 3754 980 3815; x_wconf 82' lang='lat' dir='ltr'><strong>subsistentias</strong></span> <span class='ocrx_word' id='word_1_532' title='bbox 1035 3774 1194 3813; x_wconf 88' lang='lat' dir='ltr'><strong>unam</strong></span> <span class='ocrx_word' id='word_1_533' title='bbox 1244 3754 1586 3824; x_wconf 80' lang='lat' dir='ltr'><strong>cognoscitur</strong></span> <span class='ocrx_word' id='word_1_534' title='bbox 1625 3771 1742 3809; x_wconf 83' lang='lat' dir='ltr'><strong>csse</strong></span> <span class='ocrx_word' id='word_1_535' title='bbox 1790 3754 2041 3809; x_wconf 85' lang='lat' dir='ltr'><strong>deitatem</strong></span> 
     </span>
    </p>
   </div>
   <div class='ocr_carea' id='block_1_70' title="bbox 477 3823 2044 3898">
    <p class='ocr_par' dir='ltr' id='par_1_70' title="bbox 477 3823 2044 3898">
     <span class='ocr_line' id='line_1_70' title="bbox 477 3823 2044 3898; baseline -0.001 -17"><span class='ocrx_word' id='word_1_536' title='bbox 477 3839 638 3898; x_wconf 78' lang='lat' dir='ltr'><strong>atque</strong></span> <span class='ocrx_word' id='word_1_537' title='bbox 684 3832 988 3884; x_wconf 66' lang='lat' dir='ltr'><strong>Casellliillll.</strong></span> <span class='ocrx_word' id='word_1_538' title='bbox 1031 3829 1160 3882; x_wconf 87' lang='lat' dir='ltr'><strong>Nam</strong></span> <span class='ocrx_word' id='word_1_539' title='bbox 1209 3823 1412 3898; x_wconf 79' lang='lat' dir='ltr'><strong>quanta</strong></span> <span class='ocrx_word' id='word_1_540' title='bbox 1450 3823 2044 3898; x_wconf 71' lang='lat' dir='ltr'><strong>largiuntur__Eccle.~ite</strong></span> 
     </span>
    </p>
   </div>
   <div class='ocr_carea' id='block_1_71' title="bbox 474 3894 2043 3968">
    <p class='ocr_par' dir='ltr' id='par_1_71' title="bbox 474 3894 2043 3968">
     <span class='ocr_line' id='line_1_71' title="bbox 474 3894 2043 3968; baseline -0.003 -19"><span class='ocrx_word' id='word_1_541' title='bbox 474 3894 682 3953; x_wconf 52' lang='lat' dir='ltr'><strong>ab&#39;uno</strong></span> <span class='ocrx_word' id='word_1_542' title='bbox 708 3903 1001 3968; x_wconf 86' lang='lat' dir='ltr'><strong>eodemque</strong></span> <span class='ocrx_word' id='word_1_543' title='bbox 1033 3894 1261 3952; x_wconf 79' lang='lat' dir='ltr'><strong>Domino</strong></span> <span class='ocrx_word' id='word_1_544' title='bbox 1292 3897 1535 3968; x_wconf 86' lang='lat' dir='ltr'><strong>Christo,</strong></span> <span class='ocrx_word' id='word_1_545' title='bbox 1561 3894 1704 3968; x_wconf 73' lang='lat' dir='ltr'><strong>quis</strong></span> <span class='ocrx_word' id='word_1_546' title='bbox 1732 3895 1889 3968; x_wconf 80' lang='lat' dir='ltr'><strong>digne</strong></span> <span class='ocrx_word' id='word_1_547' title='bbox 1921 3911 2043 3968; x_wconf 75' lang='lat' dir='ltr'><strong>pos-</strong></span> 
     </span>
    </p>
   </div>
   <div class='ocr_carea' id='block_1_72' title="bbox 477 3965 2043 4038">
    <p class='ocr_par' dir='ltr' id='par_1_72' title="bbox 477 3965 2043 4038">
     <span class='ocr_line' id='line_1_72' title="bbox 477 3965 2043 4038; baseline -0.001 -19"><span class='ocrx_word' id='word_1_548' title='bbox 477 3972 544 4021; x_wconf 71' lang='lat' dir='ltr'><strong>.~it</strong></span> <span class='ocrx_word' id='word_1_549' title='bbox 573 3973 827 4038; x_wconf 81' lang='lat' dir='ltr'><strong>expedire</strong></span> <span class='ocrx_word' id='word_1_550' title='bbox 857 3965 948 4038; x_wconf 81' lang='lat' dir='ltr'><strong>per</strong></span> <span class='ocrx_word' id='word_1_551' title='bbox 979 3968 1263 4024; x_wconf 88' lang='lat' dir='ltr'><strong>ordinem?</strong></span> <span class='ocrx_word' id='word_1_552' title='bbox 1311 3965 1572 4038; x_wconf 80' lang='lat' dir='ltr'><strong>Quicquid</strong></span> <span class='ocrx_word' id='word_1_553' title='bbox 1628 3967 1804 4038; x_wconf 2' lang='lat' dir='ltr'><strong>igitur,</strong></span> <span class='ocrx_word' id='word_1_554' title='bbox 1832 3966 1882 4018; x_wconf 90' lang='lat' dir='ltr'><strong>in</strong></span> <span class='ocrx_word' id='word_1_555' title='bbox 1908 3966 2043 4038; x_wconf 89' lang='lat' dir='ltr'><strong>nati-</strong></span> 
     </span>
    </p>
   </div>
   <div class='ocr_carea' id='block_1_73' title="bbox 478 4036 2044 4111">
    <p class='ocr_par' dir='ltr' id='par_1_73' title="bbox 478 4036 2044 4111">
     <span class='ocr_line' id='line_1_73' title="bbox 478 4036 2044 4111; baseline -0.003 -22"><span class='ocrx_word' id='word_1_556' title='bbox 478 4036 660 4107; x_wconf 72' lang='lat' dir='ltr'><strong>vitate,</strong></span> <span class='ocrx_word' id='word_1_557' title='bbox 694 4036 940 4111; x_wconf 83' lang='lat' dir='ltr'><strong>quiequid</strong></span> <span class='ocrx_word' id='word_1_558' title='bbox 971 4041 1020 4094; x_wconf 90' lang='lat' dir='ltr'><strong>in</strong></span> <span class='ocrx_word' id='word_1_559' title='bbox 1053 4047 1230 4111; x_wconf 72' lang='lat' dir='ltr'><strong>attate,</strong></span> <span class='ocrx_word' id='word_1_560' title='bbox 1276 4036 1525 4111; x_wconf 84' lang='lat' dir='ltr'><strong>quicquid</strong></span> <span class='ocrx_word' id='word_1_561' title='bbox 1562 4036 1612 4088; x_wconf 91' lang='lat' dir='ltr'><strong>in</strong></span> <span class='ocrx_word' id='word_1_562' title='bbox 1650 4037 2044 4111; x_wconf 63' lang='lat' dir='ltr'><strong>praedic-tiooe,</strong></span> 
     </span>
    </p>
   </div>
   <div class='ocr_carea' id='block_1_74' title="bbox 476 4104 2045 4181">
    <p class='ocr_par' dir='ltr' id='par_1_74' title="bbox 476 4104 2045 4181">
     <span class='ocr_line' id='line_1_74' title="bbox 476 4104 2045 4181; baseline -0.003 -20"><span class='ocrx_word' id='word_1_563' title='bbox 476 4104 726 4181; x_wconf 84' lang='lat' dir='ltr'><strong>quiequid</strong></span> <span class='ocrx_word' id='word_1_564' title='bbox 751 4111 803 4165; x_wconf 95' lang='lat' dir='ltr'><strong>in</strong></span> <span class='ocrx_word' id='word_1_565' title='bbox 825 4104 1092 4181; x_wconf 79' lang='lat' dir='ltr'><strong>passione,</strong></span> <span class='ocrx_word' id='word_1_566' title='bbox 1116 4104 1368 4181; x_wconf 73' lang='lat' dir='ltr'><strong>quicquid</strong></span> <span class='ocrx_word' id='word_1_567' title='bbox 1401 4105 1862 4181; x_wconf 51' lang='lat' dir='ltr'><strong>iuream-rectione</strong></span> <span class='ocrx_word' id='word_1_568' title='bbox 1892 4104 2045 4181; x_wconf 65' lang='lat' dir='ltr'><strong>Cliri-</strong></span> 
     </span>
    </p>
   </div>
   <div class='ocr_carea' id='block_1_75' title="bbox 477 4175 2045 4249">
    <p class='ocr_par' dir='ltr' id='par_1_75' title="bbox 477 4175 2045 4249">
     <span class='ocr_line' id='line_1_75' title="bbox 477 4175 2045 4249; baseline -0.001 -19"><span class='ocrx_word' id='word_1_569' title='bbox 477 4180 568 4244; x_wconf 79' lang='lat' dir='ltr'><strong>sti,</strong></span> <span class='ocrx_word' id='word_1_570' title='bbox 595 4175 844 4249; x_wconf 84' lang='lat' dir='ltr'><strong>quicquid</strong></span> <span class='ocrx_word' id='word_1_571' title='bbox 886 4183 938 4236; x_wconf 89' lang='lat' dir='ltr'><strong>in</strong></span> <span class='ocrx_word' id='word_1_572' title='bbox 970 4175 1281 4234; x_wconf 65' lang='lat' dir='ltr'><strong>ascertaione</strong></span> <span class='ocrx_word' id='word_1_573' title='bbox 1320 4176 1562 4240; x_wconf 88' lang='lat' dir='ltr'><strong>Domini,</strong></span> <span class='ocrx_word' id='word_1_574' title='bbox 1611 4175 1940 4249; x_wconf 78' lang='lat' dir='ltr'><strong>quicquidin</strong></span> <span class='ocrx_word' id='word_1_575' title='bbox 1965 4177 2045 4228; x_wconf 81' lang='lat' dir='ltr'><strong>di.-</strong></span> 
     </span>
    </p>
   </div>
   <div class='ocr_carea' id='block_1_76' title="bbox 477 4246 2046 4318">
    <p class='ocr_par' dir='ltr' id='par_1_76' title="bbox 477 4246 2046 4318">
     <span class='ocr_line' id='line_1_76' title="bbox 477 4246 2046 4318; baseline -0.002 -19"><span class='ocrx_word' id='word_1_576' title='bbox 477 4253 582 4304; x_wconf 88' lang='lat' dir='ltr'><strong>vini</strong></span> <span class='ocrx_word' id='word_1_577' title='bbox 616 4246 848 4318; x_wconf 82' lang='lat' dir='ltr'><strong>Spiritus</strong></span> <span class='ocrx_word' id='word_1_578' title='bbox 891 4253 1130 4306; x_wconf 88' lang='lat' dir='ltr'><strong>omnium</strong></span> <span class='ocrx_word' id='word_1_579' title='bbox 1183 4250 1474 4316; x_wconf 80' lang='lat' dir='ltr'><strong>linguarum</strong></span> <span class='ocrx_word' id='word_1_580' title='bbox 1507 4247 1844 4318; x_wconf 85' lang='lat' dir='ltr'><strong>elocutione,</strong></span> <span class='ocrx_word' id='word_1_581' title='bbox 1880 4246 1930 4297; x_wconf 91' lang='lat' dir='ltr'><strong>in</strong></span> 
     </span>
    </p>
   </div>
   <div class='ocr_carea' id='block_1_77' title="bbox 475 4316 2048 4375">
    <p class='ocr_par' dir='ltr' id='par_1_77' title="bbox 475 4316 2048 4375">
     <span class='ocr_line' id='line_1_77' title="bbox 475 4316 2048 4375; baseline -0.001 -4"><span class='ocrx_word' id='word_1_582' title='bbox 475 4316 809 4375; x_wconf 75' lang='lat' dir='ltr'><strong>crumentum</strong></span> <span class='ocrx_word' id='word_1_583' title='bbox 869 4323 950 4375; x_wconf 89' lang='lat' dir='ltr'><strong>vel</strong></span> <span class='ocrx_word' id='word_1_584' title='bbox 1001 4321 1354 4374; x_wconf 77' lang='lat' dir='ltr'><strong>miniSIerium</strong></span> <span class='ocrx_word' id='word_1_585' title='bbox 1408 4328 1605 4369; x_wconf 74' lang='lat' dir='ltr'><strong>sancta:</strong></span> <span class='ocrx_word' id='word_1_586' title='bbox 1638 4317 1920 4368; x_wconf 70' lang='lat' dir='ltr'><strong>catholicae</strong></span> <span class='ocrx_word' id='word_1_587' title='bbox 1950 4316 2048 4369; x_wconf 77' lang='lat' dir='ltr'><strong>Ec-</strong></span> 
     </span>
    </p>
   </div>
   <div class='ocr_carea' id='block_1_78' title="bbox 475 4386 2045 4458">
    <p class='ocr_par' dir='ltr' id='par_1_78' title="bbox 475 4386 2045 4458">
     <span class='ocr_line' id='line_1_78' title="bbox 475 4386 2045 4458; baseline -0.002 -17"><span class='ocrx_word' id='word_1_588' title='bbox 475 4390 655 4443; x_wconf 76' lang='lat' dir='ltr'><strong>rlesia:</strong></span> <span class='ocrx_word' id='word_1_589' title='bbox 700 4398 907 4458; x_wconf 87' lang='lat' dir='ltr'><strong>gestum</strong></span> <span class='ocrx_word' id='word_1_590' title='bbox 959 4400 1067 4453; x_wconf 86' lang='lat' dir='ltr'><strong>est,</strong></span> <span class='ocrx_word' id='word_1_591' title='bbox 1114 4398 1272 4456; x_wconf 88' lang='lat' dir='ltr'><strong>atque</strong></span> <span class='ocrx_word' id='word_1_592' title='bbox 1330 4388 1382 4441; x_wconf 88' lang='lat' dir='ltr'><strong>in</strong></span> <span class='ocrx_word' id='word_1_593' title='bbox 1432 4396 1776 4455; x_wconf 87' lang='lat' dir='ltr'><strong>augmentum</strong></span> <span class='ocrx_word' id='word_1_594' title='bbox 1819 4386 2045 4439; x_wconf 86' lang='lat' dir='ltr'><strong>tiliorum</strong></span> 
     </span>
    </p>
   </div>
   <div class='ocr_carea' id='block_1_79' title="bbox 477 4459 994 4523">
    <p class='ocr_par' dir='ltr' id='par_1_79' title="bbox 477 4459 994 4523">
     <span class='ocr_line' id='line_1_79' title="bbox 477 4459 994 4523; baseline 0.008 -13"><span class='ocrx_word' id='word_1_595' title='bbox 477 4459 568 4512; x_wconf 89' lang='lat' dir='ltr'><strong>Dei</strong></span> <span class='ocrx_word' id='word_1_596' title='bbox 598 4472 863 4523; x_wconf 89' lang='lat' dir='ltr'><strong>peractum</strong></span> <span class='ocrx_word' id='word_1_597' title='bbox 893 4469 994 4514; x_wconf 89' lang='lat' dir='ltr'><strong>est.</strong></span> 
     </span>
    </p>
   </div>
   <div class='ocr_carea' id='block_1_80' title="bbox 2063 3165 2112 3228">
    <p class='ocr_par' dir='ltr' id='par_1_80' title="bbox 2063 3165 2112 3228">
     <span class='ocr_line' id='line_1_80' title="bbox 2063 3165 2112 3228; baseline 0 0"><span class='ocrx_word' id='word_1_598' title='bbox 2063 3165 2112 3228; x_wconf 79' lang='lat' dir='ltr'><strong>C</strong></span> 
     </span>
    </p>
   </div>
   <div class='ocr_carea' id='block_1_81' title="bbox 2157 1865 3699 1934">
    <p class='ocr_par' dir='ltr' id='par_1_81' title="bbox 2157 1865 3699 1934">
     <span class='ocr_line' id='line_1_81' title="bbox 2157 1865 3699 1934; baseline 0.002 -18"><span class='ocrx_word' id='word_1_599' title='bbox 2157 1865 2309 1929; x_wconf 81' lang='lat' dir='ltr'><strong>exple</strong></span> <span class='ocrx_word' id='word_1_600' title='bbox 2338 1881 2461 1916; x_wconf 71' lang='lat' dir='ltr'><strong>nius</strong></span> <span class='ocrx_word' id='word_1_601' title='bbox 2512 1865 2577 1917; x_wconf 78' lang='lat' dir='ltr'><strong>sit</strong></span> <span class='ocrx_word' id='word_1_602' title='bbox 2625 1868 2851 1919; x_wconf 71' lang='lat' dir='ltr'><strong>rutundus</strong></span> <span class='ocrx_word' id='word_1_603' title='bbox 2901 1871 3334 1934; x_wconf 86' lang='lat' dir='ltr'><strong>lrequentiasua,</strong></span> <span class='ocrx_word' id='word_1_604' title='bbox 3379 1867 3520 1920; x_wconf 90' lang='lat' dir='ltr'><strong>nullo</strong></span> <span class='ocrx_word' id='word_1_605' title='bbox 3548 1867 3699 1920; x_wconf 85' lang='lat' dir='ltr'><strong>modo</strong></span> 
     </span>
    </p>
   </div>
   <div class='ocr_carea' id='block_1_82' title="bbox 2157 1935 3702 2003">
    <p class='ocr_par' dir='ltr' id='par_1_82' title="bbox 2157 1935 3702 2003">
     <span class='ocr_line' id='line_1_82' title="bbox 2157 1935 3702 2003; baseline 0.004 -17"><span class='ocrx_word' id='word_1_606' title='bbox 2157 1935 2386 1996; x_wconf 79' lang='lat' dir='ltr'><strong>reperiet</strong></span> <span class='ocrx_word' id='word_1_607' title='bbox 2413 1935 2548 1986; x_wconf 90' lang='lat' dir='ltr'><strong>istud</strong></span> <span class='ocrx_word' id='word_1_608' title='bbox 2593 1946 2712 1988; x_wconf 87' lang='lat' dir='ltr'><strong>ante</strong></span> <span class='ocrx_word' id='word_1_609' title='bbox 2745 1938 3047 2003; x_wconf 73' lang='lat' dir='ltr'><strong>pra‘dictum</strong></span> <span class='ocrx_word' id='word_1_610' title='bbox 3071 1977 3083 1997; x_wconf 91' lang='lat'><strong>,</strong></span> <span class='ocrx_word' id='word_1_611' title='bbox 3132 1953 3196 1989; x_wconf 88' lang='lat' dir='ltr'><strong>eo</strong></span> <span class='ocrx_word' id='word_1_612' title='bbox 3221 1938 3354 2002; x_wconf 74' lang='lat' dir='ltr'><strong>quod</strong></span> <span class='ocrx_word' id='word_1_613' title='bbox 3385 1937 3584 1990; x_wconf 88' lang='lat' dir='ltr'><strong>sabbati</strong></span> <span class='ocrx_word' id='word_1_614' title='bbox 3611 1936 3702 1992; x_wconf 86' lang='lat' dir='ltr'><strong>die</strong></span> 
     </span>
    </p>
   </div>
   <div class='ocr_carea' id='block_1_83' title="bbox 2155 2004 3700 2069">
    <p class='ocr_par' dir='ltr' id='par_1_83' title="bbox 2155 2004 3700 2069">
     <span class='ocr_line' id='line_1_83' title="bbox 2155 2004 3700 2069; baseline 0.004 -15"><span class='ocrx_word' id='word_1_615' title='bbox 2155 2004 2385 2069; x_wconf 87' lang='lat' dir='ltr'><strong>requiem</strong></span> <span class='ocrx_word' id='word_1_616' title='bbox 2420 2005 2631 2057; x_wconf 85' lang='lat' dir='ltr'><strong>habebit</strong></span> <span class='ocrx_word' id='word_1_617' title='bbox 2663 2007 2746 2058; x_wconf 73' lang='lat' dir='ltr'><strong>hii:</strong></span> <span class='ocrx_word' id='word_1_618' title='bbox 2773 2007 2946 2068; x_wconf 86' lang='lat' dir='ltr'><strong>orbis;</strong></span> <span class='ocrx_word' id='word_1_619' title='bbox 2987 2009 3077 2060; x_wconf 84' lang='lat' dir='ltr'><strong>sed</strong></span> <span class='ocrx_word' id='word_1_620' title='bbox 3113 2010 3235 2059; x_wconf 87' lang='lat' dir='ltr'><strong>hora</strong></span> <span class='ocrx_word' id='word_1_621' title='bbox 3269 2017 3320 2059; x_wconf 87' lang='lat' dir='ltr'><strong>et</strong></span> <span class='ocrx_word' id='word_1_622' title='bbox 3346 2007 3457 2060; x_wconf 84' lang='lat' dir='ltr'><strong>dies</strong></span> <span class='ocrx_word' id='word_1_623' title='bbox 3503 2009 3700 2060; x_wconf 76' lang='lat' dir='ltr'><strong>incerta</strong></span> 
     </span>
    </p>
   </div>
   <div class='ocr_carea' id='block_1_84' title="bbox 2153 2075 3702 2145">
    <p class='ocr_par' dir='ltr' id='par_1_84' title="bbox 2153 2075 3702 2145">
     <span class='ocr_line' id='line_1_84' title="bbox 2153 2075 3702 2145; baseline 0.003 -21"><span class='ocrx_word' id='word_1_624' title='bbox 2153 2087 2181 2145; x_wconf 70' lang='grc' dir='ltr'><strong><em>ξι</em></strong></span> <span class='ocrx_word' id='word_1_625' title='bbox 2223 2076 2352 2138; x_wconf 61' lang='grc' dir='ltr'><strong>ςρΙίς</strong></span> <span class='ocrx_word' id='word_1_626' title='bbox 2374 2083 2426 2127; x_wconf 90' lang='lat' dir='ltr'><strong>et</strong></span> <span class='ocrx_word' id='word_1_627' title='bbox 2451 2075 2744 2128; x_wconf 73' lang='lat' dir='ltr'><strong>hominibus</strong></span> <span class='ocrx_word' id='word_1_628' title='bbox 2768 2091 2795 2128; x_wconf 86' lang='lat' dir='ltr'><strong>a</strong></span> <span class='ocrx_word' id='word_1_629' title='bbox 2820 2076 3040 2129; x_wconf 81' lang='lat' dir='ltr'><strong>Domino</strong></span> <span class='ocrx_word' id='word_1_630' title='bbox 3065 2080 3387 2145; x_wconf 53' lang='lat' dir='ltr'><strong>perhibetur.</strong></span> <span class='ocrx_word' id='word_1_631' title='bbox 3420 2077 3505 2130; x_wconf 72' lang='lat' dir='ltr'><strong>Att</strong></span> <span class='ocrx_word' id='word_1_632' title='bbox 3526 2077 3702 2130; x_wconf 86' lang='lat' dir='ltr'><strong>enim:</strong></span> 
     </span>
    </p>
   </div>
   <div class='ocr_carea' id='block_1_85' title="bbox 2157 2143 3701 2214">
    <p class='ocr_par' dir='ltr' id='par_1_85' title="bbox 2157 2143 3701 2214">
     <span class='ocr_line' id='line_1_85' title="bbox 2157 2143 3701 2214; baseline 0.004 -20"><span class='ocrx_word' id='word_1_633' title='bbox 2157 2143 2229 2214; x_wconf 79' lang='lat' dir='ltr'><strong>De</strong></span> <span class='ocrx_word' id='word_1_634' title='bbox 2261 2145 2346 2198; x_wconf 86' lang='lat' dir='ltr'><strong>die</strong></span> <span class='ocrx_word' id='word_1_635' title='bbox 2377 2153 2550 2197; x_wconf 88' lang='lat' dir='ltr'><strong>autem</strong></span> <span class='ocrx_word' id='word_1_636' title='bbox 2597 2147 2677 2198; x_wconf 82' lang='lat' dir='ltr'><strong>illa</strong></span> <span class='ocrx_word' id='word_1_637' title='bbox 2723 2157 2773 2196; x_wconf 84' lang='lat' dir='ltr'><strong>et</strong></span> <span class='ocrx_word' id='word_1_638' title='bbox 2815 2152 2937 2199; x_wconf 69' lang='lat' dir='ltr'><strong>hora</strong></span> <span class='ocrx_word' id='word_1_639' title='bbox 2985 2143 3140 2199; x_wconf 83' lang='lat' dir='ltr'><strong>nemo</strong></span> <span class='ocrx_word' id='word_1_640' title='bbox 3169 2148 3288 2206; x_wconf 75' lang='lat' dir='ltr'><strong>~cit.</strong></span> <span class='ocrx_word' id='word_1_641' title='bbox 3338 2162 3503 2206; x_wconf 79' lang='lat' dir='ltr'><strong>neque</strong></span> <span class='ocrx_word' id='word_1_642' title='bbox 3531 2147 3701 2214; x_wconf 83' lang='lat' dir='ltr'><strong>angeli</strong></span> 
     </span>
    </p>
   </div>
   <div class='ocr_carea' id='block_1_86' title="bbox 2153 2212 3702 2284">
    <p class='ocr_par' dir='ltr' id='par_1_86' title="bbox 2153 2212 3702 2284">
     <span class='ocr_line' id='line_1_86' title="bbox 2153 2212 3702 2284; baseline 0.001 -18"><span class='ocrx_word' id='word_1_643' title='bbox 2153 2212 2203 2266; x_wconf 89' lang='lat' dir='ltr'><strong>in</strong></span> <span class='ocrx_word' id='word_1_644' title='bbox 2237 2216 2391 2273; x_wconf 61' lang='lat' dir='ltr'><strong>casio,</strong></span> <span class='ocrx_word' id='word_1_645' title='bbox 2447 2230 2617 2280; x_wconf 89' lang='lat' dir='ltr'><strong>neque</strong></span> <span class='ocrx_word' id='word_1_646' title='bbox 2646 2216 2808 2268; x_wconf 77' lang='lat' dir='ltr'><strong>Filius</strong></span> <span class='ocrx_word' id='word_1_647' title='bbox 2833 2255 2847 2277; x_wconf 92' lang='lat'><strong>,</strong></span> <span class='ocrx_word' id='word_1_648' title='bbox 2903 2215 2997 2267; x_wconf 84' lang='lat' dir='ltr'><strong>nisi</strong></span> <span class='ocrx_word' id='word_1_649' title='bbox 3038 2218 3189 2269; x_wconf 75' lang='lat' dir='ltr'><strong>l&#39;ater</strong></span> <span class='ocrx_word' id='word_1_650' title='bbox 3217 2216 3377 2270; x_wconf 74' lang='lat' dir='ltr'><strong>solus.</strong></span> <span class='ocrx_word' id='word_1_651' title='bbox 3409 2218 3472 2269; x_wconf 81' lang='lat' dir='ltr'><strong>Et</strong></span> <span class='ocrx_word' id='word_1_652' title='bbox 3501 2212 3702 2284; x_wconf 74' lang='lat' dir='ltr'><strong>nequis</strong></span> 
     </span>
    </p>
   </div>
   <div class='ocr_carea' id='block_1_87' title="bbox 2151 2284 3702 2354">
    <p class='ocr_par' dir='ltr' id='par_1_87' title="bbox 2151 2284 3702 2354">
     <span class='ocr_line' id='line_1_87' title="bbox 2151 2284 3702 2354; baseline 0.003 -22"><span class='ocrx_word' id='word_1_653' title='bbox 2151 2284 2438 2336; x_wconf 84' lang='lat' dir='ltr'><strong>catnaliter</strong></span> <span class='ocrx_word' id='word_1_654' title='bbox 2464 2285 2724 2338; x_wconf 79' lang='lat' dir='ltr'><strong>arbtrans</strong></span> <span class='ocrx_word' id='word_1_655' title='bbox 2762 2298 2926 2352; x_wconf 89' lang='lat' dir='ltr'><strong>putet,</strong></span> <span class='ocrx_word' id='word_1_656' title='bbox 2955 2288 3144 2353; x_wconf 78' lang='lat' dir='ltr'><strong>aliquid</strong></span> <span class='ocrx_word' id='word_1_657' title='bbox 3175 2288 3307 2340; x_wconf 90' lang='lat' dir='ltr'><strong>scire</strong></span> <span class='ocrx_word' id='word_1_658' title='bbox 3341 2287 3539 2339; x_wconf 84' lang='lat' dir='ltr'><strong>Patrem</strong></span> <span class='ocrx_word' id='word_1_659' title='bbox 3561 2287 3702 2354; x_wconf 88' lang='lat' dir='ltr'><strong>quod</strong></span> 
     </span>
    </p>
   </div>
   <div class='ocr_carea' id='block_1_88' title="bbox 2150 2355 3702 2420">
    <p class='ocr_par' dir='ltr' id='par_1_88' title="bbox 2150 2355 3702 2420">
     <span class='ocr_line' id='line_1_88' title="bbox 2150 2355 3702 2420; baseline 0.003 -14"><span class='ocrx_word' id='word_1_660' title='bbox 2150 2355 2352 2406; x_wconf 78' lang='lat' dir='ltr'><strong>neseiat</strong></span> <span class='ocrx_word' id='word_1_661' title='bbox 2385 2355 2544 2407; x_wconf 75' lang='lat' dir='ltr'><strong>Filius</strong></span> <span class='ocrx_word' id='word_1_662' title='bbox 2573 2397 2587 2420; x_wconf 89' lang='lat'><strong>,</strong></span> <span class='ocrx_word' id='word_1_663' title='bbox 2622 2369 2673 2409; x_wconf 88' lang='lat' dir='ltr'><strong>et</strong></span> <span class='ocrx_word' id='word_1_664' title='bbox 2704 2358 2753 2406; x_wconf 91' lang='lat' dir='ltr'><strong>in</strong></span> <span class='ocrx_word' id='word_1_665' title='bbox 2789 2360 3026 2408; x_wconf 64' lang='lat' dir='ltr'><strong>haeresim</strong></span> <span class='ocrx_word' id='word_1_666' title='bbox 3059 2359 3319 2410; x_wconf 64' lang='lat' dir='ltr'><strong>invnlutus</strong></span> <span class='ocrx_word' id='word_1_667' title='bbox 3361 2358 3579 2419; x_wconf 84' lang='lat' dir='ltr'><strong>incidat;</strong></span> <span class='ocrx_word' id='word_1_668' title='bbox 3609 2357 3702 2409; x_wconf 85' lang='lat' dir='ltr'><strong>sed</strong></span> 
     </span>
    </p>
   </div>
   <div class='ocr_carea' id='block_1_89' title="bbox 2151 2421 3698 2494">
    <p class='ocr_par' dir='ltr' id='par_1_89' title="bbox 2151 2421 3698 2494">
     <span class='ocr_line' id='line_1_89' title="bbox 2151 2421 3698 2494; baseline 0.003 -19"><span class='ocrx_word' id='word_1_669' title='bbox 2151 2421 2316 2490; x_wconf 81' lang='lat' dir='ltr'><strong>magis</strong></span> <span class='ocrx_word' id='word_1_670' title='bbox 2352 2423 2452 2476; x_wconf 90' lang='lat' dir='ltr'><strong>hoc</strong></span> <span class='ocrx_word' id='word_1_671' title='bbox 2481 2425 2775 2492; x_wconf 68' lang='lat' dir='ltr'><strong>signiﬁcare</strong></span> <span class='ocrx_word' id='word_1_672' title='bbox 2810 2427 2970 2477; x_wconf 82' lang='lat' dir='ltr'><strong>volui:</strong></span> <span class='ocrx_word' id='word_1_673' title='bbox 3004 2427 3285 2488; x_wconf 86' lang='lat' dir='ltr'><strong>Dominus,</strong></span> <span class='ocrx_word' id='word_1_674' title='bbox 3315 2427 3430 2494; x_wconf 88' lang='lat' dir='ltr'><strong>quia</strong></span> <span class='ocrx_word' id='word_1_675' title='bbox 3462 2425 3618 2478; x_wconf 80' lang='lat' dir='ltr'><strong>Filius</strong></span> <span class='ocrx_word' id='word_1_676' title='bbox 3646 2427 3698 2479; x_wconf 88' lang='lat' dir='ltr'><strong>in</strong></span> 
     </span>
    </p>
   </div>
   <div class='ocr_carea' id='block_1_90' title="bbox 2150 2497 3698 2563">
    <p class='ocr_par' dir='ltr' id='par_1_90' title="bbox 2150 2497 3698 2563">
     <span class='ocr_line' id='line_1_90' title="bbox 2150 2497 3698 2563; baseline 0.004 -18"><span class='ocrx_word' id='word_1_677' title='bbox 2150 2503 2299 2560; x_wconf 83' lang='lat' dir='ltr'><strong>patre</strong></span> <span class='ocrx_word' id='word_1_678' title='bbox 2331 2509 2580 2558; x_wconf 85' lang='lat' dir='ltr'><strong>manens,</strong></span> <span class='ocrx_word' id='word_1_679' title='bbox 2618 2511 2736 2547; x_wconf 81' lang='lat' dir='ltr'><strong>cum</strong></span> <span class='ocrx_word' id='word_1_680' title='bbox 2767 2511 2829 2550; x_wconf 92' lang='lat' dir='ltr'><strong>eo</strong></span> <span class='ocrx_word' id='word_1_681' title='bbox 2858 2497 3098 2550; x_wconf 63' lang='lat' dir='ltr'><strong>universa</strong></span> <span class='ocrx_word' id='word_1_682' title='bbox 3129 2500 3429 2563; x_wconf 69' lang='lat' dir='ltr'><strong>cognoscit;</strong></span> <span class='ocrx_word' id='word_1_683' title='bbox 3455 2497 3698 2562; x_wconf 78' lang='lat' dir='ltr'><strong>quicquid</strong></span> 
     </span>
    </p>
   </div>
   <div class='ocr_carea' id='block_1_91' title="bbox 2149 2563 3701 2633">
    <p class='ocr_par' dir='ltr' id='par_1_91' title="bbox 2149 2563 3701 2633">
     <span class='ocr_line' id='line_1_91' title="bbox 2149 2563 3701 2633; baseline 0.003 -17"><span class='ocrx_word' id='word_1_684' title='bbox 2149 2563 2292 2616; x_wconf 85' lang='lat' dir='ltr'><strong>enim</strong></span> <span class='ocrx_word' id='word_1_685' title='bbox 2327 2575 2576 2629; x_wconf 76' lang='lat' dir='ltr'><strong>operatur</strong></span> <span class='ocrx_word' id='word_1_686' title='bbox 2608 2566 2789 2630; x_wconf 81' lang='lat' dir='ltr'><strong>l’ater,</strong></span> <span class='ocrx_word' id='word_1_687' title='bbox 2821 2582 2980 2618; x_wconf 88' lang='lat' dir='ltr'><strong>uumn</strong></span> <span class='ocrx_word' id='word_1_688' title='bbox 3009 2577 3090 2619; x_wconf 83' lang='lat' dir='ltr'><strong>est</strong></span> <span class='ocrx_word' id='word_1_689' title='bbox 3118 2583 3234 2619; x_wconf 90' lang='lat' dir='ltr'><strong>cum</strong></span> <span class='ocrx_word' id='word_1_690' title='bbox 3270 2566 3398 2618; x_wconf 76' lang='lat' dir='ltr'><strong>Filio</strong></span> <span class='ocrx_word' id='word_1_691' title='bbox 3426 2575 3478 2619; x_wconf 89' lang='lat' dir='ltr'><strong>et</strong></span> <span class='ocrx_word' id='word_1_692' title='bbox 3505 2567 3701 2633; x_wconf 85' lang='lat' dir='ltr'><strong>Spiritu</strong></span> 
     </span>
    </p>
   </div>
   <div class='ocr_carea' id='block_1_92' title="bbox 2145 2636 3699 2706">
    <p class='ocr_par' dir='ltr' id='par_1_92' title="bbox 2145 2636 3699 2706">
     <span class='ocr_line' id='line_1_92' title="bbox 2145 2636 3699 2706; baseline 0.001 -20"><span class='ocrx_word' id='word_1_693' title='bbox 2145 2645 2171 2686; x_wconf 83' lang='lat' dir='ltr'><strong>s</strong></span> <span class='ocrx_word' id='word_1_694' title='bbox 2191 2637 2350 2706; x_wconf 66' lang='lat' dir='ltr'><strong>enato,</strong></span> <span class='ocrx_word' id='word_1_695' title='bbox 2381 2636 2495 2688; x_wconf 88' lang='lat' dir='ltr'><strong>sine</strong></span> <span class='ocrx_word' id='word_1_696' title='bbox 2517 2637 2705 2702; x_wconf 84' lang='lat' dir='ltr'><strong>quibus</strong></span> <span class='ocrx_word' id='word_1_697' title='bbox 2729 2654 2830 2688; x_wconf 92' lang='lat' dir='ltr'><strong>non</strong></span> <span class='ocrx_word' id='word_1_698' title='bbox 2861 2647 3124 2703; x_wconf 85' lang='lat' dir='ltr'><strong>operatur.</strong></span> <span class='ocrx_word' id='word_1_699' title='bbox 3158 2639 3219 2706; x_wconf 67' lang='lat' dir='ltr'><strong>Et</strong></span> <span class='ocrx_word' id='word_1_700' title='bbox 3244 2637 3484 2702; x_wconf 80' lang='lat' dir='ltr'><strong>quiequid</strong></span> <span class='ocrx_word' id='word_1_701' title='bbox 3517 2651 3699 2706; x_wconf 85' lang='lat' dir='ltr'><strong>opera-</strong></span> 
     </span>
    </p>
   </div>
   <div class='ocr_carea' id='block_1_93' title="bbox 2147 2705 3702 2772">
    <p class='ocr_par' dir='ltr' id='par_1_93' title="bbox 2147 2705 3702 2772">
     <span class='ocr_line' id='line_1_93' title="bbox 2147 2705 3702 2772; baseline 0.004 -17"><span class='ocrx_word' id='word_1_702' title='bbox 2147 2709 2228 2755; x_wconf 86' lang='lat' dir='ltr'><strong>tur</strong></span> <span class='ocrx_word' id='word_1_703' title='bbox 2247 2705 2473 2772; x_wconf 81' lang='lat' dir='ltr'><strong>Spiritus</strong></span> <span class='ocrx_word' id='word_1_704' title='bbox 2493 2717 2724 2769; x_wconf 84' lang='lat' dir='ltr'><strong>sanctus,</strong></span> <span class='ocrx_word' id='word_1_705' title='bbox 2751 2716 2909 2758; x_wconf 86' lang='lat' dir='ltr'><strong>unum</strong></span> <span class='ocrx_word' id='word_1_706' title='bbox 2934 2720 3014 2759; x_wconf 74' lang='grc' dir='ltr'><strong>ρει</strong></span> <span class='ocrx_word' id='word_1_707' title='bbox 3037 2722 3152 2758; x_wconf 84' lang='lat' dir='ltr'><strong>cum</strong></span> <span class='ocrx_word' id='word_1_708' title='bbox 3179 2705 3330 2760; x_wconf 83' lang='lat' dir='ltr'><strong>l&#39;atre</strong></span> <span class='ocrx_word' id='word_1_709' title='bbox 3350 2718 3399 2759; x_wconf 91' lang='lat' dir='ltr'><strong>et</strong></span> <span class='ocrx_word' id='word_1_710' title='bbox 3421 2705 3568 2772; x_wconf 77' lang='lat' dir='ltr'><strong>Filio,</strong></span> <span class='ocrx_word' id='word_1_711' title='bbox 3590 2707 3702 2761; x_wconf 74' lang='lat' dir='ltr'><strong>sine</strong></span> 
     </span>
    </p>
   </div>
   <div class='ocr_carea' id='block_1_94' title="bbox 2145 2773 3699 2844">
    <p class='ocr_par' dir='ltr' id='par_1_94' title="bbox 2145 2773 3699 2844">
     <span class='ocr_line' id='line_1_94' title="bbox 2145 2773 3699 2844; baseline 0.002 -21"><span class='ocrx_word' id='word_1_712' title='bbox 2145 2773 2332 2839; x_wconf 84' lang='lat' dir='ltr'><strong>quibus</strong></span> <span class='ocrx_word' id='word_1_713' title='bbox 2351 2789 2463 2844; x_wconf 78' lang='lat' dir='ltr'><strong>non</strong></span> <span class='ocrx_word' id='word_1_714' title='bbox 2492 2785 2758 2842; x_wconf 79' lang='lat' dir='ltr'><strong>operatur.</strong></span> <span class='ocrx_word' id='word_1_715' title='bbox 2787 2777 2922 2843; x_wconf 79' lang='lat' dir='ltr'><strong>Ergo</strong></span> <span class='ocrx_word' id='word_1_716' title='bbox 2948 2789 2998 2829; x_wconf 89' lang='lat' dir='ltr'><strong>et</strong></span> <span class='ocrx_word' id='word_1_717' title='bbox 3021 2777 3262 2844; x_wconf 86' lang='lat' dir='ltr'><strong>quicquid</strong></span> <span class='ocrx_word' id='word_1_718' title='bbox 3293 2777 3390 2828; x_wconf 67' lang='lat' dir='ltr'><strong>suit</strong></span> <span class='ocrx_word' id='word_1_719' title='bbox 3421 2774 3592 2838; x_wconf 83' lang='lat' dir='ltr'><strong>Pater,</strong></span> <span class='ocrx_word' id='word_1_720' title='bbox 3623 2779 3699 2829; x_wconf 82' lang='lat' dir='ltr'><strong>si-</strong></span> 
     </span>
    </p>
   </div>
   <div class='ocr_carea' id='block_1_95' title="bbox 2144 2843 3699 2914">
    <p class='ocr_par' dir='ltr' id='par_1_95' title="bbox 2144 2843 3699 2914">
     <span class='ocr_line' id='line_1_95' title="bbox 2144 2843 3699 2914; baseline 0.002 -18"><span class='ocrx_word' id='word_1_721' title='bbox 2144 2845 2248 2896; x_wconf 89' lang='lat' dir='ltr'><strong>tnul</strong></span> <span class='ocrx_word' id='word_1_722' title='bbox 2275 2855 2326 2897; x_wconf 91' lang='lat' dir='ltr'><strong>et</strong></span> <span class='ocrx_word' id='word_1_723' title='bbox 2345 2843 2507 2898; x_wconf 83' lang='lat' dir='ltr'><strong>Filius</strong></span> <span class='ocrx_word' id='word_1_724' title='bbox 2527 2846 2819 2913; x_wconf 84' lang='lat' dir='ltr'><strong>etSpiritus</strong></span> <span class='ocrx_word' id='word_1_725' title='bbox 2841 2856 3054 2898; x_wconf 80' lang='lat' dir='ltr'><strong>sani-tus</strong></span> <span class='ocrx_word' id='word_1_726' title='bbox 3077 2843 3194 2900; x_wconf 88' lang='lat' dir='ltr'><strong>cum</strong></span> <span class='ocrx_word' id='word_1_727' title='bbox 3216 2861 3279 2899; x_wconf 89' lang='lat' dir='ltr'><strong>eo</strong></span> <span class='ocrx_word' id='word_1_728' title='bbox 3303 2845 3494 2914; x_wconf 84' lang='lat' dir='ltr'><strong>pariter</strong></span> <span class='ocrx_word' id='word_1_729' title='bbox 3512 2855 3699 2899; x_wconf 66' lang='lat' dir='ltr'><strong>eunt-ta</strong></span> 
     </span>
    </p>
   </div>
   <div class='ocr_carea' id='block_1_96' title="bbox 2144 2916 3700 2982">
    <p class='ocr_par' dir='ltr' id='par_1_96' title="bbox 2144 2916 3700 2982">
     <span class='ocr_line' id='line_1_96' title="bbox 2144 2916 3700 2982; baseline 0.002 -16"><span class='ocrx_word' id='word_1_730' title='bbox 2144 2925 2488 2978; x_wconf 64' lang='lat' dir='ltr'><strong>COguoscuut.</strong></span> <span class='ocrx_word' id='word_1_731' title='bbox 2527 2917 2656 2979; x_wconf 83' lang='lat' dir='ltr'><strong>Quia</strong></span> <span class='ocrx_word' id='word_1_732' title='bbox 2687 2916 2885 2968; x_wconf 68' lang='lat' dir='ltr'><strong>si-i.ic--t</strong></span> <span class='ocrx_word' id='word_1_733' title='bbox 2924 2917 3076 2968; x_wconf 83' lang='lat' dir='ltr'><strong>Pater</strong></span> <span class='ocrx_word' id='word_1_734' title='bbox 3102 2927 3156 2969; x_wconf 91' lang='lat' dir='ltr'><strong>et</strong></span> <span class='ocrx_word' id='word_1_735' title='bbox 3199 2917 3360 2970; x_wconf 78' lang='lat' dir='ltr'><strong>Filius</strong></span> <span class='ocrx_word' id='word_1_736' title='bbox 3398 2926 3449 2970; x_wconf 89' lang='lat' dir='ltr'><strong>et</strong></span> <span class='ocrx_word' id='word_1_737' title='bbox 3477 2916 3700 2982; x_wconf 84' lang='lat' dir='ltr'><strong>Spiritus</strong></span> 
     </span>
    </p>
   </div>
   <div class='ocr_carea' id='block_1_97' title="bbox 2141 2985 3698 3054">
    <p class='ocr_par' dir='ltr' id='par_1_97' title="bbox 2141 2985 3698 3054">
     <span class='ocr_line' id='line_1_97' title="bbox 2141 2985 3698 3054; baseline 0.003 -21"><span class='ocrx_word' id='word_1_738' title='bbox 2141 2993 2354 3054; x_wconf 76' lang='lat' dir='ltr'><strong>sanctus</strong></span> <span class='ocrx_word' id='word_1_739' title='bbox 2387 3001 2488 3037; x_wconf 84' lang='lat' dir='ltr'><strong>una</strong></span> <span class='ocrx_word' id='word_1_740' title='bbox 2519 2996 2676 3052; x_wconf 89' lang='lat' dir='ltr'><strong>atque</strong></span> <span class='ocrx_word' id='word_1_741' title='bbox 2718 2985 3076 3052; x_wconf 76' lang='lat' dir='ltr'><strong>insi-parabilis</strong></span> <span class='ocrx_word' id='word_1_742' title='bbox 3106 2987 3272 3039; x_wconf 87' lang='lat' dir='ltr'><strong>deitas</strong></span> <span class='ocrx_word' id='word_1_743' title='bbox 3318 2985 3370 3039; x_wconf 92' lang='lat' dir='ltr'><strong>in</strong></span> <span class='ocrx_word' id='word_1_744' title='bbox 3419 2987 3698 3054; x_wconf 85' lang='lat' dir='ltr'><strong>semetipsa</strong></span> 
     </span>
    </p>
   </div>
   <div class='ocr_carea' id='block_1_98' title="bbox 2142 3050 3702 3122">
    <p class='ocr_par' dir='ltr' id='par_1_98' title="bbox 2142 3050 3702 3122">
     <span class='ocr_line' id='line_1_98' title="bbox 2142 3050 3702 3122; baseline 0.003 -18"><span class='ocrx_word' id='word_1_745' title='bbox 2142 3050 2482 3108; x_wconf 75' lang='lat' dir='ltr'><strong>inetl&#39;abiliter</strong></span> <span class='ocrx_word' id='word_1_746' title='bbox 2511 3050 2760 3108; x_wconf 75' lang='lat' dir='ltr'><strong>Constans</strong></span> <span class='ocrx_word' id='word_1_747' title='bbox 2808 3050 2984 3108; x_wconf 71' lang='lat' dir='ltr'><strong>dimia</strong></span> <span class='ocrx_word' id='word_1_748' title='bbox 3032 3057 3174 3108; x_wconf 88' lang='lat' dir='ltr'><strong>novit</strong></span> <span class='ocrx_word' id='word_1_749' title='bbox 3219 3066 3269 3111; x_wconf 86' lang='lat' dir='ltr'><strong>et</strong></span> <span class='ocrx_word' id='word_1_750' title='bbox 3299 3065 3483 3110; x_wconf 83' lang='lat' dir='ltr'><strong>cuncta</strong></span> <span class='ocrx_word' id='word_1_751' title='bbox 3509 3050 3702 3122; x_wconf 78' lang='lat' dir='ltr'><strong>cogito-</strong></span> 
     </span>
    </p>
   </div>
   <div class='ocr_carea' id='block_1_99' title="bbox 2142 3123 3702 3195">
    <p class='ocr_par' dir='ltr' id='par_1_99' title="bbox 2142 3123 3702 3195">
     <span class='ocr_line' id='line_1_99' title="bbox 2142 3123 3702 3195; baseline 0.001 -19"><span class='ocrx_word' id='word_1_752' title='bbox 2142 3123 2263 3176; x_wconf 86' lang='lat' dir='ltr'><strong>scit.</strong></span> <span class='ocrx_word' id='word_1_753' title='bbox 2294 3124 2422 3176; x_wconf 90' lang='lat' dir='ltr'><strong>Dum</strong></span> <span class='ocrx_word' id='word_1_754' title='bbox 2452 3140 2579 3178; x_wconf 87' lang='lat' dir='ltr'><strong>vero</strong></span> <span class='ocrx_word' id='word_1_755' title='bbox 2605 3130 2825 3194; x_wconf 84' lang='lat' dir='ltr'><strong>septima</strong></span> <span class='ocrx_word' id='word_1_756' title='bbox 2853 3125 2962 3194; x_wconf 86' lang='lat' dir='ltr'><strong>jam</strong></span> <span class='ocrx_word' id='word_1_757' title='bbox 2991 3124 3104 3179; x_wconf 88' lang='lat' dir='ltr'><strong>dies</strong></span> <span class='ocrx_word' id='word_1_758' title='bbox 3143 3126 3208 3179; x_wconf 87' lang='lat' dir='ltr'><strong>ad</strong></span> <span class='ocrx_word' id='word_1_759' title='bbox 3251 3128 3482 3192; x_wconf 85' lang='lat' dir='ltr'><strong>requiem</strong></span> <span class='ocrx_word' id='word_1_760' title='bbox 3509 3141 3702 3195; x_wconf 73' lang='grc' dir='ltr'><strong>ιιι-ορε-</strong></span> 
     </span>
    </p>
   </div>
   <div class='ocr_carea' id='block_1_100' title="bbox 2145 3195 3701 3263">
    <p class='ocr_par' dir='ltr' id='par_1_100' title="bbox 2145 3195 3701 3263">
     <span class='ocr_line' id='line_1_100' title="bbox 2145 3195 3701 3263; baseline 0.003 -17"><span class='ocrx_word' id='word_1_761' title='bbox 2145 3204 2245 3257; x_wconf 89' lang='lat' dir='ltr'><strong>rat,</strong></span> <span class='ocrx_word' id='word_1_762' title='bbox 2277 3195 2507 3248; x_wconf 81' lang='lat' dir='ltr'><strong>mutulos</strong></span> <span class='ocrx_word' id='word_1_763' title='bbox 2549 3196 2648 3248; x_wconf 85' lang='lat' dir='ltr'><strong>iste</strong></span> <span class='ocrx_word' id='word_1_764' title='bbox 2674 3235 2687 3256; x_wconf 91' lang='lat'><strong>,</strong></span> <span class='ocrx_word' id='word_1_765' title='bbox 2733 3197 2830 3247; x_wconf 86' lang='lat' dir='ltr'><strong>hoc</strong></span> <span class='ocrx_word' id='word_1_766' title='bbox 2875 3207 2955 3248; x_wconf 89' lang='lat' dir='ltr'><strong>est</strong></span> <span class='ocrx_word' id='word_1_767' title='bbox 2995 3195 3256 3249; x_wconf 83' lang='lat' dir='ltr'><strong>elementa</strong></span> <span class='ocrx_word' id='word_1_768' title='bbox 3288 3195 3403 3262; x_wconf 87' lang='lat' dir='ltr'><strong>ipsa</strong></span> <span class='ocrx_word' id='word_1_769' title='bbox 3431 3202 3701 3263; x_wconf 79' lang='lat' dir='ltr'><strong>quiescant</strong></span> 
     </span>
    </p>
   </div>
   <div class='ocr_carea' id='block_1_101' title="bbox 2144 3266 3701 3329">
    <p class='ocr_par' dir='ltr' id='par_1_101' title="bbox 2144 3266 3701 3329">
     <span class='ocr_line' id='line_1_101' title="bbox 2144 3266 3701 3329; baseline 0.003 -14"><span class='ocrx_word' id='word_1_770' title='bbox 2144 3277 2171 3315; x_wconf 87' lang='lat' dir='ltr'><strong>a</strong></span> <span class='ocrx_word' id='word_1_771' title='bbox 2199 3266 2454 3318; x_wconf 81' lang='lat' dir='ltr'><strong>servitute</strong></span> <span class='ocrx_word' id='word_1_772' title='bbox 2498 3280 2716 3319; x_wconf 74' lang='lat' dir='ltr'><strong>necesse</strong></span> <span class='ocrx_word' id='word_1_773' title='bbox 2759 3273 2873 3329; x_wconf 77' lang='lat' dir='ltr'><strong>est,</strong></span> <span class='ocrx_word' id='word_1_774' title='bbox 2923 3275 2977 3318; x_wconf 91' lang='lat' dir='ltr'><strong>ut</strong></span> <span class='ocrx_word' id='word_1_775' title='bbox 3009 3267 3059 3317; x_wconf 91' lang='lat' dir='ltr'><strong>in</strong></span> <span class='ocrx_word' id='word_1_776' title='bbox 3091 3267 3202 3318; x_wconf 83' lang='lat' dir='ltr'><strong>suis</strong></span> <span class='ocrx_word' id='word_1_777' title='bbox 3227 3266 3420 3318; x_wconf 75' lang='lat' dir='ltr'><strong>sanctis</strong></span> <span class='ocrx_word' id='word_1_778' title='bbox 3455 3268 3701 3320; x_wconf 77' lang='lat' dir='ltr'><strong>Detninus</strong></span> 
     </span>
    </p>
   </div>
   <div class='ocr_carea' id='block_1_102' title="bbox 2144 3335 3704 3402">
    <p class='ocr_par' dir='ltr' id='par_1_102' title="bbox 2144 3335 3704 3402">
     <span class='ocr_line' id='line_1_102' title="bbox 2144 3335 3704 3402; baseline -0.003 -16"><span class='ocrx_word' id='word_1_779' title='bbox 2144 3335 2476 3401; x_wconf 88' lang='lat' dir='ltr'><strong>requiescat,</strong></span> <span class='ocrx_word' id='word_1_780' title='bbox 2519 3346 2571 3388; x_wconf 90' lang='lat' dir='ltr'><strong>et</strong></span> <span class='ocrx_word' id='word_1_781' title='bbox 2621 3335 2721 3402; x_wconf 87' lang='lat' dir='ltr'><strong>ipsi</strong></span> <span class='ocrx_word' id='word_1_782' title='bbox 2760 3335 2810 3389; x_wconf 91' lang='lat' dir='ltr'><strong>in</strong></span> <span class='ocrx_word' id='word_1_783' title='bbox 2837 3350 2902 3388; x_wconf 90' lang='lat' dir='ltr'><strong>eo</strong></span> <span class='ocrx_word' id='word_1_784' title='bbox 2934 3344 3188 3402; x_wconf 86' lang='lat' dir='ltr'><strong>perpetuo</strong></span> <span class='ocrx_word' id='word_1_785' title='bbox 3217 3335 3284 3390; x_wconf 90' lang='lat' dir='ltr'><strong>ab</strong></span> <span class='ocrx_word' id='word_1_786' title='bbox 3304 3336 3446 3388; x_wconf 90' lang='lat' dir='ltr'><strong>omni</strong></span> <span class='ocrx_word' id='word_1_787' title='bbox 3475 3335 3704 3388; x_wconf 68' lang='lat' dir='ltr'><strong>(luctus-</strong></span> 
     </span>
    </p>
   </div>
   <div class='ocr_carea' id='block_1_103' title="bbox 2147 3403 3698 3474">
    <p class='ocr_par' dir='ltr' id='par_1_103' title="bbox 2147 3403 3698 3474">
     <span class='ocr_line' id='line_1_103' title="bbox 2147 3403 3698 3474; baseline 0.003 -18"><span class='ocrx_word' id='word_1_788' title='bbox 2147 3403 2288 3456; x_wconf 89' lang='lat' dir='ltr'><strong>tiooe</strong></span> <span class='ocrx_word' id='word_1_789' title='bbox 2328 3405 2624 3472; x_wconf 84' lang='lat' dir='ltr'><strong>quiescant.</strong></span> <span class='ocrx_word' id='word_1_790' title='bbox 2682 3407 2740 3458; x_wconf 81' lang='lat' dir='ltr'><strong>Et</strong></span> <span class='ocrx_word' id='word_1_791' title='bbox 2792 3415 2916 3457; x_wconf 52' lang='lat' dir='ltr'><strong>tuac</strong></span> <span class='ocrx_word' id='word_1_792' title='bbox 2966 3421 3090 3460; x_wconf 87' lang='lat' dir='ltr'><strong>vere</strong></span> <span class='ocrx_word' id='word_1_793' title='bbox 3131 3405 3526 3459; x_wconf 77' lang='lat' dir='ltr'><strong>salihatizabunt</strong></span> <span class='ocrx_word' id='word_1_794' title='bbox 3570 3405 3698 3474; x_wconf 82' lang='lat' dir='ltr'><strong>justi</strong></span> 
     </span>
    </p>
   </div>
   <div class='ocr_carea' id='block_1_104' title="bbox 2144 3474 3698 3539">
    <p class='ocr_par' dir='ltr' id='par_1_104' title="bbox 2144 3474 3698 3539">
     <span class='ocr_line' id='line_1_104' title="bbox 2144 3474 3698 3539; baseline 0.002 -13"><span class='ocrx_word' id='word_1_795' title='bbox 2144 3487 2264 3526; x_wconf 81' lang='lat' dir='ltr'><strong>Cum</strong></span> <span class='ocrx_word' id='word_1_796' title='bbox 2297 3474 2537 3539; x_wconf 88' lang='lat' dir='ltr'><strong>Domino,</strong></span> <span class='ocrx_word' id='word_1_797' title='bbox 2585 3485 2638 3529; x_wconf 89' lang='lat' dir='ltr'><strong>et</strong></span> <span class='ocrx_word' id='word_1_798' title='bbox 2686 3476 2798 3529; x_wconf 83' lang='lat' dir='ltr'><strong>dies</strong></span> <span class='ocrx_word' id='word_1_799' title='bbox 2846 3477 3011 3539; x_wconf 86' lang='lat' dir='ltr'><strong>prima</strong></span> <span class='ocrx_word' id='word_1_800' title='bbox 3057 3478 3144 3528; x_wconf 87' lang='lat' dir='ltr'><strong>liet</strong></span> <span class='ocrx_word' id='word_1_801' title='bbox 3178 3486 3361 3528; x_wconf 84' lang='lat' dir='ltr'><strong>octava</strong></span> <span class='ocrx_word' id='word_1_802' title='bbox 3391 3477 3439 3526; x_wconf 91' lang='lat' dir='ltr'><strong>in</strong></span> <span class='ocrx_word' id='word_1_803' title='bbox 3464 3489 3698 3530; x_wconf 85' lang='lat' dir='ltr'><strong>resurre-</strong></span> 
     </span>
    </p>
   </div>
   <div class='ocr_carea' id='block_1_105' title="bbox 2145 3543 3703 3612">
    <p class='ocr_par' dir='ltr' id='par_1_105' title="bbox 2145 3543 3703 3612">
     <span class='ocr_line' id='line_1_105' title="bbox 2145 3543 3703 3612; baseline 0.003 -16"><span class='ocrx_word' id='word_1_804' title='bbox 2145 3543 2318 3596; x_wconf 88' lang='lat' dir='ltr'><strong>ctione</strong></span> <span class='ocrx_word' id='word_1_805' title='bbox 2364 3555 2669 3598; x_wconf 88' lang='lat' dir='ltr'><strong>sanctorum</strong></span> <span class='ocrx_word' id='word_1_806' title='bbox 2697 3584 2711 3608; x_wconf 91' lang='lat'><strong>,</strong></span> <span class='ocrx_word' id='word_1_807' title='bbox 2760 3546 2970 3612; x_wconf 86' lang='lat' dir='ltr'><strong>quando</strong></span> <span class='ocrx_word' id='word_1_808' title='bbox 3000 3559 3122 3598; x_wconf 85' lang='lat' dir='ltr'><strong>arca</strong></span> <span class='ocrx_word' id='word_1_809' title='bbox 3155 3544 3400 3600; x_wconf 81' lang='lat' dir='ltr'><strong>ventilata</strong></span> <span class='ocrx_word' id='word_1_810' title='bbox 3431 3543 3580 3598; x_wconf 83' lang='lat' dir='ltr'><strong>fuerit</strong></span> <span class='ocrx_word' id='word_1_811' title='bbox 3605 3586 3619 3607; x_wconf 89' lang='lat'><strong>,</strong></span> <span class='ocrx_word' id='word_1_812' title='bbox 3645 3552 3703 3600; x_wconf 83' lang='lat' dir='ltr'><strong>et</strong></span> 
     </span>
    </p>
   </div>
   <div class='ocr_carea' id='block_1_106' title="bbox 2145 3615 3700 3684">
    <p class='ocr_par' dir='ltr' id='par_1_106' title="bbox 2145 3615 3700 3684">
     <span class='ocr_line' id='line_1_106' title="bbox 2145 3615 3700 3684; baseline 0.003 -20"><span class='ocrx_word' id='word_1_813' title='bbox 2145 3627 2174 3684; x_wconf 79' lang='lat' dir='ltr'><strong>a</strong></span> <span class='ocrx_word' id='word_1_814' title='bbox 2203 3615 2348 3681; x_wconf 86' lang='lat' dir='ltr'><strong>palea</strong></span> <span class='ocrx_word' id='word_1_815' title='bbox 2379 3617 2665 3669; x_wconf 88' lang='lat' dir='ltr'><strong>discretum</strong></span> <span class='ocrx_word' id='word_1_816' title='bbox 2695 3617 2795 3668; x_wconf 87' lang='lat' dir='ltr'><strong>erit</strong></span> <span class='ocrx_word' id='word_1_817' title='bbox 2825 3616 3182 3679; x_wconf 82' lang='lat' dir='ltr'><strong>frumentum,</strong></span> <span class='ocrx_word' id='word_1_818' title='bbox 3212 3617 3419 3684; x_wconf 83' lang='lat' dir='ltr'><strong>quando</strong></span> <span class='ocrx_word' id='word_1_819' title='bbox 3445 3631 3545 3669; x_wconf 93' lang='lat' dir='ltr'><strong>non</strong></span> <span class='ocrx_word' id='word_1_820' title='bbox 3568 3615 3700 3669; x_wconf 86' lang='lat' dir='ltr'><strong>late-</strong></span> 
     </span>
    </p>
   </div>
   <div class='ocr_carea' id='block_1_107' title="bbox 2151 3683 3698 3755">
    <p class='ocr_par' dir='ltr' id='par_1_107' title="bbox 2151 3683 3698 3755">
     <span class='ocr_line' id='line_1_107' title="bbox 2151 3683 3698 3755; baseline 0.002 -20"><span class='ocrx_word' id='word_1_821' title='bbox 2151 3683 2226 3755; x_wconf 89' lang='lat' dir='ltr'><strong>bit</strong></span> <span class='ocrx_word' id='word_1_822' title='bbox 2251 3684 2390 3749; x_wconf 82' lang='lat' dir='ltr'><strong>quod</strong></span> <span class='ocrx_word' id='word_1_823' title='bbox 2424 3699 2564 3738; x_wconf 92' lang='lat' dir='ltr'><strong>nunc</strong></span> <span class='ocrx_word' id='word_1_824' title='bbox 2597 3687 2739 3738; x_wconf 88' lang='lat' dir='ltr'><strong>latet.</strong></span> <span class='ocrx_word' id='word_1_825' title='bbox 2771 3685 2899 3738; x_wconf 79' lang='lat' dir='ltr'><strong>Nam</strong></span> <span class='ocrx_word' id='word_1_826' title='bbox 2933 3685 3077 3745; x_wconf 85' lang='lat' dir='ltr'><strong>quid,</strong></span> <span class='ocrx_word' id='word_1_827' title='bbox 3111 3683 3258 3755; x_wconf 83' lang='lat' dir='ltr'><strong>rogo,</strong></span> <span class='ocrx_word' id='word_1_828' title='bbox 3293 3687 3524 3738; x_wconf 80' lang='lat' dir='ltr'><strong>cernitur</strong></span> <span class='ocrx_word' id='word_1_829' title='bbox 3549 3701 3698 3739; x_wconf 83' lang='lat' dir='ltr'><strong>ruun-</strong></span> 
     </span>
    </p>
   </div>
   <div class='ocr_carea' id='block_1_108' title="bbox 2147 3753 3698 3822">
    <p class='ocr_par' dir='ltr' id='par_1_108' title="bbox 2147 3753 3698 3822">
     <span class='ocr_line' id='line_1_108' title="bbox 2147 3753 3698 3822; baseline 0 -15"><span class='ocrx_word' id='word_1_830' title='bbox 2147 3753 2271 3820; x_wconf 84' lang='lat' dir='ltr'><strong>dus,</strong></span> <span class='ocrx_word' id='word_1_831' title='bbox 2300 3755 2426 3806; x_wconf 90' lang='lat' dir='ltr'><strong>dum</strong></span> <span class='ocrx_word' id='word_1_832' title='bbox 2454 3755 2572 3808; x_wconf 88' lang='lat' dir='ltr'><strong>vilis</strong></span> <span class='ocrx_word' id='word_1_833' title='bbox 2603 3755 2853 3822; x_wconf 85' lang='lat' dir='ltr'><strong>apparet?</strong></span> <span class='ocrx_word' id='word_1_834' title='bbox 2881 3755 3068 3807; x_wconf 90' lang='lat' dir='ltr'><strong>Totum</strong></span> <span class='ocrx_word' id='word_1_835' title='bbox 3093 3753 3218 3822; x_wconf 79' lang='lat' dir='ltr'><strong>ergo</strong></span> <span class='ocrx_word' id='word_1_836' title='bbox 3245 3771 3402 3822; x_wconf 82' lang='lat' dir='ltr'><strong>Super</strong></span> <span class='ocrx_word' id='word_1_837' title='bbox 3431 3770 3516 3808; x_wconf 76' lang='lat' dir='ltr'><strong>IVI</strong></span> <span class='ocrx_word' id='word_1_838' title='bbox 3540 3769 3698 3809; x_wconf 84' lang='lat' dir='ltr'><strong>anno-</strong></span> 
     </span>
    </p>
   </div>
   <div class='ocr_carea' id='block_1_109' title="bbox 2148 3823 3698 3893">
    <p class='ocr_par' dir='ltr' id='par_1_109' title="bbox 2148 3823 3698 3893">
     <span class='ocr_line' id='line_1_109' title="bbox 2148 3823 3698 3893; baseline 0.001 -17"><span class='ocrx_word' id='word_1_839' title='bbox 2148 3839 2262 3876; x_wconf 89' lang='lat' dir='ltr'><strong>rum</strong></span> <span class='ocrx_word' id='word_1_840' title='bbox 2313 3823 2339 3861; x_wconf 67' lang='grc' dir='ltr'>δ</span> <span class='ocrx_word' id='word_1_841' title='bbox 2386 3826 2491 3893; x_wconf 83' lang='lat' dir='ltr'><strong>agit</strong></span> <span class='ocrx_word' id='word_1_842' title='bbox 2543 3841 2677 3880; x_wconf 89' lang='lat' dir='ltr'><strong>ntmc</strong></span> <span class='ocrx_word' id='word_1_843' title='bbox 2730 3824 3110 3893; x_wconf 80' lang='lat' dir='ltr'><strong>perfecionem</strong></span> <span class='ocrx_word' id='word_1_844' title='bbox 3159 3841 3304 3878; x_wconf 85' lang='lat' dir='ltr'><strong>suam</strong></span> <span class='ocrx_word' id='word_1_845' title='bbox 3373 3824 3423 3878; x_wconf 90' lang='lat' dir='ltr'><strong>in</strong></span> <span class='ocrx_word' id='word_1_846' title='bbox 3486 3840 3698 3878; x_wconf 85' lang='lat' dir='ltr'><strong>numero</strong></span> 
     </span>
    </p>
   </div>
   <div class='ocr_carea' id='block_1_110' title="bbox 2150 3894 3698 3962">
    <p class='ocr_par' dir='ltr' id='par_1_110' title="bbox 2150 3894 3698 3962">
     <span class='ocr_line' id='line_1_110' title="bbox 2150 3894 3698 3962; baseline -0.001 -16"><span class='ocrx_word' id='word_1_847' title='bbox 2150 3894 2518 3961; x_wconf 71' lang='lat' dir='ltr'><strong>Evangelittut,</strong></span> <span class='ocrx_word' id='word_1_848' title='bbox 2551 3905 2606 3949; x_wconf 89' lang='lat' dir='ltr'><strong>ut</strong></span> <span class='ocrx_word' id='word_1_849' title='bbox 2633 3897 2683 3948; x_wconf 93' lang='lat' dir='ltr'><strong>in</strong></span> <span class='ocrx_word' id='word_1_850' title='bbox 2712 3896 2789 3949; x_wconf 80' lang='lat' dir='ltr'><strong>eis</strong></span> <span class='ocrx_word' id='word_1_851' title='bbox 2821 3895 2909 3962; x_wconf 84' lang='lat' dir='ltr'><strong>qui</strong></span> <span class='ocrx_word' id='word_1_852' title='bbox 2941 3895 3098 3947; x_wconf 77' lang='lat' dir='ltr'><strong>futuri</strong></span> <span class='ocrx_word' id='word_1_853' title='bbox 3124 3906 3239 3947; x_wconf 89' lang='lat' dir='ltr'><strong>sunt</strong></span> <span class='ocrx_word' id='word_1_854' title='bbox 3274 3894 3339 3948; x_wconf 86' lang='lat' dir='ltr'><strong>ad</strong></span> <span class='ocrx_word' id='word_1_855' title='bbox 3369 3894 3585 3949; x_wconf 87' lang='lat' dir='ltr'><strong>Salutem</strong></span> <span class='ocrx_word' id='word_1_856' title='bbox 3610 3895 3698 3960; x_wconf 86' lang='lat' dir='ltr'><strong>sit,</strong></span> 
     </span>
    </p>
   </div>
   <div class='ocr_carea' id='block_1_111' title="bbox 2151 3963 3697 4032">
    <p class='ocr_par' dir='ltr' id='par_1_111' title="bbox 2151 3963 3697 4032">
     <span class='ocr_line' id='line_1_111' title="bbox 2151 3963 3697 4032; baseline 0.002 -17"><span class='ocrx_word' id='word_1_857' title='bbox 2151 3963 2200 4016; x_wconf 90' lang='lat' dir='ltr'><strong>in</strong></span> <span class='ocrx_word' id='word_1_858' title='bbox 2227 3975 2475 4027; x_wconf 85' lang='lat' dir='ltr'><strong>quantum</strong></span> <span class='ocrx_word' id='word_1_859' title='bbox 2507 3967 2837 4020; x_wconf 56' lang='lat' dir='ltr'><strong>concesserit</strong></span> <span class='ocrx_word' id='word_1_860' title='bbox 2885 3965 2996 4030; x_wconf 89' lang='lat' dir='ltr'><strong>ipsa</strong></span> <span class='ocrx_word' id='word_1_861' title='bbox 3053 3965 3328 4032; x_wconf 73' lang='lat' dir='ltr'><strong>liivinitas,</strong></span> <span class='ocrx_word' id='word_1_862' title='bbox 3379 3967 3461 4018; x_wconf 89' lang='lat' dir='ltr'><strong>cui</strong></span> <span class='ocrx_word' id='word_1_863' title='bbox 3486 3964 3580 4019; x_wconf 87' lang='lat' dir='ltr'><strong>soli</strong></span> <span class='ocrx_word' id='word_1_864' title='bbox 3609 3978 3697 4018; x_wconf 85' lang='lat' dir='ltr'><strong>co-</strong></span> 
     </span>
    </p>
   </div>
   <div class='ocr_carea' id='block_1_112' title="bbox 2149 4035 3310 4103">
    <p class='ocr_par' dir='ltr' id='par_1_112' title="bbox 2149 4035 3310 4103">
     <span class='ocr_line' id='line_1_112' title="bbox 2149 4035 3310 4103; baseline 0.003 -19"><span class='ocrx_word' id='word_1_865' title='bbox 2149 4036 2351 4101; x_wconf 82' lang='lat' dir='ltr'><strong>gnitum</strong></span> <span class='ocrx_word' id='word_1_866' title='bbox 2385 4045 2638 4103; x_wconf 87' lang='lat' dir='ltr'><strong>quantum</strong></span> <span class='ocrx_word' id='word_1_867' title='bbox 2673 4040 2825 4088; x_wconf 90' lang='lat' dir='ltr'><strong>nolns</strong></span> <span class='ocrx_word' id='word_1_868' title='bbox 2855 4035 3105 4101; x_wconf 86' lang='lat' dir='ltr'><strong>expedire</strong></span> <span class='ocrx_word' id='word_1_869' title='bbox 3135 4046 3310 4102; x_wconf 86' lang='lat' dir='ltr'><strong>queat.</strong></span> 
     </span>
    </p>
   </div>
   <div class='ocr_carea' id='block_1_113' title="bbox 2147 4105 3698 4174">
    <p class='ocr_par' dir='ltr' id='par_1_113' title="bbox 2147 4105 3698 4174">
     <span class='ocr_line' id='line_1_113' title="bbox 2147 4105 3698 4174; baseline 0.002 -18"><span class='ocrx_word' id='word_1_870' title='bbox 2147 4105 2239 4157; x_wconf 71' lang='lat'><strong>25.</strong></span> <span class='ocrx_word' id='word_1_871' title='bbox 2284 4105 2444 4174; x_wconf 79' lang='lat' dir='ltr'><strong>igitur</strong></span> <span class='ocrx_word' id='word_1_872' title='bbox 2483 4105 2794 4173; x_wconf 75' lang='lat' dir='ltr'><strong>incipiamus</strong></span> <span class='ocrx_word' id='word_1_873' title='bbox 2841 4107 3071 4172; x_wconf 79' lang='lat' dir='ltr'><strong>ipsorum</strong></span> <span class='ocrx_word' id='word_1_874' title='bbox 3121 4105 3388 4159; x_wconf 80' lang='lat' dir='ltr'><strong>C.csarum</strong></span> <span class='ocrx_word' id='word_1_875' title='bbox 3434 4105 3510 4159; x_wconf 87' lang='lat' dir='ltr'><strong>vel</strong></span> <span class='ocrx_word' id='word_1_876' title='bbox 3541 4105 3698 4174; x_wconf 80' lang='lat' dir='ltr'><strong>impe-</strong></span> 
     </span>
    </p>
   </div>
   <div class='ocr_carea' id='block_1_114' title="bbox 2429 4187 3428 4243">
    <p class='ocr_par' dir='ltr' id='par_1_114' title="bbox 2429 4187 3428 4243">
     <span class='ocr_line' id='line_1_114' title="bbox 2429 4187 3428 4243; baseline -0.003 -14"><span class='ocrx_word' id='word_1_877' title='bbox 2429 4188 2662 4229; x_wconf 88' lang='lat' dir='ltr'><strong>ratorum</strong></span> <span class='ocrx_word' id='word_1_878' title='bbox 2697 4193 2862 4228; x_wconf 79' lang='lat' dir='ltr'><strong>annos</strong></span> <span class='ocrx_word' id='word_1_879' title='bbox 2887 4190 3018 4242; x_wconf 82' lang='lat' dir='ltr'><strong>quos</strong></span> <span class='ocrx_word' id='word_1_880' title='bbox 3046 4187 3428 4243; x_wconf 75' lang='lat' dir='ltr'><strong>regnaverunt.</strong></span> 
     </span>
    </p>
   </div>
   <div class='ocr_carea' id='block_1_115' title="bbox 2224 4245 3699 4313">
    <p class='ocr_par' dir='ltr' id='par_1_115' title="bbox 2224 4245 3699 4313">
     <span class='ocr_line' id='line_1_115' title="bbox 2224 4245 3699 4313; baseline 0.001 -15"><span class='ocrx_word' id='word_1_881' title='bbox 2224 4245 2402 4298; x_wconf 89' lang='lat' dir='ltr'><strong>Liceat</strong></span> <span class='ocrx_word' id='word_1_882' title='bbox 2429 4247 2494 4297; x_wconf 86' lang='lat' dir='ltr'><strong>ab</strong></span> <span class='ocrx_word' id='word_1_883' title='bbox 2540 4247 2765 4298; x_wconf 83' lang='lat' dir='ltr'><strong>adventu</strong></span> <span class='ocrx_word' id='word_1_884' title='bbox 2816 4245 3106 4300; x_wconf 82' lang='lat' dir='ltr'><strong>Salvatoris</strong></span> <span class='ocrx_word' id='word_1_885' title='bbox 3151 4247 3200 4298; x_wconf 91' lang='lat' dir='ltr'><strong>in</strong></span> <span class='ocrx_word' id='word_1_886' title='bbox 3240 4260 3396 4299; x_wconf 84' lang='lat' dir='ltr'><strong>carne</strong></span> <span class='ocrx_word' id='word_1_887' title='bbox 3437 4259 3699 4313; x_wconf 80' lang='lat' dir='ltr'><strong>exponere</strong></span> 
     </span>
    </p>
   </div>
   <div class='ocr_carea' id='block_1_116' title="bbox 2149 4315 3225 4369">
    <p class='ocr_par' dir='ltr' id='par_1_116' title="bbox 2149 4315 3225 4369">
     <span class='ocr_line' id='line_1_116' title="bbox 2149 4315 3225 4369; baseline 0 -1"><span class='ocrx_word' id='word_1_888' title='bbox 2149 4317 2438 4368; x_wconf 89' lang='lat' dir='ltr'><strong>secundum</strong></span> <span class='ocrx_word' id='word_1_889' title='bbox 2469 4317 2775 4368; x_wconf 75' lang='lat' dir='ltr'><strong>clwonicam</strong></span> <span class='ocrx_word' id='word_1_890' title='bbox 2801 4315 3225 4369; x_wconf 83' lang='lat' dir='ltr'><strong>exsecutionem.</strong></span> 
     </span>
    </p>
   </div>
   <div class='ocr_carea' id='block_1_117' title="bbox 2223 4381 3699 4453">
    <p class='ocr_par' dir='ltr' id='par_1_117' title="bbox 2223 4381 3699 4453">
     <span class='ocr_line' id='line_1_117' title="bbox 2223 4381 3699 4453; baseline -0.002 -15"><span class='ocrx_word' id='word_1_891' title='bbox 2223 4393 2485 4453; x_wconf 83' lang='lat' dir='ltr'><strong>Augustus</strong></span> <span class='ocrx_word' id='word_1_892' title='bbox 2534 4402 2761 4452; x_wconf 85' lang='lat' dir='ltr'><strong>namque</strong></span> <span class='ocrx_word' id='word_1_893' title='bbox 2787 4427 2798 4446; x_wconf 90' lang='lat'><strong>,</strong></span> <span class='ocrx_word' id='word_1_894' title='bbox 2853 4391 2938 4452; x_wconf 86' lang='lat' dir='ltr'><strong>qui</strong></span> <span class='ocrx_word' id='word_1_895' title='bbox 2973 4398 3021 4437; x_wconf 86' lang='lat' dir='ltr'><strong>et</strong></span> <span class='ocrx_word' id='word_1_896' title='bbox 3053 4384 3370 4438; x_wconf 77' lang='lat' dir='ltr'><strong>Octavianus</strong></span> <span class='ocrx_word' id='word_1_897' title='bbox 3397 4382 3590 4448; x_wconf 59' lang='lat' dir='ltr'><strong>Caesar,</strong></span> <span class='ocrx_word' id='word_1_898' title='bbox 3623 4381 3699 4435; x_wconf 75' lang='lat' dir='ltr'><strong>t&#39;el</strong></span> 
     </span>
    </p>
   </div>
   <div class='ocr_carea' id='block_1_118' title="bbox 2155 4452 3699 4522">
    <p class='ocr_par' dir='ltr' id='par_1_118' title="bbox 2155 4452 3699 4522">
     <span class='ocr_line' id='line_1_118' title="bbox 2155 4452 3699 4522; baseline 0 -16"><span class='ocrx_word' id='word_1_899' title='bbox 2155 4452 2461 4521; x_wconf 81' lang='lat' dir='ltr'><strong>imperator,</strong></span> <span class='ocrx_word' id='word_1_900' title='bbox 2494 4457 2729 4521; x_wconf 66' lang='lat' dir='ltr'><strong>regnavit</strong></span> <span class='ocrx_word' id='word_1_901' title='bbox 2754 4473 2918 4507; x_wconf 66' lang='lat' dir='ltr'><strong>auom</strong></span> <span class='ocrx_word' id='word_1_902' title='bbox 2944 4470 3030 4512; x_wconf 80' lang='lat' dir='ltr'><strong>LV,</strong></span> <span class='ocrx_word' id='word_1_903' title='bbox 3062 4471 3100 4505; x_wconf 62' lang='lat' dir='ltr'><strong>sv</strong></span> <span class='ocrx_word' id='word_1_904' title='bbox 3122 4455 3152 4506; x_wconf 84' lang='lat' dir='ltr'><strong>tl</strong></span> <span class='ocrx_word' id='word_1_905' title='bbox 3183 4458 3231 4507; x_wconf 90' lang='lat' dir='ltr'><strong>iu</strong></span> <span class='ocrx_word' id='word_1_906' title='bbox 3268 4469 3376 4508; x_wconf 87' lang='lat' dir='ltr'><strong>tht</strong></span> <span class='ocrx_word' id='word_1_907' title='bbox 3420 4456 3560 4522; x_wconf 84' lang='lat' dir='ltr'><strong>regni</strong></span> <span class='ocrx_word' id='word_1_908' title='bbox 3588 4452 3699 4522; x_wconf 83' lang='lat' dir='ltr'><strong>ejus</strong></span> 
     </span>
    </p>
   </div>
   <div class='ocr_carea' id='block_1_119' title="bbox 545 4512 3322 4597">
    <p class='ocr_par' dir='ltr' id='par_1_119' title="bbox 545 4512 3322 4597">
     <span class='ocr_line' id='line_1_119' title="bbox 545 4512 3322 4597; baseline -0.001 -17"><span class='ocrx_word' id='word_1_909' title='bbox 545 4512 654 4584; x_wconf 34' lang='lat'><strong>25&#39;;</strong></span> <span class='ocrx_word' id='word_1_910' title='bbox 679 4512 782 4586; x_wconf 59' lang='lat' dir='ltr'><strong>seu</strong></span> <span class='ocrx_word' id='word_1_911' title='bbox 815 4512 1104 4597; x_wconf 36' lang='lat' dir='ltr'><strong>nunc—jam</strong></span> <span class='ocrx_word' id='word_1_912' title='bbox 1155 4527 1219 4581; x_wconf 89' lang='lat' dir='ltr'><strong>ad</strong></span> <span class='ocrx_word' id='word_1_913' title='bbox 1255 4526 1302 4579; x_wconf 93' lang='lat' dir='ltr'><strong>id</strong></span> <span class='ocrx_word' id='word_1_914' title='bbox 1336 4525 1474 4579; x_wconf 89' lang='lat' dir='ltr'><strong>unde</strong></span> <span class='ocrx_word' id='word_1_915' title='bbox 1501 4524 1770 4593; x_wconf 83' lang='lat' dir='ltr'><strong>digressus</strong></span> <span class='ocrx_word' id='word_1_916' title='bbox 1810 4539 1926 4577; x_wconf 88' lang='lat' dir='ltr'><strong>sum</strong></span> <span class='ocrx_word' id='word_1_917' title='bbox 1959 4540 2050 4577; x_wconf 84' lang='lat' dir='ltr'><strong>re—</strong></span> <span class='ocrx_word' id='word_1_918' title='bbox 2081 4512 2128 4572; x_wconf 85' lang='lat' dir='ltr'><strong>D</strong></span> <span class='ocrx_word' id='word_1_919' title='bbox 2156 4512 2312 4577; x_wconf 78' lang='lat' dir='ltr'><strong>naius</strong></span> <span class='ocrx_word' id='word_1_920' title='bbox 2344 4534 2428 4579; x_wconf 80' lang='lat' dir='ltr'><strong>est</strong></span> <span class='ocrx_word' id='word_1_921' title='bbox 2449 4512 2699 4580; x_wconf 65' lang='lat' dir='ltr'><strong>Christus</strong></span> <span class='ocrx_word' id='word_1_922' title='bbox 2724 4528 2772 4577; x_wconf 92' lang='lat' dir='ltr'><strong>in</strong></span> <span class='ocrx_word' id='word_1_923' title='bbox 2803 4540 2963 4579; x_wconf 87' lang='lat' dir='ltr'><strong>carne</strong></span> <span class='ocrx_word' id='word_1_924' title='bbox 2992 4524 3057 4577; x_wconf 88' lang='lat' dir='ltr'><strong>de</strong></span> <span class='ocrx_word' id='word_1_925' title='bbox 3091 4523 3322 4597; x_wconf 81' lang='lat' dir='ltr'><strong>Virgine.</strong></span> 
     </span>
    </p>
   </div>
   <div class='ocr_carea' id='block_1_120' title="bbox 476 4597 2046 4668">
    <p class='ocr_par' dir='ltr' id='par_1_120' title="bbox 476 4597 2046 4668">
     <span class='ocr_line' id='line_1_120' title="bbox 476 4597 2046 4668; baseline 0.001 -19"><span class='ocrx_word' id='word_1_926' title='bbox 476 4611 718 4668; x_wconf 86' lang='lat' dir='ltr'><strong>torquant</strong></span> <span class='ocrx_word' id='word_1_927' title='bbox 751 4603 847 4666; x_wconf 83' lang='lat' dir='ltr'><strong>(ita</strong></span> <span class='ocrx_word' id='word_1_928' title='bbox 868 4602 1014 4665; x_wconf 81' lang='lat' dir='ltr'><strong>cod.)</strong></span> <span class='ocrx_word' id='word_1_929' title='bbox 1058 4598 1362 4661; x_wconf 88' lang='lat' dir='ltr'><strong>articulum,</strong></span> <span class='ocrx_word' id='word_1_930' title='bbox 1405 4606 1460 4668; x_wconf 90' lang='lat' dir='ltr'><strong>ut</strong></span> <span class='ocrx_word' id='word_1_931' title='bbox 1494 4612 1690 4665; x_wconf 67' lang='lat' dir='ltr'><strong>possm:</strong></span> <span class='ocrx_word' id='word_1_932' title='bbox 1742 4597 2046 4668; x_wconf 77' lang='lat' dir='ltr'><strong>adprobare</strong></span> 
     </span>
    </p>
   </div>
   <div class='ocr_carea' id='block_1_121' title="bbox 476 4665 2040 4738">
    <p class='ocr_par' dir='ltr' id='par_1_121' title="bbox 476 4665 2040 4738">
     <span class='ocr_line' id='line_1_121' title="bbox 476 4665 2040 4738; baseline -0.002 -18"><span class='ocrx_word' id='word_1_933' title='bbox 476 4665 615 4732; x_wconf 78' lang='lat' dir='ltr'><strong>quod</strong></span> <span class='ocrx_word' id='word_1_934' title='bbox 647 4673 698 4726; x_wconf 92' lang='lat' dir='ltr'><strong>in</strong></span> <span class='ocrx_word' id='word_1_935' title='bbox 732 4665 836 4726; x_wconf 89' lang='lat' dir='ltr'><strong>line</strong></span> <span class='ocrx_word' id='word_1_936' title='bbox 861 4685 1163 4738; x_wconf 87' lang='lat' dir='ltr'><strong>temporum</strong></span> <span class='ocrx_word' id='word_1_937' title='bbox 1197 4668 1406 4723; x_wconf 68' lang='lat' dir='ltr'><strong>venerit</strong></span> <span class='ocrx_word' id='word_1_938' title='bbox 1431 4667 1702 4728; x_wconf 80' lang='lat' dir='ltr'><strong>Christus,</strong></span> <span class='ocrx_word' id='word_1_939' title='bbox 1739 4665 1828 4718; x_wconf 89' lang='lat' dir='ltr'><strong>Dei</strong></span> <span class='ocrx_word' id='word_1_940' title='bbox 1863 4677 1916 4718; x_wconf 88' lang='lat' dir='ltr'><strong>et</strong></span> <span class='ocrx_word' id='word_1_941' title='bbox 1947 4665 2040 4738; x_wconf 80' lang='lat' dir='ltr'><strong>ho-</strong></span> 
     </span>
    </p>
   </div>
   <div class='ocr_carea' id='block_1_122' title="bbox 477 4736 2045 4804">
    <p class='ocr_par' dir='ltr' id='par_1_122' title="bbox 477 4736 2045 4804">
     <span class='ocr_line' id='line_1_122' title="bbox 477 4736 2045 4804; baseline -0.003 -12"><span class='ocrx_word' id='word_1_942' title='bbox 477 4744 674 4794; x_wconf 87' lang='lat' dir='ltr'><strong>minum</strong></span> <span class='ocrx_word' id='word_1_943' title='bbox 701 4736 1051 4796; x_wconf 43' lang='lat' dir='ltr'><strong>mediator—in</strong></span> <span class='ocrx_word' id='word_1_944' title='bbox 1083 4756 1264 4803; x_wconf 85' lang='lat' dir='ltr'><strong>carne,</strong></span> <span class='ocrx_word' id='word_1_945' title='bbox 1317 4739 1472 4791; x_wconf 80' lang='lat' dir='ltr'><strong>sicuti</strong></span> <span class='ocrx_word' id='word_1_946' title='bbox 1522 4740 1764 4804; x_wconf 86' lang='lat' dir='ltr'><strong>superius</strong></span> <span class='ocrx_word' id='word_1_947' title='bbox 1796 4736 2045 4802; x_wconf 79' lang='lat' dir='ltr'><strong>eXposui-</strong></span> 
     </span>
    </p>
   </div>
   <div class='ocr_carea' id='block_1_123' title="bbox 476 4807 2050 4879">
    <p class='ocr_par' dir='ltr' id='par_1_123' title="bbox 476 4807 2050 4879">
     <span class='ocr_line' id='line_1_123' title="bbox 476 4807 2050 4879; baseline -0.001 -19"><span class='ocrx_word' id='word_1_948' title='bbox 476 4827 612 4875; x_wconf 90' lang='lat' dir='ltr'><strong>mus,</strong></span> <span class='ocrx_word' id='word_1_949' title='bbox 639 4813 895 4878; x_wconf 84' lang='lat' dir='ltr'><strong>Apo-tolo</strong></span> <span class='ocrx_word' id='word_1_950' title='bbox 929 4812 1251 4879; x_wconf 68' lang='lat' dir='ltr'><strong>praedicante</strong></span> <span class='ocrx_word' id='word_1_951' title='bbox 1287 4818 1562 4879; x_wconf 75' lang='lat' dir='ltr'><strong>postquam</strong></span> <span class='ocrx_word' id='word_1_952' title='bbox 1591 4807 1663 4860; x_wconf 88' lang='lat' dir='ltr'><strong>ait</strong></span> <span class='ocrx_word' id='word_1_953' title='bbox 1693 4824 1704 4858; x_wconf 76' lang='grc' dir='ltr'>ε</span> <span class='ocrx_word' id='word_1_954' title='bbox 1736 4807 1875 4879; x_wconf 81' lang='lat' dir='ltr'><strong>Cum</strong></span> <span class='ocrx_word' id='word_1_955' title='bbox 1899 4807 2050 4859; x_wconf 87' lang='lat' dir='ltr'><strong>venit</strong></span> 
     </span>
    </p>
   </div>
   <div class='ocr_carea' id='block_1_124' title="bbox 477 4875 2045 4951">
    <p class='ocr_par' dir='ltr' id='par_1_124' title="bbox 477 4875 2045 4951">
     <span class='ocr_line' id='line_1_124' title="bbox 477 4875 2045 4951; baseline -0.001 -21"><span class='ocrx_word' id='word_1_956' title='bbox 477 4875 748 4947; x_wconf 80' lang='lat' dir='ltr'><strong>plenitudo</strong></span> <span class='ocrx_word' id='word_1_957' title='bbox 778 4875 1051 4951; x_wconf 82' lang='lat' dir='ltr'><strong>temporis,</strong></span> <span class='ocrx_word' id='word_1_958' title='bbox 1085 4882 1227 4932; x_wconf 81' lang='lat' dir='ltr'><strong>misit</strong></span> <span class='ocrx_word' id='word_1_959' title='bbox 1273 4875 1636 4951; x_wconf 84' lang='lat' dir='ltr'><strong>DeusFilium</strong></span> <span class='ocrx_word' id='word_1_960' title='bbox 1666 4875 2045 4951; x_wconf 70' lang='lat' dir='ltr'><strong>suumlactum</strong></span> 
     </span>
    </p>
   </div>
   <div class='ocr_carea' id='block_1_125' title="bbox 475 4947 2044 5015">
    <p class='ocr_par' dir='ltr' id='par_1_125' title="bbox 475 4947 2044 5015">
     <span class='ocr_line' id='line_1_125' title="bbox 475 4947 2044 5015; baseline -0.004 -11"><span class='ocrx_word' id='word_1_961' title='bbox 475 4967 538 5004; x_wconf 84' lang='lat' dir='ltr'><strong>ex</strong></span> <span class='ocrx_word' id='word_1_962' title='bbox 569 4953 814 5010; x_wconf 81' lang='lat' dir='ltr'><strong>inultcre.</strong></span> <span class='ocrx_word' id='word_1_963' title='bbox 847 4947 950 5005; x_wconf 77' lang='lat' dir='ltr'><strong>etc.</strong></span> <span class='ocrx_word' id='word_1_964' title='bbox 988 4951 1054 5005; x_wconf 79' lang='lat' dir='ltr'><strong>Et</strong></span> <span class='ocrx_word' id='word_1_965' title='bbox 1082 4951 1352 5005; x_wconf 79' lang='lat' dir='ltr'><strong>Johanncs</strong></span> <span class='ocrx_word' id='word_1_966' title='bbox 1381 4948 1704 5015; x_wconf 76' lang='lat' dir='ltr'><strong>evangelista</strong></span> <span class='ocrx_word' id='word_1_967' title='bbox 1731 4948 1780 4998; x_wconf 94' lang='lat' dir='ltr'><strong>in</strong></span> <span class='ocrx_word' id='word_1_968' title='bbox 1813 4947 2044 5013; x_wconf 79' lang='lat' dir='ltr'><strong>Epistula</strong></span> 
     </span>
    </p>
   </div>
   <div class='ocr_carea' id='block_1_126' title="bbox 472 5017 2042 5084">
    <p class='ocr_par' dir='ltr' id='par_1_126' title="bbox 472 5017 2042 5084">
     <span class='ocr_line' id='line_1_126' title="bbox 472 5017 2042 5084; baseline -0.002 -13"><span class='ocrx_word' id='word_1_969' title='bbox 472 5039 566 5073; x_wconf 74' lang='lat' dir='ltr'><strong>sua</strong></span> <span class='ocrx_word' id='word_1_970' title='bbox 589 5023 715 5076; x_wconf 85' lang='lat' dir='ltr'><strong>dicit</strong></span> <span class='ocrx_word' id='word_1_971' title='bbox 742 5042 752 5076; x_wconf 95' lang='lat'>:</span> <span class='ocrx_word' id='word_1_972' title='bbox 800 5022 970 5077; x_wconf 74' lang='lat' dir='ltr'><strong>Filioli</strong></span> <span class='ocrx_word' id='word_1_973' title='bbox 991 5061 1006 5084; x_wconf 85' lang='lat'><strong>,</strong></span> <span class='ocrx_word' id='word_1_974' title='bbox 1041 5021 1322 5074; x_wconf 71' lang='lat' dir='ltr'><strong>novissima</strong></span> <span class='ocrx_word' id='word_1_975' title='bbox 1353 5023 1478 5070; x_wconf 83' lang='lat' dir='ltr'><strong>liora</strong></span> <span class='ocrx_word' id='word_1_976' title='bbox 1508 5029 1608 5071; x_wconf 85' lang='lat' dir='ltr'><strong>est.</strong></span> <span class='ocrx_word' id='word_1_977' title='bbox 1639 5017 1741 5071; x_wconf 85' lang='lat' dir='ltr'><strong>Sed</strong></span> <span class='ocrx_word' id='word_1_978' title='bbox 1771 5027 1822 5069; x_wconf 90' lang='lat' dir='ltr'><strong>et</strong></span> <span class='ocrx_word' id='word_1_979' title='bbox 1859 5020 2042 5068; x_wconf 81' lang='lat' dir='ltr'><strong>beatus</strong></span> 
     </span>
    </p>
   </div>
   <div class='ocr_carea' id='block_1_127' title="bbox 473 5085 2037 5159">
    <p class='ocr_par' dir='ltr' id='par_1_127' title="bbox 473 5085 2037 5159">
     <span class='ocr_line' id='line_1_127' title="bbox 473 5085 2037 5159; baseline -0.004 -16"><span class='ocrx_word' id='word_1_980' title='bbox 473 5092 662 5146; x_wconf 68' lang='lat' dir='ltr'><strong>l’etrns</strong></span> <span class='ocrx_word' id='word_1_981' title='bbox 694 5094 1055 5159; x_wconf 66' lang='lat' dir='ltr'><strong>3p05l0l0|lllll</strong></span> <span class='ocrx_word' id='word_1_982' title='bbox 1091 5091 1336 5156; x_wconf 82' lang='lat' dir='ltr'><strong>princeps</strong></span> <span class='ocrx_word' id='word_1_983' title='bbox 1380 5090 1568 5141; x_wconf 87' lang='lat' dir='ltr'><strong>eadem</strong></span> <span class='ocrx_word' id='word_1_984' title='bbox 1612 5085 1912 5159; x_wconf 85' lang='lat' dir='ltr'><strong>in_epistola</strong></span> <span class='ocrx_word' id='word_1_985' title='bbox 1945 5103 2037 5159; x_wconf 81' lang='lat' dir='ltr'><strong>sua</strong></span> 
     </span>
    </p>
   </div>
   <div class='ocr_carea' id='block_1_128' title="bbox 473 5157 2042 5226">
    <p class='ocr_par' dir='ltr' id='par_1_128' title="bbox 473 5157 2042 5226">
     <span class='ocr_line' id='line_1_128' title="bbox 473 5157 2042 5226; baseline -0.002 -14"><span class='ocrx_word' id='word_1_986' title='bbox 473 5162 599 5214; x_wconf 84' lang='lat' dir='ltr'><strong>dicit</strong></span> <span class='ocrx_word' id='word_1_987' title='bbox 629 5181 640 5215; x_wconf 93' lang='lat'><strong>:</strong></span> <span class='ocrx_word' id='word_1_988' title='bbox 673 5157 786 5217; x_wconf 67' lang='lat' dir='ltr'><strong>Non</strong></span> <span class='ocrx_word' id='word_1_989' title='bbox 821 5163 904 5216; x_wconf 63' lang='lat' dir='ltr'><strong>lati</strong></span> <span class='ocrx_word' id='word_1_990' title='bbox 926 5171 979 5215; x_wconf 87' lang='lat' dir='ltr'><strong>at</strong></span> <span class='ocrx_word' id='word_1_991' title='bbox 1014 5176 1137 5222; x_wconf 87' lang='lat' dir='ltr'><strong>vos,</strong></span> <span class='ocrx_word' id='word_1_992' title='bbox 1166 5161 1362 5226; x_wconf 83' lang='lat' dir='ltr'><strong>inquit,</strong></span> <span class='ocrx_word' id='word_1_993' title='bbox 1399 5159 1497 5212; x_wconf 88' lang='lat' dir='ltr'><strong>boc</strong></span> <span class='ocrx_word' id='word_1_994' title='bbox 1530 5157 1713 5219; x_wconf 81' lang='lat' dir='ltr'><strong>David,</strong></span> <span class='ocrx_word' id='word_1_995' title='bbox 1741 5157 1861 5224; x_wconf 88' lang='lat' dir='ltr'><strong>quia</strong></span> <span class='ocrx_word' id='word_1_996' title='bbox 1896 5158 2042 5209; x_wconf 77' lang='lat' dir='ltr'><strong>n&#39;tilie</strong></span> 
     </span>
    </p>
   </div>
   <div class='ocr_carea' id='block_1_129' title="bbox 474 5227 2040 5296">
    <p class='ocr_par' dir='ltr' id='par_1_129' title="bbox 474 5227 2040 5296">
     <span class='ocr_line' id='line_1_129' title="bbox 474 5227 2040 5296; baseline -0.003 -14"><span class='ocrx_word' id='word_1_997' title='bbox 474 5232 609 5296; x_wconf 85' lang='lat' dir='ltr'><strong>apud</strong></span> <span class='ocrx_word' id='word_1_998' title='bbox 658 5233 820 5286; x_wconf 86' lang='lat' dir='ltr'><strong>Deum</strong></span> <span class='ocrx_word' id='word_1_999' title='bbox 863 5233 998 5286; x_wconf 85' lang='lat' dir='ltr'><strong>sicut</strong></span> <span class='ocrx_word' id='word_1_1000' title='bbox 1046 5233 1159 5284; x_wconf 89' lang='lat' dir='ltr'><strong>dies</strong></span> <span class='ocrx_word' id='word_1_1001' title='bbox 1202 5244 1345 5290; x_wconf 79' lang='lat' dir='ltr'><strong>tina,</strong></span> <span class='ocrx_word' id='word_1_1002' title='bbox 1397 5239 1449 5281; x_wconf 88' lang='lat' dir='ltr'><strong>et</strong></span> <span class='ocrx_word' id='word_1_1003' title='bbox 1497 5227 1614 5280; x_wconf 80' lang='lat' dir='ltr'><strong>dies</strong></span> <span class='ocrx_word' id='word_1_1004' title='bbox 1663 5244 1762 5278; x_wconf 83' lang='lat' dir='ltr'><strong>una</strong></span> <span class='ocrx_word' id='word_1_1005' title='bbox 1794 5237 2040 5292; x_wconf 86' lang='lat' dir='ltr'><strong>tanquam</strong></span> 
     </span>
    </p>
   </div>
   <div class='ocr_carea' id='block_1_130' title="bbox 477 5297 2042 5363">
    <p class='ocr_par' dir='ltr' id='par_1_130' title="bbox 477 5297 2042 5363">
     <span class='ocr_line' id='line_1_130' title="bbox 477 5297 2042 5363; baseline -0.002 -12"><span class='ocrx_word' id='word_1_1006' title='bbox 477 5305 624 5356; x_wconf 85' lang='lat' dir='ltr'><strong>mille</strong></span> <span class='ocrx_word' id='word_1_1007' title='bbox 649 5305 796 5358; x_wconf 90' lang='lat' dir='ltr'><strong>anui.</strong></span> <span class='ocrx_word' id='word_1_1008' title='bbox 830 5305 936 5358; x_wconf 81' lang='lat' dir='ltr'><strong>Sex</strong></span> <span class='ocrx_word' id='word_1_1009' title='bbox 966 5301 1107 5357; x_wconf 80' lang='lat' dir='ltr'><strong>enini</strong></span> <span class='ocrx_word' id='word_1_1010' title='bbox 1154 5302 1340 5353; x_wconf 84' lang='lat' dir='ltr'><strong>diebus</strong></span> <span class='ocrx_word' id='word_1_1011' title='bbox 1371 5299 1676 5363; x_wconf 55' lang='lat' dir='ltr'><strong>perhibetur</strong></span> <span class='ocrx_word' id='word_1_1012' title='bbox 1708 5297 1791 5350; x_wconf 87' lang='lat' dir='ltr'><strong>hic</strong></span> <span class='ocrx_word' id='word_1_1013' title='bbox 1813 5299 2042 5348; x_wconf 87' lang='lat' dir='ltr'><strong>mundus</strong></span> 
     </span>
    </p>
   </div>
   <div class='ocr_carea' id='block_1_131' title="bbox 478 5369 2043 5438">
    <p class='ocr_par' dir='ltr' id='par_1_131' title="bbox 478 5369 2043 5438">
     <span class='ocr_line' id='line_1_131' title="bbox 478 5369 2043 5438; baseline -0.004 -15"><span class='ocrx_word' id='word_1_1014' title='bbox 478 5376 738 5435; x_wconf 80' lang='lat' dir='ltr'><strong>perlectus</strong></span> <span class='ocrx_word' id='word_1_1015' title='bbox 787 5390 818 5427; x_wconf 88' lang='lat' dir='ltr'><strong>a</strong></span> <span class='ocrx_word' id='word_1_1016' title='bbox 869 5375 975 5427; x_wconf 85' lang='lat' dir='ltr'><strong>Deo</strong></span> <span class='ocrx_word' id='word_1_1017' title='bbox 1023 5388 1143 5426; x_wconf 74' lang='lat' dir='ltr'><strong>cum</strong></span> <span class='ocrx_word' id='word_1_1018' title='bbox 1192 5371 1441 5423; x_wconf 79' lang='lat' dir='ltr'><strong>omnibus</strong></span> <span class='ocrx_word' id='word_1_1019' title='bbox 1470 5383 1588 5438; x_wconf 72' lang='lat' dir='ltr'><strong>qua:</strong></span> <span class='ocrx_word' id='word_1_1020' title='bbox 1618 5369 1670 5421; x_wconf 92' lang='lat' dir='ltr'><strong>in</strong></span> <span class='ocrx_word' id='word_1_1021' title='bbox 1701 5382 1766 5420; x_wconf 88' lang='lat' dir='ltr'><strong>eo</strong></span> <span class='ocrx_word' id='word_1_1022' title='bbox 1797 5375 1956 5438; x_wconf 84' lang='lat' dir='ltr'><strong>sunt;</strong></span> <span class='ocrx_word' id='word_1_1023' title='bbox 1989 5375 2043 5419; x_wconf 91' lang='lat' dir='ltr'><strong>et</strong></span> 
     </span>
    </p>
   </div>
   <div class='ocr_carea' id='block_1_132' title="bbox 479 5437 2039 5514">
    <p class='ocr_par' dir='ltr' id='par_1_132' title="bbox 479 5437 2039 5514">
     <span class='ocr_line' id='line_1_132' title="bbox 479 5437 2039 5514; baseline -0.004 -23"><span class='ocrx_word' id='word_1_1024' title='bbox 479 5444 529 5492; x_wconf 78' lang='lat' dir='ltr'><strong>in</strong></span> <span class='ocrx_word' id='word_1_1025' title='bbox 559 5446 781 5511; x_wconf 76' lang='lat' dir='ltr'><strong>septima</strong></span> <span class='ocrx_word' id='word_1_1026' title='bbox 822 5444 1151 5514; x_wconf 86' lang='lat' dir='ltr'><strong>requievisse</strong></span> <span class='ocrx_word' id='word_1_1027' title='bbox 1181 5439 1345 5514; x_wconf 83' lang='lat' dir='ltr'><strong>Deum</strong></span> <span class='ocrx_word' id='word_1_1028' title='bbox 1377 5439 1444 5514; x_wconf 79' lang='lat' dir='ltr'><strong>ab</strong></span> <span class='ocrx_word' id='word_1_1029' title='bbox 1467 5437 1628 5514; x_wconf 82' lang='lat' dir='ltr'><strong>opere</strong></span> <span class='ocrx_word' id='word_1_1030' title='bbox 1653 5452 1750 5514; x_wconf 80' lang='lat' dir='ltr'><strong>suo</strong></span> <span class='ocrx_word' id='word_1_1031' title='bbox 1782 5437 2039 5514; x_wconf 64' lang='lat' dir='ltr'><strong>praedica-</strong></span> 
     </span>
    </p>
   </div>
   <div class='ocr_carea' id='block_1_133' title="bbox 478 5507 2046 5584">
    <p class='ocr_par' dir='ltr' id='par_1_133' title="bbox 478 5507 2046 5584">
     <span class='ocr_line' id='line_1_133' title="bbox 478 5507 2046 5584; baseline -0.002 -22"><span class='ocrx_word' id='word_1_1032' title='bbox 478 5523 595 5578; x_wconf 84' lang='lat' dir='ltr'><strong>tur;</strong></span> <span class='ocrx_word' id='word_1_1033' title='bbox 620 5507 675 5567; x_wconf 81' lang='lat' dir='ltr'><strong>id</strong></span> <span class='ocrx_word' id='word_1_1034' title='bbox 705 5525 810 5581; x_wconf 85' lang='lat' dir='ltr'><strong>est,</strong></span> <span class='ocrx_word' id='word_1_1035' title='bbox 840 5507 1076 5584; x_wconf 63' lang='lat' dir='ltr'><strong>per-tecto</strong></span> <span class='ocrx_word' id='word_1_1036' title='bbox 1105 5511 1253 5566; x_wconf 82' lang='lat' dir='ltr'><strong>orbis</strong></span> <span class='ocrx_word' id='word_1_1037' title='bbox 1280 5509 1565 5574; x_wconf 85' lang='lat' dir='ltr'><strong>curriculo,</strong></span> <span class='ocrx_word' id='word_1_1038' title='bbox 1592 5508 1877 5575; x_wconf 78' lang='lat' dir='ltr'><strong>requiescit</strong></span> <span class='ocrx_word' id='word_1_1039' title='bbox 1908 5507 2046 5560; x_wconf 85' lang='lat' dir='ltr'><strong>Deus</strong></span> 
     </span>
    </p>
   </div>
   <div class='ocr_carea' id='block_1_134' title="bbox 551 5622 1800 5689">
    <p class='ocr_par' dir='ltr' id='par_1_134' title="bbox 551 5622 1800 5689">
     <span class='ocr_line' id='line_1_134' title="bbox 551 5622 1800 5689; baseline -0.004 -10"><span class='ocrx_word' id='word_1_1040' title='bbox 551 5627 578 5656; x_wconf 63' lang='grc'><strong>³</strong></span> <span class='ocrx_word' id='word_1_1041' title='bbox 621 5627 813 5680; x_wconf 67' lang='lat' dir='ltr'><strong>Recole</strong></span> <span class='ocrx_word' id='word_1_1042' title='bbox 844 5629 986 5682; x_wconf 66' lang='lat' dir='ltr'><strong>dii-ta</strong></span> <span class='ocrx_word' id='word_1_1043' title='bbox 1020 5645 1045 5681; x_wconf 88' lang='lat' dir='ltr'><strong>a</strong></span> <span class='ocrx_word' id='word_1_1044' title='bbox 1081 5627 1229 5680; x_wconf 69' lang='lat' dir='ltr'><strong>nobis</strong></span> <span class='ocrx_word' id='word_1_1045' title='bbox 1260 5623 1309 5676; x_wconf 82' lang='lat' dir='ltr'><strong>iu</strong></span> <span class='ocrx_word' id='word_1_1046' title='bbox 1345 5623 1538 5689; x_wconf 66' lang='lat' dir='ltr'><strong>prazvio</strong></span> <span class='ocrx_word' id='word_1_1047' title='bbox 1573 5622 1800 5675; x_wconf 85' lang='lat' dir='ltr'><strong>monito.</strong></span> 
     </span>
    </p>
   </div>
   <div class='ocr_carea' id='block_1_135' title="bbox 552 5696 1831 5759">
    <p class='ocr_par' dir='ltr' id='par_1_135' title="bbox 552 5696 1831 5759">
     <span class='ocr_line' id='line_1_135' title="bbox 552 5696 1831 5759; baseline -0.003 -10"><span class='ocrx_word' id='word_1_1048' title='bbox 552 5696 574 5732; x_wconf 68' lang='grc' dir='ltr'><strong><em>ι’</em></strong></span> <span class='ocrx_word' id='word_1_1049' title='bbox 617 5697 670 5749; x_wconf 79' lang='lat' dir='ltr'><strong>id</strong></span> <span class='ocrx_word' id='word_1_1050' title='bbox 701 5709 796 5759; x_wconf 69' lang='lat' dir='ltr'><strong>cst,</strong></span> <span class='ocrx_word' id='word_1_1051' title='bbox 829 5701 960 5751; x_wconf 85' lang='lat' dir='ltr'><strong>ultra</strong></span> <span class='ocrx_word' id='word_1_1052' title='bbox 995 5708 1201 5752; x_wconf 75' lang='lat' dir='ltr'><strong>sextum</strong></span> <span class='ocrx_word' id='word_1_1053' title='bbox 1230 5696 1517 5746; x_wconf 82' lang='lat' dir='ltr'><strong>milliarum</strong></span> <span class='ocrx_word' id='word_1_1054' title='bbox 1546 5705 1831 5745; x_wconf 85' lang='lat' dir='ltr'><strong>annorum.</strong></span> 
     </span>
    </p>
   </div>
   <div class='ocr_carea' id='block_1_136' title="bbox 551 5757 2042 5836">
    <p class='ocr_par' dir='ltr' id='par_1_136' title="bbox 551 5757 2042 5836">
     <span class='ocr_line' id='line_1_136' title="bbox 551 5757 2042 5836; baseline -0.002 -17"><span class='ocrx_word' id='word_1_1055' title='bbox 551 5776 572 5804; x_wconf 76' lang='grc' dir='ltr'>ε</span> <span class='ocrx_word' id='word_1_1056' title='bbox 618 5773 655 5820; x_wconf 76' lang='grc' dir='ltr'><strong>Λ</strong></span> <span class='ocrx_word' id='word_1_1057' title='bbox 687 5757 894 5831; x_wconf 75' lang='lat' dir='ltr'><strong>Malala,</strong></span> <span class='ocrx_word' id='word_1_1058' title='bbox 930 5783 982 5836; x_wconf 88' lang='lat' dir='ltr'><strong>p.</strong></span> <span class='ocrx_word' id='word_1_1059' title='bbox 1012 5768 1130 5828; x_wconf 80' lang='lat'><strong>109,</strong></span> <span class='ocrx_word' id='word_1_1060' title='bbox 1169 5765 1368 5819; x_wconf 73' lang='lat' dir='ltr'><strong>dicitur</strong></span> <span class='ocrx_word' id='word_1_1061' title='bbox 1398 5763 1586 5818; x_wconf 84' lang='lat' dir='ltr'><strong>Lucius</strong></span> <span class='ocrx_word' id='word_1_1062' title='bbox 1616 5761 1772 5816; x_wconf 81' lang='lat' dir='ltr'><strong>Otho.</strong></span> <span class='ocrx_word' id='word_1_1063' title='bbox 1830 5757 2042 5820; x_wconf 69' lang='grc' dir='ltr'><strong>υἱιουί-</strong></span> 
     </span>
    </p>
   </div>
   <div class='ocr_carea' id='block_1_137' title="bbox 482 5838 1246 5908">
    <p class='ocr_par' dir='ltr' id='par_1_137' title="bbox 482 5838 1246 5908">
     <span class='ocr_line' id='line_1_137' title="bbox 482 5838 1246 5908; baseline -0.01 -14"><span class='ocrx_word' id='word_1_1064' title='bbox 482 5854 580 5905; x_wconf 72' lang='lat' dir='ltr'><strong>(pte</strong></span> <span class='ocrx_word' id='word_1_1065' title='bbox 613 5839 862 5893; x_wconf 77' lang='lat' dir='ltr'><strong>mendose</strong></span> <span class='ocrx_word' id='word_1_1066' title='bbox 893 5854 986 5908; x_wconf 85' lang='lat' dir='ltr'><strong>pro</strong></span> <span class='ocrx_word' id='word_1_1067' title='bbox 1021 5838 1246 5892; x_wconf 68' lang='lat' dir='ltr'><strong>Saleius.</strong></span> 
     </span>
    </p>
   </div>
   <div class='ocr_carea' id='block_1_138' title="bbox 2225 4593 3695 4666">
    <p class='ocr_par' dir='ltr' id='par_1_138' title="bbox 2225 4593 3695 4666">
     <span class='ocr_line' id='line_1_138' title="bbox 2225 4593 3695 4666; baseline -0.001 -18"><span class='ocrx_word' id='word_1_1068' title='bbox 2225 4597 2472 4650; x_wconf 83' lang='lat' dir='ltr'><strong>&#39;l‘iherius</strong></span> <span class='ocrx_word' id='word_1_1069' title='bbox 2503 4597 2737 4666; x_wconf 85' lang='lat' dir='ltr'><strong>regnavit</strong></span> <span class='ocrx_word' id='word_1_1070' title='bbox 2767 4613 2868 4646; x_wconf 85' lang='lat' dir='ltr'><strong>anu</strong></span> <span class='ocrx_word' id='word_1_1071' title='bbox 2906 4610 2932 4648; x_wconf 91' lang='lat' dir='ltr'><strong>s</strong></span> <span class='ocrx_word' id='word_1_1072' title='bbox 2960 4610 3062 4647; x_wconf 78' lang='lat' dir='ltr'><strong>xxst</strong></span> <span class='ocrx_word' id='word_1_1073' title='bbox 3095 4605 3147 4648; x_wconf 88' lang='lat' dir='ltr'><strong>et</strong></span> <span class='ocrx_word' id='word_1_1074' title='bbox 3169 4593 3481 4666; x_wconf 34' lang='lat' dir='ltr'><strong>dimidium:</strong></span> <span class='ocrx_word' id='word_1_1075' title='bbox 3516 4593 3616 4649; x_wconf 88' lang='lat' dir='ltr'><strong>Sed</strong></span> <span class='ocrx_word' id='word_1_1076' title='bbox 3647 4593 3695 4647; x_wconf 92' lang='lat' dir='ltr'><strong>iu</strong></span> 
     </span>
    </p>
   </div>
   <div class='ocr_carea' id='block_1_139' title="bbox 2153 4665 3699 4733">
    <p class='ocr_par' dir='ltr' id='par_1_139' title="bbox 2153 4665 3699 4733">
     <span class='ocr_line' id='line_1_139' title="bbox 2153 4665 3699 4733; baseline 0 -17"><span class='ocrx_word' id='word_1_1077' title='bbox 2153 4670 2336 4732; x_wconf 83' lang='lat' dir='ltr'><strong>quinto</strong></span> <span class='ocrx_word' id='word_1_1078' title='bbox 2380 4665 2586 4720; x_wconf 87' lang='lat' dir='ltr'><strong>decimo</strong></span> <span class='ocrx_word' id='word_1_1079' title='bbox 2648 4667 2790 4733; x_wconf 63' lang='lat' dir='ltr'><strong>regni</strong></span> <span class='ocrx_word' id='word_1_1080' title='bbox 2840 4667 2952 4732; x_wconf 75' lang='lat' dir='ltr'><strong>ejus</strong></span> <span class='ocrx_word' id='word_1_1081' title='bbox 3001 4666 3292 4732; x_wconf 71' lang='lat' dir='ltr'><strong>baptizatus</strong></span> <span class='ocrx_word' id='word_1_1082' title='bbox 3341 4675 3419 4718; x_wconf 83' lang='lat' dir='ltr'><strong>est</strong></span> <span class='ocrx_word' id='word_1_1083' title='bbox 3458 4665 3699 4718; x_wconf 75' lang='lat' dir='ltr'><strong>Dominus</strong></span> 
     </span>
    </p>
   </div>
   <div class='ocr_carea' id='block_1_140' title="bbox 2151 4734 3702 4802">
    <p class='ocr_par' dir='ltr' id='par_1_140' title="bbox 2151 4734 3702 4802">
     <span class='ocr_line' id='line_1_140' title="bbox 2151 4734 3702 4802; baseline -0.001 -13"><span class='ocrx_word' id='word_1_1084' title='bbox 2151 4737 2306 4789; x_wconf 73' lang='lat' dir='ltr'><strong>Jcsus</strong></span> <span class='ocrx_word' id='word_1_1085' title='bbox 2334 4737 2384 4788; x_wconf 92' lang='lat' dir='ltr'><strong>in</strong></span> <span class='ocrx_word' id='word_1_1086' title='bbox 2413 4737 2645 4790; x_wconf 74' lang='lat' dir='ltr'><strong>Jordatze</strong></span> <span class='ocrx_word' id='word_1_1087' title='bbox 2672 4736 2888 4789; x_wconf 83' lang='lat' dir='ltr'><strong>ﬂumine</strong></span> <span class='ocrx_word' id='word_1_1088' title='bbox 2919 4751 2946 4786; x_wconf 90' lang='lat' dir='ltr'><strong>a</strong></span> <span class='ocrx_word' id='word_1_1089' title='bbox 2978 4734 3218 4790; x_wconf 60' lang='lat' dir='ltr'><strong>Jultanne</strong></span> <span class='ocrx_word' id='word_1_1090' title='bbox 3251 4748 3590 4802; x_wconf 72' lang='lat' dir='ltr'><strong>pra-cursore.</strong></span> <span class='ocrx_word' id='word_1_1091' title='bbox 3641 4737 3702 4787; x_wconf 67' lang='lat' dir='ltr'><strong>lit</strong></span> 
     </span>
    </p>
   </div>
   <div class='ocr_carea' id='block_1_141' title="bbox 2153 4803 3702 4876">
    <p class='ocr_par' dir='ltr' id='par_1_141' title="bbox 2153 4803 3702 4876">
     <span class='ocr_line' id='line_1_141' title="bbox 2153 4803 3702 4876; baseline -0.001 -19"><span class='ocrx_word' id='word_1_1092' title='bbox 2153 4805 2200 4857; x_wconf 91' lang='lat' dir='ltr'><strong>in</strong></span> <span class='ocrx_word' id='word_1_1093' title='bbox 2229 4822 2356 4859; x_wconf 82' lang='lat' dir='ltr'><strong>xvut</strong></span> <span class='ocrx_word' id='word_1_1094' title='bbox 2388 4823 2526 4859; x_wconf 88' lang='lat' dir='ltr'><strong>anno</strong></span> <span class='ocrx_word' id='word_1_1095' title='bbox 2566 4809 2710 4876; x_wconf 81' lang='lat' dir='ltr'><strong>regni</strong></span> <span class='ocrx_word' id='word_1_1096' title='bbox 2738 4806 2902 4872; x_wconf 74' lang='lat' dir='ltr'><strong>ipsius</strong></span> <span class='ocrx_word' id='word_1_1097' title='bbox 2933 4804 3124 4857; x_wconf 84' lang='lat' dir='ltr'><strong>&#39;l‘iberii</strong></span> <span class='ocrx_word' id='word_1_1098' title='bbox 3173 4803 3394 4858; x_wconf 76' lang='lat' dir='ltr'><strong>Ctesaris</strong></span> <span class='ocrx_word' id='word_1_1099' title='bbox 3423 4818 3599 4876; x_wconf 84' lang='lat' dir='ltr'><strong>passus</strong></span> <span class='ocrx_word' id='word_1_1100' title='bbox 3625 4815 3702 4856; x_wconf 86' lang='lat' dir='ltr'><strong>est</strong></span> 
     </span>
    </p>
   </div>
   <div class='ocr_carea' id='block_1_142' title="bbox 2154 4875 3702 4941">
    <p class='ocr_par' dir='ltr' id='par_1_142' title="bbox 2154 4875 3702 4941">
     <span class='ocr_line' id='line_1_142' title="bbox 2154 4875 3702 4941; baseline -0.003 -13"><span class='ocrx_word' id='word_1_1101' title='bbox 2154 4876 2291 4928; x_wconf 83' lang='lat' dir='ltr'><strong>idem</strong></span> <span class='ocrx_word' id='word_1_1102' title='bbox 2323 4877 2575 4930; x_wconf 87' lang='lat' dir='ltr'><strong>Dominus</strong></span> <span class='ocrx_word' id='word_1_1103' title='bbox 2606 4875 2784 4929; x_wconf 86' lang='lat' dir='ltr'><strong>noster</strong></span> <span class='ocrx_word' id='word_1_1104' title='bbox 2803 4875 2957 4929; x_wconf 85' lang='lat' dir='ltr'><strong>Jesus</strong></span> <span class='ocrx_word' id='word_1_1105' title='bbox 2981 4875 3256 4941; x_wconf 85' lang='lat' dir='ltr'><strong>Christus;</strong></span> <span class='ocrx_word' id='word_1_1106' title='bbox 3280 4886 3331 4928; x_wconf 86' lang='lat' dir='ltr'><strong>et</strong></span> <span class='ocrx_word' id='word_1_1107' title='bbox 3358 4875 3533 4937; x_wconf 85' lang='lat' dir='ltr'><strong>pandit</strong></span> <span class='ocrx_word' id='word_1_1108' title='bbox 3556 4876 3702 4925; x_wconf 84' lang='lat' dir='ltr'><strong>nobis</strong></span> 
     </span>
    </p>
   </div>
   <div class='ocr_carea' id='block_1_143' title="bbox 2153 4944 3702 5015">
    <p class='ocr_par' dir='ltr' id='par_1_143' title="bbox 2153 4944 3702 5015">
     <span class='ocr_line' id='line_1_143' title="bbox 2153 4944 3702 5015; baseline -0.001 -17"><span class='ocrx_word' id='word_1_1109' title='bbox 2153 4948 2385 5000; x_wconf 83' lang='lat' dir='ltr'><strong>salutare</strong></span> <span class='ocrx_word' id='word_1_1110' title='bbox 2434 4955 2487 5000; x_wconf 92' lang='lat' dir='ltr'><strong>et</strong></span> <span class='ocrx_word' id='word_1_1111' title='bbox 2535 4949 2820 5008; x_wconf 76' lang='lat' dir='ltr'><strong>pretiowm</strong></span> <span class='ocrx_word' id='word_1_1112' title='bbox 2873 4949 3067 5015; x_wconf 82' lang='lat' dir='ltr'><strong>tignum</strong></span> <span class='ocrx_word' id='word_1_1113' title='bbox 3112 4960 3321 5008; x_wconf 84' lang='lat' dir='ltr'><strong>crucis,</strong></span> <span class='ocrx_word' id='word_1_1114' title='bbox 3366 4944 3417 4997; x_wconf 91' lang='lat' dir='ltr'><strong>in</strong></span> <span class='ocrx_word' id='word_1_1115' title='bbox 3460 4961 3561 5011; x_wconf 89' lang='lat' dir='ltr'><strong>quo</strong></span> <span class='ocrx_word' id='word_1_1116' title='bbox 3603 4944 3702 4996; x_wconf 87' lang='lat' dir='ltr'><strong>sibi</strong></span> 
     </span>
    </p>
   </div>
   <div class='ocr_carea' id='block_1_144' title="bbox 2149 5015 3703 5085">
    <p class='ocr_par' dir='ltr' id='par_1_144' title="bbox 2149 5015 3703 5085">
     <span class='ocr_line' id='line_1_144' title="bbox 2149 5015 3703 5085; baseline 0 -18"><span class='ocrx_word' id='word_1_1117' title='bbox 2149 5015 2425 5083; x_wconf 75' lang='lat' dir='ltr'><strong>conjunxit</strong></span> <span class='ocrx_word' id='word_1_1118' title='bbox 2476 5017 2772 5071; x_wconf 81' lang='lat' dir='ltr'><strong>Ecclesiam</strong></span> <span class='ocrx_word' id='word_1_1119' title='bbox 2825 5031 2926 5085; x_wconf 83' lang='lat' dir='ltr'><strong>per</strong></span> <span class='ocrx_word' id='word_1_1120' title='bbox 2961 5019 3271 5083; x_wconf 71' lang='lat' dir='ltr'><strong>Sanguinem</strong></span> <span class='ocrx_word' id='word_1_1121' title='bbox 3317 5026 3370 5070; x_wconf 90' lang='lat' dir='ltr'><strong>et</strong></span> <span class='ocrx_word' id='word_1_1122' title='bbox 3409 5027 3596 5083; x_wconf 85' lang='lat' dir='ltr'><strong>aquam</strong></span> <span class='ocrx_word' id='word_1_1123' title='bbox 3638 5027 3703 5067; x_wconf 74' lang='lat' dir='ltr'><strong>ex</strong></span> 
     </span>
    </p>
   </div>
   <div class='ocr_carea' id='block_1_145' title="bbox 2151 5084 3356 5153">
    <p class='ocr_par' dir='ltr' id='par_1_145' title="bbox 2151 5084 3356 5153">
     <span class='ocr_line' id='line_1_145' title="bbox 2151 5084 3356 5153; baseline -0.001 -15"><span class='ocrx_word' id='word_1_1124' title='bbox 2151 5088 2366 5153; x_wconf 87' lang='lat' dir='ltr'><strong>proprio</strong></span> <span class='ocrx_word' id='word_1_1125' title='bbox 2391 5086 2574 5140; x_wconf 87' lang='lat' dir='ltr'><strong>latere.</strong></span> <span class='ocrx_word' id='word_1_1126' title='bbox 2605 5087 2728 5140; x_wconf 78' lang='lat' dir='ltr'><strong>Post</strong></span> <span class='ocrx_word' id='word_1_1127' title='bbox 2755 5084 3026 5139; x_wconf 84' lang='lat' dir='ltr'><strong>Tiberium</strong></span> <span class='ocrx_word' id='word_1_1128' title='bbox 3057 5101 3204 5152; x_wconf 86' lang='lat' dir='ltr'><strong>vero,</strong></span> <span class='ocrx_word' id='word_1_1129' title='bbox 3347 5111 3356 5120; x_wconf 88' lang='lat'><strong>-</strong></span> 
     </span>
    </p>
   </div>
   <div class='ocr_carea' id='block_1_146' title="bbox 2219 5157 3379 5224">
    <p class='ocr_par' dir='ltr' id='par_1_146' title="bbox 2219 5157 3379 5224">
     <span class='ocr_line' id='line_1_146' title="bbox 2219 5157 3379 5224; baseline 0.002 -19"><span class='ocrx_word' id='word_1_1130' title='bbox 2219 5158 2381 5209; x_wconf 71' lang='lat' dir='ltr'><strong>Caius</strong></span> <span class='ocrx_word' id='word_1_1131' title='bbox 2412 5157 2651 5224; x_wconf 81' lang='lat' dir='ltr'><strong>regnavit</strong></span> <span class='ocrx_word' id='word_1_1132' title='bbox 2672 5171 2837 5208; x_wconf 86' lang='lat' dir='ltr'><strong>annos</strong></span> <span class='ocrx_word' id='word_1_1133' title='bbox 2867 5170 2942 5209; x_wconf 89' lang='lat' dir='ltr'><strong>tttt</strong></span> <span class='ocrx_word' id='word_1_1134' title='bbox 2973 5164 3026 5209; x_wconf 89' lang='lat' dir='ltr'><strong>et</strong></span> <span class='ocrx_word' id='word_1_1135' title='bbox 3053 5171 3260 5210; x_wconf 90' lang='lat' dir='ltr'><strong>menses</strong></span> <span class='ocrx_word' id='word_1_1136' title='bbox 3287 5169 3379 5207; x_wconf 82' lang='lat' dir='ltr'><strong>vn.</strong></span> 
     </span>
    </p>
   </div>
   <div class='ocr_carea' id='block_1_147' title="bbox 2219 5224 3554 5296">
    <p class='ocr_par' dir='ltr' id='par_1_147' title="bbox 2219 5224 3554 5296">
     <span class='ocr_line' id='line_1_147' title="bbox 2219 5224 3554 5296; baseline -0.004 -16"><span class='ocrx_word' id='word_1_1137' title='bbox 2219 5224 2472 5280; x_wconf 81' lang='lat' dir='ltr'><strong>Claudius</strong></span> <span class='ocrx_word' id='word_1_1138' title='bbox 2495 5226 2737 5296; x_wconf 83' lang='lat' dir='ltr'><strong>regnavit</strong></span> <span class='ocrx_word' id='word_1_1139' title='bbox 2765 5239 2937 5278; x_wconf 88' lang='lat' dir='ltr'><strong>annos</strong></span> <span class='ocrx_word' id='word_1_1140' title='bbox 2963 5240 3074 5279; x_wconf 84' lang='lat' dir='ltr'><strong>xutt</strong></span> <span class='ocrx_word' id='word_1_1141' title='bbox 3106 5234 3161 5278; x_wconf 87' lang='lat' dir='ltr'><strong>et</strong></span> <span class='ocrx_word' id='word_1_1142' title='bbox 3185 5241 3393 5279; x_wconf 80' lang='lat' dir='ltr'><strong>nienses</strong></span> <span class='ocrx_word' id='word_1_1143' title='bbox 3421 5237 3554 5278; x_wconf 78' lang='lat' dir='ltr'><strong>vim.</strong></span> 
     </span>
    </p>
   </div>
   <div class='ocr_carea' id='block_1_148' title="bbox 2220 5296 3335 5363">
    <p class='ocr_par' dir='ltr' id='par_1_148' title="bbox 2220 5296 3335 5363">
     <span class='ocr_line' id='line_1_148' title="bbox 2220 5296 3335 5363; baseline 0.002 -16"><span class='ocrx_word' id='word_1_1144' title='bbox 2220 5296 2358 5350; x_wconf 67' lang='lat' dir='ltr'><strong>Nero</strong></span> <span class='ocrx_word' id='word_1_1145' title='bbox 2389 5300 2627 5363; x_wconf 77' lang='lat' dir='ltr'><strong>regnavit</strong></span> <span class='ocrx_word' id='word_1_1146' title='bbox 2657 5296 2808 5349; x_wconf 86' lang='lat' dir='ltr'><strong>annis</strong></span> <span class='ocrx_word' id='word_1_1147' title='bbox 2839 5310 2930 5348; x_wconf 86' lang='lat' dir='ltr'><strong>xm</strong></span> <span class='ocrx_word' id='word_1_1148' title='bbox 2957 5305 3012 5350; x_wconf 90' lang='lat' dir='ltr'><strong>et</strong></span> <span class='ocrx_word' id='word_1_1149' title='bbox 3039 5310 3250 5350; x_wconf 87' lang='lat' dir='ltr'><strong>menses</strong></span> <span class='ocrx_word' id='word_1_1150' title='bbox 3281 5310 3335 5349; x_wconf 88' lang='grc' dir='ltr'><strong><em>ιι.</em></strong></span> 
     </span>
    </p>
   </div>
   <div class='ocr_carea' id='block_1_149' title="bbox 2220 5364 3296 5435">
    <p class='ocr_par' dir='ltr' id='par_1_149' title="bbox 2220 5364 3296 5435">
     <span class='ocr_line' id='line_1_149' title="bbox 2220 5364 3296 5435; baseline 0 -15"><span class='ocrx_word' id='word_1_1151' title='bbox 2220 5367 2383 5420; x_wconf 79' lang='lat' dir='ltr'><strong>Galba</strong></span> <span class='ocrx_word' id='word_1_1152' title='bbox 2415 5364 2650 5435; x_wconf 79' lang='lat' dir='ltr'><strong>regnavit</strong></span> <span class='ocrx_word' id='word_1_1153' title='bbox 2677 5380 2818 5418; x_wconf 88' lang='lat' dir='ltr'><strong>anno</strong></span> <span class='ocrx_word' id='word_1_1154' title='bbox 2847 5381 2860 5418; x_wconf 93' lang='grc' dir='ltr'><strong>ι</strong></span> <span class='ocrx_word' id='word_1_1155' title='bbox 2887 5377 2940 5418; x_wconf 90' lang='lat' dir='ltr'><strong>et</strong></span> <span class='ocrx_word' id='word_1_1156' title='bbox 2969 5379 3176 5420; x_wconf 82' lang='lat' dir='ltr'><strong>nienses</strong></span> <span class='ocrx_word' id='word_1_1157' title='bbox 3205 5381 3296 5420; x_wconf 90' lang='lat' dir='ltr'><strong>vn.</strong></span> 
     </span>
    </p>
   </div>
   <div class='ocr_carea' id='block_1_150' title="bbox 2225 5435 3075 5504">
    <p class='ocr_par' dir='ltr' id='par_1_150' title="bbox 2225 5435 3075 5504">
     <span class='ocr_line' id='line_1_150' title="bbox 2225 5435 3075 5504; baseline 0 -16"><span class='ocrx_word' id='word_1_1158' title='bbox 2225 5448 2244 5471; x_wconf 74' lang='grc' dir='ltr'><strong><em>ι·</em></strong></span> <span class='ocrx_word' id='word_1_1159' title='bbox 2277 5435 2466 5488; x_wconf 89' lang='lat' dir='ltr'><strong>Lucios</strong></span> <span class='ocrx_word' id='word_1_1160' title='bbox 2502 5436 2734 5504; x_wconf 84' lang='lat' dir='ltr'><strong>regnavit</strong></span> <span class='ocrx_word' id='word_1_1161' title='bbox 2760 5450 2969 5489; x_wconf 89' lang='lat' dir='ltr'><strong>menses</strong></span> <span class='ocrx_word' id='word_1_1162' title='bbox 2999 5450 3075 5488; x_wconf 85' lang='grc' dir='ltr'><strong><em>ιιι.</em></strong></span> 
     </span>
    </p>
   </div>
   <div class='ocr_carea' id='block_1_151' title="bbox 2226 5503 3708 5576">
    <p class='ocr_par' dir='ltr' id='par_1_151' title="bbox 2226 5503 3708 5576">
     <span class='ocr_line' id='line_1_151' title="bbox 2226 5503 3708 5576; baseline 0.001 -17"><span class='ocrx_word' id='word_1_1163' title='bbox 2226 5504 2463 5560; x_wconf 57' lang='lat' dir='ltr'><strong>Vitellius</strong></span> <span class='ocrx_word' id='word_1_1164' title='bbox 2477 5503 2741 5576; x_wconf 57' lang='lat' dir='ltr'><strong>regnavit“</strong></span> <span class='ocrx_word' id='word_1_1165' title='bbox 2758 5520 2924 5560; x_wconf 83' lang='lat' dir='ltr'><strong>annos</strong></span> <span class='ocrx_word' id='word_1_1166' title='bbox 2940 5519 3046 5559; x_wconf 81' lang='lat' dir='ltr'><strong>vnn</strong></span> <span class='ocrx_word' id='word_1_1167' title='bbox 3061 5516 3112 5560; x_wconf 90' lang='lat' dir='ltr'><strong>et</strong></span> <span class='ocrx_word' id='word_1_1168' title='bbox 3129 5519 3333 5560; x_wconf 84' lang='lat' dir='ltr'><strong>menses</strong></span> <span class='ocrx_word' id='word_1_1169' title='bbox 3346 5519 3438 5561; x_wconf 79' lang='grc' dir='ltr'><strong><em>νιιι</em></strong></span> <span class='ocrx_word' id='word_1_1170' title='bbox 3453 5514 3505 5559; x_wconf 87' lang='lat' dir='ltr'><strong>et</strong></span> <span class='ocrx_word' id='word_1_1171' title='bbox 3526 5503 3708 5561; x_wconf 86' lang='lat' dir='ltr'><strong>semis.</strong></span> 
     </span>
    </p>
   </div>
   <div class='ocr_carea' id='block_1_152' title="bbox 2223 5613 3710 5674">
    <p class='ocr_par' dir='ltr' id='par_1_152' title="bbox 2223 5613 3710 5674">
     <span class='ocr_line' id='line_1_152' title="bbox 2223 5613 3710 5674; baseline -0.007 1"><span class='ocrx_word' id='word_1_1172' title='bbox 2223 5620 2245 5656; x_wconf 76' lang='grc' dir='ltr'><strong><em>ι¹</em></strong></span> <span class='ocrx_word' id='word_1_1173' title='bbox 2291 5619 2553 5674; x_wconf 85' lang='lat' dir='ltr'><strong>Grandem</strong></span> <span class='ocrx_word' id='word_1_1174' title='bbox 2587 5617 2727 5672; x_wconf 88' lang='lat' dir='ltr'><strong>hunc</strong></span> <span class='ocrx_word' id='word_1_1175' title='bbox 2756 5633 2990 5671; x_wconf 86' lang='lat' dir='ltr'><strong>errorem</strong></span> <span class='ocrx_word' id='word_1_1176' title='bbox 3033 5617 3194 5670; x_wconf 85' lang='lat' dir='ltr'><strong>sumit</strong></span> <span class='ocrx_word' id='word_1_1177' title='bbox 3241 5624 3421 5670; x_wconf 86' lang='lat' dir='ltr'><strong>noster</strong></span> <span class='ocrx_word' id='word_1_1178' title='bbox 3462 5614 3527 5666; x_wconf 87' lang='lat' dir='ltr'><strong>ab</strong></span> <span class='ocrx_word' id='word_1_1179' title='bbox 3550 5613 3710 5666; x_wconf 59' lang='lat' dir='ltr'><strong>histo-i</strong></span> 
     </span>
    </p>
   </div>
   <div class='ocr_carea' id='block_1_153' title="bbox 2154 5685 3710 5770">
    <p class='ocr_par' dir='ltr' id='par_1_153' title="bbox 2154 5685 3710 5770">
     <span class='ocr_line' id='line_1_153' title="bbox 2154 5685 3710 5770; baseline -0.004 -25"><span class='ocrx_word' id='word_1_1180' title='bbox 2154 5693 2280 5745; x_wconf 89' lang='lat' dir='ltr'><strong>ricis</strong></span> <span class='ocrx_word' id='word_1_1181' title='bbox 2305 5700 2721 5770; x_wconf 26' lang='lat' dir='ltr'><strong>quosrsequitur</strong></span> <span class='ocrx_word' id='word_1_1182' title='bbox 2772 5689 2987 5743; x_wconf 80' lang='lat' dir='ltr'><strong>lllalalas</strong></span> <span class='ocrx_word' id='word_1_1183' title='bbox 3011 5726 3026 5752; x_wconf 85' lang='lat'><strong>,</strong></span> <span class='ocrx_word' id='word_1_1184' title='bbox 3078 5702 3192 5757; x_wconf 77' lang='lat' dir='ltr'><strong>pag.</strong></span> <span class='ocrx_word' id='word_1_1185' title='bbox 3227 5689 3347 5741; x_wconf 78' lang='lat' dir='ltr'><strong>lit).</strong></span> <span class='ocrx_word' id='word_1_1186' title='bbox 3401 5686 3524 5740; x_wconf 86' lang='lat' dir='ltr'><strong>Dele</strong></span> <span class='ocrx_word' id='word_1_1187' title='bbox 3553 5685 3710 5754; x_wconf 83' lang='lat' dir='ltr'><strong>igitur</strong></span> 
     </span>
    </p>
   </div>
   <div class='ocr_carea' id='block_1_154' title="bbox 2149 5772 2794 5830">
    <p class='ocr_par' dir='ltr' id='par_1_154' title="bbox 2149 5772 2794 5830">
     <span class='ocr_line' id='line_1_154' title="bbox 2149 5772 2794 5830; baseline -0.003 -13"><span class='ocrx_word' id='word_1_1188' title='bbox 2149 5776 2335 5830; x_wconf 82' lang='lat' dir='ltr'><strong>annos,</strong></span> <span class='ocrx_word' id='word_1_1189' title='bbox 2367 5772 2534 5816; x_wconf 82' lang='lat' dir='ltr'><strong>retine</strong></span> <span class='ocrx_word' id='word_1_1190' title='bbox 2562 5773 2794 5815; x_wconf 80' lang='lat' dir='ltr'><strong>nienses.</strong></span> 
     </span>
    </p>
   </div>
  </div>
