4110 6442
601 320 734 382 1179

606 446 818 497 nubium
873 444 1047 497 Saneti
1100 443 1237 494 l'auli
1271 485 1284 507 ,

609 525 706 567 n-t.
743 515 808 566 tit
836 516 887 566 in
922 516 1030 579 ipso
1060 527 1195 564 anno
1223 506 1448 578 perrexit
1495 510 1543 562 in
1576 510 1825 572 Saxonia,
1881 514 1935 560 et
1962 506 2151 560 ibidem

605 584 867 638 hiemavit.

681 667 953 706 ncmcvut.
1002 649 1188 703 Cat-lus
1238 650 1286 699 in
1340 648 1563 700 Saxonia
1614 646 1902 705 hiemavit.
1949 654 1996 697 et
2048 654 2155 698 tuta

606 734 788 773 :t‘slate
819 721 1007 773 it-idem
1059 724 1168 781 luit,
1217 730 1266 771 et
1300 719 1529 781 hospites
1570 719 1873 779 capitaiieos
1922 715 2064 769 mille
2095 731 2156 767 nc

608 792 725 844 inde
748 792 979 852 adduxit,
1012 800 1063 843 et
1093 806 1183 851 per
1215 789 1485 841 Franciaut
1516 786 1711 839 divisit.

677 875 913 913 [κελαι.
967 862 1185 911 lioinaui
1234 874 1327 925 per
1370 857 1625 925 invidiam
1666 854 2154 925 condemnaverunt

604 946 785 996 papam
820 931 1070 991 Lemmata,
1121 930 1307 985 etiise
1359 929 1465 979 |.eo
1512 924 1652 996 venit
1696 926 1757 974 ad
1807 924 2054 976 Carolum
2104 924 2157 975 in

605 994 899 1062 Franciam,
931 1009 983 1053 et
1014 1000 1123 1064 ipse
1154 998 1381 1050 restituit
1407 1012 1523 1047 eum
1549 994 1599 1045 in
1631 996 1755 1044 sede
1785 1009 1899 1045 sua.

674 1083 821 1122 nccc.
871 1069 1055 1121 ('arlus
1100 1083 1186 1119 rex
1241 1067 1335 1117 l'uit
1383 1066 1444 1117 ad
1501 1078 1645 1116 mare
1692 1075 1741 1114 ut
1798 1064 2056 1129 pi~earet,
2104 1070 2157 1114 et

603 1139 910 1204 lculgatdis
941 1138 1116 1201 regina
1146 1136 1294 1197 obiit,
1343 1145 1396 1187 et
1424 1137 1509 1186 ille
1540 1135 1768 1204 perrexit
1814 1132 1877 1183 ad
1910 1133 2157 1204 Ruinam,

599 1219 654 1259 ιιι
685 1198 1289 1274 ιιιιῖ·ῐ1ἰυυνὶιἹὶοηιιιιιος.
1339 1216 1392 1256 et
1436 1218 1623 1271 papam
1660 1203 1915 1264 Leonem,
1965 1212 2019 1255 et
2047 1198 2156 1253 Leo

602 1277 863 1327 lunedixit
893 1292 1010 1327 cum
1040 1280 1103 1327 ad
1135 1276 1525 1341 imperatorem.

671 1361 837 1400 DCtICI.
872 1348 1052 1397 (Iarlus
1085 1339 1366 1411 imperator
1397 1360 1424 1394 a
1458 1343 1620 1395 linum
1665 1341 1875 1393 rediens
1899 1339 1961 1391 ad
1994 1339 2156 1406 Aquis

608 1416 857 1467 I'alalium
892 1410 1193 1475 revertitur,
1237 1425 1285 1466 et
1321 1415 1369 1465 in
1403 1414 1517 1480 ipso
1546 1427 1685 1463 anno
1730 1411 1967 1464 Saracini
2012 1410 2156 1462 exie-

606 1495 723 1537 Iunt
756 1486 913 1547 foras,
944 1496 994 1537 et
1018 1502 1044 1534 ει
1080 1484 1295 1535 Francis
1328 1484 1588 1534 interfecti
1620 1491 1761 1533 sunt.

673 1569 862 1607 ncccn.
895 1557 1077 1606 Carlus
1107 1555 1229 1619 imp.
1282 1554 1344 1605 ad
1392 1552 1551 1617 Aquis
1588 1552 1843 1602 Palatium
1876 1548 2158 1600 concilium

607 1625 803 1681 habuit,
838 1633 892 1675 ut
923 1625 969 1674 ei
1004 1640 1185 1675 omnes
1216 1639 1294 1686 get
1319 1624 1533 1674 eraliter
1567 1622 1869 1672 ﬁdelitatem
1893 1619 2157 1686 juraient,

601 1693 864 1753 lt.0unt:ili,
899 1695 1171 1756 Cilll0ll‘.Cl;
1205 1697 1272 1744 ita
1303 1701 1355 1743 et
1380 1693 1637 1745 fecerunt.

668 1778 874 1815 DCCCIII.

670 1847 869 1884 ncccw.
917 1830 1097 1882 Carius
1147 1835 1275 1896 imp.
1326 1845 1442 1882 cum
1476 1828 1657 1882 liberis
1695 1828 1805 1880 suis
1842 1835 1894 1880 et
1942 1826 2160 1880 Francis

599 1899 663 1952 Sa
678 1904 830 1952 xnnia
861 1900 1133 1955 ingressus
1161 1912 1261 1964 est,
1309 1908 1363 1954 et
1390 1901 1596 1967 aliquos
1622 1898 1781 1965 jussit
1828 1896 2156 1963 interﬁcere,

1026 2043 1291 2051 —————-———

616 2042 1020 2051 --Ἢν-ια*

599 2056 739 2075 ρι-

1516 321 1615 379 ΛΙ)
1658 317 2096 378 MARTYROL.
2142 315 2379 375 ΒΕῡιΈ.
2425 314 2915 374 APPENDlCliS.

1343 441 1569 507 qualiter
1606 438 1930 492 constituere
1985 436 2148 488 dehe-
2183 439 2225 494 Α
2258 443 2313 507 et
2339 435 2544 502 aliquos
2572 450 2669 507 per
2714 445 2897 507 totum
2924 450 3075 507 suum
3128 448 3351 507 regnum
3405 432 3727 499 dispergere,
3774 444 3828 486 et

3702 310 3840 374 1130

2261 504 2369 557 Lco
2407 521 2533 571 papa
2570 506 2757 555 in-rnm
2785 504 2929 554 venit
2954 504 3002 552 in
3037 502 3275 555 Francia.

2336 567 2517 627 ncccv.
2552 575 2732 625 (fartus
2775 574 2900 637 imp.
2950 572 3236 623 transmisit
3269 571 3430 623 tilium
3480 584 3627 623 suum
3657 567 3827 625 Ihm-

2265 644 2369 697 lum
2402 660 2518 697 cum
2548 645 2784 696 exercitu
2814 643 2862 695 in
2894 639 3238 695 Wenedunia.

2334 729 2535 767 ncccvt.
2567 712 2753 766 Carius
2801 715 2929 778 imp.
2977 711 3153 763 divisit
3205 725 3427 781 regnum
3480 724 3630 763 suum
3681 712 3821 763 inter

2264 783 2392 834 li'ios
2425 798 2568 836 suos.

2334 868 2556 906 eccm".
2590 851 2809 904 Karolus
2831 852 2959 914 imp.
2992 850 3242 917 placitum
3277 850 3457 902 habuit
3481 848 3818 902 adtjonfﬂem

2260 938 2380 975 cum
2415 921 2647 982 Fraucw,
2699 934 2751 975 et
2798 922 2869 975 illi
2903 921 3160 975 dederunt
3200 922 3336 974 dena
3378 936 3493 983 sua,
3541 929 3594 973 et
3620 922 3821 973 revewi

2263 1002 2385 1044 sunt
2417 992 2477 1042 ad
2515 993 2743 1058 propria.

2334 1077 2570 1114 ccccvut.
2606 1060 2933 1114 Guilel‘retlus
2973 1076 3065 1113 rex
3108 1059 3488 1112 Normanornm
3520 1074 3638 1111 cum
3669 1073 3820 1110 excr-

2262 1132 2367 1183 citu
2399 1133 2537 1182 venit
2570 1134 2621 1181 in
2654 1130 2997 1193 chedouia,
3036 1140 3089 1182 et
3126 1129 3352 1183 Carolus
3376 1130 3497 1193 imp.
3526 1130 3817 1183 transtuisit

2266 1202 2427 1251 lilium
2457 1217 2606 1251 suum
2639 1203 2875 1251 tiarulnm
2908 1212 3087 1252 contra
3116 1215 3259 1261 ευιιι,
3291 1211 3344 1251 ut
3369 1208 3642 1252 remsterct
3669 1200 3738 1260 ei,
3762 1208 3817 1250 et

2266 1274 2353 1323 ille
2385 1286 2625 1322 reversus
2654 1281 2732 1321 est
2757 1271 2807 1322 iu
2842 1279 3052 1322 terram.

2336 1355 2536 1391 ncccu.
2595 1340 2701 1390 lim:
2731 1356 2866 1390 anno
2915 1340 3007 1392 fuit
3055 1340 3322 1390 inundatio
3370 1352 3625 1404 aquarum
3673 1335 3817 1392 talis,

2264 1412 2432 1476 qualis
2460 1419 2609 1459 antra
2657 1425 2917 1474 tmnquam
2951 1410 3042 1461 fuit
3074 1409 3121 1459 in
3150 1420 3285 1460 terra
3336 1413 3432 1460 ista
3466 1410 3593 1466 visa,
3641 1416 3697 1458 et
3726 1408 3823 1455 luit

2269 1494 2295 1527 v
2332 1478 2433 1529 kal.
2467 1479 2677 1529 .lauuar.
2725 1480 3003 1531 altissima.
3055 1479 3113 1530 Et
3138 1480 3185 1529 iu
3221 1480 3315 1529 hoc
3345 1493 3480 1529 anno
3512 1479 3606 1529 fuit
3642 1478 3819 1528 eiera-

2266 1558 2372 1599 tmn
2432 1549 2728 1613 sepulcrum
2788 1549 2950 1600 sancti
3008 1551 3225 1599 Amauli
3280 1547 3507 1613 episcopi
3581 1560 3654 1599 ιιι
3711 1543 3819 1597 kal.

2265 1619 2508 1681 Octobr,
2548 1626 2600 1669 et
2648 1621 2943 1671 restitutum
2993 1617 3044 1670 in
3091 1620 3258 1669 locum
3310 1633 3461 1671 suum
3492 1634 3520 1670 ι
3568 1617 3675 1669 kal.
3724 1613 3826 1666 Νο-

2265 1689 2467 1738 vembr.

2340 1772 2521 1808 ncccx.
2557 1755 2778 1810 Carolus
2809 1757 2932 1824 imp.
2965 1772 3082 1810 cum
3112 1760 3342 1809 exercitu
3362 1756 3681 1809 Francorum
3709 1766 3825 1824 per-

2270 1829 2407 1878 rexit
2434 1827 2770 1894 itrSaxnuia,
2817 1820 2968 1880 et’ibi
3003 1828 3247 1894 placitum
3284 1828 3460 1879 habuit
3512 1828 3563 1879 iu
3606 1820 3829 1884 Feieda,

2268 1906 2322 1949 et
2351 1896 2420 1948 ibi
2452 1893 2673 1949 Weredi
2709 1907 2983 1962 venerunt,
3008 1908 3061 1951 et
3088 1897 3233 1950 dedit
3260 1897 3358 1949 illis
3391 1912 3594 1964 regem.

2452 2041 2807 2048 WW—

1115 2236 1397 2411 DE
1574 2233 2208 2415 LOCIS
2402 2227 3296 2411 SANCTIS

1883 2554 2524 2651 LIBELLUS.

804 2756 1028 2829 QUEM
1090 2755 1193 2818 DE
1253 2753 1685 2816 OPUSCULIS
1756 2747 2143 2814 MAJORUM
2197 2746 2777 2808 ABBREYIANDO
2842 2747 3055 2808 BEDA
3127 2747 3600 2812 COMPOSUIT.

1123 2926 1216 2987 (Ex
1244 2924 1466 2973 editione
1508 2924 1568 2974 D.
1599 2922 1645 2973 J.
1694 2924 1755 2975 Δ.
1793 2922 1949 2983 Giles,
2000 2924 2128 2984 Opp.
2174 2932 2289 2970 ven.
2330 2919 2496 2981 Bedae,
2542 2877 2659 2969 tom.
2712 2917 2795 2979 IV,
2849 2914 3078 2978 Londini,
3126 2914 3287 2976 1845.)

883 3251 1010 3307 CAP.
1055 3252 1190 3303 1.-
1226 3250 1296 3303 De
1336 3250 1441 3302 situ
1470 3245 1830 3301 Hierusalem.

643 3431 793 3485 Situs
847 3427 995 3483 urbis
1047 3426 1383 3481 llierusalem
1418 3439 1553 3491 pene
1590 3424 1641 3476 in
1691 3423 1876 3477 orbem
1922 3422 2159 3475 circum-

571 3536 748 3589 actus,
804 3538 910 3575 non
976 3537 1144 3591 parvo
1176 3533 1454 3573 murorum
1511 3516 1718 3569 ambitu
1747 3515 2007 3584 assurgit,
2044 3530 2156 3582 quo

572 3618 738 3672 etiam
774 3623 1011 3669 montem
1043 3614 1172 3667 Sion
1204 3617 1474 3682 quondam
1523 3610 1761 3663 vicinum
1805 3610 1943 3662 intra
1979 3624 2038 3662 se
2071 3622 2153 3660 rc-

569 3711 728 3777 cipit,
768 3710 859 3778 qui
916 3725 943 3761 a
979 3708 1205 3760 meridie
1235 3706 1442 3774 positus
1490 3720 1585 3771 pro
1620 3718 1747 3756 arce
1788 3701 1903 3754 urbi
1939 3715 2157 3771 supere-

570 3804 760 3865 minet,
792 3810 848 3855 et
908 3799 1078 3869 major
1130 3814 1252 3865 pars
1291 3797 1526 3850 civitatis
1558 3795 1696 3849 inl'ra
1726 3804 1961 3848 montem
1985 3793 2151 3862 jacet,

571 3896 623 3945 iu
665 3892 890 3963 planitie
954 3892 1260 3946 humilioris
1307 3890 1464 3944 collis
1505 3890 1627 3942 sita.
1688 3889 1815 3942 Post
1845 3887 2152 3956 passionem

568 3989 766 4057 quippe
810 3987 1020 4040 Domini
1054 4003 1081 4039 a
1123 3985 1246 4039 Tth
1272 3986 1604 4054 imperatore
1634 3983 1931 4046 destructa,
1958 3980 2051 4034 sed
2083 3978 2151 4033 ab

569 4078 712 4134 Αειευ
738 4078 1011 4131 Hadriano
1039 4077 1275 4140 Cassam,
1310 4092 1339 4129 a
1372 4092 1479 4145 quo
1507 4076 1668 4129 etiam
1700 4072 1846 4127 [Elia
1882 4088 2023 4126 nunc
2056 4087 2153 4126 v0-

569 4180 744 4232 ratur,
774 4170 1071 4223 instaurata
1093 4170 1369 4237 intdtoque
1393 4168 1623 4237 amplior
1650 4165 1840 4219 effecta
1870 4174 1971 4220 est.
1996 4165 2154 4219 Unde

568 4271 674 4326 est,
704 4262 845 4329 quod
882 4276 1004 4314 cum
1042 4261 1302 4314 Dominus
1332 4270 1484 4313 cura
1520 4266 1702 4327 portas
1749 4257 1899 4311 urbis
1957 4270 2151 4325 passus

571 4352 920 4418 sepultusque
949 4353 1046 4414 sit,
1076 4349 1235 4404 modo
1264 4352 1378 4403 loca
1404 4351 1674 4418 passionis
1713 4357 1767 4402 et
1794 4348 2152 4402 resurrectio-

569 4447 655 4498 nis
684 4445 825 4498 illius
856 4444 995 4496 intra
1036 4443 1279 4513 ejusdem
1315 4443 1511 4495 moenia
1559 4453 1874 4505 cernantur,
1913 4441 2067 4509 cujus
2095 4440 2147 4492 in

571 4550 764 4604 magno
811 4552 1088 4588 murorum
1130 4533 1333 4588 ambitu
1384 4534 1656 4602 octoginta
1687 4546 1920 4603 quatuor
1948 4543 2143 4597 turres,

568 4642 739 4699 portae
776 4645 903 4683 vero
925 4644 1018 4682 sex
1054 4629 1317 4682 visuntur.
1347 4626 1526 4680 Prima
1555 4637 1705 4696 porta
1757 4625 1922 4679 David
1960 4628 2024 4679 ad
2051 4642 2145 4681 oc-

565 4723 837 4776 cidentem
871 4722 1068 4775 mantis
1096 4719 1225 4774 Sion
1261 4737 1275 4774 :
1308 4722 1544 4775 secmnla
1580 4732 1733 4788 porta
1770 4721 1925 4774 vallis
1969 4720 2149 4774 Fullo-

566 4815 653 4867 nis
687 4831 700 4867 :
738 4816 896 4868 tertia
949 4824 1101 4883 porta
1164 4814 1347 4867 Sancti
1401 4812 1661 4883 Stephani
1694 4833 1706 4868 :
1742 4824 1933 4883 quarta
1986 4822 2144 4884 porta

567 4904 848 4972 Benjamin
881 4922 895 4961 :
928 4907 1112 4973 quinta
1149 4906 1383 4975 portula,
1441 4908 1490 4958 id
1537 4915 1640 4972 est,
1687 4907 1911 4976 parvula
1966 4918 2145 4974 porta,

567 4999 634 5051 ab
663 4997 765 5051 hac
794 5013 891 5066 per
919 5000 1115 5066 gradus
1145 5000 1211 5053 ad
1231 4999 1425 5053 vallem
1458 4999 1724 5068 Josaphat
1761 4999 2143 5053 descenditur:

566 5101 718 5145 sexta
777 5100 929 5160 porta
992 5090 1289 5145 Thecuitis.
1338 5092 1682 5146 Cclcbriores
1726 5102 1902 5147 tamen
1947 5107 2011 5145 ex
2059 5091 2146 5147 his

565 5192 690 5237 sunt
716 5192 826 5238 tres
842 5184 1022 5238 exitus
1051 5196 1331 5252 portarum
1369 5203 1381 5239 :
1410 5200 1548 5239 unus
1584 5185 1798 5253 quidem
1831 5187 1899 5239 ab
1924 5199 2141 5250 occasu,

565 5277 704 5330 alius
731 5290 760 5329 a
794 5277 1188 5345 septentrione,
1232 5276 1423 5330 tertius
1453 5278 1521 5330 ab
1566 5277 1799 5329 oriente.
1834 5274 1882 5329 A
1918 5275 2145 5330 meridie

567 5379 778 5434 autem,
811 5369 1122 5440 aquilonale
1146 5371 1347 5425 montis
1380 5370 1511 5424 Sion
1545 5370 1893 5439 supercilium
1914 5384 2144 5440 supere-

568 5461 739 5516 tninet
763 5465 990 5527 civitati,
1030 5473 1081 5516 et
1106 5478 1166 5518 ea
1203 5478 1328 5532 pars
1353 5478 1630 5516 murorum
1656 5479 1777 5516 cum
1803 5462 2144 5530 interpositis

568 5556 809 5610 turribus
842 5557 1019 5613 nullas
1056 5557 1258 5612 habere
1300 5566 1487 5627 portas
1528 5559 1934 5627 comprobatur,
1962 5557 2013 5611 id
2038 5566 2140 5620 est,

566 5662 595 5697 a
625 5650 996 5718 suprascripta
1045 5650 1211 5704 David
1261 5659 1441 5720 porta,
1477 5665 1646 5720 uSque
1680 5650 1743 5703 ad
1782 5666 1901 5704 eam
1941 5650 2142 5703 montis

568 5738 700 5794 Sion
734 5739 992 5808 frontem,
1031 5758 1147 5812 qua:
1197 5753 1471 5815 praerupta
1518 5759 1645 5815 rnpc
1693 5743 2015 5799 orientalem
2056 5760 2141 5800 rc-

2260 3242 2425 3312 spicit
2463 3242 2698 3312 plagam.
2752 3241 2906 3294 Situs
2953 3241 3152 3309 quippe
3190 3240 3356 3309 ipsius
3392 3240 3543 3293 urbis
3575 3256 3605 3293 a
3646 3256 3836 3311 Super-

2259 3337 2385 3391 ClliO
2412 3335 2708 3403 aquilonali
2746 3336 2945 3388 tuentis
2979 3334 3108 3388 Sion
3147 3333 3431 3403 incipiens,
3472 3334 3543 3387 ita
3570 3338 3655 3386 est
3686 3334 3830 3386 molli

2258 3429 2401 3480 clivo
2432 3427 2759 3495 dispositus,
2795 3442 2964 3496 usque
3016 3426 3083 3481 ad
3117 3426 3407 3479 humiliora
3443 3426 3828 3494 aquilonalium

2258 3521 2722 3590 Orientalinmque
2751 3522 2865 3575 loca
2891 3534 3190 3579 nnu'orum,
3238 3530 3294 3573 ut
3337 3518 3517 3587 pluvia
3556 3518 3631 3573 ibi
3681 3520 3829 3572 deci-

2258 3618 2394 3669 dens
2436 3630 2775 3684 nequaquam
2824 3623 2953 3677 Stet,
3006 3614 3101 3668 Sed
3164 3615 3332 3667 instar
3392 3612 3678 3668 ﬂuviorum
3730 3627 3828 3680 per

2256 3706 2555 3760 orientales
2574 3705 2823 3760 deﬂuens
2841 3714 3047 3775 portas,
3075 3705 3288 3759 cunctis
3314 3720 3497 3759 serum
3522 3704 3823 3774 platearum

2256 3800 2511 3853 sordibus
2539 3800 2728 3868 raptis,
2767 3794 2819 3851 in
2846 3797 2987 3851 valle
3002 3797 3263 3866 Josaphat
3287 3807 3582 3852 torrentem
3607 3796 3820 3851 Cedron

2258 3902 2436 3962 auget.

2327 4035 2457 4089 Car.
2484 4036 2548 4089 ll.
2572 4065 2642 4074 -—
2667 4034 2739 4087 De
2773 4033 2900 4087 locis
2933 4032 3129 4086 sanctis
3158 4048 3273 4099 qua:
3301 4032 3353 4084 in
3384 4046 3444 4084 ea
3470 4029 3574 4083 sita
3612 4038 3750 4082 sunt.

2327 4172 2591 4243 Ingressis
2620 4186 2749 4242 ergo
2779 4186 2806 4224 a
2850 4167 3258 4238 septentrionali
3299 4175 3447 4236 parte
3478 4167 3683 4229 urbem,
3713 4164 3823 4234 pri-

2252 4284 2400 4320 mum
2450 4266 2516 4318 de
2572 4264 2703 4319 locis
2749 4263 2946 4317 sanctis
3008 4276 3103 4330 pro
3162 4260 3474 4315 conditione
3531 4258 3822 4327 platearum

2251 4360 2626 4414 divertendum
2681 4365 2763 4411 est
2822 4356 2888 4408 ad
2950 4353 3232 4409 ecclesiam
3300 4351 3821 4415 Constantinianam,

2253 4469 2372 4523 qua:
2439 4451 2756 4522 Martyrium
2828 4448 3155 4519 appellatur.
3224 4445 3371 4500 Hanc
3442 4444 3825 4500 Constantinus

2253 4546 2567 4615 imperator,
2609 4560 2673 4598 eo
2723 4543 2867 4613 quod
2923 4542 2996 4596 ibi
3052 4556 3185 4596 crux
3241 4538 3459 4592 Domini
3506 4540 3573 4593 ab
3622 4535 3823 4590 Helena

2252 4648 2424 4691 matre
2484 4646 2699 4703 reperta
2757 4636 2851 4699 sit,
2888 4632 3174 4704 magniﬁco
3229 4641 3282 4686 et
3334 4631 3482 4701 regio
3510 4630 3653 4684 cultu
3688 4642 3793 4681 con

2250 4730 2471 4785 struxit.
2505 4730 2707 4783 Dehinc
2735 4730 2801 4782 ab
2834 4742 3031 4782 occasu
3084 4725 3427 4794 Golgothana
3467 4723 3678 4777 videtur
3726 4736 3820 4774 ec-

2249 4822 2437 4887 clcsia,
2473 4823 2522 4875 in
2553 4838 2657 4891 qua
2700 4822 2863 4874 etiam
2900 4834 3057 4889 rupes
3086 4827 3311 4887 apparet
3346 4815 3457 4879 illa,
3489 4830 3605 4884 qua:
3648 4830 3823 4883 quon-

2247 4913 2369 4966 dam
2405 4914 2595 4980 ipsam,
2627 4910 2785 4966 allixo
2816 4911 3028 4965 Domini
3056 4924 3302 4979 corpore,
3326 4922 3545 4963 crucem
3577 4906 3817 4977 pertulit,

2248 5018 2556 5074 argenteam
2613 5004 2770 5057 modo
2825 5005 3176 5072 pergrandem
3250 5002 3521 5057 sustinens
3576 5013 3815 5063 crucem,

2249 5094 2518 5164 pendente
2549 5111 2737 5164 magna
2766 5095 2993 5163 desuper
3014 5110 3151 5148 :erea
3174 5105 3288 5149 rota
3313 5111 3431 5149 cum
3460 5090 3818 5160 lampadibus.

2248 5188 2388 5241 Intra
2423 5189 2599 5256 ipsum
2634 5202 2761 5240 vero
2790 5188 2965 5241 lucum
3001 5186 3292 5241 Dominica:
3318 5186 3511 5248 crucis,
3546 5184 3727 5238 excisa
3765 5183 3820 5236 in

2249 5292 2402 5348 petra
2435 5290 2621 5351 crypta
2649 5290 2755 5345 est,
2787 5282 2842 5333 in
2878 5296 2982 5349 qua
3034 5294 3195 5347 super
3225 5280 3399 5333 altare
3428 5294 3520 5347 pro
3551 5275 3821 5331 defunctis

2251 5374 2530 5427 honoratis
2574 5375 2900 5428 sacrilicimn
2956 5374 3090 5428 solet
3125 5373 3329 5436 oll‘erri,
3382 5372 3570 5442 positis
3601 5371 3819 5424 interim

2249 5466 2299 5518 in
2349 5465 2525 5535 platea
2582 5468 2916 5535 corpOribus.
2959 5466 3125 5535 Hujus
3174 5482 3389 5536 quoque
3446 5467 3513 5517 ad
3564 5478 3815 5520 occasum

2246 5558 2491 5614 ecclesia:
2542 5560 2845 5623 Anastasis,
2878 5561 2977 5615 hoc
3025 5568 3128 5625 est,
3170 5558 3585 5615 resurrectionis
3633 5555 3817 5611 Domi-
3870 5578 3873 5579 ν

2247 5652 2380 5706 uicae
2439 5652 2666 5705 rotunda
2720 5653 2971 5717 ecclesia,
3032 5653 3200 5708 tribus
3263 5653 3437 5709 cincta
3497 5649 3811 5719 parietibus,

2247 5742 2525 5801 duodecim
2554 5746 2821 5801 columnis
2853 5756 3210 5813 sus-tentatur,
3244 5745 3385 5802 inter
3429 5744 3664 5814 parietes
3696 5744 3817 5798 sin-
