4110 6472
296 369 448 434 1181

279 487 459 554 gulus
490 487 653 538 latum
696 485 900 540 habens
941 486 1175 554 spatium
1205 486 1324 548 vim,
1369 501 1490 555 qua}
1525 485 1630 538 tria
1682 482 1877 536 altaria

283 579 348 632 iu
412 578 582 632 tribus
628 577 761 632 locis
823 577 1045 644 parietis
1110 578 1269 632 medii
1324 579 1584 638 continet,
1625 576 1725 629 hoc
1773 583 1875 636 est,

277 675 545 739 australi,
577 674 890 743 aquilonali,
920 685 973 727 ct
1007 674 1352 728 occidentali.
1385 674 1508 727 ll-ec
1540 673 1623 726 bis
1656 679 1876 740 quater-

280 783 394 821 uas
453 776 654 834 portas,
691 767 741 820 id
795 776 899 830 est,
947 766 1199 819 introitus
1256 779 1349 832 per
1404 774 1513 818 tres
1573 780 1602 816 e
1659 764 1879 832 regione

279 861 532 928 parietes
585 860 767 922 habet,
803 876 832 914 e
885 861 1079 928 quibus
1126 869 1361 928 quatuor
1411 861 1476 912 ad
1526 857 1875 922 Vulturnum,

276 961 342 1003 et
392 960 627 1017 quatuor
680 952 745 1004 ad
799 951 998 1004 Eurum
1055 962 1322 1020 spectant.
1357 951 1534 1020 llujus
1586 952 1635 1004 in
1700 950 1878 1003 taedio

279 1053 706 1096 mcuumentum
745 1043 954 1096 Domini
986 1044 1272 1097 rotumlmn
1319 1053 1466 1113 petra
1495 1043 1736 1098 excisum
1769 1053 1873 1107 est,

279 1136 450 1206 Cujus
477 1136 688 1189 culmen
725 1137 1047 1191 intrinsecus
1096 1145 1247 1189 stans
1282 1139 1442 1190 homo
1475 1153 1632 1190 manu
1663 1137 1877 1190 centiu-

277 1244 422 1297 gere
457 1238 654 1296 potest,
683 1228 752 1280 ab
784 1229 991 1281 oriente
1028 1228 1232 1280 habens
1281 1228 1585 1288 intruitmu,
1621 1226 1706 1280 cui
1741 1226 1876 1291 lapis

281 1323 385 1376 ille
413 1337 641 1390 magnus
685 1322 962 1390 appositus
1001 1333 1106 1385 est,
1144 1322 1287 1390 quod
1322 1320 1654 1374 intrinsecus
1698 1321 1873 1372 ferra-

280 1426 597 1470 mentorum
652 1415 876 1484 vestigia
925 1427 1095 1480 usque
1147 1414 1198 1467 in
1257 1427 1498 1482 priesens
1560 1413 1872 1465 ostendunt.

281 1506 427 1558 Nam
487 1506 829 1559 extrinsecus
884 1521 1054 1573 usque
1099 1505 1165 1556 ad
1215 1503 1468 1557 calminis
1497 1502 1867 1556 summitatem

281 1611 463 1651 ωιιιιιι
501 1615 768 1651 marmore
817 1609 1014 1650 [CCllllll
1043 1608 1160 1660 est;
1193 1610 1465 1648 summum
1502 1609 1629 1646 VCI'O
1659 1592 1870 1646 culmen

281 1707 426 1744 auro
457 1701 729 1752 ornatum,
766 1705 983 1742 auream
1020 1703 1267 1755 magnam
1315 1695 1489 1756 gestat
1539 1702 1778 1739 crucem.
1813 1685 1870 1741 lu

281 1785 452 1848 hujus
486 1797 612 1846 ergo
641 1781 976 1834 monumenti
1022 1780 1309 1848 aquilonali
1365 1790 1519 1848 parte
1560 1779 1868 1845 sepulcrum

282 1874 502 1927 Domini
565 1874 616 1926 iu
675 1873 864 1926 cadent
944 1882 1092 1941 petra
1175 1873 1441 1934 exeismu,
1515 1871 1873 1938 longitudinis

277 1978 494 2032 septem
523 1968 736 2032 pedum,
768 1966 926 2017 trium
958 1979 1208 2016 mensura
1235 1963 1530 2030 palmarum
1557 1963 1867 2030 pavimento

279 2057 453 2110 altius
486 2057 708 2119 eminet,
741 2057 1020 2109 introitum
1045 2055 1247 2108 habens
1272 2072 1298 2106 a
1326 2056 1492 2107 latere
1520 2054 1820 2107 meridiano
1848 2071 1861 2107 :

280 2151 378 2204 ubi
413 2151 498 2204 die
530 2162 799 2217 noctuque
852 2149 1132 2202 duodecim
1183 2149 1456 2216 lampades
1489 2149 1702 2208 ardent,
1730 2163 1864 2216 qua-

284 2253 415 2295 tuor
481 2242 621 2295 intra
695 2241 1038 2308 sepulcrum,
1102 2248 1226 2293 octo
1285 2255 1448 2306 Supra
1514 2240 1566 2291 in
1627 2239 1871 2306 margine

285 2334 504 2388 dextro.
538 2334 698 2401 Lapis
748 2333 837 2403 qui
891 2333 956 2386 ad
1013 2335 1216 2386 ostium
1273 2331 1604 2384 monumenti
1665 2333 1872 2398 pesitus

279 2434 428 2486 erat,
458 2440 600 2477 ltltltc
637 2425 794 2478 lissus
839 2434 953 2489 est;
988 2422 1140 2490 cujus
1177 2438 1301 2491 pars
1335 2424 1510 2474 minor
1540 2422 1866 2491 quadratum

281 2518 458 2570 altare
486 2528 610 2569 ante
646 2516 846 2568 ostium
885 2514 1236 2567 nihilominus
1267 2513 1510 2577 ejusdem
1537 2513 1868 2565 tnonumenti

283 2615 420 2667 stat,
451 2605 620 2672 major
653 2620 778 2658 vero
806 2604 858 2657 iu
899 2604 1151 2658 orientali
1201 2603 1444 2671 ejusdem
1479 2603 1721 2656 ecclesiae
1752 2602 1870 2656 loco

281 2697 720 2767 quadrangulum
746 2696 890 2749 aliud
911 2696 1080 2749 altare
1108 2697 1206 2751 sub
1235 2695 1640 2750 linteaminibus
1666 2704 1868 2750 exstat.
1897 2712 1904 2718 ·

280 2790 449 2845 Color
480 2798 658 2843 autem
706 2786 947 2857 ejusdem
981 2789 1337 2853 monumenti,
1372 2797 1426 2842 et
1454 2787 1710 2856 sepulcri,
1743 2789 1865 2842 albo

281 2889 343 2935 et
399 2879 697 2934 rubicundo
737 2878 1028 2947 permistus
1093 2878 1325 2932 videtur.
1360 2878 1398 2930 A
1441 2878 1632 2931 dextra
1685 2887 1864 2931 autem

285 2981 445 3040 parte
475 2971 598 3024 huic
628 2970 871 3025 ecclesiae
901 2971 1139 3024 cohaeret
1179 2971 1350 3024 beatae
1379 2970 1592 3024 Domini
1621 2969 1866 3024 Genitri-

279 3063 368 3117 cis
396 3063 623 3118 ecclesia
653 3063 1046 3133 quadrangulo.
1079 3063 1138 3117 In
1169 3065 1370 3133 platea,
1401 3080 1522 3133 quae
1548 3063 1866 3134 Martyrium

279 3165 343 3210 et
389 3155 654 3225 Gulgotha
706 3156 1010 3220 continuat,
1066 3157 1263 3211 exedra
1311 3165 1415 3221 est,
1471 3157 1526 3210 in
1567 3172 1672 3225 qua
1727 3156 1871 3211 calix

283 3247 497 3303 Domini
533 3248 584 3302 in
621 3249 878 3305 scriniolo
927 3248 1261 3314 reconditus,
1295 3265 1392 3318 per
1429 3250 1668 3317 cperculi
1715 3250 1868 3306 fora-

283 3353 409 3393 men
464 3340 607 3409 tangi
645 3340 782 3394 solet
841 3351 896 3395 et
949 3341 1202 3394 osculari.
1240 3341 1342 3407 Qui
1383 3352 1670 3411 argenteus
1701 3343 1868 3406 calix,

281 3435 419 3486 duas
457 3431 582 3485 hinc
622 3440 676 3486 et
709 3431 832 3485 inde
875 3432 1083 3487 habens
1129 3433 1367 3499 ansulas,
1400 3433 1624 3488 sextarii
1675 3433 1868 3490 Gallici

283 3535 592 3573 mensuram
624 3521 768 3588 capit
799 3539 812 3574 :
848 3522 898 3575 in
929 3536 1035 3590 quo
1067 3529 1150 3576 est
1188 3533 1241 3577 et
1291 3522 1379 3576 illa
1410 3523 1636 3594 Spongia
1686 3522 1870 3577 Domi-

285 3613 390 3665 niei
422 3623 577 3680 potus
620 3613 888 3668 ministra.
927 3612 982 3668 lu
1035 3615 1152 3668 loco
1199 3625 1377 3668 autem
1405 3615 1520 3681 illo,
1550 3631 1657 3686 quo
1689 3614 1868 3670 Abra-

285 3704 408 3756 ham
472 3703 644 3757 altare
708 3704 774 3757 ad
849 3705 1237 3759 immolandum
1298 3705 1468 3760 lilium
1533 3708 1862 3772 construxit,

283 3806 466 3846 mettsa
515 3803 598 3847 est
651 3793 827 3863 lignea
885 3811 989 3849 non
1047 3811 1236 3863 parva,
1277 3798 1526 3865 inquam
1561 3814 1858 3869 pauperum

281 3887 638 3956 eleemosyna:
667 3888 843 3941 solent
869 3906 899 3940 a
934 3889 1132 3958 populo
1165 3887 1385 3944 deferri.
1415 3889 1626 3946 Lancea
1675 3891 1865 3947 militis

284 3976 488 4031 inserta
516 3977 748 4031 habetur
773 3978 826 4032 iu
859 3995 1017 4033 cruce
1045 3980 1219 4050 lignea
1255 3981 1308 4035 in
1346 3982 1558 4048 porticu
1589 3980 1858 4054 Martyrii,

283 4069 440 4138 cujus
486 4071 679 4125 hastile
715 4071 769 4124 in
798 4072 932 4125 duas
979 4072 1296 4128 intercisum
1332 4086 1534 4143 partes,
1567 4091 1595 4129 a
1628 4085 1737 4128 tela
1773 4088 1863 4128 ve.

284 4175 505 4214 ueratur
538 4163 777 4216 civitate.
827 4161 1050 4231 Singula
1097 4180 1218 4233 quae
1267 4167 1400 4230 dixi,
1433 4175 1489 4220 nt
1520 4167 1864 4222 manifestius

284 4268 626 4322 agnosceres,
655 4256 816 4307 etiam
849 4272 956 4325 prae
986 4259 1156 4310 oculis
1187 4257 1477 4326 depingere
1508 4259 1717 4314 curavi.

744 4349 919 4418 (Deest
941 4350 1114 4417 ﬁgura
1153 4352 1204 4402 in
1241 4352 1394 4419 mss.)

359 4440 479 4497 llzec
510 4443 724 4511 quidem
753 4444 932 4496 omnia
963 4457 1081 4510 qua:
1103 4445 1647 4500 commemoravimus
1676 4459 1860 4503 sancta

291 4535 427 4597 loca,
457 4541 607 4585 extra
641 4540 877 4585 ιιιυιιιθιιι
917 4531 1047 4586 Sion
1085 4535 1259 4601 posita
1305 4547 1625 4601 cernuntur,
1655 4553 1763 4606 quo
1804 4555 1864 4597 se

290 4627 357 4681 ad
393 4625 698 4694 aquilonem
757 4625 1016 4680 deficiens
1081 4625 1183 4680 loci
1248 4635 1428 4681 tumor
1490 4633 1752 4697 porrexit.
1800 4630 1858 4686 In

289 4717 524 4772 inferiori
562 4732 692 4772 vero
743 4728 895 4785 parte
942 4719 1112 4782 urbis,
1147 4718 1236 4772 ubi
1287 4720 1545 4788 templum
1575 4723 1626 4776 in
1660 4723 1857 4778 vicinia

291 4811 422 4864 muri
470 4811 538 4864 ab
581 4810 790 4864 oriente
838 4810 1093 4874 locatum,
1127 4810 1340 4881 ipsique
1391 4813 1532 4878 urbi,
1571 4815 1856 4870 transitum

286 4903 466 4974 pervio
515 4915 677 4971 ponte
727 4903 1025 4967 mediante,
1071 4903 1247 4956 fuerat
1302 4902 1676 4972 conjunctum,
1717 4923 1860 4962 nunc

289 4997 541 5052 Saraceni
591 4994 913 5063 quadratam
969 4997 1187 5050 domum
1241 4997 1511 5051 subrectis
1573 4999 1772 5053 tabulis
1802 5009 1858 5054 et

291 5095 491 5161 magnis
518 5090 761 5146 trabibus
795 5104 956 5159 super
987 5091 1251 5159 quasdam
1291 5091 1570 5146 ruinarum
1600 5093 1858 5163 reliquias

290 5185 375 5238 vili
422 5199 587 5254 opere
620 5190 1020 5249 construentes,
1051 5183 1298 5238 oratione
1339 5182 1706 5253 frequentant,
1733 5201 1854 5256 quae

293 5277 388 5332 tria
441 5256 608 5329 millia
658 5273 937 5327 hominum
986 5287 1181 5341 capere
1235 5271 1466 5326 videtur.
1503 5270 1698 5328 Pauca:
1750 5274 1858 5330 illic

289 5373 532 5426 cisterna:
582 5371 635 5425 in
698 5385 854 5425 usum
910 5383 1171 5438 aquarum
1224 5378 1540 5426 cernuntur.
1575 5370 1632 5425 ιιι
1661 5371 1857 5426 vicinia

291 5461 466 5529 templi
518 5459 802 5516 Bethsaida
850 5458 1056 5530 piscina
1090 5461 1304 5530 gemino
1334 5461 1559 5531 insignis
1605 5461 1722 5516 lacn
1762 5478 1859 5533 ap-

291 5563 452 5624 paret,
487 5570 716 5625 quorum
769 5554 906 5609 alter
952 5554 1193 5610 hibernis
1247 5559 1562 5624 plerumque
1605 5554 1860 5624 impletur

291 5647 566 5712 imbribus,
627 5647 762 5704 alter
816 5648 992 5702 rubris
1047 5657 1129 5702 est
1177 5647 1412 5701 discolor
1463 5648 1634 5716 aquis,
1680 5647 1762 5702 Ab
1793 5663 1855 5703 ea

290 5739 456 5794 fronte
485 5742 679 5796 montis
705 5743 857 5805 Sion,
888 5756 1007 5809 quae
1040 5750 1304 5810 praerupta
1355 5755 1486 5809 rupe
1535 5741 1855 5795 orientalem

292 5835 489 5907 plagam
543 5845 772 5906 spectat,
819 5835 960 5890 intra
1017 5849 1198 5889 muros
1247 5845 1406 5903 atque
1470 5831 1520 5886 in
1578 5831 1725 5888 radit:
1749 5835 1848 5890 bus

1342 371 1439 430 DE
1500 369 1717 430 LOClS
1768 369 2082 431 SANCTIS
2132 373 2530 437 LIBELLUS.

3431 376 3570 442 118?.

1991 485 2144 539 collis
2174 488 2295 540 t'ons
2345 487 2489 541 Siloe
2519 489 2844 559 prorumpit,
2872 491 2964 556 qui
3015 492 3323 548 alternante
3349 491 3566 561 quidem

1991 588 2254 643 aquarum
2308 592 2526 632 accessu
2578 580 2628 632 in
2683 582 2962 635 meridiem
2993 582 3198 644 deﬂuit,
3241 584 3424 647 idest,
3461 599 3566 638 nou

1982 667 2149 721 certis
2199 667 2281 723 vel
2339 668 2555 738 jugihus
2608 671 2784 740 aquis.
2818 673 2910 726 scd
2969 672 3192 727 incertis
3246 673 3395 728 horis
3445 677 3564 730 die-

1983 761 2191 830 busque
2246 763 2458 826 ebullit,
2489 771 2541 817 et
2596 779 2692 832 per
2739 774 3003 820 terrarum
3059 783 3292 821 concava
3321 778 3373 821 et
3409 780 3565 822 antra

1983 856 2098 907 saxi
2131 853 2405 909 durissimi
2438 872 2562 909 cum
2596 872 2790 924 magno
2834 859 3012 912 sonitu
3046 858 3230 914 venire
3261 861 3563 915 censuerit.

1983 946 2039 1001 lu
2089 953 2350 1020 stuperiori
2409 955 2608 1007 IllOltllS
2669 953 2800 1008 Sion
2867 956 3108 1025 planitie,
3171 959 3560 1011 Inonachorum

1981 1039 2185 1095 Cellula:
2229 1042 2539 1112 frequentes
2572 1045 2854 1099 ecclesiam
2906 1063 3153 1115 magnam
3199 1049 3562 1113 circumdant,

1984 1130 2114 1194 illic,
2157 1141 2211 1185 ut
2249 1135 2553 1200 perhibent,
2589 1137 2657 1190 ab
2686 1138 2948 1206 apostolis
2982 1137 3286 1203 fundatam,
3323 1154 3388 1193 eo
3421 1140 3564 1208 quod

1983 1223 2053 1275 ibi
2090 1224 2348 1291 Spiritum
2399 1239 2642 1280 sanctum
2700 1230 3032 1297 acceperint,
3082 1230 3264 1300 ibique
3302 1230 3359 1286 S.
3396 1230 3562 1284 Maria

1981 1315 2198 1369 obierit.
2237 1316 2291 1369 lu
2329 1333 2435 1386 qua
2486 1320 2649 1374 etiam
2687 1320 2838 1375 locus
2872 1335 3043 1376 coenae
3088 1321 3302 1376 Domini
3335 1338 3565 1376 venera-

1984 1407 2107 1464 bilis
2134 1409 2457 1466 ostenditur.
2489 1411 2593 1466 Sed
2624 1422 2678 1467 ct
2704 1414 2955 1468 columna
3011 1430 3312 1470 marmorea
3356 1417 3407 1468 iu
3451 1429 3558 1469 mc-

1980 1499 2068 1552 dio
2093 1509 2201 1553 stat
2230 1502 2495 1567 ecclesiae,
2521 1504 2606 1557 cui
2654 1506 2936 1560 adlizerens
2972 1507 3230 1560 Dominus
3263 1505 3560 1576 llagellatus

1978 1601 2081 1646 est.
2107 1590 2280 1662 Hujus
2306 1611 2435 1664 ergo
2460 1597 2701 1654 ecclesiae
2735 1599 2856 1653 talis
2882 1600 3084 1653 dicitur
3115 1615 3237 1654 esse
3273 1600 3467 1669 ﬁgura.

2443 1731 2622 1800 (Deest
2652 1734 2826 1804 ﬁgura
2859 1736 2915 1788 in
2943 1734 3092 1804 nus.)

2049 1867 2148 1922 llic
2182 1877 2516 1922 monstratur
2547 1877 2723 1937 petra,
2760 1883 2926 1938 super
2964 1885 3126 1940 quam
3171 1870 3442 1938 lapidatus
3477 1879 3562 1925 est

1974 1971 2197 2013 sanctus
2229 1969 2596 2031 protomartyr
2623 1959 2938 2030 Stephanus
2970 1973 3122 2016 extra
3170 1963 3466 2017 civitatem.
3501 1963 3556 2015 lu

1976 2052 2156 2106 medio
2184 2061 2360 2106 autem
2391 2051 2711 2120 Jerusalem,
2751 2055 2842 2108 ubi
2900 2069 3063 2109 cruce
3118 2054 3329 2108 Domini
3371 2069 3560 2123 super-

1975 2143 2150 2212 posita
2207 2153 2454 2199 mortuus
2509 2145 2728 2212 revixit,
2792 2147 3041 2200 columna
3075 2146 3219 2202 celsa
3276 2156 3405 2211 stat,
3439 2162 3560 2216 qua:

1972 2237 2160 2290 aestivo
2191 2236 2428 2292 solstitio
2463 2239 2708 2292 umbram
2746 2257 2850 2295 nou
2889 2240 3040 2305 facit,
3075 2242 3216 2296 unde
3237 2251 3430 2310 putant
3484 2241 3555 2295 ibi

1975 2326 2208 2380 mediam
2242 2341 2365 2382 esse
2401 2339 2625 2395 terram,
2656 2341 2705 2383 et
2764 2331 3022 2386 historice
3055 2333 3256 2385 dictum
3291 2350 3362 2386 τοι
3415 2331 3557 2386 Dens

1972 2426 2153 2472 autem
2204 2429 2332 2473 ante
2379 2421 2574 2474 sa:cula
2607 2433 2867 2491 operatus
2897 2433 2981 2478 est
3029 2425 3254 2478 salutem
3289 2424 3341 2476 in
3381 2425 3558 2477 medio

1974 2519 2150 2563 terrae.
2191 2528 2210 2562 ο
2256 2509 2374 2576 Qua
2423 2513 2617 2567 ductus
2670 2514 2929 2582 opinione
2977 2514 3320 2580 Victorinus,
3373 2517 3558 2570 Picta-

1973 2601 2179 2656 viensis
2210 2604 2441 2659 antistes
2477 2603 2758 2670 Ecclesiae,
2797 2607 2862 2662 de
2898 2605 3164 2677 Golgotha
3199 2609 3449 2663 scribens
3482 2609 3555 2662 ita

1969 2693 2192 2751 inchoat
2225 2713 2240 2752 :

2043 2853 2138 2932 [gat
2163 2856 2436 2932 locus,_ea:
2470 2861 2614 2913 omni
2649 2860 2879 2914 medium
2917 2879 3066 2932 quem
3101 2863 3366 2916 credimus
3398 2862 3555 2927 urbe,

2047 2925 2307 3003 Golgotha
2333 2928 2509 2984 Judaei
2536 2925 3040 3001 patriocognomine
3069 2933 3274 2987 dicunt.

1971 3087 2100 3146 Car.
2146 3086 2236 3142 ιιι.
2267 3115 2335 3126 -
2380 3089 2452 3143 De
2486 3089 2889 3213 Acheltieqzajh,
2921 3101 2969 3144 et
3010 3090 3124 3145 loco
3151 3091 3239 3146 ubi
3272 3108 3558 3162 suspensus

2607 3175 2661 3212 es
2757 3179 2784 3212 ιι
2825 3177 2912 3213 εασ.

2607 3175 2684 3212 εει
2715 3175 2745 3213 J
2757 3175 2912 3217 ua'as.

2043 3291 2266 3346 Portam
2325 3291 2490 3348 David
2547 3295 2975 3364 egredientibus,
3023 3295 3142 3370 rotis
3204 3295 3465 3355 occurrit
3500 3302 3554 3355 in

1971 3393 2213 3437 austrum
2249 3400 2344 3454 per
2380 3384 2568 3438 vallem
2602 3386 2867 3451 directus,
2899 3389 2966 3441 ad
3013 3388 3168 3457 cujus
3211 3390 3552 3446 medietatem

1970 3475 2037 3528 ab
2072 3489 2271 3528 occasu
2316 3473 2484 3530 Judas
2531 3491 2593 3532 se
2634 3479 2985 3546 suspendisse
3028 3491 3301 3535 narratur.
3339 3480 3470 3536 Nam
3501 3493 3558 3538 et

1972 3566 2105 3619 licus
2159 3579 2351 3633 magna
2402 3567 2473 3621 ibi
2521 3581 2584 3622 ac
2627 3569 2996 3625 vetustissima
3047 3580 3180 3636 stat,
3228 3573 3379 3643 juxta
3411 3578 3556 3644 quod

1966 3653 2240 3712 Juveucns
2272 3659 2347 3711 ait
2377 3675 2390 3713 :

2151 3792 2444 3864 Informem
2470 3798 2645 3865 rapuit
2674 3796 2808 3866 ﬁcus
2829 3797 2893 3852 de
2913 3798 3102 3855 vertice
3132 3811 3374 3854 mortem.

2041 3907 2206 3964 Porro
2236 3911 2630 3966 Acheldemach
2661 3912 2726 3966 ad
2761 3914 3052 3969 australem
3094 3916 3302 3986 plagam
3355 3917 3556 3973 utontis

1970 4001 2124 4064 Sion,
2164 4003 2477 4071 peregrinos
2521 4014 2575 4057 et
2606 4005 2867 4074 ignobiles
2918 4017 3164 4062 mortuos
3217 4009 3377 4063 hodie
3422 4025 3556 4079 quo-

1967 4107 2072 4160 que
2111 4093 2244 4148 alios
2284 4104 2428 4149 terra
2465 4097 2614 4166 tegit,
2655 4097 2790 4151 alios
2830 4099 3140 4155 inlntmatos
3170 4101 3480 4171 putrefacit.

1967 4231 2098 4286 Car.
2163 4229 2250 4285 ιν.
2316 4263 2386 4272 —
2430 4232 2506 4288 De
2541 4235 2760 4288 sudario
2809 4238 2998 4304 capitis
3049 4238 3281 4303 Domini,
3334 4249 3384 4294 et
3442 4241 3552 4296 alio

2163 4304 2364 4372 ntajore
2401 4305 2563 4358 linteo
2598 4324 2627 4358 a
2668 4317 2852 4360 sancta
2890 4308 3062 4362 Maria
3095 4314 3352 4380 confecto.

2037 4437 2329 4494 Sudarium
2377 4443 2573 4511 capitis
2635 4443 2846 4498 Domini
2908 4457 3028 4515 post
3088 4452 3548 4509 resurrectionem

1962 4529 2081 4600 ejus
2111 4546 2236 4586 mox
2263 4531 2766 4590 Christianissimus
2807 4536 3028 4604 quidam
3056 4536 3276 4594 Judaaus
3318 4541 3548 4612 furatus,

1966 4639 2137 4692 usque
2176 4626 2242 4678 ad
2286 4626 2518 4691 obitum,
2549 4627 2752 4682 divitiis
2785 4628 2888 4681 sibi
2925 4628 3288 4696 allluentibus,
3333 4632 3544 4690 habuit.

1965 4715 2068 4780 Qui
2099 4715 2392 4769 moriturus
2443 4718 2739 4786 interrogat
2784 4718 2944 4784 lilios,
2977 4719 3068 4788 qui
3121 4723 3328 4776 Domini
3379 4726 3547 4779 suda-

1964 4806 2124 4870 rium,
2170 4807 2258 4875 qui
2311 4817 2538 4862 exteras
2597 4809 2766 4876 patris
2813 4809 2941 4864 velit
2995 4813 3246 4883 accipere
3301 4815 3543 4875 divitias.

1962 4896 2133 4966 Major
2166 4900 2453 4956 thesauros
2490 4916 2691 4965 rerum,
2726 4903 2904 4958 minor
2943 4905 3105 4974 elegit
3140 4907 3439 4963 sudarimn.
3476 4908 3544 4964 Et

1964 5006 2088 5045 mox
2116 4991 2305 5059 majori
2329 4993 2654 5048 decrescunt
2677 5009 2806 5064 Opes
2835 5010 3005 5064 usque
3027 4998 3093 5052 ad
3118 5011 3492 5070 paupertatem
3526 5021 3541 5058 :
3578 5059 3583 5064 ,

1962 5080 2119 5137 fratri
2173 5095 2351 5137 autem
2402 5100 2524 5139 cum
2579 5085 2683 5139 lidc
2743 5095 2998 5141 crescunt
3027 5097 3079 5142 et
3135 5102 3385 5157 opes;et
3442 5093 3545 5147 hoc

1963 5193 2132 5247 usque
2185 5178 2252 5233 ad
2305 5180 2549 5248 quintam
2598 5181 3002 5250 generationem
3062 5182 3246 5238 fideles
3296 5194 3541 5240 tenuere.

1960 5271 2098 5327 llinc
2126 5272 2192 5324 ad
2227 5271 2422 5340 impios
2466 5273 2810 5339 perveniens,
2843 5272 3063 5329 divitias
3105 5285 3315 5331 tantum
3367 5282 3540 5344 auxit,

1963 5371 2020 5418 ut
2054 5362 2274 5429 Juda-is,
2303 5377 2356 5420 et
2389 5371 2492 5420 hoc
2525 5369 2694 5421 multo
2733 5377 2993 5440 tempore,
3022 5370 3193 5426 donec
3222 5381 3343 5440 post
3377 5372 3537 5444 longa

1959 5457 2153 5525 litigio,
2186 5459 2384 5527 quibus
2415 5458 2710 5514 Christiani
2739 5459 2910 5516 Judaei
2943 5476 3002 5516 se
3043 5460 3267 5526 Christi,
3293 5463 3539 5519 infideles

1959 5567 2092 5607 vero
2137 5565 2198 5606 se
2254 5559 2468 5620 patrmn
2501 5567 2720 5606 suorum
2758 5552 3106 5608 afﬁrmabant
3137 5555 3398 5621 baeredes,
3427 5555 3540 5609 Ma-

1956 5644 2158 5713 juvias,
2215 5646 2611 5701 Saracenorum
2663 5661 2778 5712 rex,
2825 5646 2916 5717 qui
2970 5657 3154 5702 nostra
3203 5659 3364 5704 actate
3411 5649 3533 5716 fuit,

1957 5735 2121 5806 judex
2168 5737 2490 5806 postulatus,
2527 5753 2755 5794 accensa
2810 5738 3000 5808 grandi
3056 5755 3207 5811 pyra,
3257 5739 3534 5797 Christum

1957 5829 2193 5900 judicent
2223 5839 2494 5901 precatur,
2532 5833 2622 5902 qui
2657 5833 2756 5888 hoc
2789 5847 2886 5902 pro
2920 5847 3142 5890 suorum
3173 5833 3345 5891 salute
3374 5847 3540 5904 super
