4110 6486
634 368 771 433 1133

628 493 791 550 caput
847 482 1043 535 habere
1092 480 1425 548 dignaretur.
1480 476 1699 531 Missum
1740 491 1869 546 ergo
1921 476 1973 529 in
2026 476 2201 541 ignem

633 576 931 638 sudarium,
967 574 1130 627 veloci
1168 584 1322 642 raptu
1357 571 1616 640 clTugicns
1654 573 1850 632 evolat,
1881 580 1933 624 et
1969 570 2022 621 itt
2064 584 2212 621 smn-

634 685 723 723 tno
775 684 899 722 acre
953 668 1255 721 diutissime
1304 668 1452 733 quasi
1489 666 1722 717 ludendo
1758 662 2107 725 volucritans,
2142 660 2209 726 ad

632 761 878 813 ultimum
914 759 1125 813 cunctis
1163 758 1415 824 utrinque
1462 755 1815 818 intuentibus,
1848 770 1968 808 sese
2017 751 2208 806 leviter

632 852 683 905 in
715 851 993 919 cujusdam
1042 851 1108 905 de
1155 852 1460 905 Christiana
1516 850 1670 916 plebe
1720 848 1898 901 sinum
1936 845 2208 913 deposuit,

629 944 773 1011 quod
823 960 981 997 mane
1019 959 1141 997 mox
1190 953 1333 996 totus
1377 942 1604 1009 pepulus
1654 954 1864 994 summa
1899 954 2018 992 cum
2048 951 2247 992 vene-'

631 1036 840 1091 ratione
885 1036 1153 1089 salutabat
1210 1046 1263 1090 et
1317 1033 1681 1087 osculabatur.
1735 1031 1979 1085 llabebat
2030 1039 2206 1083 autem

628 1128 979 1198 longitudinis
1040 1129 1203 1197 pedes
1259 1138 1403 1179 octo.
1460 1125 1619 1177 Aliud
1663 1138 1879 1192 quoque
1934 1124 2209 1192 aliquanto

632 1219 806 1287 majus
833 1220 1057 1274 linteum
1106 1220 1159 1272 in
1193 1219 1418 1271 ceclesia
1462 1216 1550 1269 illa
1587 1224 1894 1279 veneratur,
1927 1218 2068 1283 quod
2101 1214 2209 1268 fer-

629 1317 717 1361 tur
738 1323 768 1360 a
798 1318 983 1361 sancta
1030 1307 1197 1360 Maria
1246 1317 1583 1367 contextum,
1620 1306 1904 1359 duodecim
1934 1304 2207 1372 apostolo-

631 1416 745 1453 rutn
781 1409 836 1454 ct
866 1401 1034 1470 ipsius
1058 1399 1267 1453 Domini
1293 1400 1579 1453 continens
1604 1398 1887 1467 imagines,
1908 1414 2014 1451 uno
2038 1397 2207 1452 latere

631 1494 878 1560 rubeam,
913 1502 967 1549 et
1002 1496 1171 1548 altero
1203 1494 1389 1548 viride.

627 1628 757 1683 CAP.
797 1627 859 1681 V.
897 1658 963 1669 -—
1002 1626 1074 1681 De
1104 1628 1232 1681 locis
1270 1628 1410 1680 circa
1443 1627 1798 1689 Hierusalem.
1823 1638 1870 1681 et
1906 1627 2124 1681 ecclesia
2151 1627 2207 1681 in

715 1698 853 1752 valle
878 1697 1162 1766 Josapltat,
1196 1699 1282 1751 ubi
1310 1698 1517 1766 sepulta
1552 1700 1653 1766 fuit
1693 1710 1878 1752 sancta
1908 1698 2108 1753 Maria.

696 1835 854 1891 Circa
890 1834 1319 1906 Hierosolymam
1352 1852 1543 1904 aspera
1575 1846 1629 1891 et
1661 1846 1945 1891 montuosa
1973 1852 2207 1891 cernuu-

626 1937 717 1983 tur
750 1933 867 1984 loca
901 1946 917 1984 :
950 1929 1075 1983 hinc
1103 1944 1318 1998 quoque
1346 1929 1772 1998 septentrionem
1802 1944 1993 1984 versus
2037 1946 2206 1996 usque

624 2023 692 2075 ad
732 2021 1090 2076 Arimatliiam
1132 2030 1275 2075 terra
1328 2033 1541 2090 petrosa
1577 2030 1630 2075 et
1662 2037 1854 2090 aspera
1894 2037 1988 2090 per
2035 2022 2209 2077 inter-

629 2114 767 2167 valla
796 2123 1126 2168 monstratur
1154 2130 1167 2167 :
1203 2113 1369 2166 valles
1398 2129 1612 2183 quoque
1660 2114 1892 2183 spinosze
1938 2130 2106 2183 usque
2138 2115 2205 2169 ad

628 2206 985 2259 'l‘amniticam
1025 2206 1296 2275 regionem
1329 2208 1701 2272 patentes:ail
1735 2207 2042 2261 Caesaream
2078 2222 2205 2261 vero

628 2299 924 2353 Palaestina:
984 2298 1051 2352 ab
1107 2296 1268 2362 Elia,
1317 2300 1566 2367 quamvis
1626 2299 1803 2368 aliqua
1867 2301 2206 2366 reperiantur

625 2401 851 2459 augusta
883 2400 937 2444 et
961 2390 1141 2445 brevia
1170 2399 1327 2460 atque
1351 2405 1539 2457 aspera
1568 2390 1705 2454 loca,
1727 2392 1991 2460 praecipua
2023 2401 2201 2447 tamen

626 2481 878 2548 planities
920 2496 1234 2551 camporum
1282 2483 1423 2535 inest
1470 2483 1804 2550 interpositis
1831 2484 2069 2537 olivetis.
2112 2483 2205 2537 Di-

625 2584 769 2627 stant
797 2586 975 2627 autem
1009 2576 1346 2642 septuaginta
1379 2576 1616 2643 quinque
1653 2577 1888 2631 millibus
1922 2572 2202 2645 passuum,

626 2665 906 2735 longitudo
938 2682 1063 2720 vero
1096 2666 1278 2720 Terrae
1318 2667 1772 2734 licproniissiouis
1819 2683 1847 2721 a
1890 2667 2002 2723 Dan
2036 2685 2205 2739 usque
2266 2696 2271 2699 ν

625 2758 909 2824 Bersabee,
935 2760 1172 2812 tenditur
1201 2762 1375 2828 spatio
1398 2770 1613 2813 centum
1644 2762 1918 2831 sexaginta
1951 2762 2202 2829 millium,

622 2850 690 2903 ab
722 2849 892 2919 Joppe
926 2866 1095 2919 usque
1123 2850 1394 2904 Bethleem
1428 2853 1780 2920 quadraginta
1814 2869 1904 2907 sex
1946 2855 2201 2909 millibus.

624 2941 785 2995 Juxta
843 2958 1057 2995 murum
1124 2943 1303 3010 tcmpli
1342 2944 1422 2995 vel
1482 2944 1813 2998 Hierusalem
1876 2946 1942 2998 ab
1993 2947 2205 3002 oriente

628 3033 924 3088 Gcheiuton
990 3035 1249 3097 occurrit,
1306 3051 1425 3102 qua:
1478 3043 1560 3088 cst
1616 3036 1767 3090 vallis
1822 3034 2103 3106 Josaphat,
2171 3057 2200 3093 a

623 3126 1025 3193 septentrionali
1072 3127 1223 3194 plaga
1260 3128 1311 3179 iii
1345 3137 1587 3181 austrum
1620 3138 1890 3195 porrecta,
1913 3146 2006 3197 per
2040 3147 2200 3197 quam

623 3229 835 3272 torrens
863 3214 1098 3284 Cedrdn,
1125 3221 1168 3272 si
1199 3221 1413 3287 quando
1452 3222 1746 3289 pluviarum
1779 3238 1948 3291 aquas
1986 3227 2201 3293 recipit,

620 3312 882 3366 decurrit.
920 3311 1044 3365 lliec
1072 3312 1225 3365 vallis
1276 3321 1329 3366 et
1375 3328 1534 3380 parva
1565 3315 1738 3383 ωηιρὶ
1775 3314 2051 3382 planities,
2082 3318 2205 3371 irri-

620 3420 721 3471 gua
773 3415 827 3459 et
879 3418 1186 3467 nemorosa,
1240 3406 1504 3475 plenaque
1557 3406 1787 3473 deliciis,
1824 3409 2001 3464 lucum
2052 3411 2201 3467 inse

618 3495 891 3564 quondam
942 3495 1091 3549 Baali
1142 3512 1356 3549 sacrum
1417 3498 1629 3551 habuit.
1666 3498 1721 3551 In
1764 3499 1865 3554 hac
1917 3502 2084 3557 turris
2116 3512 2199 3558 est

622 3585 762 3653 regis
811 3583 1093 3653 .losaphat,
1142 3586 1448 3654 sepulcrum
1501 3588 1615 3654 ejus
1676 3591 2011 3645 continens:
2050 3593 2203 3661 cujus

619 3672 685 3725 ad
715 3674 959 3728 dextram
999 3674 1066 3729 de
1099 3692 1230 3745 rupe
1275 3679 1473 3733 montis
1520 3682 1710 3735 Uliveti
1747 3684 1931 3738 excisa
1960 3693 2012 3739 ct
2043 3702 2199 3756 sepa-

620 3773 734 3817 rata
766 3764 963 3819 domus
1015 3768 1124 3820 duo
1176 3779 1367 3821 cavata
1426 3770 1586 3825 habet
1640 3774 1909 3841 sepulcra,
1945 3776 2047 3829 hoc
2089 3788 2194 3843 est,

622 3856 895 3913 Simeonis
942 3859 1107 3924 senis,
1156 3869 1211 3914 et
1265 3859 1462 3931 Josi-ph
1511 3876 1713 3919 sancta:
1757 3866 1940 3922 Maria:
1988 3871 2193 3939 Sponsi.

621 3948 675 4002 lu
707 3949 894 4002 eadem
931 3950 1070 4005 valle
1103 3950 1314 4009 Sancta:
1345 3953 1525 4010 Mariae
1560 3958 1785 4013 rotunda
1818 3969 1903 4015 est
1942 3960 2198 4029 ecclesia,

618 4042 829 4110 lapideo
895 4046 1136 4102 tabulato
1194 4048 1450 4115 discreta,
1504 4051 1663 4121 cujus
1721 4056 1775 4107 in
1830 4056 2201 4123 superioribus

616 4145 846 4202 quatuor
910 4140 1125 4205 altaria,
1164 4142 1215 4195 in
1246 4142 1596 4200 inferioribus
1644 4162 1807 4200 unum
1860 4147 2196 4211 habeturin

615 4228 864 4284 orientali
905 4231 1079 4299 plaga,
1115 4246 1170 4289 et
1200 4238 1267 4289 ad
1318 4237 1437 4305 ejus
1481 4238 1727 4293 dextram
1786 4252 2195 4296 monumentum

615 4330 701 4374 est
755 4336 1005 4388 vacuum,
1064 4325 1116 4378 in
1172 4343 1279 4395 quo
1331 4338 1519 4383 sancta
1581 4330 1747 4386 Maria
1797 4333 1889 4387 Dei
1949 4332 2197 4389 Genitrix

615 4413 929 4481 aliquandiu
963 4430 1221 4483 pausasse
1246 4420 1476 4477 dicitur:
1509 4422 1603 4475 sed
1648 4438 1680 4476 a
1724 4440 1831 4493 quo
1866 4426 1949 4480 vel
1981 4429 2198 4496 quando

615 4507 687 4558 sit
750 4505 928 4561 ablata
1006 4510 1263 4566 nescitur.
1334 4512 1489 4568 Hanc
1556 4515 1823 4572 intrantes
1894 4518 2076 4573 vident
2129 4521 2197 4576 ad

612 4597 857 4652 dextram
894 4598 1160 4657 insertam
1192 4604 1383 4673 parieti
1417 4617 1650 4677 petram,
1681 4608 1732 4663 iu
1781 4625 1886 4679 qua
1936 4610 2195 4671 Dominus

614 4702 794 4757 nocte,
826 4709 930 4763 qua
998 4697 1334 4763 tradebatur,
1396 4701 1595 4767 oravit,
1650 4703 1897 4775 vestigiis
1958 4722 2192 4776 genuum

610 4786 766 4851 quasi
795 4802 936 4841 cera:
966 4788 1110 4843 molli
1150 4789 1453 4861 impressis.

610 4948 740 5006 Car.
777 4948 862 5002 Vl.
884 4949 1254 5027 —_De__monte
1284 4953 1497 5027 Olivgeti,
1528 4966 1576 5009 et
1603 4957 1821 5011 ecclesia
1854 4958 1924 5012 ibi
1946 4959 2193 5027 fundata,

915 5022 1003 5075 ubi
1040 5022 1297 5078 Dominus
1338 5025 1407 5079 ad
1436 5026 1588 5081 cazlos
1622 5030 1902 5083 ascemlit.‘

679 5156 838 5211 Mons
893 5155 1192 5224 Olivaruni,
1241 5159 1388 5215 mille
1438 5161 1505 5215 ab
1555 5162 1891 5221 Hierusalem
1926 5168 2194 5225 discretus

610 5252 879 5319 passibus,
912 5253 1198 5310 altitudine
1231 5258 1400 5311 monti
1436 5255 1563 5312 Sion
1597 5275 1693 5327 par
1724 5270 1841 5325 est;
1876 5264 1969 5317 sed
2006 5264 2193 5319 latitu-

610 5347 737 5402 dine
789 5357 845 5402 et
904 5347 1240 5417 longitudine
1296 5359 1538 5417 praestat,
1594 5353 1835 5418 exceptis
1890 5356 2086 5410 vitibus
2138 5366 2193 5411 et

612 5441 789 5505 olivis,
824 5456 962 5495 rarae
994 5439 1143 5496 ferax
1180 5443 1415 5507 arboris,
1452 5442 1705 5497 frumenti
1738 5460 1951 5513 quoque
1981 5458 2033 5502 et
2065 5450 2192 5503 hor-

612 5530 695 5584 dei
752 5532 965 5587 fertilis.
1020 5531 1204 5603 Neque
1262 5537 1406 5589 enim
1463 5538 1717 5602 brucosa,
1754 5538 1847 5592 sed
1878 5540 2105 5595 herbosa
2137 5554 2192 5599 et

612 5618 795 5674 [lurida
825 5622 922 5677 soli
957 5623 1102 5677 illius
1135 5634 1216 5679 est
1246 5625 1503 5693 qualitas;
1548 5629 1605 5678 ln
1647 5626 1800 5697 cujus
1829 5642 2042 5682 summo
2071 5642 2191 5682 ver-

612 5713 739 5773 tice,
782 5715 869 5769 tibi
921 5715 1179 5770 Dominus
1228 5719 1294 5773 ad
1344 5720 1512 5772 cwlos
1547 5720 1815 5781 ascendit,
1850 5720 2079 5775 ecclesia
2112 5735 2191 5773 ro-

611 5804 773 5860 tunda
839 5808 1081 5877 grandis,
1139 5818 1321 5866 ternas
1385 5826 1479 5881 per
1537 5813 1820 5869 circuitum
1880 5824 2182 5870 cameratas

1571 368 1669 424 AD
1716 362 2127 424 MARTYROL
2193 360 2409 420 BEDE
2450 364 2935 427 APPENDICES.

3766 366 3902 433 “Si

2322 471 2486 526 habet
2538 476 2777 542 porticus
2829 475 3062 543 desuper
3128 485 3319 533 tectas.
3384 476 3616 536 Interior
3665 497 3907 553 namque

2313 564 2507 617 domus
2532 575 2749 633 propter
2782 565 3046 621 Dominici
3082 569 3327 636 corporis
3356 579 3592 625 meatum
3626 577 3904 629 camerari

2312 664 2366 710 et
2409 657 2513 724 tegi
2549 673 2654 709 non
2689 660 2883 726 potuit,
2914 659 3085 713 altare
3125 661 3190 713 ad
3234 662 3505 716 orientem
3556 662 3772 719 habens
3804 680 3900 718 an-

2312 759 2469 817 gusto
2500 750 2736 805 culmine
2786 764 3085 821 protectum
3117 773 3131 807 :
3161 755 3212 808 in
3266 754 3421 821 cujus
3476 757 3652 811 medio
3707 758 3901 812 ultima

2311 840 2521 895 Domini
2550 845 2771 913 vestigia
2802 845 2939 899 caelo
2974 846 3201 914 desuper
3232 855 3474 915 patente,
3508 847 3595 902 ubi
3628 854 3897 916 ascendit,

2314 932 2586 987 visuntur.
2625 937 2754 1000 Qua:
2807 953 2928 991 cum
2981 939 3217 1007 quotidie
3264 954 3294 993 a
3343 941 3693 996 credentibus
3749 952 3897 996 terra

2315 1024 2556 1091 tollatur,
2628 1027 2985 1083 nihilominus
3039 1040 3242 1094 manet,
3299 1032 3659 1100 eamdemque
3715 1035 3899 1088 adhuc

2312 1118 2549 1183 speciem
2603 1118 2761 1172 veluti
2805 1119 3082 1189 impressis
3127 1122 3335 1191 signata
3388 1124 3635 1193 vestigiis
3682 1135 3889 1181 servat.

2314 1206 2441 1263 llaec
2468 1209 2613 1264 circa
2644 1225 2783 1265 aerea
2828 1222 2945 1267 rota
2972 1211 3117 1280 jacet
3145 1230 3316 1283 usque
3354 1215 3422 1269 ad
3455 1216 3723 1270 cervicem
3759 1219 3888 1283 alia,

2313 1300 2380 1353 ab
2410 1315 2605 1355 occasu
2658 1303 2861 1359 habens
2901 1304 3204 1373 introitum,
3251 1309 3519 1376 pendente
3571 1308 3813 1378 desuper
3840 1312 3889 1363 in

2311 1392 2571 1447 trochleis
2626 1408 2814 1462 magna
2887 1395 3150 1466 lampade,
3187 1407 3407 1466 totaque
3464 1398 3553 1452 die
3610 1415 3679 1453 ac
3733 1412 3895 1455 nocte

2314 1478 2551 1535 lucente.
2603 1481 2660 1536 In
2694 1484 3014 1539 occidentali
3055 1485 3295 1555 ejusdem
3354 1487 3595 1542 ecclesia:
3625 1499 3785 1557 parte
3818 1489 3890 1543 le-

2312 1582 2511 1626 nestra:
2565 1583 2711 1638 octo,
2763 1576 3092 1647 totidemque
3152 1593 3183 1633 e
3239 1579 3460 1647 regione
3500 1580 3782 1648 lampades
3836 1583 3888 1635 in

2309 1662 2531 1718 funibus
2562 1666 2856 1733 pendentes
2883 1684 3053 1737 usque
3085 1668 3512 1739 Hierosolymam
3554 1685 3651 1737 per
3689 1673 3887 1725 vitrum

2308 1754 2533 1826 fulgent,
2568 1774 2795 1826 quarum
2835 1759 2922 1814 lux
2954 1762 3116 1815 corda
3150 1761 3473 1815 intuentium
3499 1776 3620 1816 cum
3648 1764 3884 1831 quadam

2309 1847 2594 1906 alacritate
2649 1861 2703 1905 et
2758 1854 3171 1922 conipunctiouc
3224 1853 3541 1923 pavefacere
3575 1854 3799 1907 dicitur.
3829 1855 3882 1907 In

2309 1938 2395 1994 die
2428 1940 2776 1998 Ascensionis
2805 1943 3114 2011 Dominicaa,
3134 1958 3229 2014 per
3260 1959 3428 1999 annos
3452 1944 3694 2013 singulos
3723 1946 3883 2000 missa

2310 2046 2548 2110 peracta,
2578 2036 2738 2090 validi
2789 2036 3021 2092 ﬂaminis
3076 2037 3310 2107 procella
3358 2038 3647 2092 desursum
3692 2038 3877 2092 venire

2307 2129 2613 2195 consuevit,
2660 2138 2715 2182 et
2763 2142 2952 2182 omnes
2995 2129 3084 2196 qui
3119 2129 3172 2183 in
3210 2129 3440 2182 ecclesia
3472 2128 3695 2193 fuerint,
3736 2138 3881 2182 terra

2308 2233 2680 2293 prosternere.
2719 2220 2850 2275 Tota
2887 2221 2955 2275 ibi
3000 2220 3089 2274 illa
3126 2230 3281 2275 nocte
3311 2222 3549 2275 lucerna:
3576 2221 3790 2284 ardent,
3823 2231 3878 2273 ut

2308 2328 2415 2366 non
2440 2312 2700 2366 illustrari
2734 2320 2965 2375 tantum,
2996 2312 3090 2366 sed
3123 2322 3179 2367 et
3208 2313 3397 2367 ardere
3432 2326 3590 2366 mons
3622 2326 3722 2381 per
3750 2327 3880 2380 sup-

2308 2407 2480 2477 posita
2540 2406 2655 2460 loca
2711 2406 3015 2461 videantur.
3051 2405 3114 2460 Et
3168 2405 3329 2476 hujus
3382 2420 3601 2475 quoque
3650 2404 3881 2461 basilica:

2309 2500 2535 2569 liguram
2570 2513 2679 2567 prae
2708 2497 2879 2551 oculis
2911 2497 3204 2567 depingere
3233 2497 3452 2566 placuit.

2769 2589 2943 2659 (Deest
2973 2590 3146 2658 figura
3170 2590 3224 2641 in
3266 2587 3416 2656 mss.)

2378 2683 2783 2738 Monumentum
2840 2681 3030 2736 Lazari
3075 2681 3303 2736 ecclesia
3353 2681 3550 2735 ibidem
3599 2690 3874 2735 exstructa

2308 2775 2670 2839 demonstrat,
2728 2784 2782 2828 et
2844 2774 3228 2828 monasterium
3290 2773 3498 2842 grande
3568 2771 3622 2826 iti
3689 2786 3876 2839 campo

2308 2868 2540 2936 quodam
2590 2866 2884 2929 Bethaniae,
2926 2882 3115 2935 magna
3146 2866 3416 2920 Olivarum
3470 2864 3602 2918 silva
3649 2864 3879 2917 circum-

2309 2959 2514 3013 datum.
2554 2960 2644 3010 list
2695 2968 2872 3010 autem
2922 2955 3178 3009 Bethania
3216 2953 3524 3023 quindecim
3571 2952 3762 3007 stadiis
3808 2952 3875 3005 ab

2308 3048 2630 3103 Jerusalem.
2678 3048 2861 3101 Tertia
2936 3062 3149 3115 quoque
3224 3045 3464 3114 ejusdem
3536 3044 3735 3096 montis
3807 3043 3874 3095 ad

2309 3142 2601 3198 australem
2674 3139 2953 3194 Bethania:
3029 3152 3233 3204 partem
3302 3136 3533 3191 ecclesia
3606 3142 3712 3198 est,
3785 3134 3872 3187 ubi

2310 3235 2569 3288 Dominus
2615 3244 2742 3287 ante
2789 3234 3096 3303 passionem
3145 3230 3422 3301 discipulis
3464 3231 3528 3285 de
3563 3229 3649 3284 die
3686 3228 3876 3298 judicii

2306 3324 2565 3394 loquitur.

2302 3474 2433 3531 CAP.
2470 3473 2582 3529 νη.
2613 3503 2683 3514 ——
2716 3473 2790 3526 De
2825 3475 2928 3526 situ
2980 3472 3265 3536 Bethleem,
3297 3484 3342 3525 et
3389 3474 3452 3527 de
3507 3472 3729 3527 ecclesia
3788 3473 3873 3525 tibi

2377 3556 2533 3598 natus
2563 3546 2661 3609 fuit
2701 3546 2974 3605 Dominus,
3013 3556 3058 3596 et
3085 3546 3148 3597 de
3174 3544 3425 3612 sepulcris
3458 3544 3622 3597 David
3652 3554 3699 3597 et
3742 3540 3871 3595 llic-

2378 3617 2605 3684 ronymi,
2641 3627 2685 3668 et
2716 3616 2881 3667 trium
2913 3626 3205 3681 pastorum.

2377 3777 2671 3841 Bethleem,
2716 3791 2809 3831 sex
2860 3776 3094 3830 millibus
3162 3775 3213 3829 iti
3284 3784 3522 3828 austrum
3566 3773 3636 3828 ab
3689 3772 3873 3827 llicro-

2302 3870 2508 3939 Solyma
2540 3878 2767 3934 secreta,
2803 3872 2854 3922 in
2890 3868 3050 3922 dorso
3082 3869 3184 3921 sita
3216 3877 3298 3921 est
3342 3876 3565 3935 angusto
3616 3881 3683 3919 ex
3726 3866 3868 3919 omni

2304 3974 2458 4032 parte
2497 3960 2724 4015 vallibus
2751 3961 3108 4026 circumdato,
3129 3962 3196 4015 ab
3222 3960 3496 4015 occidente
3528 3960 3578 4012 in
3608 3960 3865 4012 orientem

2301 4051 2450 4106 mille
2501 4052 2750 4120 passibus
2798 4052 2977 4122 longa,
3030 4052 3217 4106 humili
3274 4052 3392 4105 sine
3442 4049 3679 4103 turribus
3720 4063 3868 4101 muro

2302 4160 2398 4214 per
2457 4154 2700 4199 extrema
2758 4145 2901 4214 plani
2969 4144 3192 4199 verticis
3246 4144 3541 4207 instructo,
3602 4140 3659 4194 in
3717 4138 3865 4207 cujus

2300 4237 2548 4291 orientali
2596 4237 2811 4307 angulo,
2845 4237 2999 4306 quasi
3043 4237 3311 4306 quoddam
3359 4234 3600 4288 naturale
3632 4233 3863 4286 semian-

2302 4340 2444 4384 trum
2485 4310 2588 4396 est,
2621 4332 2774 4399 cujus
2800 4333 3041 4386 exterior
3084 4345 3207 4400 pars
3257 4329 3547 4382 nativitatis
3582 4325 3863 4379 Dominicz

2300 4424 2469 4479 fuisse
2512 4424 2712 4479 dicitur
2765 4424 2932 4489 locus,
2976 4423 3200 4477 interior
3239 4421 3485 4489 Praesepe
3538 4418 3743 4471 Domini
3772 4434 3863 4471 no-

2302 4518 2561 4570 minatur.
2592 4515 2717 4570 Hrec
2743 4518 2997 4585 Spelunca
3034 4524 3145 4570 tota
3198 4514 3421 4569 interius
3449 4512 3685 4580 pretioso
3724 4526 3865 4563 mar-
3948 4552 3951 4557 .

2300 4622 2452 4662 more
2485 4617 2646 4671 tecta,
2680 4621 2841 4675 supra
2874 4606 3049 4675 ipsum
3076 4605 3250 4660 locum
3299 4605 3389 4659 ubi
3427 4604 3681 4659 Dominus
3711 4612 3863 4655 natus

2298 4698 2586 4765 specialius
2614 4698 2869 4762 traditur,
2914 4696 3126 4752 Sancta:
3174 4695 3356 4750 Maria:
3401 4695 3653 4766 grandem
3696 4702 3865 4762 gestat

2298 4790 2606 4846 ecclesiam.
2668 4790 2826 4844 Petra
2876 4790 3027 4859 juxta
3094 4804 3305 4842 tnurum
3368 4797 3577 4851 cavata,
3633 4785 3861 4854 primum

2300 4884 2563 4939 Dominici
2638 4883 2882 4953 corporis
2949 4883 3222 4937 lavacrum
3288 4880 3354 4935 de
3415 4892 3566 4931 muro
3641 4875 3861 4929 missum

2296 4978 2616 5045 suscipiens,
2676 4975 2938 5030 hactenus
2989 4983 3169 5029 servat
3224 4990 3237 5027 :
3291 4987 3409 5041 qua:
3462 4971 3506 5025 si
3559 4983 3662 5038 qua
3728 4968 3861 5023 forte

2295 5071 2580 5125 occasione
2610 5072 2689 5124 vel
2718 5069 2981 5123 industria
3017 5068 3178 5123 luerit
3201 5067 3483 5127 exhausta,
3520 5062 3860 5117 nihilominus

2295 5163 2572 5227 continuo,
2625 5163 2752 5217 dum
2810 5162 3050 5231 respicit,
3099 5163 3238 5215 sicut
3291 5167 3411 5213 ante
3463 5156 3656 5221 fuerat,
3711 5154 3857 5224 plena

2296 5257 2578 5311 redundat.
2622 5256 2701 5310 Ad
2752 5251 3055 5325 aquilonem
3115 5254 3387 5309 Bethleem
3429 5252 3480 5307 iu
3522 5250 3658 5304 valle
3687 5248 3853 5302 conti-

2295 5364 2418 5419 gua,
2444 5349 2751 5417 sepulcrum
2776 5347 2939 5401 David
2961 5348 3010 5401 iti
3027 5348 3204 5402 medio
3223 5346 3460 5401 ecclesia:
3479 5342 3660 5397 humili
3690 5340 3857 5409 lapide

2297 5440 2513 5505 tegitur,
2544 5440 2790 5506 lampade
2834 5441 3173 5507 superposita
3209 5456 3223 5490 :
3256 5438 3321 5490 ad
3370 5443 3608 5490 austrum
3644 5448 3765 5485 vero
3808 5432 3852 5483 in

2294 5530 2433 5584 valle
2472 5531 2721 5598 contigua
2756 5531 2807 5584 in
2841 5531 3095 5597 ecclesia,
3122 5537 3424 5600 sepulcrum
3451 5530 3508 5582 S.
3531 5525 3851 5592 llicrOuyuii.

2294 5622 2465 5677 Porro
2506 5626 2571 5679 ad
2619 5626 2883 5679 orientem
2945 5626 2995 5680 in
3056 5636 3201 5679 turre
3254 5626 3413 5688 Ader,
3454 5623 3505 5676 id
3540 5630 3622 5676 est
3671 5622 3850 5686 gregis.

2296 5718 2440 5772 inille
2501 5718 2748 5788 passibus
2803 5733 2832 5772 a
2870 5719 3085 5773 civitate
3136 5727 3410 5788 segregata
3476 5725 3556 5770 est
3613 5714 3849 5773 ecclesia,

2300 5812 2459 5869 trium
2518 5823 2794 5882 pastorum
2856 5815 3145 5870 DOIIIllllCLC
3186 5812 3484 5869 nativitatis
3525 5810 3851 5867 consciorum
