4110 6464
197 260 383 325 4185

237 384 581 429 monumenta
641 364 938 434 continens.
996 378 1117 434 Haec
1185 380 1499 436 relationem
1555 377 1812 447 Arculphi

236 465 529 521 Galliarum
553 469 790 539 episcopi
815 483 1033 528 secutus
1058 473 1305 528 dixerim.
1326 473 1592 528 Caeterum
1623 473 1819 525 Esdras

236 567 425 626 aperte
475 560 685 626 scribit,
719 563 770 616 in
820 561 1120 618 Jerusalem
1174 565 1340 619 David
1369 580 1489 620 esse
1524 565 1818 634 sepultum,

236 649 324 702 via
361 651 529 721 regia,
566 666 684 720 quac
715 654 782 708 ab
823 653 964 708 IElia
1015 654 1266 710 Chebron
1301 656 1467 721 ducit,
1506 655 1575 710 ab
1609 655 1820 710 oriente

237 739 536 806 Bethleem,
587 745 656 798 ab
705 747 981 802 occidente
1013 750 1319 821 sepulcrum
1352 748 1552 805 Rachel
1586 750 1817 817 habens,

239 833 396 886 titulo
424 835 658 890 nominis
691 837 808 908 ejus
841 856 1010 912 usque
1037 843 1197 900 hodie
1228 847 1520 917 signatum.

161 1017 164 1019 Α
233 968 365 1024 Car.
401 943 607 1025 \’III.-:-
627 972 704 1028 De
723 975 826 1029 situ
853 975 1115 1102 Ceeb‘zq‘n,
1148 991 1196 1035 et
1231 987 1584 1040 monumentis
1605 997 1817 1053 patrum

877 1064 905 1102 ε
1072 1067 1176 1102 am.

877 1064 926 1102 ﬂ
985 1064 1176 1106 Αααηι.

305 1174 559 1233 Chebron
593 1179 644 1233 iu
682 1184 856 1253 campi
886 1184 1170 1244 latitudine
1201 1189 1303 1245 sita
1349 1199 1451 1255 est,
1489 1203 1546 1248 et
1574 1194 1641 1250 ab
1671 1195 1813 1252 Ailia

234 1265 424 1333 viginti
459 1271 669 1327 duobus
696 1258 931 1332 titillibus
960 1291 1210 1349 separata
1245 1299 1258 1336 :
1293 1299 1402 1340 uno
1447 1287 1513 1340 ad
1551 1287 1813 1344 orientem

233 1357 415 1412 Stadio
472 1362 785 1429 speluncam
847 1366 1116 1436 duplicem
1184 1372 1235 1426 in
1300 1374 1436 1430 valle
1490 1376 1673 1444 habet,
1722 1379 1813 1434 ubi

233 1449 482 1518 sepulcra
513 1455 940 1522 patriarcharum
975 1463 1240 1530 quadrato
1281 1481 1436 1523 muro
1468 1470 1814 1526 circumdan-

235 1548 346 1603 tur,
379 1543 644 1611 capitibus
681 1548 850 1603 versis
879 1550 944 1603 ad
979 1553 1286 1621 aquilonem
1317 1573 1331 1610 :
1361 1565 1416 1612 et
1449 1559 1563 1614 haec
1603 1560 1812 1630 singula

232 1627 467 1719 singulis
529 1641 666 1689 tecta
724 1635 993 1707 lapidibus
1050 1643 1226 1700 instar
1295 1646 1535 1704 basilicae
1593 1627 1811 1719 donas,

234 1718 400 1775 trium
449 1725 882 1791 patriarcharum
939 1733 1184 1790 candidis
1217 1752 1232 1788 :
1264 1737 1435 1793 Adam
1483 1718 1816 1800 obscurioris

233 1819 291 1863 et
340 1811 549 1870 vilioris
596 1819 798 1886 operis,
835 1823 925 1891 qui
986 1824 1129 1880 haud
1177 1827 1336 1899 longe
1374 1830 1442 1884 ab
1489 1831 1592 1886 illis
1619 1834 1686 1889 ad
1720 1835 1815 1891 bo-

236 1903 441 1996 realem
504 1919 910 1983 extremamque
966 1918 1104 1973 muri
1155 1919 1297 1976 illius
1354 1933 1562 1992 partem
1598 1937 1810 1996 pausat.

234 1989 428 2049 Trium
453 2011 670 2068 quoque
700 2000 1024 2058 feminarum
1058 2005 1297 2081 viliores]
1321 1989 1374 2065 et
1417 1989 1655 2070 minores
1701 2031 1817 2073 me-

237 2089 428 2144 moria;
467 2101 786 2151 cernuntur.
815 2095 1057 2156 Mambre
1110 2103 1264 2158 collis
1311 2105 1454 2160 mille
1498 2107 1750 2176 passibus
1786 2125 1816 2163 a

236 2187 605 2240 monumentis
653 2186 738 2243 his
801 2189 869 2244 ad
927 2189 1170 2261 boream,
1233 2193 1498 2251 herbosus
1554 2197 1709 2252 valde
1766 2205 1820 2252 et

235 2269 486 2338 ﬂoridus,
516 2287 876 2346 campestrem
928 2281 1134 2338 habens
1180 2286 1231 2338 in
1282 2287 1482 2341 vertice
1511 2288 1814 2358 planitiem,

235 2364 293 2418 in
326 2365 480 2435 cujus
528 2368 820 2436 aquilonali
861 2383 1014 2441 parte
1045 2389 1280 2444 quercus
1330 2378 1564 2434 Abrahae
1591 2382 1816 2436 duorum

232 2455 518 2513 hominum
572 2461 877 2522 altitudinis
936 2476 1160 2523 truncus
1211 2471 1442 2526 ecclesia
1482 2474 1816 2528 circumdata

229 2558 343 2604 est.
388 2550 799 2620 Egredientibus
843 2569 966 2612 vero
1010 2558 1257 2616 Chebron
1299 2563 1362 2617 ad
1415 2565 1724 2634 aquilonem
1763 2567 1815 2620 iu

232 2640 460 2696 sinistra
503 2653 655 2712 parte
703 2646 800 2701 via:
850 2652 1090 2704 occurrit
1124 2668 1278 2708 mons
1331 2655 1815 2728 pinosus,parvns,

233 2730 415 2786 tribus
447 2733 682 2789 millibus
731 2752 988 2806 passuum
1020 2756 1048 2793 a
1077 2741 1351 2809 Chebron,
1385 2749 1526 2802 unde
1563 2747 1818 2805 llicroso-

232 2820 439 2891 lymatn
488 2824 642 2892 pinea
698 2827 840 2898 ligna
895 2830 1146 2887 feruntur
1179 2836 1232 2889 itt
1291 2839 1561 2894 camelis:
1601 2859 1725 2896 nam
1765 2847 1815 2897 in

231 2913 385 2968 omni
413 2911 597 2970 Iudaea
629 2918 868 2986 plaustra
905 2923 989 2976 vel
1020 2939 1215 2981 currus
1248 2943 1374 2983 raro
1407 2930 1564 2986 ﬁunt.

233 3076 369 3132 CAP.
393 3078 484 3133 IX.
522 3110 591 3121 —
624 3081 702 3136 De
741 3082 1008 3148 Hiericho,
1053 3096 1101 3140 et
1143 3087 1273 3141 locis
1323 3089 1556 3158 ejusdem
1593 3096 1813 3150 sanctis.

311 3212 566 3270 Hiericho
607 3217 676 3272 ab
730 3217 872 3273 [Elia
921 3221 1182 3275 orientem
1226 3238 1413 3279 versus
1445 3229 1814 3284 novemdccitn

236 3307 384 3362 mille
415 3309 662 3377 passibus
702 3311 872 3376 abest,
897 3326 1000 3380 qua
1031 3315 1189 3368 tertio
1219 3316 1284 3368 ad
1316 3317 1486 3372 solum
1514 3320 1814 3386 destructa,

231 3399 347 3454 sola
402 3402 592 3456 domus
633 3401 794 3455 Raab
842 3403 910 3458 ob
957 3406 1168 3475 signum
1201 3407 1323 3462 lidei
1377 3423 1663 3468 remanet:
1700 3419 1817 3482 ejus

235 3493 384 3547 enim
427 3494 600 3548 adlme
640 3495 870 3563 parietes
919 3497 1035 3552 sine
1085 3499 1320 3555 culmine
1377 3503 1591 3559 durant.
1639 3505 1815 3564 Locus

236 3585 390 3640 urbis
417 3593 624 3654 segetes
657 3597 710 3641 et
738 3588 921 3643 vineas
954 3591 1161 3660 recipit.
1195 3591 1336 3646 Inter
1374 3594 1512 3649 hanc
1543 3606 1595 3650 et
1625 3595 1816 3651 Iorda-

237 3689 383 3735 nem,
408 3677 647 3745 quinque
681 3678 764 3732 vel
804 3693 897 3732 sex
943 3680 1012 3736 ab
1065 3695 1154 3734 ea
1184 3682 1420 3737 millibus
1481 3697 1812 3754 separatum,

235 3766 457 3836 grandia
495 3777 622 3822 sunt
672 3769 900 3837 palmeta
954 3774 1217 3841 campulis
1275 3777 1607 3846 interpositis
1639 3790 1691 3834 et
1725 3781 1814 3835 iu-

237 3858 634 3914 Iiabitatoribus
669 3859 1014 3917 Chananazis.
1073 3864 1358 3920 Duodecim
1407 3868 1636 3938 lapides,
1674 3889 1814 3941 quos

232 3945 403 4002 Josue
427 3948 494 4003 de
518 3948 756 4006 Iordane
802 3952 913 4007 tolli
960 3965 1306 4023 prteceperat,
1352 3959 1402 4012 in
1429 3961 1656 4014 ecclesia
1691 3961 1816 4016 Gal-

236 4039 374 4108 galis
417 4040 556 4096 facta
613 4043 940 4099 al:riusecus
988 4043 1138 4114 juxta
1183 4049 1416 4115 parietes
1454 4051 1696 4121 ejusdem
1728 4055 1815 4124 ja-

232 4146 379 4200 ceut,
427 4137 514 4192 vix
571 4139 766 4210 singuli
826 4157 974 4197 nunc
1029 4143 1240 4200 duobus
1307 4147 1439 4202 viris
1499 4149 1809 4217 elevabiles,

231 4243 464 4296 quorum
523 4245 664 4284 unus
707 4232 890 4286 nescio
939 4247 1045 4302 quo
1107 4249 1234 4288 casu
1282 4235 1507 4302 fractus,
1542 4241 1633 4294 sed
1667 4239 1814 4296 ferro

236 4322 538 4378 medicante
567 4321 950 4392 reconjunctus
975 4335 1080 4380 est.
1109 4327 1202 4380 Est
1225 4327 1378 4394 juxta
1409 4328 1663 4385 Iliericho
1694 4331 1814 4387 l'ons

234 4415 370 4468 uber
399 4415 463 4468 ad
495 4424 702 4485 potttm,
740 4416 954 4486 pinguis
982 4418 1048 4472 ad
1098 4418 1469 4490 irrigandum;
1516 4424 1606 4492 qui
1642 4440 1814 4493 quon-

229 4507 358 4562 dam
407 4507 607 4564 sterilis
651 4510 718 4562 ad
771 4511 1162 4578 generandum,
1213 4527 1400 4581 parum
1462 4515 1695 4570 salubris
1745 4517 1812 4572 ad

231 4599 554 4666 potandum,
588 4614 684 4668 per
711 4600 965 4655 Elisaaum
1016 4604 1332 4672 prophetam
1369 4605 1494 4658 dum
1531 4621 1627 4660 vas
1682 4606 1813 4662 salis

227 4691 288 4746 in
339 4707 462 4746 eum
520 4692 789 4760 mitteret,
842 4704 1064 4750 sanatus
1122 4703 1227 4752 est.
1292 4695 1535 4766 Denique
1588 4713 1811 4768 campus

231 4782 584 4855 circumjacet
611 4787 948 4856 septuaginta
979 4788 1277 4844 stadiorum
1311 4789 1362 4844 in
1392 4791 1808 4862 longitudinem.

232 4889 292 4934 et
327 4877 515 4949 viginti
569 4879 620 4934 in
660 4880 1000 4934 latitudinem
1052 4891 1265 4951 patens,
1295 4882 1345 4936 in
1382 4898 1490 4952 quo
1543 4885 1813 4939 mirabilis

235 4972 518 5026 hortorum
556 4972 748 5042 gratia,
790 4973 942 5027 varia
974 4973 1269 5042 palmarum
1298 4991 1517 5045 genera,
1550 4987 1804 5047 praestan-

229 5063 430 5118 tissimi
483 5079 641 5134 apum
702 5063 867 5120 fetus.
917 5065 1034 5120 Illic
1084 5067 1493 5134 opobalsamum
1551 5071 1809 5141 gignitur,

229 5156 376 5224 quod
411 5156 530 5210 ideo
579 5171 696 5210 cum
745 5158 1047 5227 adjectione
1082 5159 1468 5228 signiﬁcamus,
1507 5163 1632 5230 quia
1664 5163 1808 5233 agri-

227 5248 364 5302 cola:
406 5250 608 5305 cortice
658 5260 843 5306 tenues
877 5251 1108 5321 virgulas
1157 5254 1332 5307 acutis
1369 5253 1637 5322 lapidibus
1671 5255 1811 5310 inci-

228 5339 391 5405 dunt,
427 5339 476 5392 in
517 5340 715 5411 quibus
757 5342 996 5396 balsama
1046 5354 1392 5410 generantur,
1443 5355 1500 5398 ut
1545 5362 1638 5415 per
1689 5347 1808 5400 illas

229 5445 496 5485 cavernas
566 5433 819 5501 paulatim
884 5434 1151 5488 distillans
1218 5435 1412 5489 humor
1470 5452 1528 5491 se
1587 5438 1807 5508 colligat

228 5521 487 5591 Iacrymis
523 5525 743 5590 pulchre
780 5527 1106 5580 rotantibus.
1137 5525 1378 5582 Caverna
1412 5540 1588 5582 autem
1615 5528 1804 5583 Grati-0

229 5612 452 5666 nomine
480 5612 588 5683 ὀπὴ
617 5614 829 5668 dicitur.
853 5613 959 5668 Illic
991 5630 1234 5685 cyprum,
1257 5615 1364 5671 illic
1394 5617 1804 5675 mvrobalauum

225 5704 380 5760 ttasri
419 5703 615 5760 ferunt.
660 5707 834 5775 Aqua,
870 5717 925 5759 ut
955 5716 1170 5774 cictcra,
1199 5707 1448 5775 fontium,
1484 5710 1590 5766 illic
1621 5720 1800 5765 tamen

1282 269 1377 330 DE
1442 269 1660 329 LOCIS
1707 265 2021 328 SANCTIS
2077 233 2469 331 Libertus.

1623 30 1636 31 κ
2171 20 2204 24 ---
2222 18 2226 20 ·
2273 16 2292 20 ⁵·

3376 275 3512 341 ll86

1931 380 2294 448 prmstautior,
2351 388 2539 434 testate
2590 377 2806 450 frigida,
2853 379 3032 436 hieme
3091 387 3278 451 tepens
3341 402 3354 438 :
3417 402 3511 442 aer

1930 472 2165 535 mollior,
2199 481 2251 526 ut
2291 487 2501 526 summa
2555 473 2732 528 hieme
2762 473 2924 529 lineis
2967 483 3194 529 utantur
3229 477 3512 533 indumen-

1931 563 2018 616 tis.
2049 562 2185 617 Urhs
2241 563 2351 632 ipsa
2399 563 2612 618 condita
2662 566 2714 618 in
2768 579 2982 633 campo,
3021 565 3108 620 cui
3142 567 3512 633 supereminet

1927 669 2086 710 mons
2125 654 2373 709 dill'usior
2396 663 2450 710 et
2485 657 2661 711 nudus
2698 657 3029 726 gignentium
3072 675 3086 712 :
3125 673 3329 726 aegrum
3364 661 3508 714 enim

1927 758 1982 806 et
2007 749 2250 819 jejunum
2283 749 2485 814 solum,
2513 757 2566 804 et
2595 750 2714 804 ideo
2746 751 2813 804 ab
2843 751 3035 805 inv-olis
3080 749 3380 806 desertum.
3412 749 3510 804 llic

1929 857 1957 896 a
2015 841 2361 912 Scythopolis
2410 842 2560 898 urbis
2628 851 2793 908 terra,
2853 857 3024 913 usque
3091 845 3157 897 ad
3229 845 3505 913 regionem

1930 932 2339 988 Sodomitanam
2397 941 2451 987 et
2506 933 2820 1002 Asphaltios
2877 936 3014 988 tiues
3069 932 3220 989 locus
3283 933 3509 988 ditl‘usus

1929 1025 2176 1081 habetur.
2207 1025 2485 1081 Adversus
2521 1027 2664 1081 hunc
2696 1041 2848 1081 mons
2878 1041 3041 1096 supra
3081 1025 3400 1086 Jordanem.
3438 1026 3506 1078 ab

1932 1117 2064 1171 urbe
2096 1116 2305 1172 Juliade
2329 1132 2506 1188 usque
2535 1118 2601 1173 ad
2631 1117 2836 1174 Zoaros
2883 1118 3096 1172 Arabiae
3128 1119 3181 1172 Ρι
3205 1131 3348 1172 trrcae
3383 1134 3510 1172 ron-

1928 1210 2188 1266 termiuos
2234 1219 2510 1277 extentus,
2561 1211 2653 1265 ubi
2708 1211 2872 1266 etiam
2925 1226 3084 1266 mons
3138 1218 3220 1264 est
3275 1209 3510 1265 Ferreus

1928 1309 2288 1370 nuncupatus.
2321 1298 2467 1355 Inter
2515 1301 2613 1355 hos
2645 1300 2781 1356 duos
2825 1310 3036 1355 montes
3069 1315 3292 1368 campus
3334 1301 3506 1368 jacet,

1928 1409 2086 1464 quem
2111 1404 2318 1449 veteres
2347 1392 2595 1463 Magnum
2624 1392 2985 1463 appellavere,
3014 1391 3280 1447 I-Iebraice
3323 1403 3502 1446 autem

1927 1485 2138 1550 Aulon;
2177 1486 2334 1556 cujus
2377 1486 2659 1557 longitudo
2720 1486 3079 1541 ducentorum
3127 1486 3346 1556 triginta
3395 1496 3508 1538 Sta-

1928 1579 2163 1646 diorum,
2198 1578 2424 1633 latitudo
2476 1589 2692 1633 centum
2735 1579 2924 1648 viginti
2960 1595 2973 1633 :
3006 1577 3294 1631 exordium
3333 1593 3360 1629 a
3391 1577 3509 1628 vim

1930 1670 2274 1739 Gennabara,
2306 1672 2430 1727 ﬁnis
2459 1686 2632 1742 usque
2671 1670 2737 1725 ad
2768 1669 3107 1738 Aspltaltiutn
3158 1670 3356 1726 lacum.
3388 1667 3507 1722 Jor-

1929 1763 2083 1818 danis
2127 1777 2250 1818 eum
2312 1762 2546 1817 medium
2614 1763 2928 1824 intersecat,
2962 1760 3324 1814 viridantibus
3379 1761 3510 1829 ripis

1927 1854 2167 1911 [luminis
2207 1854 2498 1920 alluvione,
2528 1853 2794 1923 siquidem
2847 1866 3011 1920 super
3064 1851 3210 1920 ripas
3243 1851 3505 1920 ejusdem,

1929 1945 2138 2001 fructus
2192 1946 2446 2000 arborum
2494 1945 2713 1999 uberior
2761 1951 2863 2009 est,
2896 1942 3030 1996 alias
3071 1941 3231 2012 longe
3257 1940 3449 1995 exiliur
3488 1958 3503 1996 :

1929 2037 2077 2093 arida
2105 2037 2246 2093 enim
2273 2045 2396 2092 sunt
2421 2036 2603 2092 omnia
2635 2043 2835 2106 praeter
2866 2048 3019 2089 oram
3047 2031 3303 2088 lluiniuis.

1927 2197 2056 2252 Car.
2098 2195 2164 2252 Χ.
2205 2226 2275 2236 -
2303 2195 2378 2251 De
2403 2195 2738 2319 Ιονάαηειεᾶ
2766 2195 2905 2250 mari
2937 2192 3176 2250 Galila'rc
3213 2193 3321 2250 sive
3352 2193 3507 2248 Tibe-

2623 2284 2701 2319 na
2743 2283 2823 2319 os.

2623 2283 2823 2321 ηααοε.

1996 2403 2170 2473 Ipsius
2200 2400 2454 2458 Jordauis
2489 2401 2773 2458 exordium
2807 2401 2967 2473 vulgo
3020 2409 3238 2469 putatur
3276 2399 3330 2453 in
3376 2412 3504 2468 pro-

1924 2492 2101 2548 vincia
2155 2493 2433 2556 Phoenice,
2483 2492 2547 2545 ad
2613 2492 2820 2546 radices
2881 2491 3080 2545 montis
3136 2489 3346 2552 Libani,
3409 2490 3498 2542 ubi

1926 2584 2178 2649 Pani'um,
2216 2585 2266 2639 id
2298 2594 2378 2640 est
2406 2584 2653 2639 Caesarea
2686 2583 2936 2652 Philippi,
2965 2584 3068 2636 sila
3105 2591 3212 2636 est.
3245 2581 3402 2636 Unde
3448 2589 3506 2636 et

1927 2678 2067 2733 idem
2129 2678 2375 2742 Panium,
2411 2679 2514 2731 hoc
2572 2686 2677 2742 est,
2712 2675 2986 2744 spelaeum,
3031 2689 3126 2742 per
3184 2673 3324 2742 quod
3383 2688 3504 2728 sese

1927 2771 2123 2825 attollit
2147 2769 2423 2836 Iordanis,
2452 2783 2482 2822 a
2518 2782 2644 2837 rege
2670 2765 2905 2838 Agrippa
2955 2767 3152 2820 decore
3197 2763 3501 2818 admirabili

1927 2875 2266 2917 exstructum
2321 2870 2774 2928 vennstatumque
2814 2857 3144 2927 accepimus.
3194 2855 3286 2909 Est
3320 2864 3499 2908 autem

1927 2954 1979 3008 in
2021 2952 2411 3007 Trachonitide
2444 2959 2586 3005 terra
2621 2951 2743 3004 fons
2793 2957 2924 3002 rota:
2970 2947 3285 3016 qualitatem
3320 2945 3503 3012 expri-

1927 3067 2100 3117 mens,
2135 3051 2275 3104 unde
2306 3057 2357 3104 et
2386 3047 2586 3103 Phialx
2635 3061 2827 3101 nomen
2874 3044 3104 3114 accepit,
3138 3042 3444 3114 quindecim
3473 3056 3502 3093 a

1925 3143 2168 3198 Ctesarea
2202 3141 2464 3195 .millibus
2511 3153 2770 3208 passuum
2821 3137 3113 3198 discretus,
3155 3135 3237 3190 ita
3299 3133 3507 3203 jugitir

1925 3235 2118 3304 plenus
2149 3247 2436 3302 aquarum,
2471 3240 2530 3284 tit
2565 3243 2740 3298 neque
2797 3226 3153 3294 superﬂuant,
3191 3239 3366 3293 neque
3395 3240 3499 3277 llll-

1923 3341 2089 3398 quam
2152 3325 2486 3378 minuantur.
2543 3319 2601 3376 In
2662 3321 2806 3374 hunc
2861 3319 3146 3388 Philippus
3200 3318 3504 3372 tetrarches

1923 3404 2166 3486 ejusdem
2204 3416 2436 3484 regionis
2482 3413 2665 3485 paleas
2715 3412 2885 3477 misit,
2921 3427 3055 3480 quas
3101 3411 3156 3464 in
3193 3410 3360 3464 Panio
3399 3408 3505 3461 llu-

1924 3510 2042 3564 vius
2091 3507 2353 3563 ebullivit.
2408 3504 2565 3562 Unde
2617 3505 2788 3576 liquet
2838 3505 2891 3560 in
2927 3503 3113 3557 Phiala
3168 3501 3496 3572 principium

1923 3617 2044 3656 esse
2104 3599 2378 3667 Iordanis,
2430 3600 2523 3655 sed
2559 3609 2679 3669 post
2726 3599 3115 3653 subterraneos
3177 3607 3387 3652 meatus
3446 3597 3498 3650 in

1922 3693 2096 3749 Panio
2124 3693 2356 3763 coepisse
2390 3692 2672 3756 ﬂuentum,
2705 3691 2795 3761 qui
2829 3707 2952 3745 mox
2988 3691 3160 3770 lacum
3197 3691 3501 3761 ingressus,

1923 3785 2149 3857 paludes
2183 3786 2304 3855 ejus
2338 3783 2632 3838 intersecat
2662 3801 2675 3837 :
2710 3783 2833 3838 inde
2865 3797 3079 3852 quoque
3135 3793 3328 3836 cursus
3373 3797 3503 3836 suos

1923 3879 2186 3952 dirigens,
2226 3879 2534 3948 quindecim
2569 3877 2732 3932 millia
2781 3892 3038 3946 passuum
3089 3877 3207 3932 sine
3260 3875 3364 3930 ulla
3418 3875 3502 3930 itt-

1928 3970 2226 4025 terl'usione
2248 3968 2593 4039 progreditur
2615 3982 2790 4038 usque
2810 3972 2874 4020 ad
2901 3965 3088 4020 urbem
3108 3965 3192 4019 cui
3210 3963 3384 4018 .Iulias
3406 3979 3502 4018 uo-

1924 4076 2046 4114 men
2070 4069 2185 4115 est:
2207 4068 2393 4130 postea
2415 4057 2585 4113 lacum
2605 4055 2847 4112 Genesar
2865 4056 3044 4110 medio
3061 4055 3254 4109 transit
3269 4053 3496 4108 lluento.

1926 4151 2078 4207 Unde
2103 4151 2333 4220 plurima
2378 4151 2813 4220 circumvagatus
2845 4146 3213 4214 Asphaltium,
3253 4146 3358 4200 hoc
3391 4153 3497 4211 est,

1921 4243 2190 4298 Mortuum
2226 4258 2377 4298 mare
2425 4243 2724 4311 ingressus,
2760 4239 3057 4294 laudabiles
3097 4237 3275 4308 prodit
3305 4251 3497 4306 aquas.

1921 4336 2014 4389 Est
2047 4336 2190 4389 enim
2219 4334 2412 4389 coloris
2443 4333 2573 4400 allii,
2610 4333 2752 4387 sicut
2780 4331 2883 4398 lac,
2916 4339 2969 4385 et
3004 4331 3073 4385 ob
3109 4331 3208 4384 ltoc
3259 4330 3310 4384 itt
3359 4329 3498 4383 mari

1921 4428 2139 4483 Mortuo
2162 4427 2319 4497 longo
2347 4427 2562 4480 tramite
2595 4424 2940 4479 discernitur.
2973 4422 3068 4477 Est
3102 4429 3280 4476 autem
3319 4419 3500 4476 Geni:-

1921 4539 2034 4587 sar,
2073 4521 2124 4575 id
2157 4529 2259 4588 est,
2300 4534 2450 4574 mare
2505 4517 2740 4573 Galilzete
2799 4518 3012 4585 magnis
3061 4516 3213 4570 silvis
3265 4515 3502 4570 circum-

1923 4615 2136 4678 datum,
2169 4614 2223 4667 iu
2254 4613 2588 4681 longitudine
2636 4611 2838 4665 habens
2875 4617 3088 4662 centum
3140 4606 3500 4676 quadraginta

1920 4707 2093 4760 stadia
2127 4720 2281 4774 aqua:
2311 4703 2504 4769 dulcis,
2538 4712 2590 4757 et
2621 4701 2685 4754 ad
2732 4701 3024 4770 petandum
3061 4699 3279 4753 habilis.
3317 4697 3500 4768 Siqui-

1922 4797 2046 4850 dem
2102 4810 2202 4848 nec
2262 4794 2520 4863 palustris
2577 4791 2795 4859 uliginis
2847 4805 3088 4846 crassum
3153 4790 3354 4859 aliquid
3407 4801 3500 4843 aut

1924 4889 2198 4942 turbidum
2235 4887 2444 4956 recipit,
2475 4887 2601 4955 quia
2629 4899 2856 4939 areuoso
2889 4885 3126 4952 undique
3163 4884 3347 4937 littore
3384 4884 3496 4938 cir-

1919 4982 2263 5036 cumvenitur
2294 4997 2307 5033 :
2344 4979 2439 5036 sed
2489 4989 2544 5032 et
2595 4976 2825 5032 amoenis
2852 4978 3224 5031 circumdatur
3259 4976 3496 5044 Oppitlis,

1919 5073 1987 5127 ab
2014 5072 2224 5126 oriente
2249 5071 2462 5126 Juliade
2501 5080 2554 5125 et
2587 5069 2779 5137 Ilippo,
2811 5070 2877 5123 ab
2905 5069 3186 5122 occidente
3214 5066 3498 5120 Tiberiade

1921 5165 2076 5234 aquis
2111 5164 2300 5218 calidis
2339 5162 2539 5218 salubri
2565 5176 2792 5231 :geuera
2828 5176 3040 5229 quoque
3083 5161 3310 5228 piscium
3341 5171 3495 5228 gustu

1919 5269 1969 5309 et
2000 5258 2180 5324 specie
2211 5271 2372 5325 quam
2403 5255 2454 5308 in
2498 5254 2602 5307 alio
2631 5255 2748 5306 lacu
2784 5253 3181 5307 praestantiora.

1917 5416 2044 5472 (lar.
2085 5415 2173 5470 XI.
2205 5446 2274 5456 —
2306 5417 2380 5472 De
2427 5417 2563 5469 mari
2607 5416 2837 5473 Mortuo.
2867 5424 2915 5468 et
2964 5426 3158 5468 natura
3205 5413 3343 5482 ejus,
3394 5414 3497 5467 sire

2452 5488 2746 5554 adjnccutis
2780 5499 2954 5540 terrae.

1987 5619 2139 5675 Mare
2175 5618 2442 5674 Morinum
2471 5619 2806 5690 longitudine
2839 5609 3147 5674 stadiorum
3170 5617 3495 5687 quingento-

1932 5729 2049 5769 rum
2079 5715 2347 5784 octoginta
2386 5729 2553 5784 usque
2599 5713 2664 5768 ad
2698 5711 2902 5768 Zoaros
2951 5712 3180 5779 Arabiae,
3214 5711 3499 5767 latitudine
