4110 6448
692 264 828 328 1187

689 389 906 434 rentum
942 378 1327 449 quinquaginta
1360 394 1525 449 usque
1564 380 1631 435 ad
1681 382 1854 434 vicina
1906 380 2267 435 Sodomorum

690 474 1049 541 protenditur.
1082 469 1215 524 Nam
1252 473 1397 527 etde
1440 472 1615 541 puteis
1642 473 1913 542 quondam
1968 473 2095 527 salis
2150 482 2271 542 post

687 566 935 620 Sodoma:
988 575 1038 617 et
1094 564 1411 619 Gomorrba:
1463 576 1518 619 et
1574 565 1853 618 civitatum
1920 566 2267 618 finitimarum

688 659 1114 711 combuStionem
1152 658 1445 711 inuudasse
1492 658 1857 712 certissimum
1895 669 1995 711 est.
2033 662 2271 728 Apparet

684 765 814 803 vero
848 750 1035 817 procul
1068 750 1133 804 de
1176 750 1390 818 specula
1428 751 1624 804 montis
1658 750 1851 803 Olivcti
1899 751 2265 811 cernentibus,

684 842 825 906 quod
869 840 1128 894 fluctuum
1186 841 1464 894 collisione
1514 852 1865 903 commotum,
1903 840 2264 895 salsissimqu

683 933 829 1001 ejicit
881 934 979 995 sal,
1036 943 1089 987 et
1146 935 1247 987 huc
1303 933 1414 987 sole
1471 932 1729 985 siceatum
1764 933 2043 999 accipitur,
2084 933 2267 986 multis

681 1026 882 1094 ubique
934 1028 1241 1081 nationibus
1278 1027 1639 1095 profuturum.
1671 1028 1841 1078 Aliter
1886 1042 2013 1079 vero
2048 1028 2097 1077 in
2132 1041 2266 1092 quo-

682 1120 801 1168 dam
842 1119 1023 1170 Siruln
1062 1130 1243 1172 monte
1275 1120 1354 1172 sal
1392 1119 1504 1172 fieri
1544 1119 1760 1182 dicitur,
1804 1119 1890 1171 ubi
1944 1119 2170 1186 lapides,
2200 1118 2265 1169 de

684 1220 824 1264 terra
887 1212 1077 1274 cvulsi,
1133 1228 1314 1265 verum
1372 1212 1726 1266 salsissimum
1790 1211 1890 1274 sal,
1949 1222 2001 1265 et
2055 1210 2264 1263 cuuttis

683 1303 867 1354 usibus
917 1302 1256 1370 aptissimum
1296 1303 1592 1369 prmbeaut,
1629 1303 1768 1370 quod
1806 1317 1926 1355 esse
1973 1300 2051 1353 Sal
2104 1311 2261 1353 terrzc

682 1394 902 1446 dicitur.
964 1393 1230 1448 Mortuum
1280 1403 1460 1447 autem
1513 1408 1661 1446 mare
1723 1392 2054 1461 appellatur,
2120 1390 2262 1458 quod

681 1485 816 1538 nihil
874 1486 1096 1555 recipiat
1149 1500 1406 1555 generant
1462 1483 1784 1546 viventium,
1836 1500 2011 1551 neque
2063 1485 2259 1551 pisces,

680 1594 852 1648 neque
888 1590 1135 1634 assuetas
1158 1579 1312 1647 aquis
1338 1594 1498 1644 aves;
1532 1578 1669 1631 tauri
1699 1579 2000 1647 camelique
2025 1575 2258 1631 ﬂuitent.

683 1674 922 1740 Denique
972 1677 1016 1727 si
1074 1672 1325 1725 Jordanis
1381 1660 1572 1725 auctus
1626 1673 1888 1727 imbribus
1928 1672 2102 1741 pisces
2136 1671 2262 1724 illuc

682 1767 909 1819 influens
971 1768 1231 1834 rapuerit,
1264 1766 1446 1820 statim
1498 1767 1824 1827 moriuntur,
1871 1776 1921 1819 et
1976 1766 2261 1834 pinguibus

679 1860 833 1929 aquis
915 1867 1292 1926 supernatant.
1356 1858 1657 1911 Lucernam
1735 1874 2017 1912 accensam
2080 1856 2261 1911 ferunt

676 1960 1031 2018 supernalare
1082 1951 1201 2004 sine
1241 1950 1345 2002 ulla
1403 1952 1781 2016 conversione,
1836 1967 1932 2003 nec
1987 1952 2260 2004 eastincm

675 2044 913 2110 demergi
952 2044 1153 2096 lumine
1189 2061 1201 2097 :
1241 2044 1369 2109 quin
1398 2052 1451 2096 et
1485 2058 1579 2095 vas
1609 2048 1909 2097 demersum
1938 2054 2052 2096 arte
2087 2060 2155 2111 qu
2179 2042 2259 2094 .ιὶ-

678 2137 764 2190 l:et
796 2136 1009 2190 dillicile
1042 2138 1247 2191 luerere
1278 2138 1331 2189 in
1364 2136 1653 2205 profundo,
1673 2138 1964 2204 omniaque
1998 2136 2255 2198 virentia,

676 2233 919 2283 demersa
955 2229 1077 2281 licet
1106 2243 1159 2282 et
1192 2228 1540 2283 vehementer
1588 2230 1745 2291 illisa,
1782 2230 1961 2282 statim
2000 2228 2208 2282 resil.re
2241 2246 2254 2282 :

675 2322 906 2389 denique
968 2319 1356 2387 Vespasianum
1410 2322 1751 2388 praecepisse,
1805 2318 1966 2372 nandi
2042 2322 2257 2385 ignaros

676 2412 931 2465 revinctis
998 2412 1247 2465 manibus
1310 2412 1362 2463 in
1418 2410 1745 2480 profundum
1810 2410 1995 2478 dcjici,
2053 2425 2258 2479 eosque

673 2519 863 2557 omnes
918 2504 1059 2558 illico
1111 2514 1515 2573 supernatasse.
1556 2504 1703 2571 Aqua
1768 2504 1878 2571 ipsa
1936 2504 2139 2558 sterilis
2202 2515 2255 2559 et

672 2613 879 2663 amara,
911 2597 1229 2664 ueterisque
1257 2596 1410 2664 aquis
1439 2597 1742 2657 obscurior,
1771 2606 1821 2649 et
1856 2595 2013 2666 quasi
2042 2596 2253 2649 adusta:

672 2688 963 2759 pra-ferens
989 2687 1423 2741 similitudinem.
1454 2686 1645 2756 Vagari
1692 2703 1855 2757 super
1893 2702 2063 2755 aquas
2113 2687 2253 2740 bitu-

672 2782 834 2835 minis
858 2782 1040 2851 glebas
1075 2790 1283 2834 certum
1317 2789 1397 2833 est
1446 2790 1563 2833 atro
1598 2780 1826 2847 liquore,
1860 2796 1994 2849 quas
2036 2781 2251 2847 scaphis

669 2875 1169 2943 appropinquantes
1228 2872 1506 2940 colligunt.
1576 2870 1792 2925 llaerere
1848 2873 1948 2925 sibi
2010 2873 2249 2926 bitumen

669 2965 861 3030 fertur,
896 2974 951 3017 et
988 2980 1326 3031 nequaquam
1368 2964 1511 3016 ferro
1567 2963 1811 3032 praecidi,
1847 2966 2092 3031 sanguini
2130 2974 2251 3018 latt-

670 3065 787 3108 tum
821 3055 1103 3108 mulierum
1139 3064 1415 3107 menstruo
1448 3054 1526 3107 vel
1554 3056 1722 3108 urina:
1750 3058 1981 3109 cedere:
2014 3056 2141 3110 utile
2168 3066 2251 3110 est

668 3157 847 3201 autem
880 3148 943 3199 ad
977 3162 1288 3215 rompagcm
1322 3146 1560 3210 navium,
1596 3148 1673 3200 vel
1726 3150 2043 3216 corporibus
2074 3149 2248 3202 homi-

668 3256 793 3293 num
834 3239 1134 3293 medendis.
1163 3240 1355 3291 Servat
1386 3242 1561 3293 adhuc
1594 3242 1739 3310 regio
1768 3244 2003 3309 speciem
2037 3257 2245 3311 putate;

665 3342 967 3385 nascuntur
1018 3331 1160 3384 enim
1232 3331 1301 3384 ibi
1368 3346 1524 3399 poma
1590 3331 2130 3403 pulcherrima,qua3
2194 3349 2249 3393 et

664 3424 855 3477 edendi
914 3425 1259 3491 cupiditatem
1304 3424 1680 3491 spectantibus
1716 3437 1974 3493 generant
2007 3443 2021 3480 :
2052 3429 2095 3480 si
2124 3445 2246 3480 car-

664 3533 781 3584 pas,
811 3515 1067 3569 fatiscunt
1097 3532 1159 3569 ac
1194 3516 1535 3569 resolvuntur
1562 3518 1614 3568 in
1646 3519 1906 3583 cinerem,
1935 3519 2247 3590 fumumque

662 3610 921 3671 excitant,
977 3609 1129 3678 quasi
1194 3611 1372 3661 adhuc
1435 3614 1685 3664 ardeant.
1749 3612 1892 3665 Sane
1948 3615 1999 3666 itt
2058 3617 2246 3668 diebus

662 3700 879 3755 mstalis'
920 3700 1240 3753 lltllltOtllL‘tlS
1271 3716 1366 3768 per
1399 3704 1570 3769 spatia
1617 3704 1791 3772 campi
1827 3716 2019 3759 :csluat
2056 3723 2243 3773 vapor,

664 3793 807 3847 unde
831 3804 883 3847 et
911 3794 1245 3847 coalescente
1270 3795 1398 3849 vitio
1432 3796 1608 3848 nimiae
1630 3798 1892 3851 siccitatis
1913 3808 2074 3867 atque
2099 3800 2242 3851 lnuui

663 3888 829 3942 arida:
888 3889 1195 3958 corruptior
1245 3904 1339 3943 aer
1394 3891 1731 3945 miserandas
1789 3891 1980 3946 incolis
2025 3892 2244 3945 coniicit

661 3984 1030 4055 aegritudines.

660 4162 789 4216 CAP.
825 4161 937 4215 ΧΗ.
973 4191 1040 4201 —
1064 4161 1140 4215 De
1170 4164 1281 4215 loco
1320 4164 1371 4215 in
1402 4180 1501 4232 quo
1533 4164 1828 4232 baptizatus
1861 4178 1930 4217 cst
1968 4166 2239 4220 Damiwts.

732 4342 788 4394 In
847 4343 984 4403 loco.
1046 4345 1096 4396 itt
1155 4360 1261 4411 quo
1325 4345 1582 4397 Dominus
1638 4346 1941 4413 baptizatus
1974 4359 2240 4409 esl,crux

660 4436 833 4505 lignea
894 4445 1001 4489 Stal.
1051 4452 1223 4504 usque
1264 4438 1330 4489 ad
1376 4437 1574 4489 collum
1604 4437 1730 4497 ulla,
1768 4455 1888 4506 qua:
1916 4441 2239 4509 aliquotiens

657 4544 797 4596 aqua
834 4530 1251 4582 trausccndeute
1304 4530 1654 4581 absconditur
1688 4546 1700 4580 :
1740 4547 1765 4581 a
1804 4547 1908 4598 quo
1957 4532 2071 4585 loco
2124 4537 2235 4602 ripa

658 4622 903 4686 ulterior,
940 4623 990 4675 id
1023 4632 1124 4686 est,
1153 4623 1433 4674 orientalis
1468 4623 1519 4674 in
1564 4622 1712 4690 jaclu
1764 4626 1945 4679 funda:
1974 4637 2075 4691 esl,
2111 4631 2241 4681 cite-

659 4717 769 4768 rior
800 4730 924 4768 vero
974 4714 1086 4783 ripa
1124 4715 1172 4767 in
1210 4716 1502 4781 supercilio
1555 4717 1831 4771 monticnli
1884 4721 2088 4788 grande
2120 4738 2237 4772 mo-

655 4809 957 4860 nasterium
1018 4817 1194 4875 gestat
1256 4807 1320 4860 Β.
1390 4805 1613 4863 Joannis
1678 4810 1933 4879 Baptista:
2007 4814 2236 4869 ecclesia

653 4900 893 4962 clarum;
955 4898 1022 4952 de
1076 4916 1181 4967 quo
1228 4916 1323 4968 per
1387 4912 1603 4968 pontem
1672 4908 1904 4958 arcubus
1961 4890 2235 4960 suffultuin

652 4993 830 5046 solent
876 4994 1203 5047 descendere
1258 4994 1324 5045 ad
1385 4993 1529 5045 illam
1583 5010 1827 5057 crucem,
1858 5006 1915 5050 et
1961 5014 2140 5053 orare.
2178 4998 2232 5053 lu

651 5096 897 5137 extrema
954 5082 1190 5136 fluminis
1248 5097 1432 5152 parte,
1487 5088 1751 5153 qtuulrata
1817 5087 2045 5139 ecclesia
2120 5099 2231 5150 est,

652 5189 884 5245 quatuor
929 5175 1156 5242 lapideis
1203 5177 1417 5228 cancris
1471 5177 1830 5243 superpOsita,
1876 5182 2053 5231 c0ctili
2086 5194 2231 5233 creta

652 5273 883 5334 desuper
912 5276 1078 5333 tecta,
1107 5268 1193 5321 ubi
1225 5268 1437 5320 Domini
1480 5271 1803 5323 vestimenta
1837 5288 1958 5324 cum
1987 5276 2231 5343 baptiza~

653 5374 803 5413 retur
849 5370 1059 5415 servata
1120 5376 1241 5414 esse
1300 5361 1574 5414 dicuntur.
1611 5361 1761 5417 llauc
1814 5380 1923 5417 non
1988 5368 2231 5421 homines

653 5452 881 5517 intrare,
921 5453 1014 5507 sed
1063 5454 1297 5522 undique
1350 5456 1567 5523 cingere
1608 5472 1670 5508 ac
1708 5467 1995 5524 penetrare
2031 5462 2227 5515 solent.

651 5544 731 5596 Ab
762 5561 823 5597 eo
855 5546 991 5609 loco,
1020 5562 1126 5615 qtto
1152 5550 1214 5601 de
1243 5548 1489 5601 faucibus
1525 5549 1684 5602 matis
1715 5549 1947 5604 Galilaea:
1977 5550 2231 5607 Jordauis

651 5647 781 5702 exit,
822 5655 989 5706 usque
1022 5640 1110 5695 ubi
1146 5655 1295 5693 mare
1329 5638 1597 5693 Mortuutn
1630 5642 1814 5708 intrat,
1847 5654 1970 5699 octo
2018 5646 2227 5699 dierum

654 5726 755 5781 iter
787 5742 889 5784 est.
1990 5723 2005 5730 ⁷
2056 5726 2063 5733 ’
2090 5725 2097 5728 ’

1613 272 1714 329 AD
1759 270 2193 329 MAll'i‘YilOL.
2240 272 2456 330 BEDJE
2500 271 2991 334 APPENDlCES.

3828 275 3957 340 1183

2384 381 2511 434 Car.
2544 361 2681 435 Xlll.
2715 413 2781 421 —
2818 383 2892 435 De
2923 386 3133 459 (crustis
3169 396 3215 459 et
3252 387 3404 459 melle
3437 388 3696 456 sylvestri,
3735 398 3787 442 ει
3824 391 3956 459 {ante

2804 456 2972 507 sancti
2994 455 3216 509 Joannis
3256 455 3535 526 Bnplislie.

2450 572 2728 625 Minimum
2775 590 2943 642 genus
2996 573 3322 628 locustarum
3356 575 3545 644 fuisse,
3574 594 3682 646 quo
3721 577 3955 635 Joannes

2379 665 2615 735 Baptista
2652 678 2836 735 pastus
2866 677 2967 730 est,
3005 683 3175 735 usque
3210 668 3368 721 hodie
3396 680 3642 737 apparet,
3681 687 3805 741 qua:
3842 690 3954 726 ror-

2380 758 2617 826 pusculis
2665 758 2713 810 in
2762 760 2979 811 modum
3012 760 3159 829 digiti
3196 776 3386 814 manus
3420 763 3652 818 exilibus
3692 774 3745 817 et
3776 766 3950 819 brevi-

2381 866 2466 909 us,
2507 850 2559 901 in
2596 848 2784 903 herbis
2823 850 2978 905 facile
3014 862 3205 920 eaptze,
3250 865 3530 919 coctaeque
3573 856 3621 906 in
3661 856 3783 909 olco
3816 872 3946 925 pau-

2376 957 2561 1012 perem
2620 945 2858 1012 pra-bent
2910 946 3130 999 victum.
3189 946 3245 999 In
3302 948 3491 1001 eodem
3548 949 3770 1003 deserto
3830 961 3948 1003 sum

2376 1038 2619 1095 arbores,
2680 1034 2802 1088 folia
2868 1036 2971 1088 lata
3027 1047 3077 1089 et
3137 1038 3361 1089 rutunda
3433 1038 3589 1091 lactei
3651 1040 3850 1093 coloris
3898 1050 3949 1092 et

2378 1128 2560 1181 tnelliti
2626 1130 2836 1196 saporis
2912 1130 3191 1193 habentes,
3255 1145 3375 1199 qua:
3450 1141 3642 1183 natura
3718 1132 3940 1201 fragilia,

2376 1222 2623 1274 manibus
2680 1223 3049 1276 confricantur
3106 1232 3159 1275 et
3208 1224 3461 1275 eduntur.
3509 1221 3620 1275 lloc
3673 1238 3795 1277 esse
3851 1224 3943 1274 mel

2374 1311 2636 1380 sylveStre
2669 1314 2877 1364 dicitur.
2908 1311 3105 1365 Ibidem
3128 1323 3183 1365 et
3209 1314 3327 1366 fons
3358 1312 3415 1365 S.
3436 1310 3667 1365 Joannis
3700 1311 3942 1379 Baptism:

2372 1403 2677 1455 ostenditur
2705 1402 2877 1455 incida
2912 1419 3070 1473 aqua,
3094 1402 3299 1471 lapideo
3323 1414 3597 1472 protectus
3627 1413 3774 1457 teeto
3808 1404 3943 1456 eulce

2374 1493 2587 1562 pet-lito.

2518 1629 2644 1684 Car.
2697 1627 2832 1683 XIV.
2860 1660 2928 1670 —
2954 1630 3028 1683 De
3057 1631 3197 1700 [ante
3221 1631 3383 1685 Iacob
3402 1634 3566 1701 juxta
3590 1630 3818 1686 Sic/tem.

2443 1742 2617 1813 Prope
2669 1746 2942 1799 civitatem
3014 1747 3253 1813 Sichem,
3313 1763 3432 1817 qua!
3489 1763 3636 1801 nunc
3696 1746 3938 1815 Neapolis

2372 1836 2589 1903 dicitur,
2635 1838 2862 1892 ecclesia
2910 1839 3208 1908 quadrifida
3243 1850 3341 1905 est,
3376 1843 3475 1894 hoc
3533 1851 3637 1904 est,
3678 1840 3730 1893 in
3767 1841 3935 1894 crucis

2373 1932 2591 1983 modum
2648 1931 2811 1985 facta.
2849 1932 2905 1986 lu
2936 1933 3093 1999 cujus
3128 1934 3300 1987 medio
3351 1932 3472 1987 fons
3514 1931 3682 1987 Jacob
3716 1934 3936 2001 quadra-

2370 2026 2517 2091 ginta
2548 2024 2745 2077 cubitis
2780 2026 2934 2091 allus,
2965 2044 2991 2077 ει
3034 2028 3201 2080 latere
3231 2028 3343 2094 ipso
3370 2043 3537 2095 usque
3571 2026 3634 2078 ad
3668 2040 3929 2080 summum

2369 2117 2657 2185 digitorum
2681 2118 2938 2180 extentis,
2978 2119 3043 2172 de
3073 2135 3177 2187 quo
3220 2119 3475 2173 Dominus
3496 2133 3663 2189 aquas
3696 2134 3727 2172 a
3755 2117 3932 2172 Sama-

2366 2209 2544 2262 ritana
2575 2208 2798 2263 muliere
2827 2219 3007 2280 petere
3031 2210 3281 2280 dignatus
3310 2220 3411 2266 est.

2366 2364 2493 2419 CAP.
2534 2364 2646 2419 XV.
2677 2394 2747 2405 -—
2776 2365 2847 2419 De
2874 2364 3151 2421 Tiberiade
3183 2378 3229 2419 et
3266 2368 3724 2437 Cnplmrnaum,el
3758 2370 3930 2424 Ναα-

2729 2438 2862 2502 ret/t,
2893 2449 2939 2489 et
2974 2439 3099 2491 locis
3148 2440 3328 2492 itidem
3369 2442 3591 2495 sanctis.

2436 2543 2611 2601 Locus
2638 2547 2689 2600 in
2721 2563 2828 2617 quo
2853 2548 3112 2602 Dominus
3139 2564 3306 2617 panes
3354 2550 3632 2605 benedixit
3672 2561 3733 2605 et
3760 2552 3928 2621 pisces

2362 2640 2501 2694 citra
2538 2656 2687 2694 mare
2733 2640 2983 2703 Caldam,
3014 2641 3079 2693 ad
3126 2641 3428 2709 aquilonem
3483 2644 3721 2698 civitatis
3776 2644 3926 2697 Tibe-

2365 2733 2553 2795 riadis,
2582 2747 2805 2802 campus
2833 2744 2916 2786 est
2946 2733 3207 2786 herbosus
3230 2744 3281 2787 et
3313 2735 3523 2804 planus,
3559 2752 3836 2805 nunquam
3869 2754 3924 2787 τι

2365 2824 2453 2877 illo
2511 2834 2750 2892 tempore
2795 2835 3017 2887 aratus,
3084 2827 3261 2880 nullus
3316 2827 3621 2896 suscipiens
3679 2828 3922 2893 aedilicia,

2362 2918 2564 2973 fontem
2621 2928 2851 2984 tantum,
2883 2934 2946 2971 ex
3000 2935 3104 2987 quo
3155 2927 3281 2972 tunc
3315 2919 3389 2972 illi
3442 2920 3717 2982 biberunt,
3750 2934 3921 2974 osten-

2362 3009 2512 3063 dens.
2541 3008 2639 3075 Qui
2680 3024 2809 3075 ergo
2847 3011 2913 3062 ab
2952 3008 3094 3062 Elia
3139 3010 3510 3078 Capharuaum
3556 3024 3803 3083 pergunt,
3834 3030 3920 3079 ιιεοι·

2361 3098 2700 3153 Tiberiadem
2738 3102 2841 3153 iter
2874 3102 3091 3164 habent,
3125 3103 3314 3155 deinde
3370 3118 3527 3157 Sectis
3576 3121 3724 3158 mare
3786 3105 3920 3160 Gltf-

2362 3191 2493 3257 lenm,
2525 3202 2581 3245 ct
2634 3192 2811 3247 locmn
2867 3193 3261 3248 benedictionis
3317 3210 3541 3261 panum;
3574 3214 3601 3249 a
3653 3214 3761 3265 quo
3815 3215 3911 3251 tum

2359 3285 2516 3354 longe
2547 3286 2929 3355 Capharnaum
2973 3287 3027 3340 in
3063 3287 3255 3341 finibus
3283 3285 3520 3341 Zabulon
3551 3298 3604 3342 et
3647 3288 3914 3357 Nephtbao

2360 3376 2472 3440 lim,
2500 3392 2857 3445 qua>murum
2891 3393 2994 3429 nou
3023 3378 3222 3431 habens
3252 3390 3481 3448 augusto
3513 3381 3649 3433 inter
3686 3394 3913 3432 ιηυηιιιιο

2358 3478 2413 3521 et
2451 3478 2694 3538 stagnum
2731 3468 2834 3522 situ
2886 3485 3044 3537 super
3085 3471 3411 3523 maritimam
3458 3488 3608 3525 oram
3660 3475 3916 3525 orientem

2360 3576 2550 3613 versus
2630 3559 2787 3628 longo
2864 3563 3077 3613 tramite
3138 3562 3494 3628 protenditur,
3558 3574 3793 3615 tnontctu
3860 3572 3920 3615 at»

2357 3654 2626 3721 aquilone,
2656 3652 2829 3706 laeum
2864 3654 2929 3705 ab
2970 3664 3154 3705 austro
3188 3654 3409 3707 habens.
3444 3652 3706 3707 Nazareth
3743 3672 3917 3707 murus

2359 3761 2467 3798 non
2524 3746 2703 3806 habet.
2757 3746 2850 3799 sed
2904 3762 3092 3815 magna
3140 3746 3387 3807 mdilicia,
3416 3749 3658 3816 duasque
3690 3748 3917 3816 grands

2357 3840 2639 3893 ecclesias.
2684 3839 2792 3893 L'na
2825 3848 2909 3893 est
2958 3842 3009 3893 in
3061 3840 3236 3893 medio
3287 3842 3522 3894 civitatis
3574 3857 3733 3908 snpra
3787 3844 3917 3894 deus

2360 3934 2573 3987 fundata
2633 3949 2880 3997 cancros,
2917 3934 3018 3985 ubi:
3065 3933 3336 4002 qnoodam
3396 3930 3571 3986 fuerat
3631 3936 3817 3986 domus
3865 3938 3913 3987 in

2356 4044 2459 4095 qna
2498 4028 2751 4079 Dominus
2809 4026 3042 4079 nutritus
3092 4036 3174 4079 est
3222 4023 3416 4078 infans.
3458 4024 3576 4077 flre
3613 4037 3788 4076 autem
3828 4042 3913 4078 ec-

2354 4121 2515 4172 (fit‘siil
2549 4120 2780 4181 duobus,
2822 4128 2877 4169 ut
2915 4119 3114 4170 dictum
3170 4127 3272 4179 est,
3305 4118 3544 4179 tumulis,
3575 4128 3630 4170 et
3689 4119 3911 4185 intetpn.

2355 4212 2473 4263 sitis
2508 4212 2740 4264 arcubus
2789 4209 3027 4272 suffulta,
3066 4211 3223 4263 habet
3262 4210 3485 4263 inferius
3534 4211 3673 4262 inter
3700 4215 3907 4263 eosdem

2358 4304 2589 4355 tumulos
2645 4301 2843 4355 fontem
2892 4300 3310 4362 lttcidiSsiutum,
3344 4300 3481 4353 unde
3532 4298 3677 4352 cives
3732 4313 3909 4351 Ultl'u'S

2354 4412 2520 4464 aquas
2545 4396 2594 4445 in
2631 4396 2863 4448 vasculis
2896 4410 2990 4462 per
3029 4393 3299 4447 troehleas
3338 4392 3387 4444 in
3422 4392 3705 4445 ecclesiam
3739 4402 3908 4444 extra-

2354 4488 2503 4540 hunt.
2537 4487 2715 4540 Altera
2770 4502 2897 4540 vero
2946 4496 3029 4539 est
3073 4487 3299 4540 ecclesia
3357 4485 3445 4539 ubi
3478 4487 3668 4539 domus
3715 4499 3829 4537 erat
3862 4486 3907 4535 in

2353 4598 2456 4648 qua
2487 4581 2709 4646 angelus
2742 4581 2807 4632 ad
2839 4577 2899 4633 Β.
2941 4577 3167 4631 Mariam
3195 4578 3359 4631 venit.

2349 4716 2477 4771 Car.
2518 4716 2653 4769 XVI.
2679 4745 2749 4757 ——-
2778 4716 2851 4769 De
2897 4728 3068 4768 monte
3118 4713 3344 4777 Tltabor,
3378 4724 3426 4767 et
3482 4714 3647 4766 tribus
3687 4715 3906 4766 ecclesia

2970 4802 3125 4853 super
3161 4802 3298 4838 cum.

2420 4900 2571 4954 Mnus
2603 4900 2819 4954 Thabor
2851 4900 2903 4953 in
2941 4901 3119 4953 medio
3149 4899 3378 4954 Galil-.ca:
3412 4913 3621 4967 campo,
3659 4899 3709 4952 in
3750 4899 3909 4952 trituris

2348 4994 2585 5048 millibus
2614 5009 2841 5046 manans
2876 4993 2940 5045 ad
2996 4991 3223 5045 Boream
3259 5006 3286 5044 a
3320 4991 3682 5045 Ghenesareth
3733 4992 3905 5047 dislat,

2347 5102 2408 5142 ex
2448 5088 2590 5139 omni
2624 5098 2774 5154 parte
2806 5087 3087 5148 rotundus,
3120 5085 3378 5138 herbosus
3408 5083 3556 5136 valde
3587 5094 3639 5136 et
3674 5083 3904 5145 Πυγὶιξιιι,

2344 5182 2626 5233 altitudine
2692 5181 2907 5247 triginta
2966 5179 3287 5232 stadiorum.
3346 5175 3535 5229 Vertex
3597 5176 3710 5243 ipse
3770 5193 3906 5227 cam-

2347 5273 2543 5341 pestris
2613 5279 2666 5324 ct
2740 5271 2965 5322 multum
3056 5284 3301 5323 amamus
3365 5267 3547 5335 \igiuti
3616 5276 3671 5318 et
3756 5272 3903 5317 lrintu

2343 5365 2638 5417 Stadiorum
2690 5363 2863 5431 spatio
2919 5362 3192 5423 dilatatur,
3244 5360 3329 5411 ubi
3368 5360 3589 5426 grande
3644 5370 3904 5409 monaste-

2346 5457 2484 5509 rium
2518 5458 2702 5524 grandi
2746 5470 2962 5524 quoque
2998 5455 3130 5507 silva
3166 5454 3545 5509 circumdatur,
3599 5458 3710 5503 tres
3742 5452 3901 5501 σατις-

2344 5554 2448 5604 sias
2480 5552 2705 5614 habens,
2732 5552 2883 5620 juxta
2917 5554 3059 5619 quod
3094 5551 3287 5604 l‘etrus
3318 5548 3389 5601 ait
3428 5565 3440 5599 :
3481 5546 3793 5599 tl’aciantus
3826 5544 3897 5593 1H:

2344 5643 2440 5694 tria
2492 5642 2875 5707 tabernacula;
2920 5661 2957 5715 ›⁵
2992 5641 3141 5699 lacus
3194 5655 3344 5694 muro
3410 5640 3636 5701 cinctus,
3693 5634 3894 5705 grauat:

2343 5746 2556 5802 gestans
2588 5736 2835 5788 :cdilicia.
