4110 6458
245 344 248 348 ι
303 309 433 374 1189

581 423 710 475 CAP.
742 419 902 475 XVII.
937 450 1000 458 -—
1036 418 1110 472 De
1166 418 1271 472 situ
1327 416 1595 470 Damasci.

375 598 694 660 Damascus,
727 594 778 648 in
811 609 1002 662 campo
1051 593 1175 655 sita,
1203 590 1310 644 lato
1357 599 1412 644 et
1468 588 1646 658 amplo
1699 603 1878 640 muro-

306 706 424 746 rum
476 689 704 752 ambitu,
748 695 802 739 et
867 686 1072 741 crebris
1125 685 1329 738 munita
1394 682 1658 743 turribus,
1715 695 1875 748 quam

303 797 493 852 magna
527 787 758 850 quatuor
789 777 1008 830 ﬂumina
1043 775 1355 829 interfluunt
1388 791 1401 826 :
1432 773 1519 826 ubi
1555 773 1676 824 dum
1719 769 1877 822 Chri-

301 873 460 927 stiani
495 869 680 925 Sancti
732 869 953 923 .Ioannis
997 869 1250 936 Baptista:
1289 865 1573 920 ecclesiam
1623 863 1879 929 frequen-

303 973 443 1027 tant,
476 962 869 1018 Saracenorum
928 975 1020 1012 rex
1073 974 1194 1013 cum
1251 973 1347 1012 sua
1403 966 1566 1026 gente
1597 954 1756 1008 aliam
1796 955 1878 1006 itt-

301 1057 481 1112 stituit
528 1064 687 1122 atque
755 1051 1010 1104 sacravit.
1068 1051 1304 1104 Plurima
1363 1060 1514 1102 extra
1579 1063 1763 1100 mutos
1827 1045 1877 1098 in

303 1164 438 1220 gyro
484 1146 701 1202 oliveta.
733 1147 776 1197 Α
804 1142 1021 1198 'I'habor
1059 1157 1229 1211 usque
1279 1140 1621 1205 Damascum,
1673 1147 1878 1208 septem

303 1244 512 1297 dierum
559 1239 679 1292 iter.

304 1403 434 1459 CAP.
469 1399 652 1454 XVIII.
690 1429 760 1441 —
795 1397 866 1451 De
926 1398 1030 1451 situ
1087 1396 1445 1457 Alexandrim,
1507 1402 1553 1447 et
1623 1391 1771 1456 Nilo,
1833 1399 1884 1444 et

407 1471 623 1526 ecclesia
654 1471 706 1523 in
735 1486 838 1538 qua
878 1469 1144 1538 requiescit
1174 1465 1388 1519 Marcus
1435 1465 1776 1533 evangelista.

375 1606 727 1670 Alexandria,
763 1608 830 1659 ab
889 1618 1089 1659 occasu
1137 1602 1190 1656 in
1220 1610 1398 1655 ortum
1430 1599 1562 1654 solis
1603 1597 1780 1666 longa,
1816 1597 1882 1651 ab

305 1711 493 1754 austro
519 1700 675 1753 ostiis
706 1697 807 1750 Nili
840 1694 1093 1764 cingitur,
1128 1693 1194 1746 ab
1223 1690 1476 1760 aquilone
1506 1690 1624 1742 lacu
1674 1686 1883 1739 Mareo-

305 1794 413 1846 tico
461 1810 474 1845 :
533 1789 687 1857 cujus
743 1800 933 1858 portus
987 1783 1200 1839 caeteris
1255 1781 1550 1844 difficilior,
1609 1778 1764 1848 quasi
1817 1779 1883 1830 ad

305 1882 532 1938 formam
568 1879 786 1934 humani
821 1875 1064 1945 corporis
1111 1874 1164 1927 itt
1197 1873 1377 1941 capite
1409 1873 1524 1939 ipso
1557 1879 1610 1925 et
1651 1873 1885 1924 statione

306 1975 580 2043 capacior,
611 1973 664 2025 itt
729 1968 971 2024 faucibus
1023 1981 1153 2020 vero
1189 1965 1492 2032 angustior,
1527 1978 1631 2030 qua
1678 1969 1887 2014 meatus

309 2065 478 2120 maris
511 2062 707 2130 accipit
755 2076 819 2114 ac
861 2059 1099 2122 navium,
1126 2057 1321 2126 quibus
1353 2056 1596 2123 quaedam
1641 2053 1882 2122 spirandi

307 2155 552 2215 subsidia
599 2163 754 2225 porttt
782 2151 1285 2208 subministrantur.
1318 2148 1420 2204 Ubi
1457 2149 1578 2216 quis
1606 2146 1884 2215 angustias

305 2261 473 2319 atque
496 2264 590 2304 ora
621 2255 812 2318 portus
860 2243 1117 2308 evaserit,
1155 2252 1412 2310 tauquam
1451 2238 1655 2306 reliqua
1687 2252 1884 2305 corpo-

308 2345 382 2397 ris
415 2343 611 2401 forma,
661 2339 734 2394 ita
782 2336 998 2392 ditl'usio
1039 2335 1205 2389 maris
1257 2333 1412 2401 longe
1442 2331 1657 2400 lateque
1691 2340 1884 2383 exten-

305 2435 471 2488 ditur.
500 2438 555 2486 ltt
584 2430 825 2500 ejusdem
885 2430 1109 2482 dextera
1145 2435 1332 2495 portus
1371 2438 1536 2492 parva
1573 2421 1746 2476 insula
1790 2420 1886 2473 ha-

305 2526 486 2593 betur,
531 2525 583 2578 itt
629 2537 733 2592 qua
791 2521 1018 2583 Pharus,
1053 2520 1103 2572 id
1147 2527 1253 2582 est,
1296 2516 1460 2570 turris
1503 2522 1586 2569 est.
1623 2513 1884 2574 maxima,

306 2628 572 2670 nocturno
607 2624 847 2680 tempore
898 2609 1238 2663 ﬂammarum
1297 2604 1505 2658 facibus
1553 2604 1772 2664 ardens,
1823 2618 1888 2655 ne

303 2708 518 2780 decepti
562 2704 801 2760 tenebris
854 2710 1032 2755 nauta:
1081 2701 1132 2753 itt
1178 2699 1429 2768 scepulos
1481 2697 1802 2765 impingunt,
1835 2704 1888 2747 et

305 2798 558 2855 vestibuli
609 2796 832 2850 limitem
883 2790 1341 2862 comprehendere
1387 2795 1678 2855 nequeant,
1708 2787 1800 2855 qui
1835 2795 1889 2838 et

305 2909 407 2963 pse
443 2906 659 2959 semper
684 2887 957 2956 inquietus
983 2894 1088 2950 est,
1119 2883 1372 2937 [luctibus
1408 2881 1534 2934 hinc
1561 2881 1685 2934 inde
1725 2878 1885 2932 colli-

302 2985 605 3040 dentibus:
639 2992 828 3051 portus
872 2991 1000 3033 vero
1043 2976 1283 3046 placidus
1338 2988 1573 3041 semper,
1621 2971 1883 3037 amplitu-

303 3077 484 3130 dinem
539 3073 744 3128 habens
779 3070 1000 3139 triginta
1028 3067 1350 3123 stadiorum.
1391 3067 1436 3118 A
1474 3074 1624 3134 parte
1664 3061 1884 3130 {Egypti

303 3171 495 3224 ttrbeut
541 3165 873 3220 intrantibus
907 3163 973 3214 ad
1015 3162 1294 3212 dexteram
1350 3159 1588 3210 occurrit
1635 3155 1886 3217 ccclesta,

303 3262 357 3316 itt
385 3274 495 3330 qua
532 3256 721 3309 beatus
746 3253 1075 3320 evangelista
1125 3248 1336 3300 Marcus
1372 3247 1689 3314 requiescit.
1719 3244 1886 3312 Cujus

303 3369 501 3423 corpus
555 3354 605 3404 itt
664 3347 915 3403 orientali
972 3355 1122 3415 parte
1174 3342 1414 3410 ejusdem
1469 3341 1710 3396 ceclesite
1764 3353 1889 3392 ante

305 3448 478 3500 altare
515 3445 792 3498 humatum
840 3448 941 3502 est,
977 3437 1239 3490 memoria
1284 3434 1622 3502 superposita
1653 3431 1720 3485 de
1752 3447 1887 3499 (μη-

305 3540 462 3592 tlt'ato
495 3548 764 3588 marmore
801 3530 964 3584 facta.
999 3528 1156 3582 Circa
1187 3525 1360 3579 Nilum
1393 3523 1633 3594 ngyptii
1664 3539 1890 3591 aggeres

306 3629 526 3682 crebros
559 3634 774 3694 propter
802 3622 1157 3690 irruptionem
1187 3633 1450 3688 aquarum
1480 3616 1658 3669 facere
1690 3615 1889 3675 solent,

305 3720 395 3790 qui
455 3719 500 3772 si
561 3719 698 3770 forte
733 3714 1016 3768 custodum
1057 3712 1262 3764 incuria
1299 3708 1442 3779 rupti
1501 3707 1728 3772 fuerint,
1779 3723 1883 3759 non

307 3813 557 3880 irrigant,
597 3810 690 3864 sed
738 3807 1053 3876 opprimunt
1089 3814 1264 3856 terras
1302 3802 1643 3870 snbjaeentes
1677 3817 1690 3852 :
1719 3809 1771 3853 et
1801 3799 1890 3867 qui

309 3903 467 3972 plana
508 3899 743 3970 IEgyptii
779 3896 1039 3959 incolunt,
1077 3909 1237 3962 super
1283 3895 1429 3946 rivos
1463 3901 1730 3960 aquarum
1786 3889 1886 3943 sibi

307 3994 500 4048 domos
533 3990 736 4045 faciunt
767 3986 1094 4043 transversis
1149 3985 1389 4039 trabibus
1440 3992 1890 4052 superpoueutes.

311 4150 443 4205 CAP.
481 4147 622 4202 XIX.
660 4177 728 4186 —-
761 4145 833 4198 De
860 4141 1344 4211 Constantinopoli,
1376 4150 1419 4193 et
1470 4140 1690 4193 basilica
1723 4140 1774 4192 in
1807 4157 1890 4202 ert,

667 4233 780 4287 qua:
813 4232 1015 4268 crucem
1054 4214 1267 4267 Domini
1301 4213 1548 4266 continet.

383 4352 904 4420 Constantinopolis,
930 4351 1165 4418 undique
1190 4359 1384 4416 prarler
1412 4347 1720 4415 aquilonem
1757 4346 1889 4396 mari

313 4452 509 4510 cincta,
549 4447 687 4512 quod
728 4459 755 4495 a
795 4441 930 4494 mari
965 4440 1152 4506 Magno
1183 4439 1464 4505 sexaginta
1497 4438 1738 4490 millibus
1773 4451 1896 4504 pas-

313 4553 471 4592 suum
514 4548 684 4603 usqne
715 4531 780 4585 ad
814 4546 1030 4584 murum
1063 4527 1323 4591 civitatis,
1353 4538 1406 4580 et
1431 4542 1458 4578 a
1495 4543 1647 4579 muro
1697 4528 1893 4579 civita-

317 4631 388 4685 tis
433 4640 601 4695 usque
646 4623 711 4676 ad
766 4625 902 4675 ostia
959 4620 1185 4698 Danubii
1240 4617 1591 4687 quadraginta
1658 4615 1894 4667 millibus

317 4734 573 4791 passuum
607 4713 937 4777 extenditur,
980 4711 1184 4764 ambitu
1224 4725 1498 4762 murorum
1524 4708 1677 4776 juxta
1724 4706 1890 4759 situm

319 4809 484 4864 utaris
535 4805 792 4874 anguloso
845 4802 1126 4855 duodecim
1161 4801 1320 4853 millia
1371 4815 1627 4869 passuum
1661 4799 1892 4850 circum-

317 4903 589 4972 plectitur.
623 4897 773 4952 Hane
809 4897 983 4967 primo
1007 4895 1394 4948 Constantinus
1441 4893 1494 4945 itt
1527 4891 1710 4946 Cilicia
1738 4890 1889 4958 juxta

321 5006 487 5054 mare.
519 4991 661 5060 quod
688 4989 872 5044 Asiam
926 4986 1304 5056 Europamque
1355 4984 1721 5047 disterminat,
1761 4983 1892 5036 tedi-

320 5083 479 5138 lieare
513 5081 803 5152 disposuit,
832 5080 924 5134 sed
953 5081 1183 5148 quadam
1214 5087 1370 5131 nocte
1419 5077 1742 5130 ferramenta
1775 5092 1893 5127 t):n~

319 5174 407 5228 nia
435 5173 636 5237 ablata,
657 5173 837 5226 missis
859 5171 947 5240 qui
984 5171 1344 5238 requirerent,
1373 5170 1422 5220 itt
1458 5177 1612 5236 parte
1646 5167 1893 5232 Ettrtiptt',

321 5263 411 5317 ubi
443 5279 588 5317 nunc
620 5272 706 5318 est
740 5262 851 5330 ipsa
888 5262 1105 5322 civitas.
1155 5263 1372 5314 inventa
1407 5269 1531 5315 sunt
1569 5277 1584 5314 :
1634 5263 1702 5314 ibi
1745 5265 1892 5317 enim

321 5352 437 5407 lteri
482 5342 573 5408 Dei
610 5354 882 5409 voluntate
938 5352 1207 5406 intellecta
1245 5361 1348 5406 est.
1383 5351 1437 5405 ltt
1487 5353 1586 5406 hac
1637 5354 1768 5408 urbe
1798 5355 1891 5407 ba-

321 5443 471 5497 silica
532 5445 650 5498 miri
706 5445 906 5514 operis,
937 5459 1056 5512 quae
1113 5444 1306 5496 Sancta
1367 5442 1566 5512 Sophia
1617 5445 1892 5513 cognomi-

320 5545 504 5600 natur,
540 5537 769 5591 rotuudo
811 5536 1086 5590 schemate
1112 5551 1138 5585 a
1174 5534 1540 5592 iumlamentis
1580 5549 1889 5593 constructa

320 5634 375 5676 et
412 5635 808 5692 concamerata,
835 5627 1009 5682 tribus
1038 5628 1216 5680 cincta
1255 5629 1569 5694 parietibus,
1596 5639 1650 5682 et
1683 5633 1892 5699 magnis

320 5730 618 5777 sustentata
672 5721 938 5778 columnis
999 5723 1342 5789 areubusquc
1402 5722 1695 5776 sublimata
1755 5733 1879 5778 est:

1329 302 1426 361 DE
1475 300 1689 360 LOCIS
1745 293 2061 355 SAXCTIS
2122 295 2516 356 LIBELLUS.

3410 294 3548 360 1190

1984 409 2137 478 cujus
2169 410 2396 465 interior
2422 412 2613 466 domus
2646 411 2698 464 iu
2729 410 3018 480 aquilonali
3053 412 3133 466 sui
3163 423 3314 480 parte
3348 413 3549 482 gratae

1982 513 2035 555 et
2064 503 2217 557 valde
2267 503 2552 573 pulchrum
2589 505 2884 558 armarium
2922 505 3100 568 habet,
3136 506 3188 559 in
3232 520 3341 575 quo
3388 521 3546 574 capsa

1986 596 2162 665 lignea
2215 598 2500 667 Iigneoque
2541 595 2797 664 operculo
2843 606 3008 651 tectas
3052 599 3231 652 crucis
3263 597 3552 655 Dominicae

1987 701 2098 745 tres
2149 690 2443 759 particulas
2487 691 2745 757 continet,
2789 692 3003 759 Iungunt
3057 690 3307 746 videlicet
3351 694 3554 761 lignum

1986 782 2037 834 in
2082 782 2216 837 duas
2272 793 2450 850 partes
2501 785 2750 849 incisum,
2800 796 2850 839 et
2895 796 3260 839 transversum
3314 786 3556 853 ejusdem

1984 883 2185 928 Sancta:
2218 874 2396 927 crucis
2421 874 2638 942 lignum.
2682 875 2803 930 llaec
2833 876 3004 930 tribus
3058 886 3261 928 tantum
3312 891 3406 945 per
3457 891 3558 928 an-

1987 977 2112 1014 nutn
2169 959 2379 1026 diebus,
2434 961 2533 1016 hoc
2592 973 2694 1028 eat,
2746 965 2796 1017 itt
2852 965 3018 1018 Cmua
3071 963 3302 1028 Domini,
3352 964 3402 1017 itt
3461 962 3562 1015 Pa-

1988 1068 2225 1118 rasceve,
2280 1063 2333 1107 et
2391 1055 2439 1107 iu
2495 1053 2731 1109 Saltbttlu
2764 1067 2970 1122 sancto,
3021 1057 3233 1126 populis
3285 1057 3556 1112 adoranda

1987 1144 2300 1211 profertur:
2335 1162 2564 1212 quarunt
2612 1148 2782 1216 prima
2819 1165 2977 1218 capsa
3037 1149 3124 1201 illa
3174 1163 3337 1216 super
3387 1148 3558 1201 altare

1987 1252 2236 1301 aureum,
2267 1238 2402 1294 duos
2434 1240 2645 1294 cubitos
2677 1241 2975 1295 altitudinis
3010 1250 3064 1294 et
3105 1257 3267 1295 ttnuut
3316 1239 3559 1294 latitudi-

1988 1330 2071 1384 nis
2123 1329 2346 1396 ltabens,
2385 1349 2504 1384 cum
2566 1349 2727 1387 cruce
2781 1344 2968 1389 sancta
3033 1333 3299 1403 patefacta
3336 1349 3559 1400 compo-

1989 1420 2134 1472 nitur
2197 1436 2211 1473 :
2269 1423 2640 1491 accedeusque
2703 1425 2910 1492 primus
2986 1424 3308 1493 imperator,
3365 1424 3560 1479 deinde

1987 1521 2217 1565 cunctus
2239 1525 2344 1580 per
2369 1515 2610 1567 ordinem
2651 1515 2911 1569 laicorum
2939 1519 3137 1585 gradus
3167 1526 3408 1570 sanctam
3436 1533 3563 1568 crn-

1989 1613 2104 1650 cetn
2149 1601 2337 1654 adorat
2386 1611 2437 1655 et
2466 1603 2743 1658 osculatur
2772 1624 2786 1660 :
2817 1607 3062 1674 sequenti
3105 1607 3190 1659 die
3224 1606 3561 1675 imperatrix,

1989 1699 2040 1742 et
2075 1704 2261 1744 omnes
2285 1703 2541 1748 matrona:
2566 1695 2643 1748 vel
2675 1695 2911 1766 virgines
2945 1698 3082 1750 idem
3120 1696 3322 1750 faciunt
3353 1715 3367 1752 ε
3404 1701 3562 1750 tertia

1989 1779 2338 1834 nihilominus
2370 1784 2455 1834 die
2493 1785 2730 1852 episcopi
2774 1796 2822 1839 et
2872 1786 3051 1840 cuncti
3083 1786 3400 1840 clericorum
3433 1801 3562 1856 gra—

1987 1869 2088 1923 dus
2133 1871 2271 1923 idem
2312 1871 2344 1924 1'.
2367 1874 2539 1938 ciunt,
2575 1883 2628 1926 et
2680 1876 2758 1928 sic
2789 1891 2948 1942 capsa
3002 1877 3210 1930 reclusa
3261 1876 3326 1928 ad
3376 1892 3566 1945 supra-

1988 1960 2189 2013 dictum
2236 1965 2532 2017 armarium
2575 1976 2901 2034 reportatur.
2940 1965 3203 2030 Quamdiu
3239 1979 3417 2020 autem
3475 1982 3567 2020 su-

1989 2065 2084 2119 per
2125 2051 2294 2106 altare
2350 2065 2529 2107 manet
2581 2068 2786 2123 aperta,
2845 2065 3008 2110 totam
3063 2057 3344 2113 ecclesiam
3397 2059 3566 2112 mirus

1987 2144 2121 2196 odor
2167 2145 2458 2213 perfundit.
2504 2148 2574 2200 De
2617 2151 2770 2202 nodis
2819 2151 2964 2203 enim
3007 2135 3137 2218 ligni
3185 2151 3356 2205 sancti
3393 2151 3570 2220 liquor

1988 2234 2228 2290 odorifer
2257 2238 2381 2291 oleo
2417 2241 2608 2295 similis
2644 2241 2879 2309 proﬂuit,
2909 2243 3063 2313 cujus
3090 2245 3250 2297 etiam
3289 2245 3334 2298 si
3367 2245 3564 2313 aliquis

1990 2327 2240 2382 infirmus
2295 2334 2562 2387 modicam
2625 2337 2944 2403 particulam
2995 2337 3292 2406 contingit,
3349 2353 3564 2391 omnem

1988 2425 2359 2494 mgritudinem
2393 2440 2569 2483 sanat.

1991 2593 2258 2663 Descripsi
2291 2595 2527 2650 breviter
2560 2596 2800 2664 finesque
2831 2598 3076 2663 situsque
3111 2595 3376 2658 locoruut,

2062 2683 2259 2753 Pagina
2293 2700 2446 2740 saera
2485 2686 2658 2754 magis
2687 2701 2804 2755 quat
2840 2690 3184 2741 memoranda
3220 2689 3384 2743 refert

1993 2775 2156 2842 Beda,
2198 2792 2430 2846 sequens
2480 2785 2723 2831 veterum
2765 2789 3114 2832 monumenta
3164 2779 3431 2849 simulque
3473 2796 3570 2835 no-

3285 2871 3497 2944 [verum

2063 2962 2260 3016 Charta
2295 2963 2674 3031 magistrorum
2710 2978 2828 3030 qua:
2862 2973 3014 3018 sonet
3046 2965 3355 3033 inspiciens.

1992 3053 2090 3116 Da,
2116 3054 2266 3117 Jesu,
2295 3058 2521 3123 patriam
2560 3071 2778 3124 semper
2814 3057 3097 3111 tendamus
3133 3059 3200 3112 ad
3239 3061 3380 3112 illaut

2065 3144 2234 3208 Quam
2269 3148 2390 3198 beat
2416 3156 2677 3197 attentum
2715 3146 2850 3199 visio
2879 3163 3090 3201 summa
3139 3150 3234 3204 tui.

2409 3279 2542 3334 Car.
2587 3278 2706 3333 XX.
2737 3309 2807 3320 --
2839 3279 3143 3339 Conclusio.

2066 3415 2186 3470 "tce
2231 3418 2297 3470 de
2345 3417 2474 3471 locis
2517 3419 2720 3473 sanctis
2765 3431 2920 3488 prout
2950 3422 3097 3491 potui
3132 3423 3289 3478 fidem
3327 3425 3567 3484 historiae

1993 3520 2210 3562 secutus
2280 3509 2530 3577 exposui,
2581 3519 2636 3564 et.
2706 3513 2938 3566 maxime
3002 3512 3257 3582 Arculphi
3333 3518 3569 3573 dictatus

1994 3599 2286 3654 Galliarum
2318 3601 2731 3671 episcopquttos
2757 3605 3158 3660 eruditissimus
3197 3609 3246 3662 in
3272 3607 3569 3679 Scripturis

1995 3694 2272 3762 presbyter
2301 3695 2650 3749 Adamnanus
2674 3695 2930 3751 lacinioso
2958 3713 3205 3754 sermone
3230 3701 3564 3765 describens,

1996 3785 2169 3838 tribus
2200 3785 2394 3840 libellis
2441 3791 2870 3856 comprehendit.
2903 3789 3180 3860 Siquidem
3236 3806 3570 3851 memoratus

1995 3878 2245 3944 antistes,
2299 3881 2564 3935 desiderio
2633 3883 2874 3936 locorum
2955 3896 3262 3940 sanctorum
3338 3889 3570 3956 patriam

1997 3969 2270 4032 deserens,
2346 3980 2540 4025 terram
2627 3977 3063 4042 repromissionis
3149 3971 3575 4050 adiitgfqaliquot

1998 4065 2273 4118 mensibus
2353 4065 2740 4135 Hierosolymis
2819 4069 3148 4134 demoratus,
3209 4083 3572 4144 veterauoque

2000 4160 2263 4209 monacho
2312 4160 2526 4212 nomine
2585 4157 2744 4212 Petro
2794 4162 2928 4214 duce
2983 4163 3183 4228 pariter
3217 4168 3568 4233 atqueinter-

1999 4260 2144 4318 prete
2185 4267 2330 4312 usus,
2364 4259 2554 4303 cuncta
2606 4252 2657 4303 itt
2703 4252 2928 4304 circuitu
2974 4270 3091 4320 qua:
3145 4257 3575 4324 tlesideravetzzt,

2001 4343 2174 4394 vivida
2228 4342 2526 4395 intentione
2576 4343 2860 4396 lustravit:
2896 4361 3107 4398 necnon
3160 4347 3568 4412 Alexandriam,

1999 4433 2344 4497 Damascum,
2375 4435 2898 4506 Consmntiuopolitn
2951 4437 3302 4508 Siciliamque
3347 4457 3573 4509 percut-

1998 4527 2086 4578 rit.
2129 4525 2233 4579 Sed
2296 4542 2416 4577 cum
2472 4528 2696 4593 patriam
2746 4530 2980 4580 revisere
3031 4530 3208 4592 Vellet,
3269 4533 3420 4584 navis
3466 4550 3570 4602 qua

1999 4618 2294 4671 vehi-batur
2343 4627 2466 4684 post
2523 4619 2720 4686 multos
2769 4619 3046 4673 anfractus
3087 4634 3244 4673 vento
3295 4626 3572 4676 contrario

1997 4705 2050 4759 in
2110 4717 2372 4768 nostram,
2417 4708 2466 4759 id
2503 4717 2585 4760 est
2619 4706 3026 4768 Britannorum,
3087 4710 3316 4762 insulam
3366 4715 3571 4779 perlata

1996 4809 2079 4852 est
2117 4816 2130 4852 :
2169 4800 2490 4867 tandemque
2540 4800 2652 4867 ipse
2709 4811 2827 4868 post
2875 4803 3132 4855 nonnulla
3193 4805 3433 4870 pericula
3499 4808 3569 4860 ad

1997 4890 2275 4959 przefatutn
2350 4892 2522 4943 VIt'tttlt
2593 4892 2950 4946 venerabilem
3025 4896 3400 4949 Adamnanum
3477 4914 3571 4951 vc-

1998 4983 2170 5042 niens,
2209 4985 2307 5034 iter
2337 4983 2541 5049 pariter
2581 4997 2739 5035 suum
2791 4993 2844 5036 et
2893 4998 2956 5037 ea
2996 5000 3114 5052 qua:
3163 4987 3368 5041 viderat
3397 4991 3571 5056 ettpli-

1995 5074 2189 5138 cando,
2251 5073 2626 5142 pulcherrima:
2686 5075 2832 5128 illum
2903 5077 3144 5131 historia:
3197 5080 3377 5134 docuit
3442 5095 3570 5134 esse:

1996 5167 2337 5236 scriptorem.
2371 5167 2448 5220 Ex
2505 5184 2607 5236 qua
2671 5183 2770 5221 nos
2826 5169 3003 5238 aliqua
3057 5171 3412 5240 decerpentes
3468 5187 3564 5226 ve-

2001 5269 2281 5329 terumque
2335 5260 2484 5314 Iihris
2531 5270 2934 5330 comparantes,
2977 5261 3072 5316 tibi
3111 5261 3333 5330 legenda
3382 5274 3562 5317 trans-

1999 5351 2282 5417 mittimus,
2344 5353 2692 5407 obsecrantes
2752 5367 2847 5420 per
2902 5352 3106 5419 omnia,
3160 5361 3218 5406 ut
3286 5357 3570 5423 prascntis

1997 5443 2178 5498 sazeuli
2237 5444 2498 5507 laborem,
2557 5461 2660 5504 non
2727 5445 2837 5498 otio
2897 5444 3084 5514 lascivi
3139 5447 3406 5515 corporis,
3469 5449 3565 5502 sed

1995 5536 2242 5593 lectionis
2293 5537 2660 5606 tn‘ationisque
2717 5538 2898 5593 studio
2957 5539 3048 5594 tibi
3111 5527 3414 5610 tbmperarc
3472 5555 3567 5594 sa-

1997 5639 2168 5698 tegas.
