  <div class='ocr_page' id='page_1' title='image "/cluster/home/n/w/nwhite01/storage/ocr_20150623/94/hvd.32044020406492/439.png"; bbox 0 0 3988 6346; ppageno 0'>
   <div class='ocr_carea' id='block_1_1' title="bbox 666 322 778 395">
    <p class='ocr_par' dir='ltr' id='par_1_1' title="bbox 666 322 778 395">
     <span class='ocr_line' id='line_1_1' title="bbox 666 322 778 395; baseline 0.027 -3"><span class='ocrx_word' id='word_1_1' title='bbox 666 322 778 395; x_wconf 65' lang='grc'><strong>’865</strong></span> 
     </span>
    </p>
   </div>
   <div class='ocr_carea' id='block_1_2' title="bbox 1419 341 3188 425">
    <p class='ocr_par' dir='ltr' id='par_1_2' title="bbox 1419 341 3188 425">
     <span class='ocr_line' id='line_1_2' title="bbox 1419 341 3188 425; baseline 0.011 -27"><span class='ocrx_word' id='word_1_2' title='bbox 1419 341 1631 409; x_wconf 72' lang='grc' dir='ltr'><strong>ΙΒΕΜΞ</strong></span> <span class='ocrx_word' id='word_1_3' title='bbox 1675 343 2123 425; x_wconf 83' lang='lat' dir='ltr'><strong>VENERABILIS</strong></span> <span class='ocrx_word' id='word_1_4' title='bbox 2160 349 2309 406; x_wconf 85' lang='lat' dir='ltr'><strong>OPP.</strong></span> <span class='ocrx_word' id='word_1_5' title='bbox 2350 350 2528 407; x_wconf 83' lang='lat' dir='ltr'><strong>PARS</strong></span> <span class='ocrx_word' id='word_1_6' title='bbox 2570 350 2657 408; x_wconf 86' lang='lat' dir='ltr'><strong>IV.</strong></span> <span class='ocrx_word' id='word_1_7' title='bbox 2698 381 2766 396; x_wconf 86' lang='lat'><strong>—-</strong></span> <span class='ocrx_word' id='word_1_8' title='bbox 2808 356 3188 419; x_wconf 79' lang='lat' dir='ltr'><strong>IIISTORICA.‘</strong></span> 
     </span>
    </p>
   </div>
   <div class='ocr_carea' id='block_1_3' title="bbox 3808 373 3895 429">
    <p class='ocr_par' dir='ltr' id='par_1_3' title="bbox 3808 373 3895 429">
     <span class='ocr_line' id='line_1_3' title="bbox 3808 373 3895 429; baseline 0 0"><span class='ocrx_word' id='word_1_9' title='bbox 3808 373 3895 429; x_wconf 64' lang='grc' dir='ltr'><strong>εει</strong></span> 
     </span>
    </p>
   </div>
   <div class='ocr_carea' id='block_1_4' title="bbox 1947 461 2687 524">
    <p class='ocr_par' dir='ltr' id='par_1_4' title="bbox 1947 461 2687 524">
     <span class='ocr_line' id='line_1_4' title="bbox 1947 461 2687 524; baseline 0.008 -9"><span class='ocrx_word' id='word_1_10' title='bbox 1947 461 2173 518; x_wconf 87' lang='lat' dir='ltr'><strong>EDI&#39;I‘IO</strong></span> <span class='ocrx_word' id='word_1_11' title='bbox 2209 464 2687 524; x_wconf 81' lang='lat' dir='ltr'><strong>COLONIENSIS.’</strong></span> 
     </span>
    </p>
   </div>
   <div class='ocr_carea' id='block_1_5' title="bbox 669 561 3887 668">
    <p class='ocr_par' dir='ltr' id='par_1_5' title="bbox 669 561 3887 668">
     <span class='ocr_line' id='line_1_5' title="bbox 669 561 3887 668; baseline 0.009 -41"><span class='ocrx_word' id='word_1_12' title='bbox 669 570 808 627; x_wconf 91' lang='lat' dir='ltr'><strong>beati</strong></span> <span class='ocrx_word' id='word_1_13' title='bbox 836 570 1074 638; x_wconf 80' lang='lat' dir='ltr'><strong>Joannis,</strong></span> <span class='ocrx_word' id='word_1_14' title='bbox 1121 586 1326 645; x_wconf 69' lang='lat' dir='ltr'><strong>magna:</strong></span> <span class='ocrx_word' id='word_1_15' title='bbox 1356 578 1652 633; x_wconf 72' lang='lat' dir='ltr'><strong>sanctitatis</strong></span> <span class='ocrx_word' id='word_1_16' title='bbox 1680 580 1777 635; x_wconf 86' lang='lat' dir='ltr'><strong>viri</strong></span> <span class='ocrx_word' id='word_1_17' title='bbox 1811 587 1865 636; x_wconf 89' lang='lat' dir='ltr'><strong>et</strong></span> <span class='ocrx_word' id='word_1_18' title='bbox 1891 580 2234 653; x_wconf 81' lang='lat' dir='ltr'><strong>confessoris,</strong></span> <span class='ocrx_word' id='word_1_19' title='bbox 2263 561 2315 621; x_wconf 70' lang='grc' dir='ltr'>Α</span> <span class='ocrx_word' id='word_1_20' title='bbox 2342 578 2628 668; x_wconf 75' lang='lat' dir='ltr'><strong>gloriosam</strong></span> <span class='ocrx_word' id='word_1_21' title='bbox 2667 581 2718 637; x_wconf 89' lang='lat' dir='ltr'><strong>in</strong></span> <span class='ocrx_word' id='word_1_22' title='bbox 2752 583 3086 654; x_wconf 71' lang='lat' dir='ltr'><strong>Dialogorum</strong></span> <span class='ocrx_word' id='word_1_23' title='bbox 3136 588 3285 646; x_wconf 81' lang='lat' dir='ltr'><strong>libris</strong></span> <span class='ocrx_word' id='word_1_24' title='bbox 3327 591 3513 650; x_wconf 84' lang='lat' dir='ltr'><strong>beatus</strong></span> <span class='ocrx_word' id='word_1_25' title='bbox 3558 610 3693 668; x_wconf 87' lang='lat' dir='ltr'><strong>papa</strong></span> <span class='ocrx_word' id='word_1_26' title='bbox 3724 603 3887 661; x_wconf 85' lang='lat' dir='ltr'><strong>scribit</strong></span> 
     </span>
    </p>
   </div>
   <div class='ocr_carea' id='block_1_6' title="bbox 665 663 2225 737">
    <p class='ocr_par' dir='ltr' id='par_1_6' title="bbox 665 663 2225 737">
     <span class='ocr_line' id='line_1_6' title="bbox 665 663 2225 737; baseline 0.009 -22"><span class='ocrx_word' id='word_1_27' title='bbox 665 663 755 732; x_wconf 88' lang='lat' dir='ltr'><strong>qui</strong></span> <span class='ocrx_word' id='word_1_28' title='bbox 787 668 1093 733; x_wconf 86' lang='lat' dir='ltr'><strong>peregrinus</strong></span> <span class='ocrx_word' id='word_1_29' title='bbox 1114 666 1182 722; x_wconf 91' lang='lat' dir='ltr'><strong>de</strong></span> <span class='ocrx_word' id='word_1_30' title='bbox 1198 667 1375 723; x_wconf 81' lang='lat' dir='ltr'><strong>Sicilia</strong></span> <span class='ocrx_word' id='word_1_31' title='bbox 1399 670 1523 725; x_wconf 90' lang='lat' dir='ltr'><strong>illuc</strong></span> <span class='ocrx_word' id='word_1_32' title='bbox 1548 672 1715 737; x_wconf 85' lang='lat' dir='ltr'><strong>venit,</strong></span> <span class='ocrx_word' id='word_1_33' title='bbox 1746 680 1799 727; x_wconf 91' lang='lat' dir='ltr'><strong>et</strong></span> <span class='ocrx_word' id='word_1_34' title='bbox 1834 672 1888 727; x_wconf 92' lang='lat' dir='ltr'><strong>in</strong></span> <span class='ocrx_word' id='word_1_35' title='bbox 1915 674 2225 730; x_wconf 84' lang='lat' dir='ltr'><strong>suburbano</strong></span> 
     </span>
    </p>
   </div>
   <div class='ocr_carea' id='block_1_7' title="bbox 666 754 2235 837">
    <p class='ocr_par' dir='ltr' id='par_1_7' title="bbox 666 754 2235 837">
     <span class='ocr_line' id='line_1_7' title="bbox 666 754 2235 837; baseline 0.008 -29"><span class='ocrx_word' id='word_1_36' title='bbox 666 754 781 823; x_wconf 81' lang='lat' dir='ltr'><strong>ejus</strong></span> <span class='ocrx_word' id='word_1_37' title='bbox 827 757 1109 814; x_wconf 80' lang='lat' dir='ltr'><strong>aediﬁcavit</strong></span> <span class='ocrx_word' id='word_1_38' title='bbox 1152 762 1554 827; x_wconf 89' lang='lat' dir='ltr'><strong>monasterium,</strong></span> <span class='ocrx_word' id='word_1_39' title='bbox 1604 772 1658 818; x_wconf 92' lang='lat' dir='ltr'><strong>et</strong></span> <span class='ocrx_word' id='word_1_40' title='bbox 1704 764 1960 820; x_wconf 88' lang='lat' dir='ltr'><strong>habitavit</strong></span> <span class='ocrx_word' id='word_1_41' title='bbox 1988 767 2059 820; x_wconf 90' lang='lat' dir='ltr'><strong>ibi</strong></span> <span class='ocrx_word' id='word_1_42' title='bbox 2106 781 2235 837; x_wconf 89' lang='lat' dir='ltr'><strong>qua-</strong></span> 
     </span>
    </p>
   </div>
   <div class='ocr_carea' id='block_1_8' title="bbox 668 846 2231 927">
    <p class='ocr_par' dir='ltr' id='par_1_8' title="bbox 668 846 2231 927">
     <span class='ocr_line' id='line_1_8' title="bbox 668 846 2231 927; baseline 0.008 -26"><span class='ocrx_word' id='word_1_43' title='bbox 668 846 906 917; x_wconf 84' lang='lat' dir='ltr'><strong>draginta</strong></span> <span class='ocrx_word' id='word_1_44' title='bbox 932 860 1156 921; x_wconf 86' lang='lat' dir='ltr'><strong>quatuor</strong></span> <span class='ocrx_word' id='word_1_45' title='bbox 1187 852 1359 916; x_wconf 87' lang='lat' dir='ltr'><strong>annis,</strong></span> <span class='ocrx_word' id='word_1_46' title='bbox 1401 853 1486 908; x_wconf 90' lang='lat' dir='ltr'><strong>ubi</strong></span> <span class='ocrx_word' id='word_1_47' title='bbox 1511 863 1564 908; x_wconf 90' lang='lat' dir='ltr'><strong>et</strong></span> <span class='ocrx_word' id='word_1_48' title='bbox 1596 855 1857 924; x_wconf 82' lang='lat' dir='ltr'><strong>requievit</strong></span> <span class='ocrx_word' id='word_1_49' title='bbox 1886 858 1938 911; x_wconf 89' lang='lat' dir='ltr'><strong>ir.</strong></span> <span class='ocrx_word' id='word_1_50' title='bbox 1966 872 2115 927; x_wconf 87' lang='lat' dir='ltr'><strong>pace,</strong></span> <span class='ocrx_word' id='word_1_51' title='bbox 2144 860 2231 914; x_wconf 91' lang='lat' dir='ltr'><strong>ubi</strong></span> 
     </span>
    </p>
   </div>
   <div class='ocr_carea' id='block_1_9' title="bbox 608 941 2227 1014">
    <p class='ocr_par' dir='ltr' id='par_1_9' title="bbox 608 941 2227 1014">
     <span class='ocr_line' id='line_1_9' title="bbox 608 941 2227 1014; baseline 0.008 -22"><span class='ocrx_word' id='word_1_52' title='bbox 608 959 617 967; x_wconf 80' lang='lat'><strong>-</strong></span> <span class='ocrx_word' id='word_1_53' title='bbox 666 949 983 1007; x_wconf 75' lang='lat' dir='ltr'><strong>praestantur</strong></span> <span class='ocrx_word' id='word_1_54' title='bbox 1014 941 1263 998; x_wconf 77' lang='lat' dir='ltr'><strong>beneficia</strong></span> <span class='ocrx_word' id='word_1_55' title='bbox 1295 943 1387 998; x_wconf 88' lang='lat' dir='ltr'><strong>Dei</strong></span> <span class='ocrx_word' id='word_1_56' title='bbox 1432 958 1600 1014; x_wconf 88' lang='lat' dir='ltr'><strong>usque</strong></span> <span class='ocrx_word' id='word_1_57' title='bbox 1629 947 1682 1002; x_wconf 92' lang='lat' dir='ltr'><strong>in</strong></span> <span class='ocrx_word' id='word_1_58' title='bbox 1709 947 2021 1003; x_wconf 90' lang='lat' dir='ltr'><strong>hodiernum</strong></span> <span class='ocrx_word' id='word_1_59' title='bbox 2064 950 2227 1007; x_wconf 90' lang='lat' dir='ltr'><strong>diem.</strong></span> 
     </span>
    </p>
   </div>
   <div class='ocr_carea' id='block_1_10' title="bbox 661 1028 2227 1109">
    <p class='ocr_par' dir='ltr' id='par_1_10' title="bbox 661 1028 2227 1109">
     <span class='ocr_line' id='line_1_10' title="bbox 661 1028 2227 1109; baseline 0.008 -26"><span class='ocrx_word' id='word_1_60' title='bbox 661 1028 861 1084; x_wconf 91' lang='lat' dir='ltr'><strong>Eodem</strong></span> <span class='ocrx_word' id='word_1_61' title='bbox 913 1031 999 1087; x_wconf 89' lang='lat' dir='ltr'><strong>die</strong></span> <span class='ocrx_word' id='word_1_62' title='bbox 1062 1033 1199 1100; x_wconf 89' lang='lat' dir='ltr'><strong>apud</strong></span> <span class='ocrx_word' id='word_1_63' title='bbox 1263 1033 1576 1091; x_wconf 87' lang='lat' dir='ltr'><strong>Surrentum</strong></span> <span class='ocrx_word' id='word_1_64' title='bbox 1648 1049 1949 1093; x_wconf 89' lang='lat' dir='ltr'><strong>sanctorum</strong></span> <span class='ocrx_word' id='word_1_65' title='bbox 2006 1040 2227 1109; x_wconf 87' lang='lat' dir='ltr'><strong>Quinti,</strong></span> 
     </span>
    </p>
   </div>
   <div class='ocr_carea' id='block_1_11' title="bbox 654 1118 2227 1190">
    <p class='ocr_par' dir='ltr' id='par_1_11' title="bbox 654 1118 2227 1190">
     <span class='ocr_line' id='line_1_11' title="bbox 654 1118 2227 1190; baseline 0.011 -18"><span class='ocrx_word' id='word_1_66' title='bbox 654 1118 915 1189; x_wconf 84' lang='lat' dir='ltr'><strong>Quintilli,</strong></span> <span class='ocrx_word' id='word_1_67' title='bbox 961 1123 1252 1189; x_wconf 65' lang='lat' dir='ltr'><strong>Quartillae,</strong></span> <span class='ocrx_word' id='word_1_68' title='bbox 1284 1124 1468 1190; x_wconf 85' lang='lat' dir='ltr'><strong>Marci,</strong></span> <span class='ocrx_word' id='word_1_69' title='bbox 1501 1143 1621 1183; x_wconf 92' lang='lat' dir='ltr'><strong>cum</strong></span> <span class='ocrx_word' id='word_1_70' title='bbox 1651 1129 1771 1186; x_wconf 90' lang='lat' dir='ltr'><strong>aliis</strong></span> <span class='ocrx_word' id='word_1_71' title='bbox 1816 1144 2025 1186; x_wconf 88' lang='lat' dir='ltr'><strong>novem.</strong></span> <span class='ocrx_word' id='word_1_72' title='bbox 2057 1131 2227 1188; x_wconf 89' lang='lat' dir='ltr'><strong>Luca-</strong></span> 
     </span>
    </p>
   </div>
   <div class='ocr_carea' id='block_1_12' title="bbox 655 1212 1736 1287">
    <p class='ocr_par' dir='ltr' id='par_1_12' title="bbox 655 1212 1736 1287">
     <span class='ocr_line' id='line_1_12' title="bbox 655 1212 1736 1287; baseline 0.009 -23"><span class='ocrx_word' id='word_1_73' title='bbox 655 1212 778 1277; x_wconf 74' lang='lat' dir='ltr'><strong>niae,</strong></span> <span class='ocrx_word' id='word_1_74' title='bbox 812 1213 1031 1283; x_wconf 91' lang='lat' dir='ltr'><strong>Ingenii,</strong></span> <span class='ocrx_word' id='word_1_75' title='bbox 1056 1224 1111 1270; x_wconf 90' lang='lat' dir='ltr'><strong>et</strong></span> <span class='ocrx_word' id='word_1_76' title='bbox 1140 1215 1357 1287; x_wconf 64' lang='lat' dir='ltr'><strong>Rogata;</strong></span> <span class='ocrx_word' id='word_1_77' title='bbox 1378 1227 1428 1274; x_wconf 89' lang='lat' dir='ltr'><strong>et</strong></span> <span class='ocrx_word' id='word_1_78' title='bbox 1448 1219 1736 1275; x_wconf 88' lang='lat' dir='ltr'><strong>Timothei.</strong></span> 
     </span>
    </p>
   </div>
   <div class='ocr_carea' id='block_1_13' title="bbox 726 1303 2220 1369">
    <p class='ocr_par' dir='ltr' id='par_1_13' title="bbox 726 1303 2220 1369">
     <span class='ocr_line' id='line_1_13' title="bbox 726 1303 2220 1369; baseline 0.008 -12"><span class='ocrx_word' id='word_1_79' title='bbox 726 1304 787 1360; x_wconf 87' lang='grc' dir='ltr'>Β.</span> <span class='ocrx_word' id='word_1_80' title='bbox 821 1303 933 1359; x_wconf 92' lang='lat' dir='ltr'><strong>XIll</strong></span> <span class='ocrx_word' id='word_1_81' title='bbox 974 1305 1107 1362; x_wconf 82' lang='lat' dir='ltr'><strong>Kac.</strong></span> <span class='ocrx_word' id='word_1_82' title='bbox 1142 1307 1326 1364; x_wconf 78' lang='lat' dir='ltr'><strong>Armc.</strong></span> <span class='ocrx_word' id='word_1_83' title='bbox 1359 1338 1428 1351; x_wconf 95' lang='lat'><strong>—</strong></span> <span class='ocrx_word' id='word_1_84' title='bbox 1457 1308 1512 1364; x_wconf 92' lang='lat' dir='ltr'><strong>In</strong></span> <span class='ocrx_word' id='word_1_85' title='bbox 1546 1310 1830 1366; x_wconf 89' lang='lat' dir='ltr'><strong>Britanniis</strong></span> <span class='ocrx_word' id='word_1_86' title='bbox 1856 1313 2024 1367; x_wconf 89' lang='lat' dir='ltr'><strong>sancti</strong></span> <span class='ocrx_word' id='word_1_87' title='bbox 2052 1312 2220 1369; x_wconf 90' lang='lat' dir='ltr'><strong>Cuth-</strong></span> 
     </span>
    </p>
   </div>
   <div class='ocr_carea' id='block_1_14' title="bbox 652 1394 2223 1466">
    <p class='ocr_par' dir='ltr' id='par_1_14' title="bbox 652 1394 2223 1466">
     <span class='ocr_line' id='line_1_14' title="bbox 652 1394 2223 1466; baseline 0.007 -15"><span class='ocrx_word' id='word_1_88' title='bbox 652 1394 812 1461; x_wconf 87' lang='lat' dir='ltr'><strong>berti,</strong></span> <span class='ocrx_word' id='word_1_89' title='bbox 866 1397 952 1466; x_wconf 89' lang='lat' dir='ltr'><strong>qui</strong></span> <span class='ocrx_word' id='word_1_90' title='bbox 1002 1414 1067 1453; x_wconf 81' lang='lat' dir='ltr'><strong>ex</strong></span> <span class='ocrx_word' id='word_1_91' title='bbox 1104 1400 1409 1455; x_wconf 90' lang='lat' dir='ltr'><strong>anachorita</strong></span> <span class='ocrx_word' id='word_1_92' title='bbox 1464 1402 1718 1459; x_wconf 67' lang='lat' dir='ltr'><strong>Ecclesiae</strong></span> <span class='ocrx_word' id='word_1_93' title='bbox 1769 1403 2223 1462; x_wconf 81' lang='lat' dir='ltr'><strong>Lindisfarnensis</strong></span> 
     </span>
    </p>
   </div>
   <div class='ocr_carea' id='block_1_15' title="bbox 650 1490 2217 1556">
    <p class='ocr_par' dir='ltr' id='par_1_15' title="bbox 650 1490 2217 1556">
     <span class='ocr_line' id='line_1_15' title="bbox 650 1490 2217 1556; baseline 0.006 -13"><span class='ocrx_word' id='word_1_94' title='bbox 650 1490 897 1556; x_wconf 87' lang='lat' dir='ltr'><strong>antistes,</strong></span> <span class='ocrx_word' id='word_1_95' title='bbox 934 1501 1096 1547; x_wconf 89' lang='lat' dir='ltr'><strong>totam</strong></span> <span class='ocrx_word' id='word_1_96' title='bbox 1128 1495 1194 1546; x_wconf 87' lang='lat' dir='ltr'><strong>ab</strong></span> <span class='ocrx_word' id='word_1_97' title='bbox 1222 1493 1441 1549; x_wconf 81' lang='lat' dir='ltr'><strong>infantia</strong></span> <span class='ocrx_word' id='word_1_98' title='bbox 1473 1510 1565 1551; x_wconf 90' lang='lat' dir='ltr'><strong>sua</strong></span> <span class='ocrx_word' id='word_1_99' title='bbox 1596 1496 1659 1551; x_wconf 90' lang='lat' dir='ltr'><strong>ad</strong></span> <span class='ocrx_word' id='word_1_100' title='bbox 1692 1496 1899 1553; x_wconf 84' lang='lat' dir='ltr'><strong>senium</strong></span> <span class='ocrx_word' id='word_1_101' title='bbox 1932 1499 2093 1553; x_wconf 86' lang='lat' dir='ltr'><strong>vitam</strong></span> <span class='ocrx_word' id='word_1_102' title='bbox 2119 1499 2217 1553; x_wconf 88' lang='lat' dir='ltr'><strong>mi-</strong></span> 
     </span>
    </p>
   </div>
   <div class='ocr_carea' id='block_1_16' title="bbox 647 1582 2219 1658">
    <p class='ocr_par' dir='ltr' id='par_1_16' title="bbox 647 1582 2219 1658">
     <span class='ocr_line' id='line_1_16' title="bbox 647 1582 2219 1658; baseline 0.008 -24"><span class='ocrx_word' id='word_1_103' title='bbox 647 1582 951 1637; x_wconf 88' lang='lat' dir='ltr'><strong>raculorum</strong></span> <span class='ocrx_word' id='word_1_104' title='bbox 990 1583 1154 1654; x_wconf 91' lang='lat' dir='ltr'><strong>signis</strong></span> <span class='ocrx_word' id='word_1_105' title='bbox 1185 1586 1437 1658; x_wconf 88' lang='lat' dir='ltr'><strong>inclytam</strong></span> <span class='ocrx_word' id='word_1_106' title='bbox 1478 1587 1663 1654; x_wconf 76' lang='lat' dir='ltr'><strong>duxit;</strong></span> <span class='ocrx_word' id='word_1_107' title='bbox 1695 1588 1848 1658; x_wconf 88' lang='lat' dir='ltr'><strong>cujus</strong></span> <span class='ocrx_word' id='word_1_108' title='bbox 1888 1590 2012 1644; x_wconf 91' lang='lat' dir='ltr'><strong>dum</strong></span> <span class='ocrx_word' id='word_1_109' title='bbox 2046 1592 2219 1647; x_wconf 81' lang='lat' dir='ltr'><strong>unde~</strong></span> 
     </span>
    </p>
   </div>
   <div class='ocr_carea' id='block_1_17' title="bbox 644 1671 2213 1752">
    <p class='ocr_par' dir='ltr' id='par_1_17' title="bbox 644 1671 2213 1752">
     <span class='ocr_line' id='line_1_17' title="bbox 644 1671 2213 1752; baseline 0.009 -27"><span class='ocrx_word' id='word_1_110' title='bbox 644 1671 749 1727; x_wconf 92' lang='lat' dir='ltr'><strong>cim</strong></span> <span class='ocrx_word' id='word_1_111' title='bbox 781 1676 931 1730; x_wconf 90' lang='lat' dir='ltr'><strong>annis</strong></span> <span class='ocrx_word' id='word_1_112' title='bbox 964 1687 1205 1733; x_wconf 85' lang='lat' dir='ltr'><strong>maneret</strong></span> <span class='ocrx_word' id='word_1_113' title='bbox 1250 1693 1440 1749; x_wconf 88' lang='lat' dir='ltr'><strong>corpus</strong></span> <span class='ocrx_word' id='word_1_114' title='bbox 1487 1680 1783 1747; x_wconf 84' lang='lat' dir='ltr'><strong>humatum,</strong></span> <span class='ocrx_word' id='word_1_115' title='bbox 1824 1682 2213 1752; x_wconf 91' lang='lat' dir='ltr'><strong>incorruptum,</strong></span> 
     </span>
    </p>
   </div>
   <div class='ocr_carea' id='block_1_18' title="bbox 642 1766 2215 1845">
    <p class='ocr_par' dir='ltr' id='par_1_18' title="bbox 642 1766 2215 1845">
     <span class='ocr_line' id='line_1_18' title="bbox 642 1766 2215 1845; baseline 0.008 -27"><span class='ocrx_word' id='word_1_116' title='bbox 642 1766 790 1833; x_wconf 88' lang='lat' dir='ltr'><strong>quasi</strong></span> <span class='ocrx_word' id='word_1_117' title='bbox 822 1767 1005 1822; x_wconf 89' lang='lat' dir='ltr'><strong>eadem</strong></span> <span class='ocrx_word' id='word_1_118' title='bbox 1048 1769 1176 1823; x_wconf 91' lang='lat' dir='ltr'><strong>hora</strong></span> <span class='ocrx_word' id='word_1_119' title='bbox 1222 1770 1477 1838; x_wconf 82' lang='lat' dir='ltr'><strong>defuncti,</strong></span> <span class='ocrx_word' id='word_1_120' title='bbox 1509 1772 1666 1827; x_wconf 89' lang='lat' dir='ltr'><strong>simul</strong></span> <span class='ocrx_word' id='word_1_121' title='bbox 1719 1787 1838 1828; x_wconf 91' lang='lat' dir='ltr'><strong>cum</strong></span> <span class='ocrx_word' id='word_1_122' title='bbox 1892 1782 2061 1842; x_wconf 90' lang='lat' dir='ltr'><strong>veste,</strong></span> <span class='ocrx_word' id='word_1_123' title='bbox 2112 1790 2215 1845; x_wconf 91' lang='lat' dir='ltr'><strong>qua</strong></span> 
     </span>
    </p>
   </div>
   <div class='ocr_carea' id='block_1_19' title="bbox 642 1857 1369 1927">
    <p class='ocr_par' dir='ltr' id='par_1_19' title="bbox 642 1857 1369 1927">
     <span class='ocr_line' id='line_1_19' title="bbox 642 1857 1369 1927; baseline 0.01 -18"><span class='ocrx_word' id='word_1_124' title='bbox 642 1857 935 1927; x_wconf 82' lang='lat' dir='ltr'><strong>tegebatur,</strong></span> <span class='ocrx_word' id='word_1_125' title='bbox 967 1869 1047 1915; x_wconf 89' lang='lat' dir='ltr'><strong>est</strong></span> <span class='ocrx_word' id='word_1_126' title='bbox 1078 1861 1369 1916; x_wconf 86' lang='lat' dir='ltr'><strong>inventum.</strong></span> 
     </span>
    </p>
   </div>
   <div class='ocr_carea' id='block_1_20' title="bbox 2341 667 3883 754">
    <p class='ocr_par' dir='ltr' id='par_1_20' title="bbox 2341 667 3883 754">
     <span class='ocr_line' id='line_1_20' title="bbox 2341 667 3883 754; baseline 0.016 -30"><span class='ocrx_word' id='word_1_127' title='bbox 2341 667 2649 738; x_wconf 77' lang='lat' dir='ltr'><strong>Gregorius.</strong></span> <span class='ocrx_word' id='word_1_128' title='bbox 2684 672 2879 731; x_wconf 84' lang='lat' dir='ltr'><strong>Eodem</strong></span> <span class='ocrx_word' id='word_1_129' title='bbox 2910 677 2996 732; x_wconf 91' lang='lat' dir='ltr'><strong>die</strong></span> <span class='ocrx_word' id='word_1_130' title='bbox 3036 680 3173 734; x_wconf 86' lang='lat' dir='ltr'><strong>beati</strong></span> <span class='ocrx_word' id='word_1_131' title='bbox 3206 682 3514 754; x_wconf 83' lang='lat' dir='ltr'><strong>Serapionis</strong></span> <span class='ocrx_word' id='word_1_132' title='bbox 3558 667 3883 750; x_wconf 65' lang='lat' dir='ltr'><strong>anachoritz.</strong></span> 
     </span>
    </p>
   </div>
   <div class='ocr_carea' id='block_1_21' title="bbox 2342 759 3873 855">
    <p class='ocr_par' dir='ltr' id='par_1_21' title="bbox 2342 759 3873 855">
     <span class='ocr_line' id='line_1_21' title="bbox 2342 759 3873 855; baseline 0.018 -42"><span class='ocrx_word' id='word_1_133' title='bbox 2342 759 2409 814; x_wconf 89' lang='lat' dir='ltr'><strong>Et</strong></span> <span class='ocrx_word' id='word_1_134' title='bbox 2438 762 2488 815; x_wconf 94' lang='lat' dir='ltr'><strong>in</strong></span> <span class='ocrx_word' id='word_1_135' title='bbox 2522 764 2791 855; x_wconf 87' lang='lat' dir='ltr'><strong>territorio</strong></span> <span class='ocrx_word' id='word_1_136' title='bbox 2824 767 3161 836; x_wconf 88' lang='lat' dir='ltr'><strong>Lugdunensi</strong></span> <span class='ocrx_word' id='word_1_137' title='bbox 3189 777 3359 831; x_wconf 88' lang='lat' dir='ltr'><strong>sancti</strong></span> <span class='ocrx_word' id='word_1_138' title='bbox 3399 776 3638 845; x_wconf 90' lang='lat' dir='ltr'><strong>Lupicini</strong></span> <span class='ocrx_word' id='word_1_139' title='bbox 3676 785 3873 855; x_wconf 79' lang='lat' dir='ltr'><strong>abbatis,</strong></span> 
     </span>
    </p>
   </div>
   <div class='ocr_carea' id='block_1_22' title="bbox 2337 851 3880 941">
    <p class='ocr_par' dir='ltr' id='par_1_22' title="bbox 2337 851 3880 941">
     <span class='ocr_line' id='line_1_22' title="bbox 2337 851 3880 941; baseline 0.018 -36"><span class='ocrx_word' id='word_1_140' title='bbox 2337 851 2490 919; x_wconf 85' lang='lat' dir='ltr'><strong>cujus</strong></span> <span class='ocrx_word' id='word_1_141' title='bbox 2518 853 2623 909; x_wconf 88' lang='lat' dir='ltr'><strong>vita</strong></span> <span class='ocrx_word' id='word_1_142' title='bbox 2652 858 2949 914; x_wconf 83' lang='lat' dir='ltr'><strong>sanctitatis</strong></span> <span class='ocrx_word' id='word_1_143' title='bbox 2976 873 3029 917; x_wconf 92' lang='lat' dir='ltr'><strong>et</strong></span> <span class='ocrx_word' id='word_1_144' title='bbox 3074 863 3456 925; x_wconf 85' lang='lat' dir='ltr'><strong>miraculorum</strong></span> <span class='ocrx_word' id='word_1_145' title='bbox 3488 869 3660 941; x_wconf 87' lang='lat' dir='ltr'><strong>gloria</strong></span> <span class='ocrx_word' id='word_1_146' title='bbox 3688 851 3880 932; x_wconf 82' lang='lat' dir='ltr'><strong>illustris</strong></span> 
     </span>
    </p>
   </div>
   <div class='ocr_carea' id='block_1_23' title="bbox 2336 942 2455 1002">
    <p class='ocr_par' dir='ltr' id='par_1_23' title="bbox 2336 942 2455 1002">
     <span class='ocr_line' id='line_1_23' title="bbox 2336 942 2455 1002; baseline 0.025 -5"><span class='ocrx_word' id='word_1_147' title='bbox 2336 942 2455 1002; x_wconf 84' lang='lat' dir='ltr'><strong>fuit.</strong></span> 
     </span>
    </p>
   </div>
   <div class='ocr_carea' id='block_1_24' title="bbox 2404 1056 3875 1133">
    <p class='ocr_par' dir='ltr' id='par_1_24' title="bbox 2404 1056 3875 1133">
     <span class='ocr_line' id='line_1_24' title="bbox 2404 1056 3875 1133; baseline 0.015 -22"><span class='ocrx_word' id='word_1_148' title='bbox 2404 1056 2469 1113; x_wconf 91' lang='lat' dir='ltr'><strong>D.</strong></span> <span class='ocrx_word' id='word_1_149' title='bbox 2517 1057 2585 1114; x_wconf 88' lang='lat' dir='ltr'><strong>XI</strong></span> <span class='ocrx_word' id='word_1_150' title='bbox 2612 1058 2747 1116; x_wconf 82' lang='lat' dir='ltr'><strong>Kac.</strong></span> <span class='ocrx_word' id='word_1_151' title='bbox 2778 1064 2965 1120; x_wconf 78' lang='lat' dir='ltr'><strong>Arntc.</strong></span> <span class='ocrx_word' id='word_1_152' title='bbox 2997 1095 3066 1107; x_wconf 96' lang='lat'><strong>—</strong></span> <span class='ocrx_word' id='word_1_153' title='bbox 3096 1066 3154 1122; x_wconf 93' lang='lat' dir='ltr'><strong>ln</strong></span> <span class='ocrx_word' id='word_1_154' title='bbox 3194 1067 3381 1125; x_wconf 86' lang='lat' dir='ltr'><strong>Galliis</strong></span> <span class='ocrx_word' id='word_1_155' title='bbox 3408 1072 3626 1128; x_wconf 84' lang='lat' dir='ltr'><strong>civitate</strong></span> <span class='ocrx_word' id='word_1_156' title='bbox 3661 1074 3875 1133; x_wconf 77' lang='lat' dir='ltr'><strong>Narbone</strong></span> 
     </span>
    </p>
   </div>
   <div class='ocr_carea' id='block_1_25' title="bbox 2332 1148 3871 1237">
    <p class='ocr_par' dir='ltr' id='par_1_25' title="bbox 2332 1148 3871 1237">
     <span class='ocr_line' id='line_1_25' title="bbox 2332 1148 3871 1237; baseline 0.017 -36"><span class='ocrx_word' id='word_1_157' title='bbox 2332 1149 2500 1203; x_wconf 88' lang='lat' dir='ltr'><strong>sancti</strong></span> <span class='ocrx_word' id='word_1_158' title='bbox 2527 1148 2673 1205; x_wconf 87' lang='lat' dir='ltr'><strong>Pauli</strong></span> <span class='ocrx_word' id='word_1_159' title='bbox 2705 1154 2941 1226; x_wconf 84' lang='lat' dir='ltr'><strong>episcopi</strong></span> <span class='ocrx_word' id='word_1_160' title='bbox 2963 1168 3017 1213; x_wconf 92' lang='lat' dir='ltr'><strong>et</strong></span> <span class='ocrx_word' id='word_1_161' title='bbox 3043 1159 3393 1228; x_wconf 83' lang='lat' dir='ltr'><strong>confessoris,</strong></span> <span class='ocrx_word' id='word_1_162' title='bbox 3414 1163 3664 1235; x_wconf 89' lang='lat' dir='ltr'><strong>discipuli</strong></span> <span class='ocrx_word' id='word_1_163' title='bbox 3689 1179 3871 1237; x_wconf 88' lang='lat' dir='ltr'><strong>aposto-</strong></span> 
     </span>
    </p>
   </div>
   <div class='ocr_carea' id='block_1_26' title="bbox 2332 1238 3869 1326">
    <p class='ocr_par' dir='ltr' id='par_1_26' title="bbox 2332 1238 3869 1326">
     <span class='ocr_line' id='line_1_26' title="bbox 2332 1238 3869 1326; baseline 0.017 -36"><span class='ocrx_word' id='word_1_164' title='bbox 2332 1238 2501 1293; x_wconf 92' lang='lat' dir='ltr'><strong>lorum</strong></span> <span class='ocrx_word' id='word_1_165' title='bbox 2545 1239 2764 1309; x_wconf 87' lang='lat' dir='ltr'><strong>Christi,</strong></span> <span class='ocrx_word' id='word_1_166' title='bbox 2794 1261 2951 1316; x_wconf 87' lang='lat' dir='ltr'><strong>quem</strong></span> <span class='ocrx_word' id='word_1_167' title='bbox 2983 1249 3199 1305; x_wconf 85' lang='lat' dir='ltr'><strong>tradunt</strong></span> <span class='ocrx_word' id='word_1_168' title='bbox 3237 1255 3487 1310; x_wconf 92' lang='lat' dir='ltr'><strong>eumdem</strong></span> <span class='ocrx_word' id='word_1_169' title='bbox 3519 1257 3688 1326; x_wconf 91' lang='lat' dir='ltr'><strong>ipsum</strong></span> <span class='ocrx_word' id='word_1_170' title='bbox 3735 1260 3869 1317; x_wconf 81' lang='lat' dir='ltr'><strong>fuisse</strong></span> 
     </span>
    </p>
   </div>
   <div class='ocr_carea' id='block_1_27' title="bbox 2330 1326 3869 1415">
    <p class='ocr_par' dir='ltr' id='par_1_27' title="bbox 2330 1326 3869 1415">
     <span class='ocr_line' id='line_1_27' title="bbox 2330 1326 3869 1415; baseline 0.016 -35"><span class='ocrx_word' id='word_1_171' title='bbox 2330 1326 2571 1397; x_wconf 89' lang='lat' dir='ltr'><strong>Sergium</strong></span> <span class='ocrx_word' id='word_1_172' title='bbox 2607 1330 2824 1386; x_wconf 90' lang='lat' dir='ltr'><strong>Paulum</strong></span> <span class='ocrx_word' id='word_1_173' title='bbox 2867 1339 3264 1409; x_wconf 85' lang='lat' dir='ltr'><strong>proconsulem,</strong></span> <span class='ocrx_word' id='word_1_174' title='bbox 3299 1343 3475 1399; x_wconf 88' lang='lat' dir='ltr'><strong>virum</strong></span> <span class='ocrx_word' id='word_1_175' title='bbox 3507 1346 3822 1415; x_wconf 85' lang='lat' dir='ltr'><strong>prudentem,</strong></span> <span class='ocrx_word' id='word_1_176' title='bbox 3846 1364 3869 1405; x_wconf 87' lang='lat' dir='ltr'><strong>a</strong></span> 
     </span>
    </p>
   </div>
   <div class='ocr_carea' id='block_1_28' title="bbox 2327 1422 3865 1508">
    <p class='ocr_par' dir='ltr' id='par_1_28' title="bbox 2327 1422 3865 1508">
     <span class='ocr_line' id='line_1_28' title="bbox 2327 1422 3865 1508; baseline 0.016 -36"><span class='ocrx_word' id='word_1_177' title='bbox 2327 1434 2433 1488; x_wconf 91' lang='lat' dir='ltr'><strong>quo</strong></span> <span class='ocrx_word' id='word_1_178' title='bbox 2463 1422 2576 1489; x_wconf 90' lang='lat' dir='ltr'><strong>ipse</strong></span> <span class='ocrx_word' id='word_1_179' title='bbox 2620 1423 2815 1480; x_wconf 88' lang='lat' dir='ltr'><strong>Paulus</strong></span> <span class='ocrx_word' id='word_1_180' title='bbox 2862 1429 3083 1485; x_wconf 89' lang='lat' dir='ltr'><strong>sortitus</strong></span> <span class='ocrx_word' id='word_1_181' title='bbox 3125 1443 3209 1488; x_wconf 90' lang='lat' dir='ltr'><strong>est</strong></span> <span class='ocrx_word' id='word_1_182' title='bbox 3237 1448 3454 1501; x_wconf 91' lang='lat' dir='ltr'><strong>nomen,</strong></span> <span class='ocrx_word' id='word_1_183' title='bbox 3488 1438 3613 1506; x_wconf 90' lang='lat' dir='ltr'><strong>quia</strong></span> <span class='ocrx_word' id='word_1_184' title='bbox 3642 1438 3749 1508; x_wconf 89' lang='lat' dir='ltr'><strong>ipse</strong></span> <span class='ocrx_word' id='word_1_185' title='bbox 3764 1456 3865 1497; x_wconf 85' lang='lat' dir='ltr'><strong>eum</strong></span> 
     </span>
    </p>
   </div>
   <div class='ocr_carea' id='block_1_29' title="bbox 2327 1509 3861 1591">
    <p class='ocr_par' dir='ltr' id='par_1_29' title="bbox 2327 1509 3861 1591">
     <span class='ocr_line' id='line_1_29' title="bbox 2327 1509 3861 1591; baseline 0.015 -29"><span class='ocrx_word' id='word_1_186' title='bbox 2327 1509 2445 1564; x_wconf 89' lang='lat' dir='ltr'><strong>fidei</strong></span> <span class='ocrx_word' id='word_1_187' title='bbox 2499 1510 2695 1567; x_wconf 90' lang='lat' dir='ltr'><strong>Christi</strong></span> <span class='ocrx_word' id='word_1_188' title='bbox 2742 1515 3057 1586; x_wconf 77' lang='lat' dir='ltr'><strong>subegerat;</strong></span> <span class='ocrx_word' id='word_1_189' title='bbox 3105 1521 3301 1591; x_wconf 89' lang='lat' dir='ltr'><strong>quique</strong></span> <span class='ocrx_word' id='word_1_190' title='bbox 3348 1526 3419 1579; x_wconf 88' lang='lat' dir='ltr'><strong>ab</strong></span> <span class='ocrx_word' id='word_1_191' title='bbox 3478 1527 3665 1582; x_wconf 87' lang='lat' dir='ltr'><strong>eodem</strong></span> <span class='ocrx_word' id='word_1_192' title='bbox 3709 1540 3861 1586; x_wconf 79' lang='lat' dir='ltr'><strong>sancte</strong></span> 
     </span>
    </p>
   </div>
   <div class='ocr_carea' id='block_1_30' title="bbox 2322 1602 3860 1687">
    <p class='ocr_par' dir='ltr' id='par_1_30' title="bbox 2322 1602 3860 1687">
     <span class='ocr_line' id='line_1_30' title="bbox 2322 1602 3860 1687; baseline 0.014 -34"><span class='ocrx_word' id='word_1_193' title='bbox 2322 1602 2563 1669; x_wconf 86' lang='lat' dir='ltr'><strong>apostolo</strong></span> <span class='ocrx_word' id='word_1_194' title='bbox 2592 1617 2710 1659; x_wconf 91' lang='lat' dir='ltr'><strong>cum</strong></span> <span class='ocrx_word' id='word_1_195' title='bbox 2753 1605 2818 1659; x_wconf 92' lang='lat' dir='ltr'><strong>ad</strong></span> <span class='ocrx_word' id='word_1_196' title='bbox 2868 1606 3148 1677; x_wconf 85' lang='lat' dir='ltr'><strong>Hispanias</strong></span> <span class='ocrx_word' id='word_1_197' title='bbox 3198 1613 3527 1682; x_wconf 53' lang='lat' dir='ltr'><strong>praedicandi</strong></span> <span class='ocrx_word' id='word_1_198' title='bbox 3570 1620 3729 1687; x_wconf 87' lang='lat' dir='ltr'><strong>gratia</strong></span> <span class='ocrx_word' id='word_1_199' title='bbox 3760 1636 3860 1687; x_wconf 88' lang='lat' dir='ltr'><strong>per-</strong></span> 
     </span>
    </p>
   </div>
   <div class='ocr_carea' id='block_1_31' title="bbox 2320 1696 3856 1779">
    <p class='ocr_par' dir='ltr' id='par_1_31' title="bbox 2320 1696 3856 1779">
     <span class='ocr_line' id='line_1_31' title="bbox 2320 1696 3856 1779; baseline 0.012 -30"><span class='ocrx_word' id='word_1_200' title='bbox 2320 1705 2491 1765; x_wconf 88' lang='lat' dir='ltr'><strong>geret,</strong></span> <span class='ocrx_word' id='word_1_201' title='bbox 2538 1696 2676 1765; x_wconf 90' lang='lat' dir='ltr'><strong>apud</strong></span> <span class='ocrx_word' id='word_1_202' title='bbox 2732 1699 3007 1769; x_wconf 59' lang='lat' dir='ltr'><strong>praefatam</strong></span> <span class='ocrx_word' id='word_1_203' title='bbox 3060 1704 3247 1759; x_wconf 87' lang='lat' dir='ltr'><strong>urbem</strong></span> <span class='ocrx_word' id='word_1_204' title='bbox 3299 1706 3607 1765; x_wconf 82' lang='lat' dir='ltr'><strong>Narbonem</strong></span> <span class='ocrx_word' id='word_1_205' title='bbox 3657 1711 3856 1779; x_wconf 77' lang='lat' dir='ltr'><strong>relictas,</strong></span> 
     </span>
    </p>
   </div>
   <div class='ocr_carea' id='block_1_32' title="bbox 2322 1785 3860 1871">
    <p class='ocr_par' dir='ltr' id='par_1_32' title="bbox 2322 1785 3860 1871">
     <span class='ocr_line' id='line_1_32' title="bbox 2322 1785 3860 1871; baseline 0.014 -33"><span class='ocrx_word' id='word_1_206' title='bbox 2322 1785 2711 1852; x_wconf 65' lang='lat' dir='ltr'><strong>praedicationis</strong></span> <span class='ocrx_word' id='word_1_207' title='bbox 2752 1788 2933 1845; x_wconf 86' lang='lat' dir='ltr'><strong>ofiicio</strong></span> <span class='ocrx_word' id='word_1_208' title='bbox 2988 1806 3090 1848; x_wconf 91' lang='lat' dir='ltr'><strong>non</strong></span> <span class='ocrx_word' id='word_1_209' title='bbox 3147 1798 3383 1866; x_wconf 85' lang='lat' dir='ltr'><strong>segniter</strong></span> <span class='ocrx_word' id='word_1_210' title='bbox 3430 1799 3673 1871; x_wconf 76' lang='lat' dir='ltr'><strong>impleto,</strong></span> <span class='ocrx_word' id='word_1_211' title='bbox 3720 1804 3860 1859; x_wconf 74' lang='lat' dir='ltr'><strong>clarus</strong></span> 
     </span>
    </p>
   </div>
   <div class='ocr_carea' id='block_1_33' title="bbox 2319 1877 3857 1961">
    <p class='ocr_par' dir='ltr' id='par_1_33' title="bbox 2319 1877 3857 1961">
     <span class='ocr_line' id='line_1_33' title="bbox 2319 1877 3857 1961; baseline 0.012 -31"><span class='ocrx_word' id='word_1_212' title='bbox 2319 1877 2591 1934; x_wconf 86' lang='lat' dir='ltr'><strong>miraculis</strong></span> <span class='ocrx_word' id='word_1_213' title='bbox 2638 1891 2925 1937; x_wconf 87' lang='lat' dir='ltr'><strong>coronatus</strong></span> <span class='ocrx_word' id='word_1_214' title='bbox 2976 1886 3253 1955; x_wconf 89' lang='lat' dir='ltr'><strong>sepelitur.</strong></span> <span class='ocrx_word' id='word_1_215' title='bbox 3287 1889 3340 1943; x_wconf 91' lang='lat' dir='ltr'><strong>in</strong></span> <span class='ocrx_word' id='word_1_216' title='bbox 3388 1892 3575 1947; x_wconf 87' lang='lat' dir='ltr'><strong>Africa</strong></span> <span class='ocrx_word' id='word_1_217' title='bbox 3606 1893 3857 1961; x_wconf 85' lang='lat' dir='ltr'><strong>Saturnini,</strong></span> 
     </span>
    </p>
   </div>
   <div class='ocr_carea' id='block_1_34' title="bbox 707 1948 2183 2043">
    <p class='ocr_par' dir='ltr' id='par_1_34' title="bbox 707 1948 2183 2021">
     <span class='ocr_line' id='line_1_34' title="bbox 707 1948 2183 2021; baseline 0.005 -18"><span class='ocrx_word' id='word_1_218' title='bbox 707 1948 768 2004; x_wconf 95' lang='lat' dir='ltr'><strong>C.</strong></span> <span class='ocrx_word' id='word_1_219' title='bbox 795 1949 882 2004; x_wconf 85' lang='lat' dir='ltr'>XII</span> <span class='ocrx_word' id='word_1_220' title='bbox 913 1949 1047 2006; x_wconf 87' lang='lat' dir='ltr'><strong>Kac.</strong></span> <span class='ocrx_word' id='word_1_221' title='bbox 1072 1952 1257 2007; x_wconf 76' lang='lat' dir='ltr'><strong>APRIL.</strong></span> <span class='ocrx_word' id='word_1_222' title='bbox 1280 1982 1351 1994; x_wconf 93' lang='lat'><strong>—</strong></span> <span class='ocrx_word' id='word_1_223' title='bbox 1378 1953 1528 2021; x_wconf 82' lang='lat' dir='ltr'><strong>Apud</strong></span> <span class='ocrx_word' id='word_1_224' title='bbox 1555 1953 1831 2009; x_wconf 85' lang='lat' dir='ltr'><strong>Cassinum</strong></span> <span class='ocrx_word' id='word_1_225' title='bbox 1856 1965 2091 2010; x_wconf 88' lang='lat' dir='ltr'><strong>castrum</strong></span> <span class='ocrx_word' id='word_1_226' title='bbox 2116 1971 2183 2011; x_wconf 89' lang='lat' dir='ltr'><strong>na</strong></span> 
     </span>
    </p>
   </div>
   <div class='ocr_carea' id='block_1_35' title="bbox 2289 1948 3859 2043">
    <p class='ocr_par' dir='ltr' id='par_1_35' title="bbox 2318 1969 3859 2043">
     <span class='ocr_line' id='line_1_35' title="bbox 2318 1969 3859 2043; baseline 0.012 -18"><span class='ocrx_word' id='word_1_227' title='bbox 2318 1978 2369 2025; x_wconf 91' lang='lat' dir='ltr'><strong>et</strong></span> <span class='ocrx_word' id='word_1_228' title='bbox 2407 1969 2633 2027; x_wconf 91' lang='lat' dir='ltr'><strong>aliorum</strong></span> <span class='ocrx_word' id='word_1_229' title='bbox 2673 1986 2887 2031; x_wconf 85' lang='lat' dir='ltr'><strong>novem.</strong></span> <span class='ocrx_word' id='word_1_230' title='bbox 2942 1975 3001 2031; x_wconf 92' lang='lat' dir='ltr'><strong>In</strong></span> <span class='ocrx_word' id='word_1_231' title='bbox 3056 1977 3296 2037; x_wconf 87' lang='lat' dir='ltr'><strong>Sebastia</strong></span> <span class='ocrx_word' id='word_1_232' title='bbox 3327 1982 3565 2041; x_wconf 90' lang='lat' dir='ltr'><strong>Decroni</strong></span> <span class='ocrx_word' id='word_1_233' title='bbox 3596 1996 3647 2041; x_wconf 90' lang='lat' dir='ltr'><strong>et</strong></span> <span class='ocrx_word' id='word_1_234' title='bbox 3675 1987 3859 2043; x_wconf 84' lang='lat' dir='ltr'><strong>Alioais.</strong></span> 
     </span>
    </p>
   </div>
   <div class='ocr_carea' id='block_1_36' title="bbox 635 2038 2207 2115">
    <p class='ocr_par' dir='ltr' id='par_1_36' title="bbox 635 2038 2207 2115">
     <span class='ocr_line' id='line_1_36' title="bbox 635 2038 2207 2115; baseline 0.005 -19"><span class='ocrx_word' id='word_1_235' title='bbox 635 2038 741 2098; x_wconf 83' lang='lat' dir='ltr'><strong>tale</strong></span> <span class='ocrx_word' id='word_1_236' title='bbox 768 2042 938 2098; x_wconf 88' lang='lat' dir='ltr'><strong>sancti</strong></span> <span class='ocrx_word' id='word_1_237' title='bbox 968 2042 1241 2100; x_wconf 89' lang='lat' dir='ltr'><strong>Benedicti</strong></span> <span class='ocrx_word' id='word_1_238' title='bbox 1282 2045 1511 2111; x_wconf 87' lang='lat' dir='ltr'><strong>abbatis,</strong></span> <span class='ocrx_word' id='word_1_239' title='bbox 1544 2045 1694 2115; x_wconf 86' lang='lat' dir='ltr'><strong>cujus</strong></span> <span class='ocrx_word' id='word_1_240' title='bbox 1727 2046 1889 2101; x_wconf 85' lang='lat' dir='ltr'><strong>vitam</strong></span> <span class='ocrx_word' id='word_1_241' title='bbox 1934 2047 2207 2104; x_wconf 85' lang='lat' dir='ltr'><strong>miraculis</strong></span> 
     </span>
    </p>
   </div>
   <div class='ocr_carea' id='block_1_37' title="bbox 1906 2158 2688 2219">
    <p class='ocr_par' dir='ltr' id='par_1_37' title="bbox 1906 2158 2688 2219">
     <span class='ocr_line' id='line_1_37' title="bbox 1906 2158 2688 2219; baseline 0.008 -6"><span class='ocrx_word' id='word_1_242' title='bbox 1906 2158 2134 2215; x_wconf 83' lang='lat' dir='ltr'><strong>EDITIO</strong></span> <span class='ocrx_word' id='word_1_243' title='bbox 2178 2158 2688 2219; x_wconf 81' lang='lat' dir='ltr'><strong>BOLLANDIANA.</strong></span> 
     </span>
    </p>
   </div>
   <div class='ocr_carea' id='block_1_38' title="bbox 630 2245 2201 2318">
    <p class='ocr_par' dir='ltr' id='par_1_38' title="bbox 630 2245 2201 2318">
     <span class='ocr_line' id='line_1_38' title="bbox 630 2245 2201 2318; baseline 0.003 -17"><span class='ocrx_word' id='word_1_244' title='bbox 630 2246 756 2318; x_wconf 78' lang='lat' dir='ltr'><strong>tatis</strong></span> <span class='ocrx_word' id='word_1_245' title='bbox 776 2245 894 2302; x_wconf 91' lang='lat' dir='ltr'><strong>viri.</strong></span> <span class='ocrx_word' id='word_1_246' title='bbox 927 2248 988 2303; x_wconf 85' lang='grc' dir='ltr'>Β.</span> <span class='ocrx_word' id='word_1_247' title='bbox 1006 2247 1074 2302; x_wconf 70' lang='grc' dir='ltr'>ν.</span> <span class='ocrx_word' id='word_1_248' title='bbox 1102 2245 1186 2311; x_wconf 91' lang='lat' dir='ltr'><strong>L.,</strong></span> <span class='ocrx_word' id='word_1_249' title='bbox 1216 2246 1271 2318; x_wconf 86' lang='lat' dir='ltr'><strong>In</strong></span> <span class='ocrx_word' id='word_1_250' title='bbox 1294 2248 1537 2305; x_wconf 84' lang='lat' dir='ltr'><strong>Caesarea</strong></span> <span class='ocrx_word' id='word_1_251' title='bbox 1565 2249 1911 2318; x_wconf 67' lang='lat' dir='ltr'><strong>Cappadociae</strong></span> <span class='ocrx_word' id='word_1_252' title='bbox 1939 2250 1997 2305; x_wconf 98' lang='grc'><strong>8.</strong></span> <span class='ocrx_word' id='word_1_253' title='bbox 2026 2250 2201 2305; x_wconf 82' lang='lat' dir='ltr'><strong>Theo-</strong></span> 
     </span>
    </p>
   </div>
   <div class='ocr_carea' id='block_1_39' title="bbox 630 2316 2199 2389">
    <p class='ocr_par' dir='ltr' id='par_1_39' title="bbox 630 2316 2199 2389">
     <span class='ocr_line' id='line_1_39' title="bbox 630 2316 2199 2389; baseline 0.004 -20"><span class='ocrx_word' id='word_1_254' title='bbox 630 2316 744 2389; x_wconf 84' lang='lat' dir='ltr'><strong>dori</strong></span> <span class='ocrx_word' id='word_1_255' title='bbox 774 2319 1086 2389; x_wconf 69' lang='lat' dir='ltr'><strong>presbyteri.</strong></span> <span class='ocrx_word' id='word_1_256' title='bbox 1142 2319 1225 2379; x_wconf 82' lang='grc' dir='ltr'>Β..</span> <span class='ocrx_word' id='word_1_257' title='bbox 1257 2317 1310 2372; x_wconf 87' lang='lat' dir='ltr'><strong>In</strong></span> <span class='ocrx_word' id='word_1_258' title='bbox 1342 2319 1511 2373; x_wconf 83' lang='lat' dir='ltr'><strong>Africa</strong></span> <span class='ocrx_word' id='word_1_259' title='bbox 1547 2316 1781 2382; x_wconf 63' lang='lat' dir='ltr'><strong>Lua-illae.</strong></span> <span class='ocrx_word' id='word_1_260' title='bbox 1817 2320 1985 2384; x_wconf 87' lang='lat' dir='ltr'><strong>Basii,</strong></span> <span class='ocrx_word' id='word_1_261' title='bbox 2036 2322 2199 2389; x_wconf 83' lang='lat' dir='ltr'><strong>Apol-</strong></span> 
     </span>
    </p>
   </div>
   <div class='ocr_carea' id='block_1_40' title="bbox 630 2388 2198 2454">
    <p class='ocr_par' dir='ltr' id='par_1_40' title="bbox 630 2388 2198 2454">
     <span class='ocr_line' id='line_1_40' title="bbox 630 2388 2198 2454; baseline 0.003 -12"><span class='ocrx_word' id='word_1_262' title='bbox 630 2388 780 2451; x_wconf 89' lang='lat' dir='ltr'><strong>lonii,</strong></span> <span class='ocrx_word' id='word_1_263' title='bbox 798 2388 1086 2443; x_wconf 87' lang='lat' dir='ltr'><strong>Ammonii.</strong></span> <span class='ocrx_word' id='word_1_264' title='bbox 1120 2391 1184 2443; x_wconf 85' lang='lat' dir='ltr'><strong>A.</strong></span> <span class='ocrx_word' id='word_1_265' title='bbox 1206 2389 1292 2454; x_wconf 88' lang='lat' dir='ltr'><strong>T.,</strong></span> <span class='ocrx_word' id='word_1_266' title='bbox 1320 2389 1373 2443; x_wconf 89' lang='lat' dir='ltr'><strong>In</strong></span> <span class='ocrx_word' id='word_1_267' title='bbox 1398 2390 1568 2444; x_wconf 74' lang='lat' dir='ltr'><strong>Africa</strong></span> <span class='ocrx_word' id='word_1_268' title='bbox 1591 2392 1853 2454; x_wconf 87' lang='lat' dir='ltr'><strong>depositio</strong></span> <span class='ocrx_word' id='word_1_269' title='bbox 1874 2392 1934 2446; x_wconf 91' lang='lat' dir='ltr'><strong>S.</strong></span> <span class='ocrx_word' id='word_1_270' title='bbox 1957 2398 1983 2428; x_wconf 77' lang='grc' dir='ltr'>ι</span> <span class='ocrx_word' id='word_1_271' title='bbox 2006 2388 2198 2446; x_wconf 87' lang='lat' dir='ltr'><strong>Leonis</strong></span> 
     </span>
    </p>
   </div>
   <div class='ocr_carea' id='block_1_41' title="bbox 628 2459 2198 2529">
    <p class='ocr_par' dir='ltr' id='par_1_41' title="bbox 628 2459 2198 2529">
     <span class='ocr_line' id='line_1_41' title="bbox 628 2459 2198 2529; baseline 0.003 -18"><span class='ocrx_word' id='word_1_272' title='bbox 628 2459 883 2529; x_wconf 22' lang='lat' dir='ltr'><strong>episcopi,</strong></span> <span class='ocrx_word' id='word_1_273' title='bbox 909 2470 966 2514; x_wconf 83' lang='lat' dir='ltr'><strong>et</strong></span> <span class='ocrx_word' id='word_1_274' title='bbox 1012 2459 1356 2514; x_wconf 77' lang='lat' dir='ltr'><strong>confessoris.</strong></span> <span class='ocrx_word' id='word_1_275' title='bbox 1416 2462 1476 2514; x_wconf 85' lang='lat' dir='ltr'><strong>Et</strong></span> <span class='ocrx_word' id='word_1_276' title='bbox 1518 2461 1573 2518; x_wconf 93' lang='lat' dir='ltr'><strong>S.</strong></span> <span class='ocrx_word' id='word_1_277' title='bbox 1614 2462 1811 2529; x_wconf 77' lang='lat' dir='ltr'><strong>Quinti.</strong></span> <span class='ocrx_word' id='word_1_278' title='bbox 1872 2460 2069 2515; x_wconf 87' lang='lat' dir='ltr'><strong>Eodem</strong></span> <span class='ocrx_word' id='word_1_279' title='bbox 2111 2462 2198 2517; x_wconf 91' lang='lat' dir='ltr'><strong>die</strong></span> 
     </span>
    </p>
   </div>
   <div class='ocr_carea' id='block_1_42' title="bbox 625 2528 2199 2598">
    <p class='ocr_par' dir='ltr' id='par_1_42' title="bbox 625 2528 2199 2598">
     <span class='ocr_line' id='line_1_42' title="bbox 625 2528 2199 2598; baseline 0.003 -16"><span class='ocrx_word' id='word_1_280' title='bbox 625 2528 818 2598; x_wconf 86' lang='lat' dir='ltr'><strong>natalis</strong></span> <span class='ocrx_word' id='word_1_281' title='bbox 845 2528 1109 2584; x_wconf 89' lang='lat' dir='ltr'><strong>Theodori</strong></span> <span class='ocrx_word' id='word_1_282' title='bbox 1138 2532 1395 2598; x_wconf 84' lang='lat' dir='ltr'><strong>episcopi.</strong></span> <span class='ocrx_word' id='word_1_283' title='bbox 1453 2532 1518 2586; x_wconf 85' lang='lat' dir='ltr'><strong>Et</strong></span> <span class='ocrx_word' id='word_1_284' title='bbox 1545 2533 1602 2588; x_wconf 90' lang='grc'><strong>8.</strong></span> <span class='ocrx_word' id='word_1_285' title='bbox 1632 2532 1656 2570; x_wconf 77' lang='grc' dir='ltr'>δ</span> <span class='ocrx_word' id='word_1_286' title='bbox 1685 2531 1985 2588; x_wconf 88' lang='lat' dir='ltr'><strong>Landualdi</strong></span> <span class='ocrx_word' id='word_1_287' title='bbox 2012 2532 2199 2587; x_wconf 91' lang='lat' dir='ltr'><strong>archi-</strong></span> 
     </span>
    </p>
   </div>
   <div class='ocr_carea' id='block_1_43' title="bbox 623 2597 1373 2669">
    <p class='ocr_par' dir='ltr' id='par_1_43' title="bbox 623 2597 1373 2669">
     <span class='ocr_line' id='line_1_43' title="bbox 623 2597 1373 2669; baseline 0.005 -18"><span class='ocrx_word' id='word_1_288' title='bbox 623 2597 920 2669; x_wconf 84' lang='lat' dir='ltr'><strong>presbyteri</strong></span> <span class='ocrx_word' id='word_1_289' title='bbox 951 2610 1006 2655; x_wconf 91' lang='lat' dir='ltr'><strong>et</strong></span> <span class='ocrx_word' id='word_1_290' title='bbox 1031 2597 1373 2655; x_wconf 83' lang='lat' dir='ltr'><strong>confessoris.</strong></span> 
     </span>
    </p>
   </div>
   <div class='ocr_carea' id='block_1_44' title="bbox 701 2688 1885 2763">
    <p class='ocr_par' dir='ltr' id='par_1_44' title="bbox 701 2688 1885 2763">
     <span class='ocr_line' id='line_1_44' title="bbox 701 2688 1885 2763; baseline 0.004 -21"><span class='ocrx_word' id='word_1_291' title='bbox 701 2688 793 2747; x_wconf 76' lang='lat'><strong>20.</strong></span> <span class='ocrx_word' id='word_1_292' title='bbox 816 2722 885 2732; x_wconf 95' lang='lat'><strong>—</strong></span> <span class='ocrx_word' id='word_1_293' title='bbox 907 2689 1022 2747; x_wconf 83' lang='lat' dir='ltr'>XIII</span> <span class='ocrx_word' id='word_1_294' title='bbox 1055 2691 1188 2747; x_wconf 84' lang='lat' dir='ltr'><strong>Kac.</strong></span> <span class='ocrx_word' id='word_1_295' title='bbox 1221 2692 1278 2747; x_wconf 91' lang='lat' dir='ltr'><strong>S.</strong></span> <span class='ocrx_word' id='word_1_296' title='bbox 1305 2700 1329 2731; x_wconf 76' lang='grc' dir='ltr'><strong>ο</strong></span> <span class='ocrx_word' id='word_1_297' title='bbox 1359 2691 1603 2749; x_wconf 88' lang='lat' dir='ltr'><strong>Gutberti</strong></span> <span class='ocrx_word' id='word_1_298' title='bbox 1629 2692 1885 2763; x_wconf 84' lang='lat' dir='ltr'><strong>episcopi.</strong></span> 
     </span>
    </p>
   </div>
   <div class='ocr_carea' id='block_1_45' title="bbox 693 2781 2199 2853">
    <p class='ocr_par' dir='ltr' id='par_1_45' title="bbox 693 2781 2199 2853">
     <span class='ocr_line' id='line_1_45' title="bbox 693 2781 2199 2853; baseline 0.001 -17"><span class='ocrx_word' id='word_1_299' title='bbox 693 2781 976 2853; x_wconf 76' lang='lat' dir='ltr'><strong>Perperam</strong></span> <span class='ocrx_word' id='word_1_300' title='bbox 1009 2785 1073 2840; x_wconf 86' lang='lat' dir='ltr'><strong>A.</strong></span> <span class='ocrx_word' id='word_1_301' title='bbox 1103 2792 1157 2839; x_wconf 89' lang='lat' dir='ltr'><strong>et</strong></span> <span class='ocrx_word' id='word_1_302' title='bbox 1184 2784 1272 2850; x_wconf 87' lang='lat' dir='ltr'><strong>T.,</strong></span> <span class='ocrx_word' id='word_1_303' title='bbox 1302 2784 1358 2837; x_wconf 91' lang='lat' dir='ltr'><strong>In</strong></span> <span class='ocrx_word' id='word_1_304' title='bbox 1385 2783 1585 2839; x_wconf 86' lang='lat' dir='ltr'><strong>Africa.</strong></span> <span class='ocrx_word' id='word_1_305' title='bbox 1619 2783 1681 2838; x_wconf 72' lang='grc' dir='ltr'>ν.</span> <span class='ocrx_word' id='word_1_306' title='bbox 1717 2785 1801 2847; x_wconf 80' lang='grc' dir='ltr'>Β..</span> <span class='ocrx_word' id='word_1_307' title='bbox 1837 2783 1891 2837; x_wconf 95' lang='lat' dir='ltr'><strong>In</strong></span> <span class='ocrx_word' id='word_1_308' title='bbox 1914 2783 2199 2839; x_wconf 81' lang='lat' dir='ltr'><strong>Antiochia</strong></span> 
     </span>
    </p>
   </div>
   <div class='ocr_carea' id='block_1_46' title="bbox 620 2848 2200 2926">
    <p class='ocr_par' dir='ltr' id='par_1_46' title="bbox 620 2848 2200 2926">
     <span class='ocr_line' id='line_1_46' title="bbox 620 2848 2200 2926; baseline 0.003 -21"><span class='ocrx_word' id='word_1_309' title='bbox 620 2850 677 2905; x_wconf 93' lang='grc'><strong>8.</strong></span> <span class='ocrx_word' id='word_1_310' title='bbox 703 2848 975 2926; x_wconf 67' lang='lat' dir='ltr'><strong>‘l_.los_eph.</strong></span> <span class='ocrx_word' id='word_1_311' title='bbox 1010 2856 1072 2909; x_wconf 86' lang='lat' dir='ltr'><strong>V.</strong></span> <span class='ocrx_word' id='word_1_312' title='bbox 1100 2855 1184 2926; x_wconf 80' lang='lat'><strong>8.,</strong></span> <span class='ocrx_word' id='word_1_313' title='bbox 1215 2848 1271 2909; x_wconf 81' lang='lat' dir='ltr'><strong>In</strong></span> <span class='ocrx_word' id='word_1_314' title='bbox 1303 2855 1455 2925; x_wconf 78' lang='lat' dir='ltr'><strong>Syria</strong></span> <span class='ocrx_word' id='word_1_315' title='bbox 1486 2855 1655 2910; x_wconf 86' lang='lat' dir='ltr'><strong>Pauli.</strong></span> <span class='ocrx_word' id='word_1_316' title='bbox 1697 2856 1781 2921; x_wconf 89' lang='lat' dir='ltr'><strong>B.,</strong></span> <span class='ocrx_word' id='word_1_317' title='bbox 1811 2854 2017 2926; x_wconf 87' lang='lat' dir='ltr'><strong>Cyrilli,</strong></span> <span class='ocrx_word' id='word_1_318' title='bbox 2052 2856 2200 2910; x_wconf 76' lang='lat' dir='ltr'><strong>Exu-</strong></span> 
     </span>
    </p>
   </div>
   <div class='ocr_carea' id='block_1_47' title="bbox 624 2922 2192 3035">
    <p class='ocr_par' dir='ltr' id='par_1_47' title="bbox 624 2922 2192 3035">
     <span class='ocr_line' id='line_1_47' title="bbox 624 2922 2192 3035; baseline 0.002 -59"><span class='ocrx_word' id='word_1_319' title='bbox 624 2922 779 2989; x_wconf 90' lang='lat' dir='ltr'><strong>perii.</strong></span> <span class='ocrx_word' id='word_1_320' title='bbox 833 2924 922 2990; x_wconf 93' lang='lat' dir='ltr'><strong>D.,</strong></span> <span class='ocrx_word' id='word_1_321' title='bbox 957 2933 980 2961; x_wconf 80' lang='grc'><strong><em>⁸</em></strong></span> <span class='ocrx_word' id='word_1_322' title='bbox 1029 2925 1279 3035; x_wconf 69' lang='lat' dir='ltr'><strong>Archippi</strong></span> <span class='ocrx_word' id='word_1_323' title='bbox 1303 2922 1681 2980; x_wconf 86' lang='lat' dir='ltr'><strong>commilitonis</strong></span> <span class='ocrx_word' id='word_1_324' title='bbox 1735 2922 1882 2980; x_wconf 76' lang='lat' dir='ltr'><strong>Pauli</strong></span> <span class='ocrx_word' id='word_1_325' title='bbox 1936 2928 2192 2995; x_wconf 84' lang='lat' dir='ltr'><strong>apostoli.</strong></span> 
     </span>
     <span class='ocr_line' id='line_1_48' title="bbox 628 2994 2192 3035; baseline 0 0"><span class='ocrx_word' id='word_1_326' title='bbox 628 2994 685 3035; x_wconf 60' lang='lat' dir='ltr'><strong>A,</strong></span> <span class='ocrx_word' id='word_1_327' title='bbox 712 2995 773 3035; x_wconf 72' lang='grc' dir='ltr'><strong>Τ,</strong></span> <span class='ocrx_word' id='word_1_328' title='bbox 823 2994 888 3035; x_wconf 72' lang='lat' dir='ltr'><strong>Fr</strong></span> <span class='ocrx_word' id='word_1_329' title='bbox 916 2994 1175 3035; x_wconf 69' lang='lat' dir='ltr'><strong>dannailin</strong></span> <span class='ocrx_word' id='word_1_330' title='bbox 1247 2994 1542 3035; x_wconf 68' lang='lat' dir='ltr'><strong>Wnlfmnni</strong></span> <span class='ocrx_word' id='word_1_331' title='bbox 1570 2996 1798 3035; x_wconf 68' lang='lat' dir='ltr'><strong>aniannni</strong></span> <span class='ocrx_word' id='word_1_332' title='bbox 1829 3006 1877 3035; x_wconf 67' lang='lat' dir='ltr'><strong>al</strong></span> <span class='ocrx_word' id='word_1_333' title='bbox 1911 2994 1947 3035; x_wconf 61' lang='grc' dir='ltr'><strong>Ω</strong></span> <span class='ocrx_word' id='word_1_334' title='bbox 2001 2996 2192 3035; x_wconf 71' lang='lat' dir='ltr'><strong>annn.</strong></span> 
     </span>
    </p>
   </div>
   <div class='ocr_carea' id='block_1_48' title="bbox 598 2994 2198 3066">
    <p class='ocr_par' dir='ltr' id='par_1_48' title="bbox 598 2994 2198 3066">
     <span class='ocr_line' id='line_1_49' title="bbox 598 2994 2198 3066; baseline 0.002 -19"><span class='ocrx_word' id='word_1_335' title='bbox 598 2994 891 3066; x_wconf 12' lang='lat' dir='ltr'><strong>’A.,&#39;I‘.,_Et</strong></span> <span class='ocrx_word' id='word_1_336' title='bbox 910 2994 1175 3066; x_wconf 79' lang='lat' dir='ltr'><strong>depositio</strong></span> <span class='ocrx_word' id='word_1_337' title='bbox 1200 2994 1219 3035; x_wconf 68' lang='grc' dir='ltr'><strong><em>ἲ</em></strong></span> <span class='ocrx_word' id='word_1_338' title='bbox 1247 2994 1543 3051; x_wconf 88' lang='lat' dir='ltr'><strong>Wulfranni</strong></span> <span class='ocrx_word' id='word_1_339' title='bbox 1570 2996 1799 3065; x_wconf 79' lang='lat' dir='ltr'><strong>episcOpi</strong></span> <span class='ocrx_word' id='word_1_340' title='bbox 1829 3006 1881 3051; x_wconf 92' lang='lat' dir='ltr'><strong>et</strong></span> <span class='ocrx_word' id='word_1_341' title='bbox 1911 2994 2198 3051; x_wconf 35' lang='lat' dir='ltr'><strong>S.’Valen-</strong></span> 
     </span>
    </p>
   </div>
   <div class='ocr_carea' id='block_1_49' title="bbox 623 3063 2191 3138">
    <p class='ocr_par' dir='ltr' id='par_1_49' title="bbox 623 3063 2191 3138">
     <span class='ocr_line' id='line_1_50' title="bbox 623 3063 2191 3138; baseline 0.003 -22"><span class='ocrx_word' id='word_1_342' title='bbox 623 3064 738 3121; x_wconf 90' lang='lat' dir='ltr'><strong>tini.</strong></span> <span class='ocrx_word' id='word_1_343' title='bbox 790 3063 877 3129; x_wconf 91' lang='lat' dir='ltr'><strong>T.,</strong></span> <span class='ocrx_word' id='word_1_344' title='bbox 908 3063 1090 3138; x_wconf 65' lang='lat' dir='ltr'><strong>Romae</strong></span> <span class='ocrx_word' id='word_1_345' title='bbox 1117 3068 1203 3123; x_wconf 86' lang='lat' dir='ltr'><strong>via</strong></span> <span class='ocrx_word' id='word_1_346' title='bbox 1231 3066 1399 3138; x_wconf 85' lang='lat' dir='ltr'><strong>Appia</strong></span> <span class='ocrx_word' id='word_1_347' title='bbox 1429 3063 1623 3123; x_wconf 84' lang='lat' dir='ltr'><strong>natalis</strong></span> <span class='ocrx_word' id='word_1_348' title='bbox 1646 3075 1672 3114; x_wconf 74' lang='grc' dir='ltr'><strong><em>κ</em></strong></span> <span class='ocrx_word' id='word_1_349' title='bbox 1706 3066 1924 3122; x_wconf 85' lang='lat' dir='ltr'><strong>Fabiani</strong></span> <span class='ocrx_word' id='word_1_350' title='bbox 1950 3066 2191 3136; x_wconf 91' lang='lat' dir='ltr'><strong>episcopi</strong></span> 
     </span>
    </p>
   </div>
   <div class='ocr_carea' id='block_1_50' title="bbox 617 3137 983 3208">
    <p class='ocr_par' dir='ltr' id='par_1_50' title="bbox 617 3137 983 3208">
     <span class='ocr_line' id='line_1_51' title="bbox 617 3137 983 3208; baseline 0.011 -19"><span class='ocrx_word' id='word_1_351' title='bbox 617 3144 671 3189; x_wconf 89' lang='lat' dir='ltr'><strong>et</strong></span> <span class='ocrx_word' id='word_1_352' title='bbox 710 3137 983 3208; x_wconf 80' lang='lat' dir='ltr'><strong>martyris.</strong></span> 
     </span>
    </p>
   </div>
   <div class='ocr_carea' id='block_1_51' title="bbox 2316 2240 3563 2316">
    <p class='ocr_par' dir='ltr' id='par_1_51' title="bbox 2316 2240 3563 2316">
     <span class='ocr_line' id='line_1_52' title="bbox 2316 2240 3563 2316; baseline 0.007 -10"><span class='ocrx_word' id='word_1_353' title='bbox 2316 2240 2319 2243; x_wconf 25' lang='grc' dir='ltr'>λ</span> <span class='ocrx_word' id='word_1_354' title='bbox 2377 2251 2467 2307; x_wconf 72' lang='lat' dir='ltr'><strong>2i.</strong></span> <span class='ocrx_word' id='word_1_355' title='bbox 2498 2280 2569 2292; x_wconf 91' lang='lat'>—</span> <span class='ocrx_word' id='word_1_356' title='bbox 2594 2249 2691 2307; x_wconf 83' lang='lat' dir='ltr'><strong>XII</strong></span> <span class='ocrx_word' id='word_1_357' title='bbox 2723 2250 2858 2307; x_wconf 81' lang='lat' dir='ltr'><strong>Kac.</strong></span> <span class='ocrx_word' id='word_1_358' title='bbox 2891 2251 2951 2309; x_wconf 91' lang='lat' dir='ltr'><strong>S.</strong></span> <span class='ocrx_word' id='word_1_359' title='bbox 2977 2250 3001 2289; x_wconf 68' lang='grc' dir='ltr'><strong>ιι</strong></span> <span class='ocrx_word' id='word_1_360' title='bbox 3030 2251 3303 2312; x_wconf 85' lang='lat' dir='ltr'><strong>Benedicti</strong></span> <span class='ocrx_word' id='word_1_361' title='bbox 3329 2259 3563 2316; x_wconf 87' lang='lat' dir='ltr'><strong>abbatis.</strong></span> 
     </span>
    </p>
   </div>
   <div class='ocr_carea' id='block_1_52' title="bbox 2382 2339 3853 2415">
    <p class='ocr_par' dir='ltr' id='par_1_52' title="bbox 2382 2339 3853 2415">
     <span class='ocr_line' id='line_1_53' title="bbox 2382 2339 3853 2415; baseline 0.01 -19"><span class='ocrx_word' id='word_1_362' title='bbox 2382 2342 2540 2397; x_wconf 84' lang='lat' dir='ltr'><strong>Addit</strong></span> <span class='ocrx_word' id='word_1_363' title='bbox 2571 2342 2623 2397; x_wconf 93' lang='lat' dir='ltr'><strong>in</strong></span> <span class='ocrx_word' id='word_1_364' title='bbox 2658 2341 2719 2397; x_wconf 93' lang='lat' dir='ltr'><strong>L.</strong></span> <span class='ocrx_word' id='word_1_365' title='bbox 2749 2339 2887 2398; x_wconf 87' lang='lat' dir='ltr'><strong>forte</strong></span> <span class='ocrx_word' id='word_1_366' title='bbox 2928 2343 3124 2399; x_wconf 84' lang='lat' dir='ltr'><strong>Florus</strong></span> <span class='ocrx_word' id='word_1_367' title='bbox 3155 2364 3169 2401; x_wconf 88' lang='lat'><strong>:</strong></span> <span class='ocrx_word' id='word_1_368' title='bbox 3222 2348 3323 2415; x_wconf 84' lang='lat' dir='ltr'><strong>Qui</strong></span> <span class='ocrx_word' id='word_1_369' title='bbox 3376 2353 3630 2407; x_wconf 81' lang='lat' dir='ltr'><strong>maximis</strong></span> <span class='ocrx_word' id='word_1_370' title='bbox 3672 2356 3853 2412; x_wconf 80' lang='lat' dir='ltr'><strong>elucent</strong></span> 
     </span>
    </p>
   </div>
   <div class='ocr_carea' id='block_1_53' title="bbox 2309 2433 3851 2503">
    <p class='ocr_par' dir='ltr' id='par_1_53' title="bbox 2309 2433 3851 2503">
     <span class='ocr_line' id='line_1_54' title="bbox 2309 2433 3851 2503; baseline 0.011 -17"><span class='ocrx_word' id='word_1_371' title='bbox 2309 2433 2599 2489; x_wconf 87' lang='lat' dir='ltr'><strong>virtutibus</strong></span> <span class='ocrx_word' id='word_1_372' title='bbox 2630 2435 2869 2502; x_wconf 85' lang='lat' dir='ltr'><strong>regulam</strong></span> <span class='ocrx_word' id='word_1_373' title='bbox 2899 2436 3286 2493; x_wconf 89' lang='lat' dir='ltr'><strong>monachorum</strong></span> <span class='ocrx_word' id='word_1_374' title='bbox 3331 2450 3385 2495; x_wconf 91' lang='lat' dir='ltr'><strong>et</strong></span> <span class='ocrx_word' id='word_1_375' title='bbox 3411 2443 3657 2501; x_wconf 89' lang='lat' dir='ltr'><strong>ordinem</strong></span> <span class='ocrx_word' id='word_1_376' title='bbox 3685 2448 3851 2503; x_wconf 83' lang='lat' dir='ltr'><strong>descri-</strong></span> 
     </span>
    </p>
   </div>
   <div class='ocr_carea' id='block_1_54' title="bbox 2308 2526 3850 2611">
    <p class='ocr_par' dir='ltr' id='par_1_54' title="bbox 2308 2526 3850 2611">
     <span class='ocr_line' id='line_1_55' title="bbox 2308 2526 3850 2611; baseline 0.01 -31"><span class='ocrx_word' id='word_1_377' title='bbox 2308 2528 2434 2598; x_wconf 89' lang='lat' dir='ltr'><strong>psit.</strong></span> <span class='ocrx_word' id='word_1_378' title='bbox 2490 2528 2658 2596; x_wconf 85' lang='lat' dir='ltr'><strong>Hujus</strong></span> <span class='ocrx_word' id='word_1_379' title='bbox 2684 2526 2857 2583; x_wconf 80' lang='lat' dir='ltr'><strong>Vitam</strong></span> <span class='ocrx_word' id='word_1_380' title='bbox 2889 2528 3074 2585; x_wconf 89' lang='lat' dir='ltr'><strong>beatus</strong></span> <span class='ocrx_word' id='word_1_381' title='bbox 3100 2544 3234 2601; x_wconf 87' lang='lat' dir='ltr'><strong>papa</strong></span> <span class='ocrx_word' id='word_1_382' title='bbox 3259 2530 3556 2605; x_wconf 77' lang='lat' dir='ltr'><strong>Gregorius</strong></span> <span class='ocrx_word' id='word_1_383' title='bbox 3577 2538 3714 2594; x_wconf 86' lang='lat' dir='ltr'><strong>claro</strong></span> <span class='ocrx_word' id='word_1_384' title='bbox 3737 2541 3850 2611; x_wconf 80' lang='lat' dir='ltr'><strong>style</strong></span> 
     </span>
    </p>
   </div>
   <div class='ocr_carea' id='block_1_55' title="bbox 2306 2617 2638 2674">
    <p class='ocr_par' dir='ltr' id='par_1_55' title="bbox 2306 2617 2638 2674">
     <span class='ocr_line' id='line_1_56' title="bbox 2306 2617 2638 2674; baseline 0.003 -1"><span class='ocrx_word' id='word_1_385' title='bbox 2306 2617 2638 2674; x_wconf 89' lang='lat' dir='ltr'><strong>dilucidavit.</strong></span> 
     </span>
    </p>
   </div>
   <div class='ocr_carea' id='block_1_56' title="bbox 2378 2709 3846 2792">
    <p class='ocr_par' dir='ltr' id='par_1_56' title="bbox 2378 2709 3846 2792">
     <span class='ocr_line' id='line_1_57' title="bbox 2378 2709 3846 2792; baseline 0.007 -27"><span class='ocrx_word' id='word_1_386' title='bbox 2378 2712 2443 2765; x_wconf 85' lang='lat' dir='ltr'><strong>A.</strong></span> <span class='ocrx_word' id='word_1_387' title='bbox 2466 2709 2734 2792; x_wconf 47' lang='lat' dir='ltr'><strong>1‘_._I:.&#39;_B.,</strong></span> <span class='ocrx_word' id='word_1_388' title='bbox 2762 2710 2817 2792; x_wconf 78' lang='lat' dir='ltr'><strong>In</strong></span> <span class='ocrx_word' id='word_1_389' title='bbox 2845 2712 3163 2792; x_wconf 52' lang='lat' dir='ltr'><strong>Alexandria</strong></span> <span class='ocrx_word' id='word_1_390' title='bbox 3192 2718 3384 2792; x_wconf 87' lang='lat' dir='ltr'><strong>natalis</strong></span> <span class='ocrx_word' id='word_1_391' title='bbox 3407 2718 3509 2775; x_wconf 90' lang='lat' dir='ltr'><strong>SS.</strong></span> <span class='ocrx_word' id='word_1_392' title='bbox 3544 2721 3560 2760; x_wconf 77' lang='grc' dir='ltr'>ί</span> <span class='ocrx_word' id='word_1_393' title='bbox 3584 2721 3846 2792; x_wconf 84' lang='lat' dir='ltr'><strong>Serapionis</strong></span> 
     </span>
    </p>
   </div>
   <div class='ocr_carea' id='block_1_57' title="bbox 2305 2780 3838 2859">
    <p class='ocr_par' dir='ltr' id='par_1_57' title="bbox 2305 2780 3838 2859">
     <span class='ocr_line' id='line_1_58' title="bbox 2305 2780 3838 2859; baseline 0.01 -24"><span class='ocrx_word' id='word_1_394' title='bbox 2305 2782 2553 2859; x_wconf 75' lang='lat' dir='ltr'><strong>monachi</strong></span> <span class='ocrx_word' id='word_1_395' title='bbox 2584 2780 2672 2854; x_wconf 79' lang='grc' dir='ltr'><strong>[Β.</strong></span> <span class='ocrx_word' id='word_1_396' title='bbox 2704 2783 2852 2859; x_wconf 65' lang='grc' dir='ltr'>αμα..</span> <span class='ocrx_word' id='word_1_397' title='bbox 2869 2784 3164 2857; x_wconf 85' lang='lat' dir='ltr'><strong>Polycarpi]</strong></span> <span class='ocrx_word' id='word_1_398' title='bbox 3186 2796 3241 2843; x_wconf 88' lang='lat' dir='ltr'><strong>et</strong></span> <span class='ocrx_word' id='word_1_399' title='bbox 3270 2791 3569 2850; x_wconf 76' lang='lat' dir='ltr'><strong>Amatoris.</strong></span> <span class='ocrx_word' id='word_1_400' title='bbox 3598 2795 3676 2859; x_wconf 79' lang='grc' dir='ltr'>υ..</span> <span class='ocrx_word' id='word_1_401' title='bbox 3698 2780 3753 2850; x_wconf 71' lang='lat' dir='ltr'><strong>Et</strong></span> <span class='ocrx_word' id='word_1_402' title='bbox 3769 2794 3838 2850; x_wconf 87' lang='lat' dir='ltr'><strong>Se-</strong></span> 
     </span>
    </p>
   </div>
   <div class='ocr_carea' id='block_1_58' title="bbox 2308 2853 2955 2919">
    <p class='ocr_par' dir='ltr' id='par_1_58' title="bbox 2308 2853 2955 2919">
     <span class='ocr_line' id='line_1_59' title="bbox 2308 2853 2955 2919; baseline 0.005 -14"><span class='ocrx_word' id='word_1_403' title='bbox 2308 2853 2547 2919; x_wconf 90' lang='lat' dir='ltr'><strong>rapionis</strong></span> <span class='ocrx_word' id='word_1_404' title='bbox 2576 2854 2955 2910; x_wconf 69' lang='lat' dir='ltr'><strong>Anachoretae.</strong></span> 
     </span>
    </p>
   </div>
   <div class='ocr_carea' id='block_1_59' title="bbox 2374 2943 3221 3035">
    <p class='ocr_par' dir='ltr' id='par_1_59' title="bbox 2374 2943 3221 3035">
     <span class='ocr_line' id='line_1_60' title="bbox 2374 2943 3221 3035; baseline 0.013 -41"><span class='ocrx_word' id='word_1_405' title='bbox 2374 2943 2463 2998; x_wconf 58' lang='grc' dir='ltr'><strong>ἓξ.</strong></span> <span class='ocrx_word' id='word_1_406' title='bbox 2490 2974 2556 2986; x_wconf 86' lang='lat'><strong>--</strong></span> <span class='ocrx_word' id='word_1_407' title='bbox 2578 2944 2646 2999; x_wconf 89' lang='lat' dir='ltr'><strong>XI</strong></span> <span class='ocrx_word' id='word_1_408' title='bbox 2678 2945 2815 3001; x_wconf 83' lang='lat' dir='ltr'><strong>Kac.</strong></span> <span class='ocrx_word' id='word_1_409' title='bbox 2848 2946 3011 3002; x_wconf 84' lang='lat' dir='ltr'><strong>Vacat</strong></span> <span class='ocrx_word' id='word_1_410' title='bbox 3038 2949 3221 3035; x_wconf 68' lang='lat' dir='ltr'><strong>Baeda.</strong></span> 
     </span>
    </p>
   </div>
   <div class='ocr_carea' id='block_1_60' title="bbox 2377 3037 3841 3109">
    <p class='ocr_par' dir='ltr' id='par_1_60' title="bbox 2377 3037 3841 3109">
     <span class='ocr_line' id='line_1_61' title="bbox 2377 3037 3841 3109; baseline 0.013 -18"><span class='ocrx_word' id='word_1_411' title='bbox 2377 3037 2582 3105; x_wconf 86' lang='lat' dir='ltr'><strong>Florus,</strong></span> <span class='ocrx_word' id='word_1_412' title='bbox 2631 3040 2681 3094; x_wconf 92' lang='lat' dir='ltr'><strong>in</strong></span> <span class='ocrx_word' id='word_1_413' title='bbox 2714 3041 2778 3097; x_wconf 86' lang='lat' dir='ltr'><strong>A.</strong></span> <span class='ocrx_word' id='word_1_414' title='bbox 2808 3039 2871 3095; x_wconf 87' lang='lat' dir='ltr'><strong>&#39;I&#39;.</strong></span> <span class='ocrx_word' id='word_1_415' title='bbox 2902 3040 2986 3109; x_wconf 91' lang='lat' dir='ltr'><strong>L.,</strong></span> <span class='ocrx_word' id='word_1_416' title='bbox 3032 3043 3259 3100; x_wconf 81' lang='lat' dir='ltr'><strong>Civitate</strong></span> <span class='ocrx_word' id='word_1_417' title='bbox 3302 3046 3561 3106; x_wconf 84' lang='lat' dir='ltr'><strong>Narbona</strong></span> <span class='ocrx_word' id='word_1_418' title='bbox 3600 3052 3757 3109; x_wconf 89' lang='lat' dir='ltr'><strong>natale</strong></span> <span class='ocrx_word' id='word_1_419' title='bbox 3794 3053 3841 3109; x_wconf 83' lang='lat' dir='ltr'><strong>S.</strong></span> 
     </span>
    </p>
   </div>
   <div class='ocr_carea' id='block_1_61' title="bbox 2284 3128 3843 3203">
    <p class='ocr_par' dir='ltr' id='par_1_61' title="bbox 2284 3128 3843 3203">
     <span class='ocr_line' id='line_1_62' title="bbox 2284 3128 3843 3203; baseline 0.01 -20"><span class='ocrx_word' id='word_1_420' title='bbox 2284 3130 2320 3203; x_wconf 10' lang='lat' dir='ltr'><strong>7i</strong></span> <span class='ocrx_word' id='word_1_421' title='bbox 2355 3128 2500 3185; x_wconf 90' lang='lat' dir='ltr'><strong>Pauli</strong></span> <span class='ocrx_word' id='word_1_422' title='bbox 2522 3132 2781 3202; x_wconf 90' lang='lat' dir='ltr'><strong>episcopi,</strong></span> <span class='ocrx_word' id='word_1_423' title='bbox 2817 3148 2973 3203; x_wconf 89' lang='lat' dir='ltr'><strong>quem</strong></span> <span class='ocrx_word' id='word_1_424' title='bbox 3008 3136 3078 3190; x_wconf 90' lang='lat' dir='ltr'><strong>ita</strong></span> <span class='ocrx_word' id='word_1_425' title='bbox 3107 3136 3257 3195; x_wconf 91' lang='lat' dir='ltr'><strong>labor</strong></span> <span class='ocrx_word' id='word_1_426' title='bbox 3276 3138 3610 3201; x_wconf 84' lang='lat' dir='ltr'><strong>domesticus</strong></span> <span class='ocrx_word' id='word_1_427' title='bbox 3635 3156 3684 3202; x_wconf 93' lang='lat' dir='ltr'><strong>et</strong></span> <span class='ocrx_word' id='word_1_428' title='bbox 3709 3145 3843 3201; x_wconf 87' lang='lat' dir='ltr'><strong>tribu-</strong></span> 
     </span>
    </p>
   </div>
   <div class='ocr_carea' id='block_1_62' title="bbox 2038 3224 2506 3286">
    <p class='ocr_par' dir='ltr' id='par_1_62' title="bbox 2038 3224 2506 3286">
     <span class='ocr_line' id='line_1_63' title="bbox 2038 3224 2506 3286; baseline -0.011 0"><span class='ocrx_word' id='word_1_429' title='bbox 2038 3227 2243 3286; x_wconf 79' lang='lat' dir='ltr'><strong>SMITH</strong></span> <span class='ocrx_word' id='word_1_430' title='bbox 2280 3224 2506 3284; x_wconf 71' lang='lat' dir='ltr'><strong>NOTAE.</strong></span> 
     </span>
    </p>
   </div>
   <div class='ocr_carea' id='block_1_63' title="bbox 622 3322 2185 3398">
    <p class='ocr_par' dir='ltr' id='par_1_63' title="bbox 622 3322 2185 3398">
     <span class='ocr_line' id='line_1_64' title="bbox 622 3322 2185 3398; baseline -0.001 -19"><span class='ocrx_word' id='word_1_431' title='bbox 622 3326 880 3383; x_wconf 85' lang='lat' dir='ltr'><strong>oriundus</strong></span> <span class='ocrx_word' id='word_1_432' title='bbox 922 3327 1164 3398; x_wconf 87' lang='lat' dir='ltr'><strong>pervenit</strong></span> <span class='ocrx_word' id='word_1_433' title='bbox 1193 3326 1257 3383; x_wconf 90' lang='lat' dir='ltr'><strong>ad</strong></span> <span class='ocrx_word' id='word_1_434' title='bbox 1285 3324 1513 3393; x_wconf 89' lang='lat' dir='ltr'><strong>Italiam,</strong></span> <span class='ocrx_word' id='word_1_435' title='bbox 1543 3326 1722 3397; x_wconf 89' lang='lat' dir='ltr'><strong>ibique</strong></span> <span class='ocrx_word' id='word_1_436' title='bbox 1749 3323 1886 3394; x_wconf 89' lang='lat' dir='ltr'><strong>apud</strong></span> <span class='ocrx_word' id='word_1_437' title='bbox 1919 3322 2185 3380; x_wconf 86' lang='lat' dir='ltr'><strong>Penaren-</strong></span> 
     </span>
    </p>
   </div>
   <div class='ocr_carea' id='block_1_64' title="bbox 620 3398 2183 3461">
    <p class='ocr_par' dir='ltr' id='par_1_64' title="bbox 620 3398 2183 3461">
     <span class='ocr_line' id='line_1_65' title="bbox 620 3398 2183 3461; baseline -0.003 -8"><span class='ocrx_word' id='word_1_438' title='bbox 620 3413 734 3453; x_wconf 89' lang='lat' dir='ltr'><strong>sem</strong></span> <span class='ocrx_word' id='word_1_439' title='bbox 771 3399 954 3453; x_wconf 90' lang='lat' dir='ltr'><strong>urbem</strong></span> <span class='ocrx_word' id='word_1_440' title='bbox 984 3408 1287 3454; x_wconf 89' lang='lat' dir='ltr'><strong>constructo</strong></span> <span class='ocrx_word' id='word_1_441' title='bbox 1313 3399 1661 3461; x_wconf 89' lang='lat' dir='ltr'><strong>monasterio,</strong></span> <span class='ocrx_word' id='word_1_442' title='bbox 1686 3398 1970 3452; x_wconf 88' lang='lat' dir='ltr'><strong>multorum</strong></span> <span class='ocrx_word' id='word_1_443' title='bbox 2001 3410 2183 3451; x_wconf 85' lang='lat' dir='ltr'><strong>servo-</strong></span> 
     </span>
    </p>
   </div>
   <div class='ocr_carea' id='block_1_65' title="bbox 614 3465 2181 3537">
    <p class='ocr_par' dir='ltr' id='par_1_65' title="bbox 614 3465 2181 3537">
     <span class='ocr_line' id='line_1_66' title="bbox 614 3465 2181 3537; baseline -0.003 -15"><span class='ocrx_word' id='word_1_444' title='bbox 614 3483 730 3522; x_wconf 87' lang='lat' dir='ltr'><strong>rum</strong></span> <span class='ocrx_word' id='word_1_445' title='bbox 769 3468 859 3522; x_wconf 85' lang='lat' dir='ltr'><strong>Dci</strong></span> <span class='ocrx_word' id='word_1_446' title='bbox 891 3484 985 3537; x_wconf 91' lang='lat' dir='ltr'><strong>per</strong></span> <span class='ocrx_word' id='word_1_447' title='bbox 1020 3483 1093 3525; x_wconf 75' lang='lat' dir='ltr'><strong>xc</strong></span> <span class='ocrx_word' id='word_1_448' title='bbox 1126 3482 1293 3523; x_wconf 89' lang='lat' dir='ltr'><strong>annos</strong></span> <span class='ocrx_word' id='word_1_449' title='bbox 1323 3468 1479 3523; x_wconf 86' lang='lat' dir='ltr'><strong>Pater</strong></span> <span class='ocrx_word' id='word_1_450' title='bbox 1507 3469 1763 3535; x_wconf 83' lang='lat' dir='ltr'><strong>existens,</strong></span> <span class='ocrx_word' id='word_1_451' title='bbox 1794 3466 1974 3520; x_wconf 90' lang='lat' dir='ltr'><strong>multis</strong></span> <span class='ocrx_word' id='word_1_452' title='bbox 2004 3465 2181 3537; x_wconf 78' lang='lat' dir='ltr'><strong>clarus</strong></span> 
     </span>
    </p>
   </div>
   <div class='ocr_carea' id='block_1_66' title="bbox 611 3535 2182 3609">
    <p class='ocr_par' dir='ltr' id='par_1_66' title="bbox 611 3535 2182 3609">
     <span class='ocr_line' id='line_1_67' title="bbox 611 3535 2182 3609; baseline -0.001 -19"><span class='ocrx_word' id='word_1_453' title='bbox 611 3535 903 3609; x_wconf 78' lang='lat' dir='ltr'><strong>virtutibus</strong></span> <span class='ocrx_word' id='word_1_454' title='bbox 939 3540 991 3594; x_wconf 90' lang='lat' dir='ltr'><strong>in</strong></span> <span class='ocrx_word' id='word_1_455' title='bbox 1040 3552 1171 3608; x_wconf 87' lang='lat' dir='ltr'><strong>pace</strong></span> <span class='ocrx_word' id='word_1_456' title='bbox 1199 3537 1673 3609; x_wconf 33' lang='lat' dir='ltr'><strong>quievitaleuard.</strong></span> <span class='ocrx_word' id='word_1_457' title='bbox 1708 3568 1788 3609; x_wconf 14' lang='grc' dir='ltr'><strong>-γ</strong></span> <span class='ocrx_word' id='word_1_458' title='bbox 1822 3535 2182 3609; x_wconf 76' lang='lat' dir='ltr'><strong>Bernardinus</strong></span> 
     </span>
    </p>
   </div>
   <div class='ocr_carea' id='block_1_67' title="bbox 609 3605 2183 3686">
    <p class='ocr_par' dir='ltr' id='par_1_67' title="bbox 609 3605 2183 3686">
     <span class='ocr_line' id='line_1_68' title="bbox 609 3605 2183 3686; baseline -0.001 -26"><span class='ocrx_word' id='word_1_459' title='bbox 609 3608 935 3686; x_wconf 62' lang='lat' dir='ltr'><strong>(lampellus.</strong></span> <span class='ocrx_word' id='word_1_460' title='bbox 964 3610 1015 3662; x_wconf 92' lang='lat' dir='ltr'><strong>in</strong></span> <span class='ocrx_word' id='word_1_461' title='bbox 1042 3605 1229 3686; x_wconf 75' lang='lat' dir='ltr'><strong>littera</strong></span> <span class='ocrx_word' id='word_1_462' title='bbox 1255 3608 1319 3663; x_wconf 90' lang='lat' dir='ltr'><strong>ad</strong></span> <span class='ocrx_word' id='word_1_463' title='bbox 1351 3608 1659 3663; x_wconf 81' lang='lat' dir='ltr'><strong>Bollantlum</strong></span> <span class='ocrx_word' id='word_1_464' title='bbox 1689 3608 1922 3686; x_wconf 49' lang='lat' dir='ltr'><strong>scripta“:</strong></span> <span class='ocrx_word' id='word_1_465' title='bbox 1954 3605 2183 3686; x_wconf 55' lang='lat' dir='ltr'><strong>{cannea</strong></span> 
     </span>
    </p>
   </div>
   <div class='ocr_carea' id='block_1_68' title="bbox 608 3675 2179 3747">
    <p class='ocr_par' dir='ltr' id='par_1_68' title="bbox 608 3675 2179 3747">
     <span class='ocr_line' id='line_1_69' title="bbox 608 3675 2179 3747; baseline -0.001 -17"><span class='ocrx_word' id='word_1_466' title='bbox 608 3675 763 3731; x_wconf 75' lang='lat' dir='ltr'><strong>abbas</strong></span> <span class='ocrx_word' id='word_1_467' title='bbox 796 3678 1105 3733; x_wconf 78' lang='lat' dir='ltr'><strong>Panacemis</strong></span> <span class='ocrx_word' id='word_1_468' title='bbox 1134 3679 1269 3732; x_wconf 85' lang='lat' dir='ltr'><strong>idem</strong></span> <span class='ocrx_word' id='word_1_469' title='bbox 1294 3689 1367 3733; x_wconf 82' lang='lat' dir='ltr'><strong>est</strong></span> <span class='ocrx_word' id='word_1_470' title='bbox 1393 3695 1507 3731; x_wconf 88' lang='lat' dir='ltr'><strong>cum</strong></span> <span class='ocrx_word' id='word_1_471' title='bbox 1536 3695 1615 3742; x_wconf 87' lang='lat' dir='ltr'><strong>eo,</strong></span> <span class='ocrx_word' id='word_1_472' title='bbox 1647 3694 1796 3747; x_wconf 84' lang='lat' dir='ltr'><strong>quem</strong></span> <span class='ocrx_word' id='word_1_473' title='bbox 1824 3677 1915 3730; x_wconf 81' lang='lat' dir='ltr'><strong>alii</strong></span> <span class='ocrx_word' id='word_1_474' title='bbox 1948 3675 2179 3730; x_wconf 86' lang='lat' dir='ltr'><strong>Pinnen-</strong></span> 
     </span>
    </p>
   </div>
   <div class='ocr_carea' id='block_1_69' title="bbox 607 3747 2179 3815">
    <p class='ocr_par' dir='ltr' id='par_1_69' title="bbox 607 3747 2179 3815">
     <span class='ocr_line' id='line_1_70' title="bbox 607 3747 2179 3815; baseline -0.001 -14"><span class='ocrx_word' id='word_1_475' title='bbox 607 3765 709 3801; x_wconf 81' lang='lat' dir='ltr'><strong>sem</strong></span> <span class='ocrx_word' id='word_1_476' title='bbox 736 3749 934 3805; x_wconf 82' lang='lat' dir='ltr'><strong>dicunt.</strong></span> <span class='ocrx_word' id='word_1_477' title='bbox 971 3748 1283 3804; x_wconf 82' lang='lat' dir='ltr'><strong>Panacenais</strong></span> <span class='ocrx_word' id='word_1_478' title='bbox 1308 3750 1473 3803; x_wconf 85' lang='lat' dir='ltr'><strong>dictus</strong></span> <span class='ocrx_word' id='word_1_479' title='bbox 1494 3759 1566 3802; x_wconf 81' lang='lat' dir='ltr'><strong>est</strong></span> <span class='ocrx_word' id='word_1_480' title='bbox 1595 3766 1626 3802; x_wconf 90' lang='lat' dir='ltr'><strong>a</strong></span> <span class='ocrx_word' id='word_1_481' title='bbox 1649 3750 1757 3802; x_wconf 83' lang='lat' dir='ltr'><strong>vico</strong></span> <span class='ocrx_word' id='word_1_482' title='bbox 1785 3747 1992 3801; x_wconf 80' lang='lat' dir='ltr'><strong>Panaca</strong></span> <span class='ocrx_word' id='word_1_483' title='bbox 2020 3763 2179 3815; x_wconf 84' lang='lat' dir='ltr'><strong>prope</strong></span> 
     </span>
    </p>
   </div>
   <div class='ocr_carea' id='block_1_70' title="bbox 610 3818 2181 3890">
    <p class='ocr_par' dir='ltr' id='par_1_70' title="bbox 610 3818 2181 3890">
     <span class='ocr_line' id='line_1_71' title="bbox 610 3818 2181 3890; baseline -0.001 -18"><span class='ocrx_word' id='word_1_484' title='bbox 610 3818 895 3890; x_wconf 51' lang='lat' dir='ltr'><strong>Spoletina,</strong></span> <span class='ocrx_word' id='word_1_485' title='bbox 926 3823 1065 3890; x_wconf 81' lang='lat' dir='ltr'><strong>apud</strong></span> <span class='ocrx_word' id='word_1_486' title='bbox 1092 3835 1240 3890; x_wconf 87' lang='lat' dir='ltr'><strong>quem</strong></span> <span class='ocrx_word' id='word_1_487' title='bbox 1270 3830 1414 3888; x_wconf 77' lang='lat' dir='ltr'><strong>pater</strong></span> <span class='ocrx_word' id='word_1_488' title='bbox 1440 3822 1632 3890; x_wconf 72' lang='lat' dir='ltr'><strong>exstitit</strong></span> <span class='ocrx_word' id='word_1_489' title='bbox 1662 3819 1887 3890; x_wconf 66' lang='lat' dir='ltr'><strong>plurium</strong></span> <span class='ocrx_word' id='word_1_490' title='bbox 1913 3820 2181 3871; x_wconf 78' lang='lat' dir='ltr'><strong>monac/to-</strong></span> 
     </span>
    </p>
   </div>
   <div class='ocr_carea' id='block_1_71' title="bbox 606 3887 2175 3956">
    <p class='ocr_par' dir='ltr' id='par_1_71' title="bbox 606 3887 2175 3956">
     <span class='ocr_line' id='line_1_72' title="bbox 606 3887 2175 3956; baseline 0.001 -16"><span class='ocrx_word' id='word_1_491' title='bbox 606 3887 737 3943; x_wconf 79' lang='lat' dir='ltr'><strong>rum.</strong></span> <span class='ocrx_word' id='word_1_492' title='bbox 770 3887 1063 3956; x_wconf 75' lang='lat' dir='ltr'><strong>Pinnentis,</strong></span> <span class='ocrx_word' id='word_1_493' title='bbox 1090 3887 1475 3954; x_wconf 82' lang='lat' dir='ltr'><strong>Pennariensis,</strong></span> <span class='ocrx_word' id='word_1_494' title='bbox 1505 3889 1821 3952; x_wconf 74' lang='lat' dir='ltr'><strong>Pinarentis,</strong></span> <span class='ocrx_word' id='word_1_495' title='bbox 1854 3888 2175 3952; x_wconf 69' lang='lat' dir='ltr'><strong>Parmensis,</strong></span> 
     </span>
    </p>
   </div>
   <div class='ocr_carea' id='block_1_72' title="bbox 604 3960 2182 4030">
    <p class='ocr_par' dir='ltr' id='par_1_72' title="bbox 604 3960 2182 4030">
     <span class='ocr_line' id='line_1_73' title="bbox 604 3960 2182 4030; baseline 0.001 -19"><span class='ocrx_word' id='word_1_496' title='bbox 604 3961 896 4030; x_wconf 75' lang='lat' dir='ltr'><strong>appellatus</strong></span> <span class='ocrx_word' id='word_1_497' title='bbox 924 3962 987 4016; x_wconf 86' lang='lat' dir='ltr'><strong>ab</strong></span> <span class='ocrx_word' id='word_1_498' title='bbox 1017 3961 1203 4017; x_wconf 67' lang='lat' dir='ltr'><strong>exteris</strong></span> <span class='ocrx_word' id='word_1_499' title='bbox 1235 3961 1655 4029; x_wconf 76' lang='lat' dir='ltr'><strong>ntarterIOgiuis</strong></span> <span class='ocrx_word' id='word_1_500' title='bbox 1681 3975 1745 4013; x_wconf 80' lang='lat' dir='ltr'><strong>ea:</strong></span> <span class='ocrx_word' id='word_1_501' title='bbox 1770 3960 2065 4030; x_wconf 81' lang='lat' dir='ltr'><strong>ignorantia</strong></span> <span class='ocrx_word' id='word_1_502' title='bbox 2087 3960 2182 4013; x_wconf 82' lang='lat' dir='ltr'><strong>vici</strong></span> 
     </span>
    </p>
   </div>
   <div class='ocr_carea' id='block_1_73' title="bbox 640 4033 828 4087">
    <p class='ocr_par' dir='ltr' id='par_1_73' title="bbox 640 4033 828 4087">
     <span class='ocr_line' id='line_1_74' title="bbox 640 4033 828 4087; baseline 0.021 -4"><span class='ocrx_word' id='word_1_503' title='bbox 640 4033 828 4087; x_wconf 70' lang='lat' dir='ltr'><strong>rarfati.</strong></span> 
     </span>
    </p>
   </div>
   <div class='ocr_carea' id='block_1_74' title="bbox 599 4035 2178 4224">
    <p class='ocr_par' dir='ltr' id='par_1_74' title="bbox 599 4035 2178 4224">
     <span class='ocr_line' id='line_1_75' title="bbox 599 4035 2178 4224; baseline -0.002 -66"><span class='ocrx_word' id='word_1_504' title='bbox 599 4035 936 4224; x_wconf 46' lang='lat' dir='ltr'><strong>zygiae.</strong></span> <span class='ocrx_word' id='word_1_505' title='bbox 986 4099 1086 4168; x_wconf 85' lang='lat' dir='ltr'><strong>Qui</strong></span> <span class='ocrx_word' id='word_1_506' title='bbox 1132 4101 1272 4158; x_wconf 90' lang='lat' dir='ltr'><strong>idem</strong></span> <span class='ocrx_word' id='word_1_507' title='bbox 1314 4115 1434 4157; x_wconf 89' lang='lat' dir='ltr'><strong>esse</strong></span> <span class='ocrx_word' id='word_1_508' title='bbox 1462 4100 1675 4156; x_wconf 90' lang='lat' dir='ltr'><strong>videtur</strong></span> <span class='ocrx_word' id='word_1_509' title='bbox 1713 4115 1833 4156; x_wconf 88' lang='lat' dir='ltr'><strong>cum</strong></span> <span class='ocrx_word' id='word_1_510' title='bbox 1868 4099 2090 4156; x_wconf 89' lang='lat' dir='ltr'><strong>Leontio</strong></span> <span class='ocrx_word' id='word_1_511' title='bbox 2119 4101 2178 4158; x_wconf 93' lang='grc'><strong>8.</strong></span> 
     </span>
     <span class='ocr_line' id='line_1_76' title="bbox 650 4186 995 4224; baseline 0 -1"><span class='ocrx_word' id='word_1_512' title='bbox 650 4186 929 4224; x_wconf 81' lang='lat' dir='ltr'><strong>teronvmt.</strong></span> <span class='ocrx_word' id='word_1_513' title='bbox 992 4210 995 4211; x_wconf 54' lang='grc' dir='ltr'><em>ν</em></span> 
     </span>
    </p>
   </div>
   <div class='ocr_carea' id='block_1_75' title="bbox 650 4186 995 4227">
    <p class='ocr_par' dir='ltr' id='par_1_75' title="bbox 650 4186 995 4227">
     <span class='ocr_line' id='line_1_77' title="bbox 650 4186 995 4227; baseline 0.006 -4"><span class='ocrx_word' id='word_1_514' title='bbox 650 4186 929 4227; x_wconf 82' lang='lat' dir='ltr'><strong>teronvmt.</strong></span> <span class='ocrx_word' id='word_1_515' title='bbox 992 4210 995 4211; x_wconf 55' lang='grc' dir='ltr'><em>ν</em></span> 
     </span>
    </p>
   </div>
   <div class='ocr_carea' id='block_1_76' title="bbox 678 4189 2174 4314">
    <p class='ocr_par' dir='ltr' id='par_1_76' title="bbox 678 4189 2174 4314">
     <span class='ocr_line' id='line_1_78' title="bbox 678 4189 2174 4314; baseline 0.002 -20"><span class='ocrx_word' id='word_1_516' title='bbox 678 4189 1051 4298; x_wconf 46' lang='lat' dir='ltr'><strong>imminui.</strong></span> <span class='ocrx_word' id='word_1_517' title='bbox 1104 4244 1338 4299; x_wconf 82' lang='lat' dir='ltr'><strong>Candavi</strong></span> <span class='ocrx_word' id='word_1_518' title='bbox 1388 4243 1483 4298; x_wconf 90' lang='lat' dir='ltr'><strong>SS.</strong></span> <span class='ocrx_word' id='word_1_519' title='bbox 1530 4241 1825 4314; x_wconf 83' lang='lat' dir='ltr'><strong>Landoaldi</strong></span> <span class='ocrx_word' id='word_1_520' title='bbox 1874 4242 2174 4314; x_wconf 86' lang='lat' dir='ltr'><strong>presbyteri</strong></span> 
     </span>
    </p>
   </div>
   <div class='ocr_carea' id='block_1_77' title="bbox 602 4308 2170 4381">
    <p class='ocr_par' dir='ltr' id='par_1_77' title="bbox 602 4308 2170 4381">
     <span class='ocr_line' id='line_1_79' title="bbox 602 4308 2170 4381; baseline 0.004 -19"><span class='ocrx_word' id='word_1_521' title='bbox 602 4308 860 4377; x_wconf 78' lang='lat' dir='ltr'><strong>Romani,</strong></span> <span class='ocrx_word' id='word_1_522' title='bbox 891 4318 947 4366; x_wconf 85' lang='lat' dir='ltr'><strong>et</strong></span> <span class='ocrx_word' id='word_1_523' title='bbox 978 4315 1203 4368; x_wconf 84' lang='lat' dir='ltr'><strong>Amantii</strong></span> <span class='ocrx_word' id='word_1_524' title='bbox 1234 4315 1479 4378; x_wconf 85' lang='lat' dir='ltr'><strong>diaconi,</strong></span> <span class='ocrx_word' id='word_1_525' title='bbox 1512 4314 1601 4381; x_wconf 90' lang='lat' dir='ltr'><strong>qui</strong></span> <span class='ocrx_word' id='word_1_526' title='bbox 1632 4328 1659 4366; x_wconf 91' lang='lat' dir='ltr'><strong>a</strong></span> <span class='ocrx_word' id='word_1_527' title='bbox 1688 4314 1748 4368; x_wconf 91' lang='lat' dir='ltr'><strong>S.</strong></span> <span class='ocrx_word' id='word_1_528' title='bbox 1780 4313 2007 4368; x_wconf 84' lang='lat' dir='ltr'><strong>Martino</strong></span> <span class='ocrx_word' id='word_1_529' title='bbox 2037 4308 2170 4381; x_wconf 77' lang='lat' dir='ltr'><strong>papa</strong></span> 
     </span>
    </p>
   </div>
   <div class='ocr_carea' id='block_1_78' title="bbox 599 4381 2168 4455">
    <p class='ocr_par' dir='ltr' id='par_1_78' title="bbox 599 4381 2168 4455">
     <span class='ocr_line' id='line_1_80' title="bbox 599 4381 2168 4455; baseline 0.004 -22"><span class='ocrx_word' id='word_1_530' title='bbox 599 4381 665 4435; x_wconf 88' lang='lat' dir='ltr'><strong>ad</strong></span> <span class='ocrx_word' id='word_1_531' title='bbox 700 4383 1090 4455; x_wconf 78' lang='lat' dir='ltr'><strong>praedicandum</strong></span> <span class='ocrx_word' id='word_1_532' title='bbox 1124 4385 1465 4455; x_wconf 81' lang='lat' dir='ltr'><strong>Evangelium</strong></span> <span class='ocrx_word' id='word_1_533' title='bbox 1500 4384 1671 4455; x_wconf 88' lang='lat' dir='ltr'><strong>missi,</strong></span> <span class='ocrx_word' id='word_1_534' title='bbox 1699 4386 1879 4455; x_wconf 79' lang='lat' dir='ltr'><strong>multis</strong></span> <span class='ocrx_word' id='word_1_535' title='bbox 1906 4394 2025 4451; x_wconf 85' lang='lat' dir='ltr'><strong>post</strong></span> <span class='ocrx_word' id='word_1_536' title='bbox 2053 4385 2168 4439; x_wconf 87' lang='lat' dir='ltr'><strong>obi-</strong></span> 
     </span>
    </p>
   </div>
   <div class='ocr_carea' id='block_1_79' title="bbox 598 4452 2163 4509">
    <p class='ocr_par' dir='ltr' id='par_1_79' title="bbox 598 4452 2163 4509">
     <span class='ocr_line' id='line_1_81' title="bbox 598 4452 2163 4509; baseline 0.004 -7"><span class='ocrx_word' id='word_1_537' title='bbox 598 4459 707 4505; x_wconf 92' lang='lat' dir='ltr'><strong>tum</strong></span> <span class='ocrx_word' id='word_1_538' title='bbox 757 4463 878 4506; x_wconf 90' lang='lat' dir='ltr'><strong>sunt</strong></span> <span class='ocrx_word' id='word_1_539' title='bbox 926 4452 1176 4509; x_wconf 89' lang='lat' dir='ltr'><strong>illustrati</strong></span> <span class='ocrx_word' id='word_1_540' title='bbox 1224 4452 1517 4509; x_wconf 75' lang='lat' dir='ltr'><strong>miraculis.</strong></span> <span class='ocrx_word' id='word_1_541' title='bbox 1574 4454 1669 4508; x_wconf 84' lang='lat' dir='ltr'><strong>llic</strong></span> <span class='ocrx_word' id='word_1_542' title='bbox 1718 4454 1777 4509; x_wconf 95' lang='lat' dir='ltr'><strong>S.</strong></span> <span class='ocrx_word' id='word_1_543' title='bbox 1828 4454 2163 4509; x_wconf 87' lang='lat' dir='ltr'><strong>Landoaldus</strong></span> 
     </span>
    </p>
   </div>
   <div class='ocr_carea' id='block_1_80' title="bbox 594 4519 2160 4594">
    <p class='ocr_par' dir='ltr' id='par_1_80' title="bbox 594 4519 2160 4594">
     <span class='ocr_line' id='line_1_82' title="bbox 594 4519 2160 4594; baseline 0.003 -20"><span class='ocrx_word' id='word_1_544' title='bbox 594 4519 808 4576; x_wconf 88' lang='lat' dir='ltr'><strong>beatum</strong></span> <span class='ocrx_word' id='word_1_545' title='bbox 841 4523 1185 4579; x_wconf 91' lang='lat' dir='ltr'><strong>Lambertum</strong></span> <span class='ocrx_word' id='word_1_546' title='bbox 1215 4528 1523 4594; x_wconf 79' lang='lat' dir='ltr'><strong>episcOpum</strong></span> <span class='ocrx_word' id='word_1_547' title='bbox 1559 4525 1609 4578; x_wconf 92' lang='lat' dir='ltr'><strong>in</strong></span> <span class='ocrx_word' id='word_1_548' title='bbox 1640 4525 1863 4592; x_wconf 90' lang='lat' dir='ltr'><strong>pueritia</strong></span> <span class='ocrx_word' id='word_1_549' title='bbox 1907 4528 2160 4593; x_wconf 84' lang='lat' dir='ltr'><strong>nutrivit,</strong></span> 
     </span>
    </p>
   </div>
   <div class='ocr_carea' id='block_1_81' title="bbox 593 4594 2165 4664">
    <p class='ocr_par' dir='ltr' id='par_1_81' title="bbox 593 4594 2165 4664">
     <span class='ocr_line' id='line_1_83' title="bbox 593 4594 2165 4664; baseline 0.005 -20"><span class='ocrx_word' id='word_1_550' title='bbox 593 4595 654 4644; x_wconf 83' lang='lat' dir='ltr'><strong>et&#39;</strong></span> <span class='ocrx_word' id='word_1_551' title='bbox 677 4595 846 4648; x_wconf 89' lang='lat' dir='ltr'><strong>sacris</strong></span> <span class='ocrx_word' id='word_1_552' title='bbox 881 4594 1074 4648; x_wconf 90' lang='lat' dir='ltr'><strong>litteris</strong></span> <span class='ocrx_word' id='word_1_553' title='bbox 1101 4597 1369 4661; x_wconf 88' lang='lat' dir='ltr'><strong>erudivit,</strong></span> <span class='ocrx_word' id='word_1_554' title='bbox 1410 4604 1462 4649; x_wconf 87' lang='lat' dir='ltr'><strong>et</strong></span> <span class='ocrx_word' id='word_1_555' title='bbox 1490 4595 1616 4647; x_wconf 89' lang='lat' dir='ltr'><strong>dum</strong></span> <span class='ocrx_word' id='word_1_556' title='bbox 1649 4594 1706 4650; x_wconf 92' lang='grc'><strong>8.</strong></span> <span class='ocrx_word' id='word_1_557' title='bbox 1737 4595 2010 4649; x_wconf 79' lang='lat' dir='ltr'><strong>Amandus</strong></span> <span class='ocrx_word' id='word_1_558' title='bbox 2036 4611 2165 4664; x_wconf 87' lang='lat' dir='ltr'><strong>ope-</strong></span> 
     </span>
    </p>
   </div>
   <div class='ocr_carea' id='block_1_82' title="bbox 592 4664 2161 4734">
    <p class='ocr_par' dir='ltr' id='par_1_82' title="bbox 592 4664 2161 4734">
     <span class='ocr_line' id='line_1_84' title="bbox 592 4664 2161 4734; baseline 0.005 -19"><span class='ocrx_word' id='word_1_559' title='bbox 592 4676 705 4734; x_wconf 77' lang='lat' dir='ltr'><strong>ram</strong></span> <span class='ocrx_word' id='word_1_560' title='bbox 752 4664 905 4720; x_wconf 88' lang='lat' dir='ltr'><strong>daret</strong></span> <span class='ocrx_word' id='word_1_561' title='bbox 951 4665 1002 4719; x_wconf 91' lang='lat' dir='ltr'><strong>in</strong></span> <span class='ocrx_word' id='word_1_562' title='bbox 1048 4668 1295 4734; x_wconf 88' lang='lat' dir='ltr'><strong>gentibus</strong></span> <span class='ocrx_word' id='word_1_563' title='bbox 1338 4667 1734 4729; x_wconf 83' lang='lat' dir='ltr'><strong>convertendis,</strong></span> <span class='ocrx_word' id='word_1_564' title='bbox 1788 4680 1995 4719; x_wconf 86' lang='lat' dir='ltr'><strong>summa</strong></span> <span class='ocrx_word' id='word_1_565' title='bbox 2042 4682 2161 4723; x_wconf 92' lang='lat' dir='ltr'><strong>cum</strong></span> 
     </span>
    </p>
   </div>
   <div class='ocr_carea' id='block_1_83' title="bbox 592 4731 2160 4806">
    <p class='ocr_par' dir='ltr' id='par_1_83' title="bbox 592 4731 2160 4806">
     <span class='ocr_line' id='line_1_85' title="bbox 592 4731 2160 4806; baseline 0.006 -21"><span class='ocrx_word' id='word_1_566' title='bbox 592 4731 750 4790; x_wconf 90' lang='lat' dir='ltr'><strong>laude</strong></span> <span class='ocrx_word' id='word_1_567' title='bbox 783 4744 921 4790; x_wconf 91' lang='lat' dir='ltr'><strong>totos</strong></span> <span class='ocrx_word' id='word_1_568' title='bbox 951 4731 1145 4791; x_wconf 70' lang='lat' dir='ltr'><strong>novem</strong></span> <span class='ocrx_word' id='word_1_569' title='bbox 1179 4751 1348 4792; x_wconf 88' lang='lat' dir='ltr'><strong>annos</strong></span> <span class='ocrx_word' id='word_1_570' title='bbox 1379 4738 1524 4790; x_wconf 90' lang='lat' dir='ltr'><strong>vices</strong></span> <span class='ocrx_word' id='word_1_571' title='bbox 1555 4736 1669 4804; x_wconf 92' lang='lat' dir='ltr'><strong>ejus</strong></span> <span class='ocrx_word' id='word_1_572' title='bbox 1699 4736 1862 4806; x_wconf 88' lang='lat' dir='ltr'><strong>gessit</strong></span> <span class='ocrx_word' id='word_1_573' title='bbox 1911 4736 1962 4789; x_wconf 89' lang='lat' dir='ltr'><strong>in</strong></span> <span class='ocrx_word' id='word_1_574' title='bbox 1994 4738 2160 4794; x_wconf 89' lang='lat' dir='ltr'><strong>admi-</strong></span> 
     </span>
    </p>
   </div>
   <div class='ocr_carea' id='block_1_84' title="bbox 591 4805 2158 4875">
    <p class='ocr_par' dir='ltr' id='par_1_84' title="bbox 591 4805 2158 4875">
     <span class='ocr_line' id='line_1_86' title="bbox 591 4805 2158 4875; baseline 0.005 -17"><span class='ocrx_word' id='word_1_575' title='bbox 591 4806 905 4875; x_wconf 80' lang='lat' dir='ltr'><strong>nistratione</strong></span> <span class='ocrx_word' id='word_1_576' title='bbox 955 4808 1295 4875; x_wconf 84' lang='lat' dir='ltr'><strong>episcopatus</strong></span> <span class='ocrx_word' id='word_1_577' title='bbox 1342 4805 1716 4875; x_wconf 75' lang='lat' dir='ltr'><strong>Tungrensis.</strong></span> <span class='ocrx_word' id='word_1_578' title='bbox 1752 4805 1848 4861; x_wconf 90' lang='lat' dir='ltr'><strong>Cui</strong></span> <span class='ocrx_word' id='word_1_579' title='bbox 1903 4816 2053 4873; x_wconf 89' lang='lat' dir='ltr'><strong>pater</strong></span> <span class='ocrx_word' id='word_1_580' title='bbox 2099 4811 2158 4865; x_wconf 92' lang='lat' dir='ltr'><strong>S.</strong></span> 
     </span>
    </p>
   </div>
   <div class='ocr_carea' id='block_1_85' title="bbox 590 4874 2160 4947">
    <p class='ocr_par' dir='ltr' id='par_1_85' title="bbox 590 4874 2160 4947">
     <span class='ocr_line' id='line_1_87' title="bbox 590 4874 2160 4947; baseline 0.004 -18"><span class='ocrx_word' id='word_1_581' title='bbox 590 4874 856 4947; x_wconf 81' lang='lat' dir='ltr'><strong>Lamberti</strong></span> <span class='ocrx_word' id='word_1_582' title='bbox 891 4874 1081 4947; x_wconf 86' lang='lat' dir='ltr'><strong>pagum</strong></span> <span class='ocrx_word' id='word_1_583' title='bbox 1111 4874 1523 4933; x_wconf 88' lang='lat' dir='ltr'><strong>Wintershoven</strong></span> <span class='ocrx_word' id='word_1_584' title='bbox 1554 4879 1693 4930; x_wconf 86' lang='lat' dir='ltr'><strong>dono</strong></span> <span class='ocrx_word' id='word_1_585' title='bbox 1722 4878 1902 4942; x_wconf 82' lang='lat' dir='ltr'><strong>dedit,</strong></span> <span class='ocrx_word' id='word_1_586' title='bbox 1949 4879 2035 4932; x_wconf 92' lang='lat' dir='ltr'><strong>ubi</strong></span> <span class='ocrx_word' id='word_1_587' title='bbox 2070 4896 2160 4935; x_wconf 87' lang='lat' dir='ltr'><strong>ec-</strong></span> 
     </span>
    </p>
   </div>
   <div class='ocr_carea' id='block_1_86' title="bbox 586 4946 2156 5006">
    <p class='ocr_par' dir='ltr' id='par_1_86' title="bbox 586 4946 2156 5006">
     <span class='ocr_line' id='line_1_88' title="bbox 586 4946 2156 5006; baseline 0.004 -7"><span class='ocrx_word' id='word_1_588' title='bbox 586 4946 806 5001; x_wconf 89' lang='lat' dir='ltr'><strong>clesiam</strong></span> <span class='ocrx_word' id='word_1_589' title='bbox 831 4946 1164 5003; x_wconf 39' lang='lat' dir='ltr'><strong>in&#39;honorem</strong></span> <span class='ocrx_word' id='word_1_590' title='bbox 1194 4950 1251 5004; x_wconf 93' lang='lat' dir='ltr'><strong>S.</strong></span> <span class='ocrx_word' id='word_1_591' title='bbox 1283 4950 1418 5003; x_wconf 89' lang='lat' dir='ltr'><strong>Petri</strong></span> <span class='ocrx_word' id='word_1_592' title='bbox 1451 4948 1747 5003; x_wconf 74' lang='lat' dir='ltr'><strong>:cdiiicavit.</strong></span> <span class='ocrx_word' id='word_1_593' title='bbox 1788 4947 1994 5004; x_wconf 90' lang='lat' dir='ltr'><strong>Floruit</strong></span> <span class='ocrx_word' id='word_1_594' title='bbox 2017 4950 2156 5006; x_wconf 90' lang='lat' dir='ltr'><strong>circa</strong></span> 
     </span>
    </p>
   </div>
   <div class='ocr_carea' id='block_1_87' title="bbox 583 5018 2154 5090">
    <p class='ocr_par' dir='ltr' id='par_1_87' title="bbox 583 5018 2154 5090">
     <span class='ocr_line' id='line_1_89' title="bbox 583 5018 2154 5090; baseline 0.006 -21"><span class='ocrx_word' id='word_1_595' title='bbox 583 5028 675 5071; x_wconf 90' lang='lat' dir='ltr'><strong>an.</strong></span> <span class='ocrx_word' id='word_1_596' title='bbox 704 5018 829 5090; x_wconf 82' lang='lat'><strong>670.</strong></span> <span class='ocrx_word' id='word_1_597' title='bbox 870 5020 1104 5076; x_wconf 83' lang='lat' dir='ltr'><strong>Mortuus</strong></span> <span class='ocrx_word' id='word_1_598' title='bbox 1137 5023 1187 5075; x_wconf 91' lang='lat' dir='ltr'><strong>in</strong></span> <span class='ocrx_word' id='word_1_599' title='bbox 1215 5022 1357 5074; x_wconf 90' lang='lat' dir='ltr'><strong>dicto</strong></span> <span class='ocrx_word' id='word_1_600' title='bbox 1388 5034 1521 5090; x_wconf 88' lang='lat' dir='ltr'><strong>pago</strong></span> <span class='ocrx_word' id='word_1_601' title='bbox 1551 5020 1971 5074; x_wconf 88' lang='lat' dir='ltr'><strong>Christianorum</strong></span> <span class='ocrx_word' id='word_1_602' title='bbox 2004 5035 2154 5079; x_wconf 89' lang='lat' dir='ltr'><strong>more</strong></span> 
     </span>
    </p>
   </div>
   <div class='ocr_carea' id='block_1_88' title="bbox 584 5089 2150 5155">
    <p class='ocr_par' dir='ltr' id='par_1_88' title="bbox 584 5089 2150 5155">
     <span class='ocr_line' id='line_1_90' title="bbox 584 5089 2150 5155; baseline 0.006 -15"><span class='ocrx_word' id='word_1_603' title='bbox 584 5089 824 5155; x_wconf 87' lang='lat' dir='ltr'><strong>sepultus</strong></span> <span class='ocrx_word' id='word_1_604' title='bbox 853 5102 955 5145; x_wconf 80' lang='lat' dir='ltr'><strong>eSt.</strong></span> <span class='ocrx_word' id='word_1_605' title='bbox 987 5093 1066 5145; x_wconf 84' lang='lat' dir='ltr'><strong>Ad</strong></span> <span class='ocrx_word' id='word_1_606' title='bbox 1094 5090 1375 5147; x_wconf 87' lang='lat' dir='ltr'><strong>Candense</strong></span> <span class='ocrx_word' id='word_1_607' title='bbox 1402 5089 1739 5147; x_wconf 81' lang='lat' dir='ltr'><strong>S.Bavionis</strong></span> <span class='ocrx_word' id='word_1_608' title='bbox 1769 5093 2150 5149; x_wconf 83' lang='lat' dir='ltr'><strong>monasterium</strong></span> 
     </span>
    </p>
   </div>
   <div class='ocr_carea' id='block_1_89' title="bbox 582 5159 2157 5231">
    <p class='ocr_par' dir='ltr' id='par_1_89' title="bbox 582 5159 2157 5231">
     <span class='ocr_line' id='line_1_91' title="bbox 582 5159 2157 5231; baseline 0.005 -20"><span class='ocrx_word' id='word_1_609' title='bbox 582 5159 700 5231; x_wconf 85' lang='lat' dir='ltr'><strong>ejus</strong></span> <span class='ocrx_word' id='word_1_610' title='bbox 728 5160 963 5230; x_wconf 67' lang='lat' dir='ltr'><strong>reliquiae</strong></span> <span class='ocrx_word' id='word_1_611' title='bbox 989 5176 1129 5217; x_wconf 89' lang='lat' dir='ltr'><strong>anno</strong></span> <span class='ocrx_word' id='word_1_612' title='bbox 1150 5164 1254 5217; x_wconf 83' lang='lat'><strong>980</strong></span> <span class='ocrx_word' id='word_1_613' title='bbox 1277 5163 1459 5217; x_wconf 84' lang='lat' dir='ltr'><strong>relatae</strong></span> <span class='ocrx_word' id='word_1_614' title='bbox 1488 5171 1632 5231; x_wconf 90' lang='lat' dir='ltr'><strong>sunt,</strong></span> <span class='ocrx_word' id='word_1_615' title='bbox 1652 5161 1880 5218; x_wconf 87' lang='lat' dir='ltr'><strong>Ghinius</strong></span> <span class='ocrx_word' id='word_1_616' title='bbox 1900 5161 2157 5220; x_wconf 88' lang='lat' dir='ltr'><strong>Senensis</strong></span> 
     </span>
    </p>
   </div>
   <div class='ocr_carea' id='block_1_90' title="bbox 581 5230 1441 5304">
    <p class='ocr_par' dir='ltr' id='par_1_90' title="bbox 581 5230 1441 5304">
     <span class='ocr_line' id='line_1_92' title="bbox 581 5230 1441 5304; baseline 0.008 -20"><span class='ocrx_word' id='word_1_617' title='bbox 581 5238 637 5284; x_wconf 89' lang='lat' dir='ltr'><strong>et</strong></span> <span class='ocrx_word' id='word_1_618' title='bbox 662 5230 899 5304; x_wconf 72' lang='lat' dir='ltr'><strong>Nolanus</strong></span> <span class='ocrx_word' id='word_1_619' title='bbox 925 5232 992 5286; x_wconf 91' lang='lat' dir='ltr'><strong>de</strong></span> <span class='ocrx_word' id='word_1_620' title='bbox 1016 5232 1225 5304; x_wconf 83' lang='lat' dir='ltr'><strong>Sanctis</strong></span> <span class='ocrx_word' id='word_1_621' title='bbox 1254 5233 1441 5304; x_wconf 87' lang='lat' dir='ltr'><strong>Belgii.</strong></span> 
     </span>
    </p>
   </div>
   <div class='ocr_carea' id='block_1_91' title="bbox 654 5298 2156 5376">
    <p class='ocr_par' dir='ltr' id='par_1_91' title="bbox 654 5298 2156 5376">
     <span class='ocr_line' id='line_1_93' title="bbox 654 5298 2156 5376; baseline 0.003 -21"><span class='ocrx_word' id='word_1_622' title='bbox 654 5306 675 5332; x_wconf 76' lang='grc' dir='ltr'><strong><em>ο</em></strong></span> <span class='ocrx_word' id='word_1_623' title='bbox 705 5298 956 5359; x_wconf 84' lang='lat' dir='ltr'><strong>Gutberti.</strong></span> <span class='ocrx_word' id='word_1_624' title='bbox 980 5302 1134 5376; x_wconf 81' lang='lat' dir='ltr'><strong>Sive</strong></span> <span class='ocrx_word' id='word_1_625' title='bbox 1159 5298 1442 5360; x_wconf 69' lang='lat' dir='ltr'><strong>Cudbercti</strong></span> <span class='ocrx_word' id='word_1_626' title='bbox 1467 5346 1483 5370; x_wconf 96' lang='lat'><strong>,</strong></span> <span class='ocrx_word' id='word_1_627' title='bbox 1535 5303 1687 5376; x_wconf 81' lang='lat' dir='ltr'><strong>cujus</strong></span> <span class='ocrx_word' id='word_1_628' title='bbox 1713 5304 1887 5361; x_wconf 67' lang='lat' dir='ltr'><strong>Vitam</strong></span> <span class='ocrx_word' id='word_1_629' title='bbox 1915 5313 1968 5360; x_wconf 91' lang='lat' dir='ltr'><strong>et</strong></span> <span class='ocrx_word' id='word_1_630' title='bbox 1998 5305 2156 5372; x_wconf 87' lang='lat' dir='ltr'><strong>plano</strong></span> 
     </span>
    </p>
   </div>
   <div class='ocr_carea' id='block_1_92' title="bbox 576 5373 2152 5446">
    <p class='ocr_par' dir='ltr' id='par_1_92' title="bbox 576 5373 2152 5446">
     <span class='ocr_line' id='line_1_94' title="bbox 576 5373 2152 5446; baseline 0.005 -22"><span class='ocrx_word' id='word_1_631' title='bbox 576 5381 841 5446; x_wconf 10' lang='lat' dir='ltr'><strong>sermone,</strong></span> <span class='ocrx_word' id='word_1_632' title='bbox 875 5382 928 5427; x_wconf 87' lang='lat' dir='ltr'><strong>et</strong></span> <span class='ocrx_word' id='word_1_633' title='bbox 978 5373 1194 5430; x_wconf 87' lang='lat' dir='ltr'><strong>heroico</strong></span> <span class='ocrx_word' id='word_1_634' title='bbox 1240 5377 1481 5432; x_wconf 88' lang='lat' dir='ltr'><strong>carmine</strong></span> <span class='ocrx_word' id='word_1_635' title='bbox 1526 5373 1857 5446; x_wconf 70' lang='lat' dir='ltr'><strong>descriptam</strong></span> <span class='ocrx_word' id='word_1_636' title='bbox 1901 5377 2152 5432; x_wconf 88' lang='lat' dir='ltr'><strong>consulas</strong></span> 
     </span>
    </p>
   </div>
   <div class='ocr_carea' id='block_1_93' title="bbox 573 5444 980 5509">
    <p class='ocr_par' dir='ltr' id='par_1_93' title="bbox 573 5444 980 5509">
     <span class='ocr_line' id='line_1_95' title="bbox 573 5444 980 5509; baseline 0.005 -13"><span class='ocrx_word' id='word_1_637' title='bbox 573 5455 731 5509; x_wconf 85' lang='lat' dir='ltr'><strong>supra</strong></span> <span class='ocrx_word' id='word_1_638' title='bbox 762 5444 980 5498; x_wconf 89' lang='lat' dir='ltr'><strong>editam.</strong></span> 
     </span>
    </p>
   </div>
   <div class='ocr_carea' id='block_1_94' title="bbox 646 5510 2150 5581">
    <p class='ocr_par' dir='ltr' id='par_1_94' title="bbox 646 5510 2150 5581">
     <span class='ocr_line' id='line_1_96' title="bbox 646 5510 2150 5581; baseline 0.007 -17"><span class='ocrx_word' id='word_1_639' title='bbox 646 5516 674 5554; x_wconf 74' lang='grc' dir='ltr'><strong>ιι</strong></span> <span class='ocrx_word' id='word_1_640' title='bbox 702 5510 913 5581; x_wconf 73' lang='lat' dir='ltr'><strong>Ioseph.</strong></span> <span class='ocrx_word' id='word_1_641' title='bbox 969 5514 1045 5571; x_wconf 89' lang='lat' dir='ltr'><strong>De</strong></span> <span class='ocrx_word' id='word_1_642' title='bbox 1093 5515 1194 5571; x_wconf 91' lang='lat' dir='ltr'><strong>hoc</strong></span> <span class='ocrx_word' id='word_1_643' title='bbox 1242 5517 1528 5575; x_wconf 88' lang='lat' dir='ltr'><strong>Bollandus</strong></span> <span class='ocrx_word' id='word_1_644' title='bbox 1579 5517 1658 5574; x_wconf 93' lang='lat' dir='ltr'><strong>sic</strong></span> <span class='ocrx_word' id='word_1_645' title='bbox 1703 5516 1934 5572; x_wconf 90' lang='lat' dir='ltr'><strong>scribit:</strong></span> <span class='ocrx_word' id='word_1_646' title='bbox 1996 5517 2150 5573; x_wconf 78' lang='lat' dir='ltr'><strong>lianc</strong></span> 
     </span>
    </p>
   </div>
   <div class='ocr_carea' id='block_1_95' title="bbox 568 5580 2147 5661">
    <p class='ocr_par' dir='ltr' id='par_1_95' title="bbox 568 5580 2147 5661">
     <span class='ocr_line' id='line_1_97' title="bbox 568 5580 2147 5661; baseline 0.004 -24"><span class='ocrx_word' id='word_1_647' title='bbox 568 5580 735 5661; x_wconf 75' lang='lat' dir='ltr'><strong>ipsum</strong></span> <span class='ocrx_word' id='word_1_648' title='bbox 793 5580 997 5640; x_wconf 83' lang='lat' dir='ltr'><strong>Domini</strong></span> <span class='ocrx_word' id='word_1_649' title='bbox 1047 5589 1319 5661; x_wconf 79' lang='lat' dir='ltr'><strong>nutritium</strong></span> <span class='ocrx_word' id='word_1_650' title='bbox 1369 5606 1515 5654; x_wconf 83' lang='lat' dir='ltr'><strong>esse,</strong></span> <span class='ocrx_word' id='word_1_651' title='bbox 1569 5605 1716 5661; x_wconf 80' lang='lat' dir='ltr'><strong>quem</strong></span> <span class='ocrx_word' id='word_1_652' title='bbox 1770 5587 2147 5659; x_wconf 80' lang='lat' dir='ltr'><strong>Martyrologia</strong></span> 
     </span>
    </p>
   </div>
   <div class='ocr_carea' id='block_1_96' title="bbox 570 5655 2146 5730">
    <p class='ocr_par' dir='ltr' id='par_1_96' title="bbox 570 5655 2146 5730">
     <span class='ocr_line' id='line_1_98' title="bbox 570 5655 2146 5730; baseline 0.006 -25"><span class='ocrx_word' id='word_1_653' title='bbox 570 5655 860 5730; x_wconf 74' lang='lat' dir='ltr'><strong>proximum</strong></span> <span class='ocrx_word' id='word_1_654' title='bbox 899 5673 929 5708; x_wconf 91' lang='lat' dir='ltr'><strong>a</strong></span> <span class='ocrx_word' id='word_1_655' title='bbox 969 5659 1174 5713; x_wconf 81' lang='lat' dir='ltr'><strong>vetustis</strong></span> <span class='ocrx_word' id='word_1_656' title='bbox 1201 5655 1591 5730; x_wconf 46' lang='lat' dir='ltr'><strong>Jeronymianis&#39;</strong></span> <span class='ocrx_word' id='word_1_657' title='bbox 1623 5664 1789 5716; x_wconf 87' lang='lat' dir='ltr'><strong>locum</strong></span> <span class='ocrx_word' id='word_1_658' title='bbox 1832 5655 2146 5729; x_wconf 76' lang='lat' dir='ltr'><strong>antiquitatis</strong></span> 
     </span>
    </p>
   </div>
   <div class='ocr_carea' id='block_1_97' title="bbox 569 5726 2144 5800">
    <p class='ocr_par' dir='ltr' id='par_1_97' title="bbox 569 5726 2144 5800">
     <span class='ocr_line' id='line_1_99' title="bbox 569 5726 2144 5800; baseline 0.006 -23"><span class='ocrx_word' id='word_1_659' title='bbox 569 5726 789 5800; x_wconf 54' lang='lat' dir='ltr'><strong>tenentia</strong></span> <span class='ocrx_word' id='word_1_660' title='bbox 818 5730 1128 5797; x_wconf 62' lang='lat' dir='ltr'><strong>praecedenti</strong></span> <span class='ocrx_word' id='word_1_661' title='bbox 1158 5731 1242 5784; x_wconf 82' lang='lat' dir='ltr'><strong>die</strong></span> <span class='ocrx_word' id='word_1_662' title='bbox 1286 5726 1557 5799; x_wconf 68' lang='lat' dir='ltr'><strong>exhibent,</strong></span> <span class='ocrx_word' id='word_1_663' title='bbox 1601 5735 1783 5800; x_wconf 85' lang='lat' dir='ltr'><strong>quique</strong></span> <span class='ocrx_word' id='word_1_664' title='bbox 1831 5732 1894 5784; x_wconf 88' lang='lat' dir='ltr'><strong>ab</strong></span> <span class='ocrx_word' id='word_1_665' title='bbox 1928 5726 2144 5786; x_wconf 73' lang='lat' dir='ltr'><strong>Eusebio</strong></span> 
     </span>
    </p>
   </div>
   <div class='ocr_carea' id='block_1_98' title="bbox 566 5794 2143 5876">
    <p class='ocr_par' dir='ltr' id='par_1_98' title="bbox 566 5794 2143 5876">
     <span class='ocr_line' id='line_1_100' title="bbox 566 5794 2143 5876; baseline 0.006 -22"><span class='ocrx_word' id='word_1_666' title='bbox 566 5794 870 5864; x_wconf 61' lang='lat' dir='ltr'><strong>Cmarien&#39;si</strong></span> <span class='ocrx_word' id='word_1_667' title='bbox 918 5800 1020 5857; x_wconf 74' lang='lat' dir='ltr'><strong>huc</strong></span> <span class='ocrx_word' id='word_1_668' title='bbox 1063 5800 1255 5858; x_wconf 75' lang='lat' dir='ltr'><strong>relatus</strong></span> <span class='ocrx_word' id='word_1_669' title='bbox 1305 5803 1372 5858; x_wconf 82' lang='lat' dir='ltr'><strong>sit</strong></span> <span class='ocrx_word' id='word_1_670' title='bbox 1425 5804 1487 5860; x_wconf 84' lang='lat' dir='ltr'><strong>ob</strong></span> <span class='ocrx_word' id='word_1_671' title='bbox 1539 5794 1807 5876; x_wconf 71' lang='lat' dir='ltr'><strong>specialem</strong></span> <span class='ocrx_word' id='word_1_672' title='bbox 1862 5803 2143 5862; x_wconf 79' lang='lat' dir='ltr'><strong>Antiochia:</strong></span> 
     </span>
    </p>
   </div>
   <div class='ocr_carea' id='block_1_99' title="bbox 2213 3316 3834 3401">
    <p class='ocr_par' dir='ltr' id='par_1_99' title="bbox 2213 3316 3834 3401">
     <span class='ocr_line' id='line_1_101' title="bbox 2213 3316 3834 3401; baseline 0.001 -28"><span class='ocrx_word' id='word_1_673' title='bbox 2213 3322 2259 3387; x_wconf 85' lang='lat' dir='ltr'><strong>C</strong></span> <span class='ocrx_word' id='word_1_674' title='bbox 2288 3321 2514 3401; x_wconf 67' lang='lat' dir='ltr'><strong>cultum,</strong></span> <span class='ocrx_word' id='word_1_675' title='bbox 2568 3318 2784 3401; x_wconf 61' lang='lat' dir='ltr'><strong>tibenter</strong></span> <span class='ocrx_word' id='word_1_676' title='bbox 2833 3316 3042 3401; x_wconf 64' lang='lat' dir='ltr'><strong>quidem</strong></span> <span class='ocrx_word' id='word_1_677' title='bbox 3083 3324 3507 3395; x_wconf 69' lang='lat' dir='ltr'><strong>suspicarentur,-</strong></span> <span class='ocrx_word' id='word_1_678' title='bbox 3556 3331 3644 3386; x_wconf 71' lang='lat' dir='ltr'><strong>sed</strong></span> <span class='ocrx_word' id='word_1_679' title='bbox 3674 3330 3834 3401; x_wconf 67' lang='lat' dir='ltr'><strong>proba.</strong></span> 
     </span>
    </p>
   </div>
   <div class='ocr_carea' id='block_1_100' title="bbox 2290 3388 3832 3472">
    <p class='ocr_par' dir='ltr' id='par_1_100' title="bbox 2290 3388 3832 3472">
     <span class='ocr_line' id='line_1_102' title="bbox 2290 3388 3832 3472; baseline 0.01 -30"><span class='ocrx_word' id='word_1_680' title='bbox 2290 3388 2515 3472; x_wconf 64' lang='lat' dir='ltr'><strong>tionibus</strong></span> <span class='ocrx_word' id='word_1_681' title='bbox 2545 3389 2779 3472; x_wconf 66' lang='lat' dir='ltr'><strong>destituti</strong></span> <span class='ocrx_word' id='word_1_682' title='bbox 2807 3406 2907 3444; x_wconf 87' lang='lat' dir='ltr'><strong>non</strong></span> <span class='ocrx_word' id='word_1_683' title='bbox 2935 3388 3186 3472; x_wconf 64' lang='lat' dir='ltr'><strong>auctemus</strong></span> <span class='ocrx_word' id='word_1_684' title='bbox 3213 3388 3498 3472; x_wconf 25' lang='lat' dir='ltr'><strong>assererep</strong></span> <span class='ocrx_word' id='word_1_685' title='bbox 3518 3388 3722 3472; x_wconf 58' lang='lat' dir='ltr'><strong>ideoque</strong></span> <span class='ocrx_word' id='word_1_686' title='bbox 3741 3419 3832 3456; x_wconf 72' lang='lat' dir='ltr'><strong>tlte-</strong></span> 
     </span>
    </p>
   </div>
   <div class='ocr_carea' id='block_1_101' title="bbox 2288 3460 3889 3532">
    <p class='ocr_par' dir='ltr' id='par_1_101' title="bbox 2288 3460 3889 3532">
     <span class='ocr_line' id='line_1_103' title="bbox 2288 3460 3889 3532; baseline 0.009 -18"><span class='ocrx_word' id='word_1_687' title='bbox 2288 3463 2453 3514; x_wconf 79' lang='lat' dir='ltr'><strong>lumua</strong></span> <span class='ocrx_word' id='word_1_688' title='bbox 2481 3460 2805 3514; x_wconf 79' lang='lat' dir='ltr'><strong>Antiochenis</strong></span> <span class='ocrx_word' id='word_1_689' title='bbox 2835 3465 3141 3532; x_wconf 80' lang='lat' dir='ltr'><strong>martyribus</strong></span> <span class='ocrx_word' id='word_1_690' title='bbox 3184 3470 3393 3522; x_wconf 83' lang='lat' dir='ltr'><strong>seorsim</strong></span> <span class='ocrx_word' id='word_1_691' title='bbox 3424 3460 3659 3528; x_wconf 64' lang='lat' dir='ltr'><strong>eumdem</strong></span> <span class='ocrx_word' id='word_1_692' title='bbox 3695 3474 3831 3527; x_wconf 73' lang='grc' dir='ltr'><strong>σώα-</strong></span> <span class='ocrx_word' id='word_1_693' title='bbox 3872 3471 3889 3491; x_wconf 83' lang='lat'>‘</span> 
     </span>
    </p>
   </div>
   <div class='ocr_carea' id='block_1_102' title="bbox 2285 3547 2501 3585">
    <p class='ocr_par' dir='ltr' id='par_1_102' title="bbox 2285 3547 2501 3585">
     <span class='ocr_line' id='line_1_104' title="bbox 2285 3547 2501 3585; baseline -0.009 0"><span class='ocrx_word' id='word_1_694' title='bbox 2285 3547 2501 3585; x_wconf 82' lang='lat' dir='ltr'><strong>merare.</strong></span> 
     </span>
    </p>
   </div>
   <div class='ocr_carea' id='block_1_103' title="bbox 2361 3598 3829 3675">
    <p class='ocr_par' dir='ltr' id='par_1_103' title="bbox 2361 3598 3829 3675">
     <span class='ocr_line' id='line_1_105' title="bbox 2361 3598 3829 3675; baseline 0.012 -23"><span class='ocrx_word' id='word_1_695' title='bbox 2361 3608 2383 3633; x_wconf 77' lang='grc' dir='ltr'><strong>ε’</strong></span> <span class='ocrx_word' id='word_1_696' title='bbox 2417 3599 2679 3675; x_wconf 69' lang='lat' dir='ltr'><strong>Archippi.</strong></span> <span class='ocrx_word' id='word_1_697' title='bbox 2734 3598 2793 3657; x_wconf 91' lang='lat' dir='ltr'><strong>S.</strong></span> <span class='ocrx_word' id='word_1_698' title='bbox 2826 3601 3136 3675; x_wconf 80' lang='lat' dir='ltr'><strong>Ambrosius</strong></span> <span class='ocrx_word' id='word_1_699' title='bbox 3166 3607 3217 3659; x_wconf 92' lang='lat' dir='ltr'><strong>in</strong></span> <span class='ocrx_word' id='word_1_700' title='bbox 3262 3607 3556 3675; x_wconf 87' lang='lat' dir='ltr'><strong>epistolam</strong></span> <span class='ocrx_word' id='word_1_701' title='bbox 3593 3612 3655 3667; x_wconf 86' lang='lat' dir='ltr'><strong>ad</strong></span> <span class='ocrx_word' id='word_1_702' title='bbox 3678 3611 3829 3669; x_wconf 83' lang='lat' dir='ltr'><strong>Colos-</strong></span> 
     </span>
    </p>
   </div>
   <div class='ocr_carea' id='block_1_104' title="bbox 2285 3670 3831 3754">
    <p class='ocr_par' dir='ltr' id='par_1_104' title="bbox 2285 3670 3831 3754">
     <span class='ocr_line' id='line_1_106' title="bbox 2285 3670 3831 3754; baseline 0.008 -28"><span class='ocrx_word' id='word_1_703' title='bbox 2285 3686 2471 3754; x_wconf 81' lang='lat' dir='ltr'><strong>senses</strong></span> <span class='ocrx_word' id='word_1_704' title='bbox 2494 3670 2757 3737; x_wconf 88' lang='lat' dir='ltr'><strong>scribens,</strong></span> <span class='ocrx_word' id='word_1_705' title='bbox 2776 3673 3082 3743; x_wconf 89' lang='lat' dir='ltr'><strong>episcopum</strong></span> <span class='ocrx_word' id='word_1_706' title='bbox 3106 3670 3515 3737; x_wconf 80' lang='lat' dir='ltr'><strong>Colosseusium</strong></span> <span class='ocrx_word' id='word_1_707' title='bbox 3541 3685 3831 3754; x_wconf 85' lang='lat' dir='ltr'><strong>Archippum</strong></span> 
     </span>
    </p>
   </div>
   <div class='ocr_carea' id='block_1_105' title="bbox 2283 3745 2486 3798">
    <p class='ocr_par' dir='ltr' id='par_1_105' title="bbox 2283 3745 2486 3798">
     <span class='ocr_line' id='line_1_107' title="bbox 2283 3745 2486 3798; baseline -0.025 0"><span class='ocrx_word' id='word_1_708' title='bbox 2283 3745 2486 3798; x_wconf 85' lang='lat' dir='ltr'><strong>Statuit.</strong></span> 
     </span>
    </p>
   </div>
   <div class='ocr_carea' id='block_1_106' title="bbox 2366 3810 3827 3888">
    <p class='ocr_par' dir='ltr' id='par_1_106' title="bbox 2366 3810 3827 3888">
     <span class='ocr_line' id='line_1_108' title="bbox 2366 3810 3827 3888; baseline 0.012 -24"><span class='ocrx_word' id='word_1_709' title='bbox 2366 3811 2385 3851; x_wconf 76' lang='grc' dir='ltr'><em>τ</em></span> <span class='ocrx_word' id='word_1_710' title='bbox 2428 3810 2732 3888; x_wconf 75' lang='lat' dir='ltr'><strong>Vulfranni.</strong></span> <span class='ocrx_word' id='word_1_711' title='bbox 2776 3810 3020 3883; x_wconf 76' lang='lat' dir='ltr'><strong>Epist-Opi</strong></span> <span class='ocrx_word' id='word_1_712' title='bbox 3054 3817 3412 3885; x_wconf 89' lang='lat' dir='ltr'><strong>Senonensis,</strong></span> <span class='ocrx_word' id='word_1_713' title='bbox 3462 3824 3557 3888; x_wconf 89' lang='lat' dir='ltr'><strong>qui</strong></span> <span class='ocrx_word' id='word_1_714' title='bbox 3588 3825 3635 3879; x_wconf 93' lang='lat' dir='ltr'><strong>in</strong></span> <span class='ocrx_word' id='word_1_715' title='bbox 3667 3824 3827 3879; x_wconf 79' lang='lat' dir='ltr'><strong>Freso-</strong></span> 
     </span>
    </p>
   </div>
   <div class='ocr_carea' id='block_1_107' title="bbox 2290 3885 3827 3952">
    <p class='ocr_par' dir='ltr' id='par_1_107' title="bbox 2290 3885 3827 3952">
     <span class='ocr_line' id='line_1_109' title="bbox 2290 3885 3827 3952; baseline 0.006 -14"><span class='ocrx_word' id='word_1_716' title='bbox 2290 3899 2412 3939; x_wconf 92' lang='lat' dir='ltr'><strong>num</strong></span> <span class='ocrx_word' id='word_1_717' title='bbox 2440 3885 2793 3938; x_wconf 88' lang='lat' dir='ltr'><strong>conversione</strong></span> <span class='ocrx_word' id='word_1_718' title='bbox 2820 3896 3135 3952; x_wconf 85' lang='lat' dir='ltr'><strong>cooperator</strong></span> <span class='ocrx_word' id='word_1_719' title='bbox 3161 3888 3259 3942; x_wconf 90' lang='lat' dir='ltr'><strong>fuit</strong></span> <span class='ocrx_word' id='word_1_720' title='bbox 3284 3889 3343 3946; x_wconf 92' lang='lat' dir='ltr'><strong>S.</strong></span> <span class='ocrx_word' id='word_1_721' title='bbox 3363 3885 3673 3950; x_wconf 85' lang='lat' dir='ltr'><strong>Wilbrordi.</strong></span> <span class='ocrx_word' id='word_1_722' title='bbox 3700 3898 3827 3950; x_wconf 86' lang='lat' dir='ltr'><strong>Anno</strong></span> 
     </span>
    </p>
   </div>
   <div class='ocr_carea' id='block_1_108' title="bbox 2286 3953 3821 4028">
    <p class='ocr_par' dir='ltr' id='par_1_108' title="bbox 2286 3953 3821 4028">
     <span class='ocr_line' id='line_1_110' title="bbox 2286 3953 3821 4028; baseline 0.007 -19"><span class='ocrx_word' id='word_1_723' title='bbox 2286 3955 2564 4028; x_wconf 81' lang='lat' dir='ltr'><strong>euim_7t_lO</strong></span> <span class='ocrx_word' id='word_1_724' title='bbox 2610 3969 2729 4028; x_wconf 80' lang='lat' dir='ltr'><strong>cum</strong></span> <span class='ocrx_word' id='word_1_725' title='bbox 2779 3953 2991 4009; x_wconf 90' lang='lat' dir='ltr'><strong>licentia</strong></span> <span class='ocrx_word' id='word_1_726' title='bbox 3039 3960 3179 4028; x_wconf 86' lang='lat' dir='ltr'><strong>regis</strong></span> <span class='ocrx_word' id='word_1_727' title='bbox 3222 3959 3557 4018; x_wconf 75' lang='lat' dir='ltr'><strong>Cliiideberti</strong></span> <span class='ocrx_word' id='word_1_728' title='bbox 3594 3976 3645 4020; x_wconf 88' lang='lat' dir='ltr'><strong>et</strong></span> <span class='ocrx_word' id='word_1_729' title='bbox 3679 3966 3821 4028; x_wconf 90' lang='lat' dir='ltr'><strong>Pipini</strong></span> 
     </span>
    </p>
   </div>
   <div class='ocr_carea' id='block_1_109' title="bbox 2290 4023 3822 4098">
    <p class='ocr_par' dir='ltr' id='par_1_109' title="bbox 2290 4023 3822 4098">
     <span class='ocr_line' id='line_1_111' title="bbox 2290 4023 3822 4098; baseline 0.007 -19"><span class='ocrx_word' id='word_1_730' title='bbox 2290 4023 2542 4093; x_wconf 87' lang='lat' dir='ltr'><strong>principis</strong></span> <span class='ocrx_word' id='word_1_731' title='bbox 2565 4064 2580 4089; x_wconf 91' lang='lat'><strong>,</strong></span> <span class='ocrx_word' id='word_1_732' title='bbox 2625 4025 2865 4098; x_wconf 77' lang='lat' dir='ltr'><strong>animum</strong></span> <span class='ocrx_word' id='word_1_733' title='bbox 2899 4023 3165 4081; x_wconf 60' lang='lat' dir='ltr'><strong>convert&#39;it</strong></span> <span class='ocrx_word' id='word_1_734' title='bbox 3192 4030 3258 4093; x_wconf 73' lang='lat' dir='ltr'><strong>ad</strong></span> <span class='ocrx_word' id='word_1_735' title='bbox 3293 4032 3686 4098; x_wconf 68' lang='lat' dir='ltr'><strong>praedicandum</strong></span> <span class='ocrx_word' id='word_1_736' title='bbox 3717 4023 3822 4089; x_wconf 61' lang='lat' dir='ltr'><strong>Fre-</strong></span> 
     </span>
    </p>
   </div>
   <div class='ocr_carea' id='block_1_110' title="bbox 2286 4093 3826 4173">
    <p class='ocr_par' dir='ltr' id='par_1_110' title="bbox 2286 4093 3826 4173">
     <span class='ocr_line' id='line_1_112' title="bbox 2286 4093 3826 4173; baseline 0.008 -27"><span class='ocrx_word' id='word_1_737' title='bbox 2286 4110 2476 4173; x_wconf 67' lang='lat' dir='ltr'><strong>sonum</strong></span> <span class='ocrx_word' id='word_1_738' title='bbox 2504 4093 2668 4164; x_wconf 86' lang='lat' dir='ltr'><strong>genti.</strong></span> <span class='ocrx_word' id='word_1_739' title='bbox 2718 4094 2868 4173; x_wconf 77' lang='lat' dir='ltr'><strong>Quod</strong></span> <span class='ocrx_word' id='word_1_740' title='bbox 2898 4110 3029 4173; x_wconf 80' lang='lat' dir='ltr'><strong>opus</strong></span> <span class='ocrx_word' id='word_1_741' title='bbox 3078 4113 3171 4166; x_wconf 89' lang='lat' dir='ltr'><strong>per</strong></span> <span class='ocrx_word' id='word_1_742' title='bbox 3197 4093 3364 4173; x_wconf 40' lang='lat' dir='ltr'><strong>ann-os</strong></span> <span class='ocrx_word' id='word_1_743' title='bbox 3392 4104 3634 4173; x_wconf 89' lang='lat' dir='ltr'><strong>quinque</strong></span> <span class='ocrx_word' id='word_1_744' title='bbox 3676 4106 3826 4160; x_wconf 80' lang='lat' dir='ltr'><strong>infati-</strong></span> 
     </span>
    </p>
   </div>
   <div class='ocr_carea' id='block_1_111' title="bbox 2283 4166 3819 4243">
    <p class='ocr_par' dir='ltr' id='par_1_111' title="bbox 2283 4166 3819 4243">
     <span class='ocr_line' id='line_1_113' title="bbox 2283 4166 3819 4243; baseline 0.005 -22"><span class='ocrx_word' id='word_1_745' title='bbox 2283 4166 2528 4243; x_wconf 79' lang='lat' dir='ltr'><strong>gabiliter</strong></span> <span class='ocrx_word' id='word_1_746' title='bbox 2559 4167 2760 4243; x_wconf 56' lang='lat' dir='ltr'><strong>pel-egit</strong></span> <span class='ocrx_word' id='word_1_747' title='bbox 2785 4167 3110 4243; x_wconf 31' lang='lat' dir='ltr'><strong>{multique</strong></span> <span class='ocrx_word' id='word_1_748' title='bbox 3123 4170 3389 4243; x_wconf 86' lang='lat' dir='ltr'><strong>nobilium</strong></span> <span class='ocrx_word' id='word_1_749' title='bbox 3411 4166 3675 4243; x_wconf 51' lang='lat' dir='ltr'><strong>&#39;bapt&#39;izati</strong></span> <span class='ocrx_word' id='word_1_750' title='bbox 3701 4184 3819 4239; x_wconf 83' lang='lat' dir='ltr'><strong>sunt,</strong></span> 
     </span>
    </p>
   </div>
   <div class='ocr_carea' id='block_1_112' title="bbox 2283 4235 3822 4311">
    <p class='ocr_par' dir='ltr' id='par_1_112' title="bbox 2283 4235 3822 4311">
     <span class='ocr_line' id='line_1_114' title="bbox 2283 4235 3822 4311; baseline 0.008 -23"><span class='ocrx_word' id='word_1_751' title='bbox 2283 4238 2421 4311; x_wconf 87' lang='lat' dir='ltr'><strong>inter</strong></span> <span class='ocrx_word' id='word_1_752' title='bbox 2447 4251 2582 4304; x_wconf 87' lang='lat' dir='ltr'><strong>quos</strong></span> <span class='ocrx_word' id='word_1_753' title='bbox 2612 4235 2849 4311; x_wconf 81' lang='lat' dir='ltr'><strong>Radbodi</strong></span> <span class='ocrx_word' id='word_1_754' title='bbox 2889 4238 3221 4311; x_wconf 77' lang='lat' dir='ltr'><strong>regisiilius.</strong></span> <span class='ocrx_word' id='word_1_755' title='bbox 3273 4242 3326 4297; x_wconf 92' lang='lat' dir='ltr'><strong>lu</strong></span> <span class='ocrx_word' id='word_1_756' title='bbox 3359 4235 3552 4311; x_wconf 72' lang='lat' dir='ltr'><strong>majori</strong></span> <span class='ocrx_word' id='word_1_757' title='bbox 3585 4235 3822 4302; x_wconf 77' lang='lat' dir='ltr'><strong>senectute</strong></span> 
     </span>
    </p>
   </div>
   <div class='ocr_carea' id='block_1_113' title="bbox 2281 4308 3819 4383">
    <p class='ocr_par' dir='ltr' id='par_1_113' title="bbox 2281 4308 3819 4383">
     <span class='ocr_line' id='line_1_115' title="bbox 2281 4308 3819 4383; baseline 0.007 -24"><span class='ocrx_word' id='word_1_758' title='bbox 2281 4310 2506 4383; x_wconf 68' lang='lat' dir='ltr'><strong>positus,</strong></span> <span class='ocrx_word' id='word_1_759' title='bbox 2525 4318 2575 4360; x_wconf 89' lang='lat' dir='ltr'><strong>et</strong></span> <span class='ocrx_word' id='word_1_760' title='bbox 2601 4308 2793 4383; x_wconf 70' lang='lat' dir='ltr'><strong>pedum</strong></span> <span class='ocrx_word' id='word_1_761' title='bbox 2814 4308 3005 4383; x_wconf 82' lang='lat' dir='ltr'><strong>dolore</strong></span> <span class='ocrx_word' id='word_1_762' title='bbox 3019 4309 3329 4383; x_wconf 69' lang='lat' dir='ltr'><strong>frequenter</strong></span> <span class='ocrx_word' id='word_1_763' title='bbox 3346 4308 3591 4383; x_wconf 81' lang='lat' dir='ltr'><strong>vexatus,</strong></span> <span class='ocrx_word' id='word_1_764' title='bbox 3611 4318 3819 4372; x_wconf 86' lang='lat' dir='ltr'><strong>abdicato</strong></span> 
     </span>
    </p>
   </div>
   <div class='ocr_carea' id='block_1_114' title="bbox 2276 4378 3815 4453">
    <p class='ocr_par' dir='ltr' id='par_1_114' title="bbox 2276 4378 3815 4453">
     <span class='ocr_line' id='line_1_116' title="bbox 2276 4378 3815 4453; baseline 0.007 -22"><span class='ocrx_word' id='word_1_765' title='bbox 2276 4380 2612 4453; x_wconf 83' lang='lat' dir='ltr'><strong>episcopatu,</strong></span> <span class='ocrx_word' id='word_1_766' title='bbox 2654 4378 3080 4453; x_wconf 12' lang='lat' dir='ltr'><strong>adgFonta‘nella:</strong></span> <span class='ocrx_word' id='word_1_767' title='bbox 3110 4386 3490 4453; x_wconf 81' lang='lat' dir='ltr'><strong>monasterium</strong></span> <span class='ocrx_word' id='word_1_768' title='bbox 3520 4378 3588 4441; x_wconf 79' lang='lat' dir='ltr'><strong>se</strong></span> <span class='ocrx_word' id='word_1_769' title='bbox 3608 4388 3815 4453; x_wconf 79' lang='lat' dir='ltr'><strong>recepit&#39;.</strong></span> 
     </span>
    </p>
   </div>
   <div class='ocr_carea' id='block_1_115' title="bbox 2277 4448 3819 4523">
    <p class='ocr_par' dir='ltr' id='par_1_115' title="bbox 2277 4448 3819 4523">
     <span class='ocr_line' id='line_1_117' title="bbox 2277 4448 3819 4523; baseline 0.007 -23"><span class='ocrx_word' id='word_1_770' title='bbox 2277 4450 2362 4502; x_wconf 90' lang='lat' dir='ltr'><strong>ubi</strong></span> <span class='ocrx_word' id='word_1_771' title='bbox 2392 4452 2528 4523; x_wconf 83' lang='lat' dir='ltr'><strong>obiit</strong></span> <span class='ocrx_word' id='word_1_772' title='bbox 2554 4462 2695 4523; x_wconf 84' lang='lat' dir='ltr'><strong>anno</strong></span> <span class='ocrx_word' id='word_1_773' title='bbox 2725 4448 2934 4523; x_wconf 78' lang='lat' dir='ltr'><strong>Domini</strong></span> <span class='ocrx_word' id='word_1_774' title='bbox 2964 4450 3087 4505; x_wconf 54' lang='lat'><strong>7‘20.</strong></span> <span class='ocrx_word' id='word_1_775' title='bbox 3130 4452 3355 4510; x_wconf 83' lang='lat' dir='ltr'><strong>Ghinius</strong></span> <span class='ocrx_word' id='word_1_776' title='bbox 3380 4455 3658 4523; x_wconf 86' lang='lat' dir='ltr'><strong>Senensis,</strong></span> <span class='ocrx_word' id='word_1_777' title='bbox 3683 4448 3819 4513; x_wconf 59' lang='lat' dir='ltr'><strong>Mula?</strong></span> 
     </span>
    </p>
   </div>
   <div class='ocr_carea' id='block_1_116' title="bbox 2190 4506 2905 4587">
    <p class='ocr_par' dir='ltr' id='par_1_116' title="bbox 2190 4506 2905 4587">
     <span class='ocr_line' id='line_1_118' title="bbox 2190 4506 2905 4587; baseline 0.006 -18"><span class='ocrx_word' id='word_1_778' title='bbox 2190 4506 2243 4568; x_wconf 80' lang='grc' dir='ltr'><strong>Ι)</strong></span> <span class='ocrx_word' id='word_1_779' title='bbox 2268 4532 2367 4574; x_wconf 92' lang='lat' dir='ltr'><strong>nus</strong></span> <span class='ocrx_word' id='word_1_780' title='bbox 2392 4521 2460 4575; x_wconf 92' lang='lat' dir='ltr'><strong>de</strong></span> <span class='ocrx_word' id='word_1_781' title='bbox 2489 4520 2696 4576; x_wconf 83' lang='lat' dir='ltr'><strong>Sanctis</strong></span> <span class='ocrx_word' id='word_1_782' title='bbox 2724 4519 2905 4587; x_wconf 87' lang='lat' dir='ltr'><strong>Belgii.</strong></span> 
     </span>
    </p>
   </div>
   <div class='ocr_carea' id='block_1_117' title="bbox 2343 4590 3814 4666">
    <p class='ocr_par' dir='ltr' id='par_1_117' title="bbox 2343 4590 3814 4666">
     <span class='ocr_line' id='line_1_119' title="bbox 2343 4590 3814 4666; baseline 0.01 -28"><span class='ocrx_word' id='word_1_783' title='bbox 2343 4601 2368 4638; x_wconf 78' lang='grc' dir='ltr'>ε</span> <span class='ocrx_word' id='word_1_784' title='bbox 2401 4591 2640 4645; x_wconf 85' lang='lat' dir='ltr'><strong>Fabiani.</strong></span> <span class='ocrx_word' id='word_1_785' title='bbox 2694 4590 2819 4666; x_wconf 82' lang='lat' dir='ltr'><strong>Ilaec</strong></span> <span class='ocrx_word' id='word_1_786' title='bbox 2848 4600 2995 4666; x_wconf 82' lang='lat' dir='ltr'><strong>certe</strong></span> <span class='ocrx_word' id='word_1_787' title='bbox 3032 4592 3373 4666; x_wconf 83' lang='lat' dir='ltr'><strong>intelligenda</strong></span> <span class='ocrx_word' id='word_1_788' title='bbox 3402 4606 3532 4652; x_wconf 87' lang='lat' dir='ltr'><strong>sunt</strong></span> <span class='ocrx_word' id='word_1_789' title='bbox 3558 4598 3623 4655; x_wconf 87' lang='lat' dir='ltr'><strong>de</strong></span> <span class='ocrx_word' id='word_1_790' title='bbox 3650 4598 3700 4653; x_wconf 90' lang='lat' dir='ltr'><strong>S.</strong></span> <span class='ocrx_word' id='word_1_791' title='bbox 3728 4598 3814 4653; x_wconf 83' lang='lat' dir='ltr'><strong>Fa-</strong></span> 
     </span>
    </p>
   </div>
   <div class='ocr_carea' id='block_1_118' title="bbox 2264 4659 3808 4786">
    <p class='ocr_par' dir='ltr' id='par_1_118' title="bbox 2264 4659 3808 4786">
     <span class='ocr_line' id='line_1_120' title="bbox 2264 4659 3808 4786; baseline 0.009 -77"><span class='ocrx_word' id='word_1_792' title='bbox 2264 4659 2425 4786; x_wconf 54' lang='lat' dir='ltr'><strong>immo</strong></span> <span class='ocrx_word' id='word_1_793' title='bbox 2468 4676 2613 4745; x_wconf 76' lang='lat' dir='ltr'><strong>papa</strong></span> <span class='ocrx_word' id='word_1_794' title='bbox 2663 4667 2743 4715; x_wconf 86' lang='lat' dir='ltr'><strong>via</strong></span> <span class='ocrx_word' id='word_1_795' title='bbox 2793 4662 2962 4731; x_wconf 85' lang='lat' dir='ltr'><strong>Appia</strong></span> <span class='ocrx_word' id='word_1_796' title='bbox 3015 4659 3265 4733; x_wconf 73' lang='lat' dir='ltr'><strong>sepulto,</strong></span> <span class='ocrx_word' id='word_1_797' title='bbox 3317 4667 3387 4723; x_wconf 89' lang='lat' dir='ltr'><strong>de</strong></span> <span class='ocrx_word' id='word_1_798' title='bbox 3433 4684 3543 4739; x_wconf 85' lang='lat' dir='ltr'><strong>quo</strong></span> <span class='ocrx_word' id='word_1_799' title='bbox 3594 4670 3704 4725; x_wconf 85' lang='lat' dir='ltr'><strong>vide</strong></span> <span class='ocrx_word' id='word_1_800' title='bbox 3750 4684 3808 4723; x_wconf 75' lang='lat' dir='ltr'><strong>xx</strong></span> 
     </span>
     <span class='ocr_line' id='line_1_121' title="bbox 2299 4748 2521 4786; baseline 0.009 -2"><span class='ocrx_word' id='word_1_801' title='bbox 2299 4748 2521 4786; x_wconf 64' lang='lat' dir='ltr'><strong>anllarll.</strong></span> 
     </span>
    </p>
   </div>
   <div class='ocr_carea' id='block_1_119' title="bbox 2299 4748 2521 4787">
    <p class='ocr_par' dir='ltr' id='par_1_119' title="bbox 2299 4748 2521 4787">
     <span class='ocr_line' id='line_1_122' title="bbox 2299 4748 2521 4787; baseline 0.014 -3"><span class='ocrx_word' id='word_1_802' title='bbox 2299 4748 2521 4787; x_wconf 78' lang='lat' dir='ltr'><strong>auitam.</strong></span> 
     </span>
    </p>
   </div>
   <div class='ocr_carea' id='block_1_120' title="bbox 2339 4802 3813 4865">
    <p class='ocr_par' dir='ltr' id='par_1_120' title="bbox 2339 4802 3813 4865">
     <span class='ocr_line' id='line_1_123' title="bbox 2339 4802 3813 4865; baseline 0.005 -8"><span class='ocrx_word' id='word_1_803' title='bbox 2339 4802 2360 4839; x_wconf 69' lang='grc' dir='ltr'>δ</span> <span class='ocrx_word' id='word_1_804' title='bbox 2396 4803 2674 4858; x_wconf 80' lang='lat' dir='ltr'><strong>Benedicti.</strong></span> <span class='ocrx_word' id='word_1_805' title='bbox 2728 4803 2823 4857; x_wconf 91' lang='lat' dir='ltr'><strong>IIic</strong></span> <span class='ocrx_word' id='word_1_806' title='bbox 2865 4802 3050 4858; x_wconf 86' lang='lat' dir='ltr'><strong>Cosini</strong></span> <span class='ocrx_word' id='word_1_807' title='bbox 3104 4806 3154 4860; x_wconf 92' lang='lat' dir='ltr'><strong>in</strong></span> <span class='ocrx_word' id='word_1_808' title='bbox 3200 4805 3348 4862; x_wconf 84' lang='lat' dir='ltr'><strong>Italia</strong></span> <span class='ocrx_word' id='word_1_809' title='bbox 3396 4809 3617 4865; x_wconf 84' lang='lat' dir='ltr'><strong>colitur.</strong></span> <span class='ocrx_word' id='word_1_810' title='bbox 3669 4808 3813 4865; x_wconf 82' lang='lat' dir='ltr'><strong>Graeci</strong></span> 
     </span>
    </p>
   </div>
   <div class='ocr_carea' id='block_1_121' title="bbox 2262 4870 3813 4950">
    <p class='ocr_par' dir='ltr' id='par_1_121' title="bbox 2262 4870 3813 4950">
     <span class='ocr_line' id='line_1_124' title="bbox 2262 4870 3813 4950; baseline 0.004 -23"><span class='ocrx_word' id='word_1_811' title='bbox 2262 4870 2385 4928; x_wconf 82' lang='lat' dir='ltr'><strong>eum</strong></span> <span class='ocrx_word' id='word_1_812' title='bbox 2406 4877 2787 4950; x_wconf 62' lang='lat' dir='ltr'><strong>celebrantalv</strong></span> <span class='ocrx_word' id='word_1_813' title='bbox 2811 4874 3004 4950; x_wconf 65' lang='lat' dir='ltr'><strong>Martii.</strong></span> <span class='ocrx_word' id='word_1_814' title='bbox 3027 4874 3195 4945; x_wconf 84' lang='lat' dir='ltr'><strong>Hujus</strong></span> <span class='ocrx_word' id='word_1_815' title='bbox 3217 4893 3305 4950; x_wconf 81' lang='lat' dir='ltr'><strong>res</strong></span> <span class='ocrx_word' id='word_1_816' title='bbox 3326 4889 3504 4950; x_wconf 81' lang='lat' dir='ltr'><strong>gestas</strong></span> <span class='ocrx_word' id='word_1_817' title='bbox 3528 4885 3813 4950; x_wconf 78' lang='lat' dir='ltr'><strong>complexus</strong></span> 
     </span>
    </p>
   </div>
   <div class='ocr_carea' id='block_1_122' title="bbox 2262 4944 3807 5019">
    <p class='ocr_par' dir='ltr' id='par_1_122' title="bbox 2262 4944 3807 5019">
     <span class='ocr_line' id='line_1_125' title="bbox 2262 4944 3807 5019; baseline 0.003 -22"><span class='ocrx_word' id='word_1_818' title='bbox 2262 4946 2624 5019; x_wconf 35' lang='grc' dir='ltr'><strong>εει-ερρωμαι)</strong></span> <span class='ocrx_word' id='word_1_819' title='bbox 2676 4946 2809 4998; x_wconf 74' lang='lat' dir='ltr'><strong>libro</strong></span> <span class='ocrx_word' id='word_1_820' title='bbox 2860 4944 3197 5019; x_wconf 75' lang='lat' dir='ltr'><strong>Dialogorum</strong></span> <span class='ocrx_word' id='word_1_821' title='bbox 3246 4944 3807 5019; x_wconf 39' lang='lat' dir='ltr'><strong>SfGregorius&#39;papa.</strong></span> 
     </span>
    </p>
   </div>
   <div class='ocr_carea' id='block_1_123' title="bbox 2261 5015 3809 5090">
    <p class='ocr_par' dir='ltr' id='par_1_123' title="bbox 2261 5015 3809 5090">
     <span class='ocr_line' id='line_1_126' title="bbox 2261 5015 3809 5090; baseline 0.003 -22"><span class='ocrx_word' id='word_1_822' title='bbox 2261 5015 2599 5090; x_wconf 70' lang='lat' dir='ltr'><strong>Obdormivit</strong></span> <span class='ocrx_word' id='word_1_823' title='bbox 2658 5024 2837 5090; x_wconf 85' lang='lat' dir='ltr'><strong>autem</strong></span> <span class='ocrx_word' id='word_1_824' title='bbox 2891 5015 2959 5090; x_wconf 86' lang='lat' dir='ltr'><strong>in_</strong></span> <span class='ocrx_word' id='word_1_825' title='bbox 2998 5016 3224 5090; x_wconf 71' lang='lat' dir='ltr'><strong>Domino</strong></span> <span class='ocrx_word' id='word_1_826' title='bbox 3279 5015 3574 5077; x_wconf 85' lang='lat' dir='ltr'><strong>secundum</strong></span> <span class='ocrx_word' id='word_1_827' title='bbox 3630 5015 3809 5090; x_wconf 77' lang='lat' dir='ltr'><strong>aliquos</strong></span> 
     </span>
    </p>
   </div>
   <div class='ocr_carea' id='block_1_124' title="bbox 2258 5086 3812 5155">
    <p class='ocr_par' dir='ltr' id='par_1_124' title="bbox 2258 5086 3812 5155">
     <span class='ocr_line' id='line_1_127' title="bbox 2258 5086 3812 5155; baseline 0.004 -17"><span class='ocrx_word' id='word_1_828' title='bbox 2258 5099 2400 5140; x_wconf 89' lang='lat' dir='ltr'><strong>anno</strong></span> <span class='ocrx_word' id='word_1_829' title='bbox 2428 5086 2533 5140; x_wconf 65' lang='lat'><strong>542</strong></span> <span class='ocrx_word' id='word_1_830' title='bbox 2554 5131 2570 5155; x_wconf 88' lang='lat'><strong>,</strong></span> <span class='ocrx_word' id='word_1_831' title='bbox 2624 5088 2707 5142; x_wconf 82' lang='lat' dir='ltr'><strong>vel</strong></span> <span class='ocrx_word' id='word_1_832' title='bbox 2758 5086 3056 5143; x_wconf 89' lang='lat' dir='ltr'><strong>secundum</strong></span> <span class='ocrx_word' id='word_1_833' title='bbox 3084 5086 3318 5145; x_wconf 85' lang='lat' dir='ltr'><strong>Leonem</strong></span> <span class='ocrx_word' id='word_1_834' title='bbox 3351 5092 3651 5149; x_wconf 82' lang='lat' dir='ltr'><strong>Ostiensem</strong></span> <span class='ocrx_word' id='word_1_835' title='bbox 3692 5086 3812 5145; x_wconf 72' lang='lat' dir='ltr'><strong>anno</strong></span> 
     </span>
    </p>
   </div>
   <div class='ocr_carea' id='block_1_125' title="bbox 2256 5156 2812 5212">
    <p class='ocr_par' dir='ltr' id='par_1_125' title="bbox 2256 5156 2812 5212">
     <span class='ocr_line' id='line_1_128' title="bbox 2256 5156 2812 5212; baseline -0.004 -1"><span class='ocrx_word' id='word_1_836' title='bbox 2256 5156 2383 5211; x_wconf 68' lang='grc'><strong>545.</strong></span> <span class='ocrx_word' id='word_1_837' title='bbox 2419 5158 2628 5211; x_wconf 82' lang='lat' dir='ltr'><strong>Barouii</strong></span> <span class='ocrx_word' id='word_1_838' title='bbox 2658 5158 2812 5212; x_wconf 86' lang='lat' dir='ltr'><strong>Mart.</strong></span> 
     </span>
    </p>
   </div>
   <div class='ocr_carea' id='block_1_126' title="bbox 2336 5227 3809 5302">
    <p class='ocr_par' dir='ltr' id='par_1_126' title="bbox 2336 5227 3809 5302">
     <span class='ocr_line' id='line_1_129' title="bbox 2336 5227 3809 5302; baseline 0.001 -19"><span class='ocrx_word' id='word_1_839' title='bbox 2336 5228 2349 5265; x_wconf 79' lang='grc' dir='ltr'><strong>ί</strong></span> <span class='ocrx_word' id='word_1_840' title='bbox 2386 5228 2706 5302; x_wconf 75' lang='lat' dir='ltr'><strong>scrapionis.</strong></span> <span class='ocrx_word' id='word_1_841' title='bbox 2757 5227 2859 5302; x_wconf 85' lang='lat' dir='ltr'><strong>Qui</strong></span> <span class='ocrx_word' id='word_1_842' title='bbox 2905 5242 3040 5294; x_wconf 89' lang='lat' dir='ltr'><strong>non,</strong></span> <span class='ocrx_word' id='word_1_843' title='bbox 3086 5238 3144 5285; x_wconf 92' lang='lat' dir='ltr'><strong>ut</strong></span> <span class='ocrx_word' id='word_1_844' title='bbox 3171 5229 3403 5302; x_wconf 84' lang='lat' dir='ltr'><strong>videtur,</strong></span> <span class='ocrx_word' id='word_1_845' title='bbox 3433 5241 3516 5289; x_wconf 88' lang='lat' dir='ltr'><strong>est</strong></span> <span class='ocrx_word' id='word_1_846' title='bbox 3546 5232 3681 5289; x_wconf 89' lang='lat' dir='ltr'><strong>idem</strong></span> <span class='ocrx_word' id='word_1_847' title='bbox 3706 5244 3809 5288; x_wconf 87' lang='lat' dir='ltr'><strong>cum</strong></span> 
     </span>
    </p>
   </div>
   <div class='ocr_carea' id='block_1_127' title="bbox 2252 5299 3807 5370">
    <p class='ocr_par' dir='ltr' id='par_1_127' title="bbox 2252 5299 3807 5370">
     <span class='ocr_line' id='line_1_130' title="bbox 2252 5299 3807 5370; baseline -0.001 -15"><span class='ocrx_word' id='word_1_848' title='bbox 2252 5299 2547 5370; x_wconf 85' lang='lat' dir='ltr'><strong>Serapione</strong></span> <span class='ocrx_word' id='word_1_849' title='bbox 2578 5301 2860 5356; x_wconf 82' lang='lat' dir='ltr'><strong>Arsenoita</strong></span> <span class='ocrx_word' id='word_1_850' title='bbox 2886 5339 2903 5364; x_wconf 88' lang='lat'><strong>,</strong></span> <span class='ocrx_word' id='word_1_851' title='bbox 2958 5312 3110 5369; x_wconf 87' lang='lat' dir='ltr'><strong>patre</strong></span> <span class='ocrx_word' id='word_1_852' title='bbox 3153 5301 3339 5357; x_wconf 89' lang='lat' dir='ltr'><strong>decem</strong></span> <span class='ocrx_word' id='word_1_853' title='bbox 3388 5299 3608 5359; x_wconf 82' lang='lat' dir='ltr'><strong>millium</strong></span> <span class='ocrx_word' id='word_1_854' title='bbox 3644 5317 3807 5358; x_wconf 58' lang='lat' dir='ltr'><strong>monac</strong></span> 
     </span>
    </p>
   </div>
   <div class='ocr_carea' id='block_1_128' title="bbox 2254 5372 3811 5442">
    <p class='ocr_par' dir='ltr' id='par_1_128' title="bbox 2254 5372 3811 5442">
     <span class='ocr_line' id='line_1_131' title="bbox 2254 5372 3811 5442; baseline -0.001 -17"><span class='ocrx_word' id='word_1_855' title='bbox 2254 5372 2500 5427; x_wconf 90' lang='lat' dir='ltr'><strong>chorum.</strong></span> <span class='ocrx_word' id='word_1_856' title='bbox 2531 5373 2661 5425; x_wconf 85' lang='lat' dir='ltr'><strong>Nam</strong></span> <span class='ocrx_word' id='word_1_857' title='bbox 2686 5384 2940 5442; x_wconf 91' lang='lat' dir='ltr'><strong>quorsum</strong></span> <span class='ocrx_word' id='word_1_858' title='bbox 2965 5374 3281 5428; x_wconf 85' lang='lat' dir='ltr'><strong>Arsenoites</strong></span> <span class='ocrx_word' id='word_1_859' title='bbox 3302 5376 3587 5429; x_wconf 83' lang='lat' dir='ltr'><strong>ascribitur</strong></span> <span class='ocrx_word' id='word_1_860' title='bbox 3604 5374 3811 5430; x_wconf 78' lang='lat' dir='ltr'><strong>Alexan-</strong></span> 
     </span>
    </p>
   </div>
   <div class='ocr_carea' id='block_1_129' title="bbox 2252 5442 3805 5515">
    <p class='ocr_par' dir='ltr' id='par_1_129' title="bbox 2252 5442 3805 5515">
     <span class='ocr_line' id='line_1_132' title="bbox 2252 5442 3805 5515; baseline 0.001 -19"><span class='ocrx_word' id='word_1_861' title='bbox 2252 5443 2404 5515; x_wconf 82' lang='lat' dir='ltr'><strong>driae,</strong></span> <span class='ocrx_word' id='word_1_862' title='bbox 2437 5457 2557 5498; x_wconf 90' lang='lat' dir='ltr'><strong>cum</strong></span> <span class='ocrx_word' id='word_1_863' title='bbox 2590 5442 2755 5512; x_wconf 83' lang='lat' dir='ltr'><strong>Regio</strong></span> <span class='ocrx_word' id='word_1_864' title='bbox 2782 5443 3193 5498; x_wconf 84' lang='lat' dir='ltr'><strong>Arsenoitarum</strong></span> <span class='ocrx_word' id='word_1_865' title='bbox 3245 5444 3433 5515; x_wconf 91' lang='lat' dir='ltr'><strong>procul</strong></span> <span class='ocrx_word' id='word_1_866' title='bbox 3476 5446 3546 5502; x_wconf 85' lang='lat' dir='ltr'><strong>ab</strong></span> <span class='ocrx_word' id='word_1_867' title='bbox 3589 5460 3649 5502; x_wconf 81' lang='lat' dir='ltr'><strong>ea</strong></span> <span class='ocrx_word' id='word_1_868' title='bbox 3695 5444 3805 5499; x_wconf 85' lang='lat' dir='ltr'><strong>urbe</strong></span> 
     </span>
    </p>
   </div>
   <div class='ocr_carea' id='block_1_130' title="bbox 2250 5513 2454 5568">
    <p class='ocr_par' dir='ltr' id='par_1_130' title="bbox 2250 5513 2454 5568">
     <span class='ocr_line' id='line_1_133' title="bbox 2250 5513 2454 5568; baseline -0.005 -1"><span class='ocrx_word' id='word_1_869' title='bbox 2250 5513 2408 5568; x_wconf 91' lang='lat' dir='ltr'><strong>distat</strong></span> <span class='ocrx_word' id='word_1_870' title='bbox 2432 5516 2454 5566; x_wconf 84' lang='lat'><strong>?</strong></span> 
     </span>
    </p>
   </div>
   <div class='ocr_carea' id='block_1_131' title="bbox 2325 5581 3803 5663">
    <p class='ocr_par' dir='ltr' id='par_1_131' title="bbox 2325 5581 3803 5663">
     <span class='ocr_line' id='line_1_134' title="bbox 2325 5581 3803 5663; baseline -0.017 -4"><span class='ocrx_word' id='word_1_871' title='bbox 2325 5586 2343 5663; x_wconf 49' lang='grc' dir='ltr'>ξ</span> <span class='ocrx_word' id='word_1_872' title='bbox 2356 5657 2364 5663; x_wconf 80' lang='grc'><em>,</em></span> <span class='ocrx_word' id='word_1_873' title='bbox 2377 5583 2428 5663; x_wconf 64' lang='grc' dir='ltr'><em>Ρ</em></span> <span class='ocrx_word' id='word_1_874' title='bbox 2430 5586 2556 5663; x_wconf 53' lang='lat'><strong>“&#39;51?-</strong></span> <span class='ocrx_word' id='word_1_875' title='bbox 2605 5583 2775 5663; x_wconf 67' lang='lat' dir='ltr'><strong>Qlle&quot;?</strong></span> <span class='ocrx_word' id='word_1_876' title='bbox 2822 5586 2883 5642; x_wconf 80' lang='grc' dir='ltr'><strong>Βο</strong></span> <span class='ocrx_word' id='word_1_877' title='bbox 2922 5583 3153 5663; x_wconf 51' lang='lat' dir='ltr'><strong>apostoli</strong></span> <span class='ocrx_word' id='word_1_878' title='bbox 3200 5588 3512 5663; x_wconf 75' lang='lat' dir='ltr'><strong>ordinarunt</strong></span> <span class='ocrx_word' id='word_1_879' title='bbox 3553 5581 3803 5663; x_wconf 73' lang='lat' dir='ltr'><strong>primoin</strong></span> 
     </span>
    </p>
   </div>
   <div class='ocr_carea' id='block_1_132' title="bbox 2249 5655 3803 5726">
    <p class='ocr_par' dir='ltr' id='par_1_132' title="bbox 2249 5655 3803 5726">
     <span class='ocr_line' id='line_1_135' title="bbox 2249 5655 3803 5726; baseline -0.005 -14"><span class='ocrx_word' id='word_1_880' title='bbox 2249 5655 2421 5712; x_wconf 86' lang='lat' dir='ltr'><strong>Gallia</strong></span> <span class='ocrx_word' id='word_1_881' title='bbox 2479 5658 2797 5711; x_wconf 81' lang='lat' dir='ltr'><strong>Biterrensis</strong></span> <span class='ocrx_word' id='word_1_882' title='bbox 2850 5656 3205 5726; x_wconf 88' lang='lat' dir='ltr'><strong>episcopum,</strong></span> <span class='ocrx_word' id='word_1_883' title='bbox 3268 5659 3394 5715; x_wconf 90' lang='lat' dir='ltr'><strong>dein</strong></span> <span class='ocrx_word' id='word_1_884' title='bbox 3443 5655 3803 5713; x_wconf 83' lang='lat' dir='ltr'><strong>Narbonensis.</strong></span> 
     </span>
    </p>
   </div>
   <div class='ocr_carea' id='block_1_133' title="bbox 2247 5726 3799 5796">
    <p class='ocr_par' dir='ltr' id='par_1_133' title="bbox 2247 5726 3799 5796">
     <span class='ocr_line' id='line_1_136' title="bbox 2247 5726 3799 5796; baseline -0.005 -14"><span class='ocrx_word' id='word_1_885' title='bbox 2247 5732 2380 5782; x_wconf 84' lang='lat' dir='ltr'><strong>Acta</strong></span> <span class='ocrx_word' id='word_1_886' title='bbox 2404 5730 2541 5796; x_wconf 86' lang='lat' dir='ltr'><strong>apud</strong></span> <span class='ocrx_word' id='word_1_887' title='bbox 2566 5726 2906 5783; x_wconf 90' lang='lat' dir='ltr'><strong>Bollandum.</strong></span> <span class='ocrx_word' id='word_1_888' title='bbox 2935 5726 3108 5792; x_wconf 81' lang='lat' dir='ltr'><strong>Quem</strong></span> <span class='ocrx_word' id='word_1_889' title='bbox 3133 5729 3351 5786; x_wconf 91' lang='lat' dir='ltr'><strong>tradunt</strong></span> <span class='ocrx_word' id='word_1_890' title='bbox 3374 5727 3618 5785; x_wconf 87' lang='lat' dir='ltr'><strong>eumdem</strong></span> <span class='ocrx_word' id='word_1_891' title='bbox 3648 5730 3799 5795; x_wconf 78' lang='lat' dir='ltr'><strong>ipsum</strong></span> 
     </span>
    </p>
   </div>
   <div class='ocr_carea' id='block_1_134' title="bbox 2246 5797 3802 5882">
    <p class='ocr_par' dir='ltr' id='par_1_134' title="bbox 2246 5797 3802 5882">
     <span class='ocr_line' id='line_1_137' title="bbox 2246 5797 3802 5882; baseline -0.001 -24"><span class='ocrx_word' id='word_1_892' title='bbox 2246 5798 2416 5867; x_wconf 85' lang='lat' dir='ltr'><strong>fuisse</strong></span> <span class='ocrx_word' id='word_1_893' title='bbox 2440 5800 2687 5873; x_wconf 85' lang='lat' dir='ltr'><strong>Sergium</strong></span> <span class='ocrx_word' id='word_1_894' title='bbox 2712 5798 2936 5860; x_wconf 87' lang='lat' dir='ltr'><strong>Paulum</strong></span> <span class='ocrx_word' id='word_1_895' title='bbox 2968 5802 3367 5877; x_wconf 80' lang='lat' dir='ltr'><strong>proconsulem,</strong></span> <span class='ocrx_word' id='word_1_896' title='bbox 3389 5803 3557 5875; x_wconf 78' lang='lat' dir='ltr'><strong>virum</strong></span> <span class='ocrx_word' id='word_1_897' title='bbox 3582 5797 3802 5882; x_wconf 66' lang='lat' dir='ltr'><strong>pruden-</strong></span> 
     </span>
    </p>
   </div>
  </div>
