3988 6346
149 320 241 379 865

1241 305 1432 364 SECT.
1473 304 1537 360 ll.
1578 333 1646 346 —
1683 301 2250 361 MARTYROLOGIA.

3255 309 3362 372 866

1373 425 1600 481 EDITIO
1640 423 2101 480 COLUNIENSIS.

204 528 260 586 Ε.
289 525 336 584 Χ
366 525 500 584 Kac.
531 523 717 581 APRIL.
754 546 826 563 —
849 519 906 577 in
944 518 1124 578 Africa
1155 529 1458 575 sanctorum
1486 523 1687 588 marty-
1715 521 1768 578 Α
1792 516 2025 586 spiciens
2053 513 2403 585 Pigmenium,
2436 515 2618 572 vocari
2647 529 2770 572 eum
2814 516 3085 589 praecepit,
3118 517 3360 592 dixitque

151 643 246 686 rem
267 621 569 686 Victoriani,
609 616 900 674 Frumentii
937 623 992 671 et
1020 614 1241 671 alterius
1282 612 1596 675 Frumentii,
1629 618 1684 665 et

150 723 341 778 duorum
385 727 779 787 germanorum,
810 710 899 780 qui
927 724 1114 766 omnes
1146 708 1519 779 persecutione
1546 704 1684 761 Van-

150 815 292 870 dalica
333 811 427 864 sub
459 807 724 862 llunerico
753 818 878 875 rege
913 802 1234 858 Arianorum
1278 799 1420 869 apud
1447 797 1682 854 Africam

151 919 228 975 pro
251 898 535 955 constantia
578 895 855 950 catholicae
891 892 1241 949 confessionis
1272 889 1684 946 immanissimis

151 993 389 1063 suppliciis
408 987 719 1054 escruciati,
749 986 960 1058 egregie
988 983 1228 1040 coronati
1248 992 1390 1039 sunt.
1417 983 1474 1038 In
1501 981 1684 1038 Africa

152 1083 298 1143 natale
324 1079 534 1144 Felicis,
571 1088 624 1133 et
651 1076 872 1134 aliorum
901 1075 1106 1146 viginti.

209 1177 262 1232 F.
284 1173 346 1231 lx
370 1171 499 1227 ΚΑι..
530 1155 717 1227 Annis.
748 1201 820 1213 -
847 1170 1028 1224 Romae
1052 1168 1223 1224 sancti
1267 1167 1527 1238 Pigmenii
1559 1181 1685 1236 pre-

153 1266 339 1337 sbyteri.
369 1263 463 1319 Hic
486 1260 752 1317 lulianum
775 1270 1069 1330 apostatam
1100 1269 1154 1316 et
1202 1259 1419 1329 impium
1468 1274 1497 1312 a
1527 1273 1690 1329 puero

155 1357 367 1424 nutrivit,
413 1364 467 1411 et
494 1355 688 1410 litteris
716 1355 873 1410 etiam
898 1353 1061 1409 sacris
1085 1354 1333 1410 erudivit.
1382 1353 1487 1409 Sed
1517 1354 1692 1409 factus

157 1451 428 1518 imperator,
457 1448 722 1504 culturam
752 1446 960 1516 pietatis
1000 1454 1280 1518 postquam
1330 1447 1564 1516 reliquit,
1599 1463 1695 1502 au-

157 1545 248 1602 dito
271 1541 400 1613 quod
442 1554 666 1610 corpora
696 1548 1002 1595 sanctorum
1050 1549 1363 1604 martvrum,
1393 1539 1482 1608 qui
1513 1538 1580 1592 ab
1628 1553 1693 1594 eo

159 1637 468 1700 necabantur,
510 1631 653 1687 idem
679 1631 985 1700 Pigmenius
1020 1629 1292 1699 sepeliret,
1323 1627 1594 1684 mandavit
1617 1629 1693 1684 ei:

163 1743 180 1778 ι
206 1725 350 1795 Perge
392 1737 495 1794 quo
523 1721 777 1786 volueris,
810 1719 894 1775 hic
924 1719 1063 1776 enim
1113 1734 1220 1774 non
1249 1720 1568 1774 mercabitur
1591 1720 1699 1774 vita

163 1824 427 1882 tua,tamen
451 1812 684 1870 servitiis
708 1812 810 1868 tuis
837 1811 1024 1879 reddo,
1056 1826 1161 1867 non
1189 1811 1334 1868 tibi»
1363 1812 1512 1867 Tunc
1541 1827 1698 1867 sanc-

1791 607 1837 661 ei
1866 624 1876 658 :
1913 624 1930 657 ι
1955 605 2133 660 Gloria
2157 606 2255 660 diis
2277 605 2584 675 deabusque
2611 607 2762 675 meis,
2789 607 2914 677 quia
2944 617 2995 664 te
3025 610 3198 665 video.
3235 611 3363 669 «Cui

1793 699 1876 752 vir
1927 699 2019 754 Dei
2048 698 2188 752 illico
2219 698 2494 769 respondit
2524 717 2535 751 :
2574 716 2594 751 ι
2624 698 2801 756 Gloria
2833 701 3057 756 Domino
3085 719 3202 758 meo
3232 705 3360 761 Jesu

1790 789 1999 844 Christo
2026 789 2311 844 Nazarmno
2336 790 2612 855 crucifixo,
2641 793 2763 861 quia
2789 799 2840 846 te
2880 808 2984 847 non
3025 794 3197 850 video.
3226 814 3244 847 ι
3283 798 3363 852 Ad

1792 882 1927 936 hanc
1958 897 2144 936 vocem
2179 883 2342 935 iratus
2364 881 2606 936 Julianus
2656 881 2818 952 jussit
2866 899 2985 938 eum
3019 901 3110 953 per
3143 896 3359 955 pontem

1791 973 1844 1029 in
1889 973 2120 1028 Tiberim
2165 974 2509 1044 praecipitari.
2543 973 2704 1044 Cujus
2753 991 2948 1045 corpus
2992 977 3265 1033 inventum
3310 990 3365 1035 et

1792 1069 2100 1136 collectum,
2131 1069 2398 1138 sepultum
2425 1078 2507 1125 est
2541 1072 2591 1123 in
2621 1071 2929 1126 ccemeterio
2961 1071 3223 1138 Pontiani,
3259 1089 3364 1127 non

1794 1157 1950 1227 longe
1977 1174 2007 1212 a
2051 1159 2248 1213 sanctis
2274 1158 2463 1214 Abdon
2506 1167 2562 1213 et
2606 1158 2808 1216 Senne.
2843 1160 2908 1214 Et
2947 1162 3121 1216 natale
3157 1173 3370 1218 sancto-

1795 1265 1911 1305 rum
1944 1249 2179 1306 Seleucis
2208 1259 2260 1305 et
2284 1249 2473 1320 Agabi.

1875 1361 1940 1417 (ἱ.
1985 1360 2096 1416 Vlll
2155 1361 2287 1416 ΚΑι..
2350 1365 2535 1417 Arms.
2591 1391 2658 1405 -—
2700 1363 2850 1432 Apud
2904 1364 3172 1420 civitatem
3230 1365 3374 1422 Gali-

1797 1454 1910 1509 imae
1951 1454 2212 1510 Nazareth
2246 1455 2588 1511 aununciatio
2635 1456 2949 1524 Dominica;
3005 1467 3060 1512 et
3100 1459 3369 1528 Jerosoly-

1801 1563 1900 1602 ma:
1926 1548 2014 1602 ubi
2043 1549 2295 1604 Dominus
2345 1557 2527 1604 noster
2553 1547 2798 1605 Christus
2838 1549 3128 1604 cruciﬁxus
3168 1560 3268 1605 est.
3303 1551 3372 1606 Et

1799 1639 1854 1695 in
1875 1640 2183 1695 Nicomedia
2225 1641 2398 1695 natale
2443 1640 2590 1696 Dulm
2628 1640 2833 1696 ancillae
2862 1640 3138 1710 cujusdam
3184 1642 3369 1697 militis

1803 1730 2015 1800 pagani,
2047 1745 2165 1800 quae
2209 1744 2304 1800 pro
2330 1729 2572 1785 castitate
2597 1732 2776 1786 occisa
2803 1740 2902 1786 est.
2953 1731 3137 1786 Romae
3183 1731 3373 1796 Cirini,

1805 1821 1894 1890 qui
1943 1821 2253 1878 interfectus
2296 1836 2327 1877 a
2349 1819 2567 1878 Claudio
2612 1831 2666 1878 et
2696 1823 2750 1877 in
2782 1821 3018 1878 Tiberim
3035 1823 3288 1894 jactatus,
3321 1824 3375 1878 in

161 1917 230 1964 tus
275 1906 574 1977 Pigmenius
623 1904 679 1962 in
719 1903 988 1960 Persidam
1043 1902 1308 1972 perrexit;
1365 1903 1455 1959 ubi
1507 1903 1703 1960 demo—
1731 1889 1778 1952 Β
1807 1889 1975 1967 insula
2027 1911 2272 1968 Licaonia
2318 1915 2587 1980 inventus,
2615 1921 2670 1967 et
2709 1913 2762 1967 in
2791 1889 3093 1968 caemeterio
3133 1912 3376 1968 Pontiani

159 2006 278 2052 ratus
306 2009 469 2052 annos
495 2004 751 2066 quatuor,
806 1994 977 2050 factus
1004 2003 1088 2050 est
1115 2008 1290 2049 caecus
1306 2010 1320 2060 ;
1360 1993 1485 2050 inde
1512 2009 1701 2050 mone-

162 2095 231 2144 tur
271 2085 563 2158 Pigmenins
620 2086 674 2141 in
702 2085 926 2150 somnis,
979 2093 1036 2140 ut
1065 2091 1422 2141 reverteretur
1449 2085 1700 2140 Romam.

166 2177 366 2249 Cumque
391 2187 509 2249 post
551 2191 770 2234 menses
811 2185 1037 2247 quatuor
1063 2189 1333 2243 reversus,
1362 2176 1555 2232 clivum
1604 2177 1703 2232 Sa-

163 2283 248 2326 cra
283 2269 374 2324 viai
409 2283 530 2325 cum
585 2282 690 2324 uno
747 2283 914 2338 puero
941 2267 1130 2336 stipem
1168 2267 1398 2337 petendo
1445 2282 1703 2324 conscen-

166 2361 305 2430 deret,
341 2360 532 2418 factum
573 2370 659 2418 est
712 2369 772 2416 ut
815 2358 1114 2416 offenderet
1157 2359 1419 2416 Julianum
1479 2361 1707 2430 impera-

164 2462 306 2513 torem
347 2455 398 2512 in
438 2455 610 2513 rheda
654 2469 816 2512 aurea
844 2454 1150 2521 sedentem;
1184 2453 1276 2526 qui
1327 2453 1537 2511 eminus
1569 2468 1701 2509 con-

1806 2005 2053 2060 conditus
2079 2013 2183 2060 est.
2203 2003 2267 2058 Et
2296 2005 2434 2074 apud
2461 2006 2742 2074 Smyrnam
2773 2006 2949 2062 natale
2975 2006 3152 2060 sancti
3187 2005 3375 2061 lreiiaai
3401 2037 3412 2050 -

1807 2098 2063 2167 Opis-copi,
2102 2097 2189 2165 qui
2219 2112 2250 2152 a
2283 2107 2520 2168 tempore
2548 2098 2846 2153 Maximiani
2876 2098 3233 2166 imperatoris,
3275 2097 3376 2152 sub
3415 2095 3420 2102 “

1811 2187 2039 2256 praeside
2080 2187 2276 2254 Probo,
2308 2188 2481 2257 primo
2508 2187 2789 2241 tormentis
2831 2187 3110 2243 acerrimis
3137 2198 3377 2252 vexatus,

1812 2277 2004 2333 deinde
2044 2278 2228 2333 diebus
2265 2277 2507 2346 plurimis
2553 2277 2607 2331 in
2635 2291 2849 2333 carcere
2877 2278 3161 2345 cruciatus,
3203 2275 3383 2333 novis-

1813 2371 1948 2428 sime
1975 2371 2208 2428 abscisso
2239 2371 2412 2443 capite
2441 2383 2839 2428 consummatus
2859 2380 2962 2428 est.

1377 2542 1603 2599 EDITIO
1644 2541 2151 2600 BOLLANDIANA.

170 2635 274 2694 latio
291 2638 536 2708 exercuit,
560 2646 625 2694 ut
647 2651 771 2696 eum
791 2651 973 2693 verum
991 2635 1201 2694 Domini
1221 2635 1479 2692 famulum
1510 2649 1705 2705 appro-

169 2728 308 2786 baret.

225 2819 276 2873 D.
303 2817 553 2890 Narbona;
587 2819 648 2874 S.
678 2818 826 2890 Pauli
854 2818 1091 2890 episcopi
1124 2817 1378 2890 _dis_cipuli
1421 2820 1702 2890 apostolo-

173 2904 284 2943 rum.
317 2890 374 2944 V.
404 2889 487 2956 D.,
511 2888 570 2944 ln
611 2889 856 2944 Narbona
881 2886 1096 2944 civitate
1115 2888 1174 2945 S.
1197 2886 1344 2944 Pauli
1364 2886 1699 2945 confessoris.

173 2957 243 3022 V.,
269 2959 318 3015 ln
339 2960 506 3015 Africa
534 2959 832 3016 Saturnini.

223 3048 298 3103 εδ.
320 3079 381 3090 -
401 3049 447 3106 X
473 3050 612 3106 ΚΑΙ..
646 3050 810 3106 Vacat
830 3049 1006 3106 Baeda.

229 3143 395 3199 Florus
441 3145 493 3199 in
535 3147 608 3200 Α.
655 3143 721 3198 Τ.
775 3143 873 3210 L.,
921 3143 980 3197 lu
1030 3141 1288 3198 Antioche
1335 3143 1363 3171 “
1392 3141 1707 3199 Theoderici

175 3233 476 3304 presbyteri,
522 3235 620 3305 qui
652 3243 894 3304 tempore
920 3231 1117 3289 Juliani
1161 3234 1497 3303 imperatoris
1526 3233 1700 3304 gladio

175 3337 422 3391 percussus
446 3324 718 3379 occubuit.

231 3410 306 3478 D.,
333 3414 383 3469 In
412 3413 587 3468 Africa
629 3422 922 3485 martyrum
948 3411 974 3485 if
1003 3410 1313 3485 Victoriani,
1340 3413 1626 3485 Frumentii
1651 3425 1705 3468 et

180 3481 369 3537 duorum
393 3480 794 3554 germanorum.
848 3483 910 3554 ν.
944 3480 1334 3554 B.,_ln_Africa
1383 3483 1599 3540 Fidelis.
1649 3485 1705 3539 In

182 3550 426 3623 Antiochia
452 3554 724 3609 Theodori
771 3552 1083 3623 presbyteri.
1137 3550 1227 3619 V.,
1257 3553 1479 3623 Juliani.
1532 3555 1616 3620 Β.⁹
1653 3554 1706 3608 In

182 3620 419 3694 l'rovjncia
443 3623 737 3690 Carmillas,
769 3620 946 3690 Pauli,
971 3621 1248 3691 Czesareze,
1275 3622 1490 3682 Juliani.
1523 3623 1613 3694 L.,
1645 3627 1711 3681 Et

179 3688 256 3746 SS.
283 3693 418 3749 Pauli
445 3705 499 3749 et
523 3688 743 3750 Juliani.

233 3782 312 3840 2t.
332 3813 397 3826 —-
420 3783 488 3840 IX
516 3784 658 3840 ΚΜ..
695 3783 854 3840 Vacat
878 3783 1056 3840 Baeda.

236 3874 290 3948 [ξ.
319 3874 491 3948 Romae
521 3876 786 3946 Pigmenii
808 3875 1108 3948 presbyteri
1160 3885 1263 3948 cet
1303 3876 1569 3948 martyris.
1624 3879 1708 3946 B.,

181 3940 385 4016 lnSyria
411 3940 643 4006 Seleuci.
699 3948 754 4003 In
782 3940 993 4015 Africa;
1036 3947 1280 4018 Agapiti,
1321 3940 1555 4004 Romuli.
1613 3940 1705 4014 V.,

1813 2636 2024 2705 Rogati.
2063 2635 2130 2705 Α.
2158 2633 2217 2690 Τ.
2249 2632 2335 2700 L.,
2364 2632 2424 2705 in
2451 2633 2604 2705 Syria
2637 2634 2838 2705 natalis
2857 2632 2956 2690 SS.
2987 2632 3218 2705 Seleuci,
3248 2634 3387 2703 Aga-

1848 2703 1918 2760 iti_
1932 2716 1986 2760 et
2017 2706 2076 2760 S.
2101 2703 2331 2758 Romuli.
2360 2703 2423 2760 Τ.
2449 2703 2507 2759 L.
2535 2704 2621 2770 8.,
2657 2705 2719 2757 Et
2747 2705 2798 2757 in
2826 2704 3158 2768 Mauritania,
3182 2704 3385 2772 Veruli,

1859 2775 2006 2830 elicis
2025 2784 2080 2830 et
2100 2774 2391 2830 Saturnini.
2426 2775 2508 2842 D.,
2534 2775 2600 2831 Et
2623 2774 2847 2831 aliorum
2878 2790 2986 2831 xvi.
3020 2774 3240 2844 Ibidem,
3263 2785 3389 2833 ante

1810 2847 1941 2902 alios
1970 2855 2098 2912 tres,
2131 2845 2443 2902 Secunduli.

1879 2959 1973 3016 25.
2018 2989 2088 3000 —
2134 2959 2244 3016 Vlll
2285 2960 2422 3017 Kac.
2478 2962 2824 3017 Annuntiatio
2863 2962 3146 3018 dominica.
3199 2962 3386 3020 Natale

1815 3053 1962 3108 Dula:
1991 3053 2200 3108 ancillae
2227 3054 2431 3120 militis,
2477 3069 2596 3124 quae
2644 3069 2742 3122 pro
2779 3054 3024 3110 castitate
3061 3054 3238 3111 occisa
3283 3064 3385 3111 est.

1818 3144 1884 3199 Et
1932 3144 2113 3198 Romae
2153 3141 2337 3213 Cyrini
2363 3184 2378 3211 ,
2430 3143 2518 3213 qui
2551 3142 2866 3200 interfectus
2905 3154 2990 3200 est
3027 3159 3057 3198 a
3083 3143 3306 3200 Claudio
3334 3152 3390 3200 et

1819 3236 1870 3290 in
1900 3234 2134 3290 Tiberim
2162 3235 2413 3306 jactatus,
2450 3237 2504 3290 in
2534 3237 2703 3292 insula
2734 3235 3002 3308 Lycaonia
3037 3235 3309 3304 inventus,
3334 3244 3392 3292 et

1739 3327 1786 3392 ο
1817 3325 1870 3379 in
1913 3327 2220 3381 coemeterio
2266 3324 2509 3381 Pontiani
2535 3323 2833 3382 dconditus
2861 3337 2964 3383 est.
3017 3327 3286 3397 Scriptum
3328 3328 3384 3383 in

1818 3417 2070 3474 Passione
2096 3419 2154 3476 S.
2183 3418 2445 3473 Valentini
2474 3419 2604 3492 [Al.,
2636 3417 2949 3491 Laurentii].

1888 3509 1978 3573 V.,
2014 3510 2174 3576 primo
2204 3510 2334 3576 loco,
2364 3510 2419 3564 ln
2451 3511 2820 3580 Hierosolyma
2851 3512 2915 3567 D.
2949 3511 3016 3569 N.
3062 3511 3214 3567 Iesus
3241 3511 3394 3568 Chri-

1819 3588 1930 3633 stus
1958 3580 2242 3653 crucilixus
2264 3589 2380 3653 est;
2414 3581 2592 3653 ultimo
2617 3582 2748 3650 loco,
2780 3582 2842 3636 Et
2873 3583 3218 3653 quadraginta
3247 3597 3390 3638 mar-

1815 3659 1986 3719 tyrum
2015 3659 2070 3703 et
2098 3651 2156 3705 S.
2185 3650 2496 3705 Theodolaa.
2532 3654 2629 3716 A.,
2663 3650 3052 3717 secunddloco,
3080 3650 3150 3707 Et
3181 3653 3391 3708 crucifi—

1817 3720 1904 3774 xio
1934 3719 2128 3774 Christi
2158 3739 2169 3773 :
2206 3723 2384 3774 ultimo
2408 3763 2421 3785 ,
2457 3721 2522 3776 Et
2549 3722 2812 3787 depositio
2834 3725 3154 3779 confessoris
3184 3724 3384 3778 Christi

1817 3801 1870 3861 et
1910 3792 2139 3858 episcopi
2176 3799 2198 3826 θ
2235 3791 2428 3845 Monas.
2479 3791 2566 3855 T.,
2617 3793 2770 3861 Apud
2819 3793 3077 3848 Nazareth
3126 3794 3392 3847 civitatem

1817 3860 2059 3925 Galilem,
2098 3871 2153 3914 ut
2183 3861 2315 3915 fides
2346 3861 2580 3916 fidelium
2607 3860 2826 3928 adorat,
2857 3873 3144 3917 veneratur
3174 3872 3227 3915 et
3256 3877 3390 3928 pra:-

1817 3929 1978 3997 dicat,
2006 3931 2271 4000 Virginem
2302 3932 2579 3986 Dominum
2609 3933 2896 4003 parituram
2926 3935 3137 4002 angelus
3170 3929 3385 3988 Gabriel

1539 4061 1742 4118 SMITH
1780 4062 2007 4119 NOTAE.

183 4163 287 4220 tem,
309 4170 335 4227 a
356 4172 456 4227 quo
481 4159 596 4224 ipse
611 4153 816 4227 Paulus
840 4155 1114 4225 apostolus
1139 4153 1358 4227 so_rti_tu_s
1379 4160 1463 4209 est
1487 4169 1707 4227 nomen,

181 4227 254 4292 qui
278 4223 412 4282 illum
442 4223 564 4282 fidei
595 4224 794 4282 Christi
825 4223 1128 4294 subegerat.
1180 4223 1283 4288 Qui
1324 4225 1374 4278 in
1404 4225 1593 4279 eadem
1623 4239 1712 4278 re-

182 4297 310 4361 gione
331 4297 714 4364 praedicationis
739 4296 917 4353 officio
941 4312 1046 4349 non
1073 4295 1306 4362 segniter
1329 4295 1566 4362 impleto,
1606 4297 1716 4349 cla-

181 4380 256 4418 rus
271 4367 544 4432 miraculis,
566 4367 902 4422 confessione
917 4365 1113 4421 Christi
1129 4373 1413 4420 coronatus
1434 4365 1711 4433 sepelitur.

185 4434 311 4489 Bmda
338 4438 494 4504 vulg.,
520 4435 805 4491 Notkerus.

243 4515 265 4540 ⁸
292 4504 596 4578 Τιιῳάετίσὶ.
645 4507 826 4570 Hunc,
868 4508 1118 4578 quoniam
1148 4514 1488 4578 monumenta
1519 4507 1711 4561 Antio-

186 4573 342 4630 chense
371 4576 642 4646 Ecclesiae,
675 4587 854 4646 utpote
883 4573 1068 4632 eorum
1099 4587 1298 4639 custos,
1336 4575 1572 4646 indicare
1620 4592 1712 4644 po-

185 4651 332 4710 terat,
380 4645 633 4702 Julianus
671 4647 1094 4714 praevaricatoris
1143 4645 1435 4700 avunculus
1485 4647 1712 4714 primum

182 4717 589 4783 comprehendit;
641 4717 836 4771 deinde
881 4717 1191 4772 verberibus
1237 4716 1472 4784 graviter
1513 4716 1712 4783 caedit;

185 4794 422 4856 postremo
451 4802 592 4851 cum,
620 4789 914 4856 quaestione
942 4785 1009 4841 de
1042 4786 1135 4841 illo
1165 4787 1311 4841 omni
1341 4788 1593 4841 tormenti
1623 4802 1714 4854 ge-

184 4865 293 4908 nere
318 4855 518 4922 habita,
553 4855 674 4912 forti
705 4858 884 4912 animo
915 4856 1316 4926 respondisset,
1363 4857 1539 4910 securi
1570 4856 1714 4911 feriri

185 4927 444 4982 mandavit.
498 4927 594 4983 Ubi
625 4943 752 4982 vero
795 4941 917 4980 vasa
963 4940 1114 4982 sacra
1163 4927 1509 4994 abripuerat,
1557 4929 1718 4995 erepit

187 4996 451 5066 petulanter
477 4998 528 5051 in
553 4999 823 5052 Christum
853 4997 1100 5052 illudere.
1133 4999 1202 5050 At
1230 4996 1372 5051 illico
1402 5006 1520 5066 post
1548 5013 1715 5052 mem-

186 5062 313 5116 brum
339 5069 564 5133 genitale
593 5071 639 5122 ei
666 5068 968 5132 contabuit,
1011 5075 1067 5122 et
1108 5081 1295 5121 carnes
1344 5062 1446 5121 illis
1475 5068 1716 5135 corporis

187 5136 394 5213 partibus
439 5139 821 5213 circumdatae,
886 5138 941 5213 in
990 5151 1198 5193 vermes
1250 5151 1522 5193 conversa:
1571 5147 1715 5193 sunt.

185 5202 435 5262 Sozomen.
466 5207 596 5262 Hist.
624 5202 874 5271 Eccl.,’v,
900 5208 952 5261 7.

249 5272 273 5310 δ
307 5274 596 5331 Victoriani.
650 5278 1052 5334 Adrumentinze
1098 5277 1324 5333 civitatis
1369 5277 1540 5342 civis,
1590 5293 1714 5344 pro-

189 5347 396 5418 consulis
418 5347 770 5418 Carthaginis,
796 5358 850 5403 et
878 5351 1102 5404 duorum
1128 5363 1501 5418 germanorum
1527 5350 1716 5417 Aquis-

190 5416 504 5493 reglensium,
537 5429 589 5473 et
605 5416 840 5493 duorum
871 5416 1302 5493 Frutnentior_ur_n
1335 5416 1713 5493 mercatorum,

188 5487 267 5557 qui
288 5487 335 5537 in
363 5490 724 5554 persecutione
751 5487 1060 5544 Watidalica
1081 5531 1096 5556 ,
1137 5491 1235 5545 sub
1264 5487 1565 5542 Hunnerico
1593 5503 1718 5557 rege

193 5552 381 5633 Ariano:
411 5572 503 5626 pro
553 5559 654 5633 ﬁde
699 5559 960 5633 catholica
1005 5552 1404 5633 iminan‘iissitnis
1431 5552 1717 5633 suppliciis

190 5629 424 5699 cruciati,
473 5632 682 5699 egregie
709 5631 952 5684 coronati
981 5641 1125 5684 sunt.
1171 5629 1398 5682 Victoris
1431 5630 1713 5694 Uticensis,

189 5687 644 5766 Hist._W:indalic5:
673 5700 1061 5766 persecutionis
1091 5703 1145 5755 in
1174 5700 1370 5753 Africa.

249 5768 266 5793 ε
293 5762 562 5836 Pigmem'i.
626 5762 723 5827 llic
770 5771 870 5827 sub
915 5769 1128 5828 Juliauo
1178 5779 1419 5841 apostata
1471 5785 1566 5842 pro
1612 5769 1717 5827 ﬁde

1743 4474 1798 4538 D

1823 4156 2016 4212 Christi
2049 4154 2406 4223 praecipitatus
2445 4152 2499 4208 in
2529 4154 2783 4221 Tiberim,
2813 4163 3032 4208 necatus
3060 4165 3160 4210 est.
3219 4156 3383 4213 Baro-

1821 4227 1962 4293 nins,
1996 4227 2047 4281 in
2077 4225 2837 4296 Martyrologio.——Displicent
2862 4239 2924 4279 ea
2952 4241 3068 4291 quae
3096 4227 3162 4280 de
3195 4227 3388 4284 Juliani

1817 4298 2133 4352 educatione
2183 4296 2362 4349 Romae
2412 4297 2511 4350 sub
2560 4296 2832 4366 Pigmenio
2871 4311 2982 4366 una
3025 4313 3144 4350 cum
3182 4299 3384 4354 Donato

1821 4376 2102 4437 narrantur
2150 4367 2202 4418 in
2255 4365 2648 4437 Martyrologiis
2681 4365 2941 4430 Usuardi,
2985 4367 3218 4437 Adonis,
3262 4370 3386 4423 Not—

1822 4436 1970 4501 lteri,
1999 4447 2104 4492 etc.
2160 4437 2258 4492 Ubi
2301 4435 2442 4491 enim
2477 4435 2717 4491 Julianus
2764 4451 2893 4503 puer
2939 4436 3068 4490 vixit
3119 4455 3216 4494 una
3267 4456 3384 4494 cum

1820 4508 1971 4564 Gallo
2016 4510 2178 4562 fratre
2228 4507 2281 4561 in
2326 4506 2702 4574 Cappadocia,
2752 4507 2842 4560 ubi
2893 4517 2946 4561 et
2995 4508 3386 4565 adolescentior

1819 4578 2040 4634 Athenis
2068 4577 2310 4632 eruditus
2343 4575 2501 4632 fuerit
2522 4621 2538 4643 ,
2568 4577 2656 4630 ubi
2685 4577 2904 4630 demum
2937 4577 2989 4631 in
3022 4577 3204 4632 Galliis
3232 4597 3387 4634 exer-

1817 4649 2010 4704 citibus
2062 4647 2366 4716 praefuerit,
2423 4648 2551 4702 satis
2605 4656 2815 4701 constat
2861 4661 2926 4701 ex
2972 4647 3275 4703 Graecorum
3326 4666 3387 4704 ac

1817 4717 2130 4773 Latinorum
2180 4717 2421 4788 antiquis
2457 4717 2854 4788 monumentis,
2905 4732 2984 4788 ac?
3024 4719 3263 4786 inprimis
3315 4735 3382 4773 ex

1818 4788 2059 4857 ejusdem
2101 4786 2604 4856 Juliani‘epistolis.
2659 4788 2718 4841 S.
2753 4786 3240 4857 Piginenii_corpus
3270 4790 3385 4842 col-

1819 4855 2012 4913 lectum
2045 4868 2125 4913 est
2153 4873 2182 4911 a
2214 4855 2440 4926 quadam
2485 4867 2728 4912 matrona
2763 4857 2976 4910 nomine
3003 4855 3240 4911 Candida
3267 4899 3281 4922 ,
3330 4869 3385 4913 et

1819 4930 2081 4995 sepultum
2130 4937 2211 4982 est
2256 4927 2307 4981 in
2357 4936 2541 4997 crypta
2592 4927 2647 4981 in
2695 4929 3006 4997 cmineterio
3042 4927 3280 4981 Pontiani
3315 4928 3384 4983 ad

1823 4997 2012 5053 Ursum
2046 4998 2292 5066 pileatum
2327 4996 2548 5052 xn’Kal.
2581 4997 2880 5057 Maiarum,
2934 4996 3005 5048 uti
3053 4997 3102 5050 in
3148 4998 3386 5064 ejusdem

1817 5071 1966 5139 Aetis
2008 5070 2216 5139 legitur.
2269 5067 2467 5123 Verum
2503 5083 2662 5139 supra
2683 5109 2697 5131 ,
2749 5066 2816 5120 ad
2849 5066 2992 5121 diem
3021 5081 3151 5122 xvm
3180 5067 3390 5136 Martii,

1817 5137 2122 5209 Pigtneuius
2155 5147 2503 5193 inertioralur.

1894 5205 1920 5246 δ
1954 5209 2199 5262 Conditus
2228 5219 2320 5262 est.
2369 5212 2413 5264 Α
2440 5208 2605 5264 Mario
2631 5223 2712 5264 sc.
2741 5215 2795 5263 et
2825 5205 3029 5262 Martha
3057 5215 3110 5264 et
3134 5206 3254 5263 liliis
3280 5211 3390 5264 suis

1818 5279 2040 5334 Audifax
2071 5288 2126 5334 et
2155 5282 2386 5334 Ahacuc.

1893 5355 1917 5380 °
1964 5348 2168 5403 Menas.
2201 5348 2486 5418 Episcopus
2516 5348 2800 5403 Mediolani
2834 5349 3030 5402 saeculo
3059 5348 3252 5404 Christi
3285 5357 3390 5404 ter-

1827 5421 1919 5482 tio,
1954 5419 2051 5474 hoc
2076 5419 2145 5474 25
2178 5419 2344 5474 Martii
2375 5429 2612 5473 mortuus
2639 5426 2737 5474 est.
2771 5419 2963 5472 Verum
2991 5421 3109 5487 quia
3141 5421 3225 5473 hic
3271 5419 3386 5474 dies

1827 5493 1996 5544 sacris
2042 5489 2240 5544 Christi
2285 5489 2543 5543 lncarnati
2587 5497 2639 5541 et
2682 5487 2932 5541 Crucilixi
2975 5489 3242 5557 mysteriis
3283 5490 3385 5544 im-

1829 5561 2072 5628 peditur,
2109 5560 2342 5614 Ecclesia
2393 5557 2796 5612 Mediolanensis
2837 5559 2999 5612 cultui
3037 5559 3152 5627 ejus
3193 5559 3387 5613 dicavit

1828 5629 1968 5684 diem
2008 5630 2074 5682 12
2128 5630 2397 5693 Octobris,
2431 5643 2534 5694 quo
2579 5642 2787 5680 sacrum
2835 5628 2949 5695 ejus
2993 5643 3189 5697 corpus
3235 5633 3388 5685 Auno

1827 5701 1964 5755 1050
1996 5701 2092 5753 fuit
2121 5700 2431 5770 translatum
2459 5716 2470 5749 :
2505 5699 2825 5770 quo‘itidem
2856 5699 2940 5754 die
2972 5700 3261 5770 inscriptus
3309 5712 3390 5753 εει

1824 5769 2202 5843 Martyrologio
2236 5769 2497 5828 licinatto.
2534 5767 2776 5824 Bollaud.
