3988 6346
625 374 723 433 871

1387 369 1590 427 BED/E
1631 369 2079 427 VENERABILIS
2114 369 2268 426 OPP.
2307 367 2480 423 PARS
2519 367 2605 420 IV.
2649 396 2714 406 —
2756 363 3135 422 HISTORICA.
3753 359 3841 413 87“!

619 505 3831 531 Μ

2006 599 2496 686 APRILIS.

1888 759 2110 818 EDITlO
2147 752 2612 817 COLONIENSIS.

1274 857 1564 915 APRILIS.

967 987 1130 1043 Habet
1151 987 1273 1041 Dies
1301 1003 1446 1056 xxxi,
1479 986 1681 1042 Lunam
1707 1003 1853 1044 xxxx.

715 1127 782 1182 G.
835 1122 970 1180 ΚΑι..
1040 1124 1229 1178 Arsit.
1275 1151 1345 1163 —
1398 1121 1582 1177 Romm
1647 1121 1965 1177 beatissima}
2022 1120 2196 1177 Theo-

628 1218 797 1283 dorae,
826 1217 1029 1273 sororis
1058 1215 1400 1270 illustrissimi
1430 1216 1677 1285 martyris
1716 1215 2006 1282 Hermetis,
2038 1230 2195 1284 quem

629 1308 815 1364 beatus
837 1305 1145 1361 Alexander
1169 1320 1300 1374 papa
1330 1303 1576 1358 instruxit
1607 1317 1668 1359 ac
1700 1304 2009 1374 baptizavit,
2035 1312 2196 1374 atque

627 1399 784 1453 iidem
808 1396 1002 1452 Christi
1028 1394 1225 1450 docuit.
1256 1399 1382 1462 Quae
1411 1396 1508 1450 sub
1543 1396 1827 1449 Aureliano
1878 1395 2197 1464 imperatore

621 1491 932 1561 martyrium
979 1487 1282 1557 complevit,
1312 1485 1516 1555 sepulta
1556 1484 1709 1556 juxta
1749 1485 1965 1540 fratrem
1997 1497 2197 1557 marty-

622 1598 734 1639 rem
777 1584 855 1634 via
885 1580 1108 1646 Salaria,
1159 1594 1262 1633 non
1309 1578 1463 1648 longe
1508 1577 1575 1631 ab
1605 1577 1735 1632 urbe
1775 1577 1960 1631 lioma.
1994 1577 2193 1632 Eodem

627 1677 714 1730 die
743 1673 913 1729 sancti
942 1670 1188 1727 Venantii
1231 1672 1463 1740 episc0pi
1494 1680 1547 1726 et
1574 1671 1845 1741 martyris.
1889 1672 1956 1726 Et
1986 1672 2036 1726 in
2065 1687 2198 1742 pago

635 1768 976 1823 Viunnoense
1013 1762 1181 1820 sancti
1229 1763 1486 1818 Vualarici
1539 1762 1880 1831 confessoris,
1914 1765 2064 1835 cujus
2112 1779 2199 1822 se-

627 1861 866 1933 pulcrum
896 1857 1097 1914 crebris
1121 1857 1390 1911 miraculis
1417 1857 1732 1912 illuStratur.

697 1957 761 2010 A.
787 1953 850 2009 IV
876 1953 1010 2008 Non.
1034 1953 1305 2007 APRIL.-—
1334 1949 1514 2006 Natale
1544 1949 1713 2004 sancti
1743 1948 1931 2004 Nicetii
1957 1948 2195 2018 episcopi

628 2046 1017 2116 Lugdunensis,
1041 2045 1193 2114 cujus
1222 2053 1276 2098 et
1305 2044 1410 2098 vita
1454 2041 1726 2095 miraculis
1752 2041 1964 2107 claruit,
1997 2050 2050 2096 et
2081 2055 2200 2111 pre-

628 2139 762 2194 tiosa
798 2152 940 2192 mors
972 2135 1313 2192 nihilominus
1360 2133 1630 2189 miraculis
1661 2131 2085 2188 commendatur.
2133 2133 2197 2186 Et

2225 857 2283 917 Α
2306 851 2452 907 ribus
2483 846 2820 903 in~custodia
2862 847 3094 916 socians,
3126 857 3265 906 tenta
3294 860 3376 909 est
3399 852 3467 908 ab
3497 852 3704 909 Urbano
3729 872 3836 923 pra:-

2297 939 2457 1004 fecto,
2489 947 2543 992 et
2572 937 2623 991 in
2650 936 2882 1004 equuleo
2903 940 3164 1006 cruciata,
3190 941 3383 998 deinde
3414 945 3556 998 ferro
3579 956 3771 1012 onusta,
3793 961 3835 1002 ct

2294 1038 2350 1086 et
2374 1029 2426 1083 in
2455 1042 2720 1083 carcerem
2748 1035 2913 1095 trusa,
2962 1030 3050 1084 ubi
3080 1032 3273 1088 virtute
3319 1034 3412 1088 Dei
3441 1038 3616 1090 omnia
3660 1038 3834 1094 vincula

2295 1121 2411 1188 ejus
2435 1120 2672 1187 disrupta
2700 1129 2840 1173 sunt.
2873 1120 2999 1177 Post
3024 1123 3137 1178 haec
3180 1138 3311 1180 saxo
3361 1127 3596 1196 alligata,
3641 1128 3689 1183 in
3718 1145 3837 1184 mare

2294 1226 2466 1267 mersa
2508 1220 2618 1276 est;
2671 1211 2765 1264 sed
2821 1227 2946 1267 mox
3001 1215 3283 1272 incolumis
3333 1218 3600 1292 littoribus
3641 1222 3835 1287 reddita,

2295 1303 2478 1359 bestiis
2507 1302 2562 1357 in
2593 1304 2992 1372 amphitheatro
3021 1316 3101 1361 est
3145 1308 3401 1378 projecta,
3432 1312 3526 1367 sed
3557 1313 3624 1366 ab
3661 1313 3736 1368 his
3777 1317 3838 1369 in-

2298 1402 2458 1461 tacta,
2512 1394 2823 1466 martyrium
2866 1397 3055 1466 capitis
3084 1397 3414 1456 abscissione
3462 1405 3758 1471 promeruit.
3795 1406 3837 1459 In

2296 1490 2495 1561 Africa,
2549 1492 2851 1562 Amphiani,
2885 1493 3138 1560 Victoris,
3190 1501 3248 1550 et
3293 1492 3518 1549 aliorum
3553 1500 3839 1566 quatoorde-

2297 1585 2422 1654 cim,
2467 1593 2522 1642 et
2575 1585 2700 1642 alibi
2745 1586 3021 1654 Marcelli,
3051 1586 3348 1654 Saturnini,
3379 1587 3589 1656 Satulli,
3616 1591 3837 1659 Quiriaei,

2299 1677 2494 1746 regina:
2523 1674 2782 1733 Procula).

2370 1768 2434 1823 Β.
2471 1767 2533 1822 Ill
2583 1769 2717 1824 Non.
2774 1769 2962 1825 APRIL.
2992 1798 3064 1810 —
3093 1768 3488 1826 Thessalonicae
3536 1773 3704 1827 natale
3738 1787 3836 1828 san-

2300 1870 2502 1916 ctarum
2549 1861 2836 1934 virginum,
2871 1864 3068 1934 Agapis
3120 1873 3171 1918 et
3223 1862 3487 1928 Cbioniae,
3537 1867 3633 1921 sub
3662 1867 3834 1921 Diocle-

2302 1952 2468 2019 tiano,
2501 1969 2620 2022 qua:
2671 1955 2842 2022 primo
2893 1956 2945 2009 in
2997 1969 3214 2010 carcere
3244 1965 3551 2021 maceratae,
3597 1969 3760 2028 poswa
3795 1961 3834 2013 in

2301 2042 2476 2112 ignem
2517 2045 2697 2098 missae
2723 2053 2880 2112 sunt,
2907 2046 2998 2100 sed
3028 2046 3244 2101 intacta:
3271 2061 3302 2100 a
3329 2046 3559 2102 ﬂammis
3603 2058 3712 2117 post
3732 2065 3831 2102 ora-

2306 2135 2503 2189 tionem
2532 2134 2596 2188 ad
2627 2135 2790 2191 Deum
2824 2136 3017 2204 fusam,
3043 2138 3252 2191 animas
3298 2137 3661 2194 reddiderunt.
3708 2141 3832 2209 Apud

626 2230 763 2298 apud
815 2228 1111 2283 Caesaream
1165 2224 1512 2295 Cappadociae
1551 2224 1724 2294 passio
1777 2234 1976 2279 sancta:
2028 2224 2203 2278 Theo-
2231 2214 2279 2276 Β
2305 2223 2579 2294 Scythiam
2608 2225 2875 2280 civitatem
2903 2225 3146 2293 Thomis,
3178 2229 3356 2284 natale
3404 2239 3700 2285 sanctorum
3727 2232 3832 2285 Eva-

624 2322 792 2377 dosiae
845 2321 1098 2390 virginis,
1143 2334 1262 2389 quae
1297 2327 1537 2386 tempore
1559 2317 1874 2373 Diocletiani
1903 2332 2024 2372 cum
2057 2328 2203 2374 esset
2301 2315 2388 2384 gri
2420 2326 2475 2372 et
2505 2316 2746 2387 Benigni.
2798 2316 2955 2389 Apud
3003 2316 3413 2377 Tauromenium
3466 2320 3658 2378 Sicilia
3695 2322 3832 2379 sancti

629 2427 891 2468 annorum
921 2410 1106 2466 decem
1153 2417 1208 2464 et
1234 2417 1375 2475 octo,
1425 2408 1561 2464 ultro
1596 2422 1654 2462 se
1700 2408 1897 2463 sanctis
1929 2407 2201 2462 confesso-

2303 2407 2588 2466 Pancratii.

1892 2518 2116 2574 EDITIO
2156 2517 2657 2578 BOLLANDIANA.

702 2619 755 2675 1.
785 2647 854 2660 -
884 2616 1169 2673 ΚΑιειωιε.
1216 2612 1272 2668 ln
1302 2611 1680 2668 Thessalonica
1726 2610 1903 2667 natale
1931 2614 1958 2641 ‘
1990 2614 2198 2682 Agapes

631 2720 690 2770 et
717 2710 978 2775 Chioniw,
1013 2708 1112 2763 sub
1141 2705 1474 2761 Diocletiano
1503 2721 1516 2758 :
1550 2718 1664 2773 qua:
1695 2702 1866 2770 primo
1895 2702 1946 2755 in
1977 2715 2193 2757 carcere

635 2810 938 2864 maceratae,
970 2805 1151 2866 postea
1181 2794 1234 2850 in
1264 2797 1439 2864 ignem
1471 2795 1649 2849 missa:
1680 2801 1800 2846 sunt
1825 2809 1840 2859 ;
1869 2791 1964 2846 sed
1991 2793 2200 2846 intactae

629 2905 659 2945 α
705 2889 927 2945 ﬂammis
977 2898 1094 2957 post
1136 2885 1430 2943 orationem
1475 2884 1541 2939 ad
1588 2884 1753 2940 Deum
1796 2885 1966 2938 fusam
1995 2883 2198 2938 animas

631 2980 997 3037 reddiderunt.

705 3094 770 3147 ν.
798 3131 815 3159 ,
863 3091 1046 3147 Natale
1096 3088 1306 3159 Paterni
1329 3128 1342 3149 ,
1386 3085 1698 3159 Quintiani,
1722 3083 1971 3159 Victuris.
2003 3083 2065 3139 Β.
2091 3125 2107 3150 ,
2143 3085 2198 3159 l_n

638 3155 869 3233 Egypto
901 3162 1077 3233 passio
1096 3159 1196 3233 SS.
1223 3157 1453 3233 Yictorjs
1476 3166 1531 3233 et
1555 3155 1830 3233 Stephani.
1867 3155 1920 3210 In
1949 3156 2200 3212 Armenia

635 3226 808 3292 nat‘a'le
837 3226 932 3289 SS.
965 3231 1200 3296 Partini,
1230 3227 1533 3294 Quintiani,
1568 3226 1818 3282 Secundi.

701 3350 757 3403 ‘2.
787 3377 857 3390 -—-
890 3346 952 3402 IV
984 3345 1185 3401 NONAS.
1219 3343 1380 3397 Vacat
1409 3341 1587 3396 Baeda.

700 3437 887 3493 Florus
926 3435 977 3490 in
1008 3435 1073 3488 A.
1105 3433 1167 3487 Τ.
1202 3433 1284 3497 L.,
1338 3431 1594 3502 Lugduno
1651 3431 1824 3486 natale
1879 3428 1938 3487 S.
1969 3429 1996 3469 δ
2028 3429 2196 3486 Niceti
2226 3440 2270 3503 ρ

634 3525 866 3597 episcopi
897 3535 952 3581 et
979 3523 1340 3579 confessoris:
1394 3524 1481 3591 qui
1530 3523 1610 3575 vir
1657 3523 1818 3576 totius
1864 3522 2192 3587 sanctitatis,

633 3614 1052 3674 conversationis
1099 3612 1455 3679 castissimze,
1503 3611 1783 3666 charitatis
1831 3611 2042 3666 eximiae
2089 3613 2194 3665 vita

636 3711 942 3782 perfunctus
972 3713 1075 3761 est.

705 3800 788 3868 D.,
836 3801 1078 3854 Caesarea
1109 3795 1458 3868 Cappadocia:
1513 3805 1536 3833 ο
1581 3795 1896 3868 Theodosia:
1947 3796 2185 3865 virginis.

630 3874 721 3941 νη
756 3867 812 3926 In
844 3867 1573 3941 Airica_Amsani_,_Victuris
1613 3867 1944 3941 et__aliorui_n_
1978 3868 2184 3941 decem.

631 3937 981 4000 Et'Marcelli.
1009 3939 1095 4005 B.,
1135 3938 1189 3993 In
1225 3939 1400 3993 Al‘rica
1429 3939 1604 3990 natale
1631 3938 1728 3992 SS.
1756 3937 2033 4005 Amphiani
2055 3978 2068 4002 ,
2098 3937 2191 3991 Vi-

630 4016 794 4072 ctoris
823 4021 876 4069 et
902 4013 1125 4067 aliorum
1156 4023 1271 4064 xlv.
1316 4009 1380 4064 Et
1421 4009 1543 4063 alibi
1575 4008 1902 4074 Marcellini,
1950 4008 2185 4074 Quiriaci

2308 2628 2425 2667 cum
2475 2613 2616 2683 aliis,
2641 2627 2758 2668 sex.
2795 2613 3053 2683 Lugduno
3097 2613 3284 2669 Galliae
3321 2615 3586 2680 depositio
3611 2616 3667 2674 S.
3695 2600 3840 2672 l‘iiceti

2305 2683 2564 2751 episcopi.
2599 2682 2686 2746 T.,
2736 2682 2939 2740 Eodem
2968 2685 3054 2740 die
3092 2685 3325 2740 Luxovio
3362 2687 3620 2753 depositio
3657 2684 3844 2742 Eusebii

2305 2753 2530 2808 abbatis.
2553 2755 2642 2820 A.,
2663 2755 2862 2810 Eodem
2884 2756 2969 2810 die
2988 2756 3174 2810 natalis
3194 2756 3254 2812 S.
3277 2754 3305 2795 ἀ
3325 2757 3506 2814 Mariae
3526 2755 3842 2830 Egyptiacaz.

2373 2845 2427 2900 5.
2456 2873 2526 2885 —-
2553 2845 2622 2901 lll
2647 2845 2849 2902 Nonas.
2884 2847 3048 2902 Vacat
3077 2847 3254 2902 Baeda.

2378 2935 2564 2990 Florus
2599 2935 2653 2989 in
2704 2939 2770 2990 A.
2829 2935 2892 2991 T.
2949 2936 3050 3002 L.,
3091 2937 3273 2992 Romae
3312 2936 3370 2994 S.
3406 2947 3427 2974 ε
3459 2937 3591 2994 Sixti
3631 2952 3763 3008 papa:
3797 2948 3843 2993 et

2308 3026 2556 3096 martyris
2582 3027 2670 3094 qui
2708 3023 2726 3064 ι
2760 3026 2906 3098 [dum
2935 3027 3200 3094 cathedrae
3225 3028 3281 3082 Β.
3314 3027 3455 3083 Petri
3485 3029 3663 3084 Romae
3685 3029 3846 3084 decem

2307 3116 2462 3171 annis
2491 3117 2805 3187 prasideret
2823 3157 2838 3182 ,
2865 3118 3142 3173 constituit
3168 3128 3224 3172 ut
3248 3119 3386 3173 intra
3410 3121 3669 3174 actionem
3696 3133 3848 3172 sacer-

2307 3207 2405 3261 dos
2439 3207 2698 3277 incipiens
2737 3208 2929 3277 populo
2959 3208 3209 3278 hymnum
3238 3206 3565 3276 decantaret,
3590 3208 3845 3264 videlicet:

2304 3298 2554 3364 Sanctus,
2584 3307 2820 3364 sanctus,
2852 3308 3069 3353 sanctus
3117 3295 3370 3354 Dominus
3419 3299 3558 3353 Deus
3607 3298 3844 3362 Sabaoth,

2311 3387 2456 3459 etc.]
2501 3390 2864 3460 martyrioque
2909 3398 3195 3446 coronatur
3241 3399 3480 3460 tempore
3526 3390 3844 3446 VerietAn-

2303 3479 2488 3534 niculi.

2375 3605 2462 3669 D.,
2492 3602 2888 3658 Thessalonicae
2935 3602 3192 3672 virginum
3221 3613 3253 3673 _8
3283 3605 3494 3673 Agapes
3525 3613 3580 3658 et
3619 3601 3849 3657 Chionia.

2306 3675 2367 3728 V.
2402 3675 2488 3738 Β..
2523 3675 2576 3728 In
2606 3673 2852 3728 Caesarea
2899 3671 3191 3728 Palaestinae
3218 3671 3248 3710 ιι
3277 3671 3591 3728 Theodosia:
3619 3673 3812 3742 virginis
3839 3689 3848 3720 :

2304 3745 2354 3799 in
2392 3745 2693 3798 Nicomedia
2726 3745 2934 3799 Donati.
2988 3745 3050 3798 T.
3083 3747 3148 3798 A.
3195 3745 3277 3806 L.,
3325 3744 3380 3798 ln
3425 3743 3667 3799 Caesarea
3708 3745 3851 3796 Palae-

2302 3818 2455 3869 stina:
2480 3815 2654 3869 natale
2683 3815 2740 3869 S.
2775 3814 3088 3869 Theodosia:
3118 3814 3356 3869 viminis.
3408 3815 3470 3867 Et
3493 3816 3544 3867 in
3574 3814 3742 3867 Sicilia
3769 3826 3853 3862 na-

2301 3888 2405 3940 tale
2433 3885 2528 3940 SS.
2572 3885 2779 3951 Evagrii
2809 3893 2864 3938 et
2907 3885 3148 3952 Benigni.
3200 3878 3262 3938 Β.
3313 3884 3394 3946 C.,
3422 3884 3478 3938 In
3519 3884 3538 3923 ί
3573 3885 3742 3940 Cilicia
3783 3878 3852 3951 [(3,

2298 3954 2513 4081 Sicilia;
2549 3955 2724 4035 natale
2772 3955 2870 4009 SS.
2920 3953 3160 4033 Thomas,
3208 3955 3434 4034 Evagriz
3471 3954 3555 4018 8.,
3611 3955 3854 4023 Benigne,

2298 4025 2442 4081 Ruii.
2517 4025 2707 4080 atricii.
2736 4025 2802 4080 Et
2827 4039 3002 4081 oassro
3024 4025 3083 4081 S.
3109 4027 3123 4075 i
3161 4027 3438 4081 Amoriani
3464 4030 3730 4081 martvris.

2517 4024 2707 4080 atricii.
2736 4025 2802 4080 Et
2827 4023 3002 4094 passio
3024 4025 3083 4082 S.
3109 4027 3123 4075 i
3161 4023 3438 4095 Ampriani
3464 4030 3730 4096 martyris.

2032 4120 2236 4177 SMITH
2275 4116 2500 4173 NOTAE.

705 4237 734 4266 ι
765 4224 989 4293 Agapet.
1021 4219 1113 4275 Ha:
1144 4227 1406 4288 martyres
1436 4216 1488 4271 in
1521 4213 2192 4293 ljieronymiﬂMartyrolo-

633 4297 726 4364 gio
751 4283 1021 4364 Heracleae
1042 4283 1500 4364 dicunturpassze.
1529 4286 1604 4364 De
1626 4283 1944 4364 martyribus
1967 4283 2200 4364 ejusdem

625 4354 858 4421 nominis
886 4354 1467 4415 ThessaIOnicenSibus
1497 4356 1614 4410 vide
1645 4355 1780 4409 infra
1814 4355 1844 4405 5
1875 4354 2068 4407 Martii.

698 4434 723 4473 δ
761 4431 955 4487 Niceti.
985 4429 1156 4485 Nobili
1185 4443 1385 4497 genere
1417 4426 1504 4492 qui
1537 4435 1714 4490 natus,
1747 4425 1975 4497 clericus
1998 4423 2204 4497 _litte_ris

2302 4208 2588 4278 juvenibus
2635 4209 2835 4277 aliquot
2878 4207 3302 4278 Hierosolymam
3345 4207 3594 4278 navigat,
3629 4205 3856 4274 turpiter-

2309 4296 2408 4347 que
2443 4280 2494 4331 in
2527 4279 2714 4332 itinere
2744 4286 2800 4333 et
2829 4281 2880 4333 in
2926 4278 3055 4333 urbe
3096 4285 3275 4331 sancta
3325 4292 3384 4331 se
3429 4277 3629 4348 gessit,
3663 4279 3858 4348 adeout

2311 4350 2435 4403 hora
2469 4349 2766 4404 exaltanda:
2814 4349 2988 4404 crucis
3032 4350 3286 4417 templum
3335 4347 3640 4417 ingressura
3685 4347 3858 4409 Maria,

2310 4421 2504 4487 sacpius
2546 4421 2754 4487 repulsa
2796 4430 2919 4484 est;
2966 4414 3192 4485 denique
3241 4414 3469 4488 fatigata
3508 4417 3858 4488 indignitatem

616 4485 902 4569 eruditus,
937 4485 1325 4568 presbyterque
1354 4485 1545 4570 factus.
1596 4497 1658 4570 S._
1693 4485 1954 4570 Sacerdos
1995 4493 2206 4570 Lugdu-
2232 4510 2284 4570 υ
2311 4485 2459 4570 suam
2489 4485 2760 4570 agnoscit,
2788 4499 2842 4570 et
2869 4503 3046 4570 coram
3078 4490 3304 4570 imagine
3431 4485 3667 4570 Virginis
3694 4503 3860 4570 emen-

631 4577 814 4633 nensis
840 4563 1128 4640 episcopus
1157 4563 1277 4623 cuin
1312 4567 1488 4640 mort_i_
1504 4565 1785 4640 proximus
1815 4565 1912 4616 l'uit
1931 4606 1946 4627 ,
1983 4563 2200 4640 a_Chil-

627 4649 849 4702 deberto
879 4633 1084 4710 'petivit
1139 4654 1293 4706 rege,
1344 4647 1402 4690 ut
1445 4635 1686 4710 Nicetius
1725 4633 1780 4710 _in
1825 4635 2199 4710 suumhlocum

628 4704 1045 4776 constitueretur
1071 4729 1086 4776 ;
1116 4720 1166 4764 et
1195 4704 1261 4762 ita
1283 4704 1416 4775 post
1448 4707 1507 4776 S.
1542 4704 1917 4776 Sacerdotem,
1938 4775 1945 4776 ί
1966 4704 2202 4776 Nicetius

626 4772 836 4843 creatus
865 4783 963 4838 fuit
995 4772 1107 4835 xxv
1158 4772 1444 4846 episcopus
1490 4772 1883 4846 Lugdunensis.
1916 4775 2202 4846 _Miraculis

625 4869 800 4914 autem
831 4865 884 4912 et
915 4855 1062 4906 vivus
1091 4859 1145 4906 et
1194 4844 1437 4902 inortuus
1484 4844 1806 4901 coruscavit.
1867 4844 2011 4900 Obiit
2056 4846 2200 4900 circa

626 4945 712 4984 an.
745 4928 869 4981 570.
905 4924 1126 4978 Ghinius
1169 4919 1448 4974 Senensis.

698 5008 720 5036 ε
752 4995 1070 5051 Theodosia.
1114 4989 1249 5046 Cum
1293 4989 1510 5055 quintus
1545 4984 1660 5056 jam
1700 4999 1872 5056 annus
1919 4985 2204 5039 Diocletia-

629 5086 743 5125 neae
795 5063 1175 5132 persecutionis
1219 5055 1557 5132 volveretur,
1601 5055 1899 5132 Theodosia
1943 5058 2091 5126 virgo
2136 5071 2201 5110 ex

626 5141 756 5195 urbe
785 5127 927 5207 Tyro
956 5134 1198 5207 oriunda,
1236 5129 1476 5207 nondum
1506 5127 1810 5207 octodecim
1839 5141 2016 5207 annos
2038 5135 2158 5206 nata
2185 5169 2197 5191 ,

629 5211 694 5264 ad
730 5196 932 5262 vinctos
969 5201 1228 5271 quosdam
1272 5198 1542 5265 accessit,
1589 5196 1681 5264 qui
1726 5203 1848 5271 ante
1875 5196 2200 5271 _prteturium

631 5279 908 5334 sedebant.
959 5265 1074 5340 Quo
1124 5272 1300 5334 iacto,
1355 5277 1608 5340 correpta
1655 5281 1683 5318 a
1733 5265 1987 5319 militibus
2033 5265 2202 5340 dedu-

633 5353 770 5403 citur
798 5349 862 5401 ad
896 5335 1194 5413 praisidem.
1243 5341 1338 5393 Ille
1380 5336 1668 5413 confestim
1699 5349 1818 5413 cum
1849 5349 1966 5388 eam
1998 5335 2202 5413 acerbis

632 5404 909 5475 tormentis
938 5412 1297 5483 excruciasset
1319 5451 1332 5473 ,
1366 5418 1420 5483 e_t
1453 5404 1817 5483 later:t__ipsius
1863 5419 1926 5457 ac
1977 5404 2200 5483 papillas

630 5494 696 5541 ad
730 5489 841 5556 ipsa
871 5500 1036 5554 usque
1065 5496 1187 5556 ossa
1237 5478 1431 5556 ferreis
1477 5475 2046 5556 ungulisexarasset,
2095 5475 2203 5541 spi-

631 5544 838 5613 rantem
867 5544 1041 5611 adhuc
1067 5561 1122 5607 et
1152 5553 1274 5605 lecto
1302 5549 1452 5603 vultu
1478 5555 1668 5601 cuncta
1703 5544 2015 5613 tolerantem
2039 5583 2054 5607 ,
2088 5558 2200 5597 ma-

632 5612 1037 5683 rinistiuctibus
1065 5623 1232 5692 mergi
1274 5620 1459 5688 jussit.
1507 5615 1711 5672 Euseb.
1763 5612 1831 5668 de
1881 5613 2203 5682 Martyribus

630 5697 924 5756 Palaesrinaa
953 5709 1069 5761 cap.
1101 5693 1155 5766 Ἰ-
1255 5761 1264 5766 _
1324 5759 1334 5766 _
1481 5757 1491 5766 ,
1655 5755 1665 5766 .

712 5751 960 5821 Πιανξω.
993 5751 1295 5818 Duodennis
1324 5759 1435 5811 haec
1463 5755 1695 5810 deseruit
1728 5751 2203 5822 parentes,etAle-

641 5840 880 5899 xandriae
909 5851 1001 5908 per
1027 5832 1293 5912 annosi7
1330 5827 1553 5918 publica
1581 5826 1839 5912 meretrix
1882 5825 2033 5883 vixit.
2074 5825 2203 5880 Cum

2315 4562 2584 4613 dationetn
2636 4559 2872 4629 pollicita
2916 4561 3210 4629 ingressum
3253 4557 3478 4629 obtinet.
3523 4557 3660 4610 Tum
3692 4557 3862 4626 gratiis

2311 4632 2552 4696 Deiparze
2582 4628 2736 4693 actis,
2771 4626 3281 4683 monita'Jordanem
3312 4626 3559 4687 transire,
3581 4637 3687 4680 tres
3715 4641 3862 4693 panes

2307 4703 2531 4754 assumit
2559 4699 2608 4752 in
2636 4700 2884 4753 viaticum
2908 4715 2921 4764 ;
2949 4708 3003 4753 et
3027 4699 3376 4752 sacramentis
3405 4699 3613 4750 munita
3641 4712 3863 4752 eremuin

2322 4773 2480 4837 petit,
2518 4770 2691 4837 ibique
2720 4768 2850 4823 vivit
2878 4769 3032 4822 annis
3070 4768 3136 4820 47
3171 4787 3182 4820 :
3227 4779 3490 4837 mortuam
3535 4767 3761 4835 denique
3799 4781 3867 4819 se-

2317 4836 2441 4908 pelit
2472 4840 2528 4895 S.
2561 4839 2770 4892 Zosima
2803 4839 3094 4908 monachus
3124 4838 3212 4905 qui
3242 4836 3412 4908 Vitam
3437 4837 3552 4903 ejus
3577 4837 3861 4905 descripsit.

2306 4907 2450 4965 Obiit
2475 4910 2616 4963 circa
2644 4924 2732 4961 an.
2768 4907 2894 4962 521.
2927 4911 3057 4962 Acta
3087 4907 3224 4974 apud
3261 4907 3501 4960 Bolland.

2397 4984 2419 5046 f‘
2452 4981 2608 5033 Sixti.
2643 4979 2738 5033 Vel
2769 4976 2914 5046 Xysti
2934 5019 2948 5043 ,
2981 4980 3047 5032 de
3073 4995 3180 5046 quo
3212 4978 3331 5032 vide
3361 4977 3494 5030 infra
3524 4977 3556 5028 b'
3584 4977 3798 5045 Aprilis.

2396 5041 2413 5081 ί
2460 5049 2726 5104 interdum
2778 5041 3046 5103 Comedus
3092 5041 3146 5101 et
3198 5048 3469 5114 Sabaoth,
3527 5041 3648 5101 etc;
3690 5047 3872 5101 desunt

2303 5122 2477 5175 omnia
2511 5122 2561 5172 in
2591 5121 2650 5173 L.

2383 5201 2406 5235 κ
2433 5193 2647 5260 Agapes.
2681 5189 2755 5260 De
2783 5188 2862 5241 his
2894 5188 3012 5244 vide
3041 5188 3309 5243 Kalendas
3340 5186 3569 5260 Aprilis.
3590 5187 3772 5243 Primo
3800 5188 3872 5240 hae

2307 5258 2521 5314 sorores
2554 5258 2785 5313 Dulcicio
2836 5260 3042 5326 praesidi
3079 5268 3431 5326 praesentalis,
3482 5258 3573 5324 qui
3621 5260 3869 5311 divinitus

2308 5340 2456 5384 actus
2488 5340 2568 5384 est
2601 5330 2650 5382 in
2680 5332 2935 5382 insaniam
2963 5347 2977 5394 ;
3027 5340 3210 5399 postea
3238 5330 3340 5384 sub
3380 5326 3616 5384 Sisinnio
3647 5330 3875 5399 preside

2304 5410 2571 5454 coronata:
2601 5410 2743 5452 sunt.

2376 5468 2401 5505 ιλ
2434 5470 2750 5522 Theodosiw.
2791 5470 2920 5534 Quae
2950 5471 3110 5523 etiam
3147 5469 3317 5538 pridie
3365 5469 3584 5537 colitur,
3632 5468 3776 5524 falso
3803 5478 3876 5523 ta-

2306 5555 2425 5595 men
2457 5540 2737 5593 aseribitur
2767 5539 3027 5594 Caesarea:
3059 5541 3110 5592 in
3143 5538 3496 5608 Cappadocia.

2383 5610 2613 5663 iSicilia
2658 5639 2726 5649 -—
2769 5610 2971 5665 Cilicia.
3025 5611 3177 5673 Ado,
3235 5607 3543 5670 Usuardus,
3593 5607 3879 5672 Notkerus,

2309 5681 2462 5735 Bmda
2493 5694 2747 5745 cxcusus,
2791 5682 2844 5733 In
2876 5680 3118 5746 Scythia,
3152 5681 3369 5733 civitate
3401 5678 3647 5732 Thornis.

2382 5751 2394 5800 i
2433 5751 2716 5823 Ampriuni.
2765 5750 2978 5823 Forsan
3012 5752 3092 5801 hic
3127 5750 3278 5823 idem
3307 5759 3388 5802 est
3414 5763 3535 5805 cum
3585 5751 3884 5823 Amphiano

2268 5885 2278 5891 ν
2309 5833 2542 5892 martyre
2574 5821 2719 5888 Afro,
2753 5822 2838 5890 qui
2872 5821 3040 5891 pridie
3061 5821 3381 5878 celebratur.
