3988 6346
157 357 240 414 873
1208 343 1405 400 SECT.
1444 341 1508 396 Il.
1549 371 1618 382 —
1658 339 2210 397 MARTYROLOGIA.
3248 343 3352 397 874

1347 454 1574 510 Ευιτιῡ
1612 452 2082 509 COLONIENSIS.

209 559 256 616 C.
284 557 416 612 Pam.
445 551 571 607 Non.
603 549 787 603 APRIL.
821 577 891 588 —
919 549 1198 605 Mediolani
1231 549 1494 620 depositio
1531 545 1668 600 beati
1701 551 1748 607 Α
1847 545 1908 598 F.
1957 544 2046 598 Vll
2105 544 2224 598 lpos
2265 544 2453 599 APRIL.
2485 574 2550 582 —
2585 542 2828 613 Egeslppi
2876 543 2971 598 viri
3010 542 3355 609 sanetissimi,

156 647 374 708 Ambrosii
396 639 619 711 episcopi
661 649 714 694 et
754 639 1102 705 confessoris,
1146 640 1301 706 cujus
1326 639 1500 692 studio
1531 637 1668 691 inter
1775 634 1865 702 qui
1912 633 2122 687 vicinus
2151 635 2514 703 apostolorum
2564 635 2903 702 temporibus
2952 647 3142 689 omnes
3170 649 3198 687 a
3233 649 3356 703 pas-

154 751 308 796 eetera
334 733 569 789 doctrinae
615 738 670 784 et
701 728 1078 784 miraculorum
1131 729 1377 795 insignia,
1433 737 1670 796 tempore
1775 723 1926 777 sione
1968 723 2178 776 Domini
2230 738 2394 792 usque
2423 723 2489 778 ad
2517 739 2665 778 suam
2709 734 2916 779 aztatem
2969 724 3360 779 ecclesiastico~

157 829 352 884 Arrianae
395 820 617 891 perfidia:
664 828 768 874 tota
818 818 965 874 Italia
1017 820 1082 874 ad
1129 818 1458 892 Catholicam
1512 817 1669 873 ﬁdem
1775 830 1892 867 rum
1924 825 2132 868 actuum
2163 824 2348 868 texens
2380 815 2645 882 historias,
2677 817 2949 886 multaque
2977 817 3042 869 ad
3071 817 3355 870 utilitatem

154 930 363 974 conversa
393 921 486 967 εει,
1777 903 2064 972 legentium
2100 904 2443 972 pertinentia,
2476 906 2597 961 hinc
2648 907 2770 962 inde
2808 923 3160 976 congregans,
3191 912 3352 976 quin-

208 1011 260 1065 D.
305 1008 420 1062 Nos.
465 1006 650 1059 APRIL.
681 1032 751 1042 —
827 1001 1223 1057 Thessalonicae
1253 1001 1432 1055 natale
1475 1008 1672 1054 sancta:
1777 1011 1880 1065 que
1935 996 2097 1051 libros
2152 999 2477 1066 composuit,
2520 999 2710 1068 quibus
2773 1014 3051 1054 sermones
3095 1000 3359 1070 implicuit

155 1101 336 1170 llyrenis
363 1094 589 1166 virginis,
614 1108 731 1161 qua:
773 1099 890 1160 post
918 1091 1254 1146 tolerantiam
1297 1089 1549 1154 carceris,
1586 1105 1676 1142 sa—
1777 1103 1984 1154 eortun,
2040 1104 2263 1159 quorum
2318 1089 2480 1144 vitam
2536 1092 2860 1146 sectabatur.
2903 1091 3117 1146 Dicendi
3148 1107 3357 1160 quoque

155 1192 248 1258 gitta
275 1199 501 1255 percussa
547 1195 627 1238 est
668 1197 698 1235 a
743 1181 937 1236 Sisinio
979 1181 1193 1244 comite,
1227 1179 1323 1233 sub
1353 1193 1457 1247 quo
1498 1186 1553 1233 et
1582 1193 1672 1231 so-
1778 1179 2113 1247 exprimebat
2161 1181 2550 1243 characterem,
2591 1182 2890 1250 asseritque
2935 1198 2994 1237 se
3025 1184 3236 1238 venisse
3259 1184 3361 1238 sub

154 1292 268 1332 rores
287 1277 387 1344 ejus
414 1274 566 1330 simul
596 1273 808 1343 Agapes
832 1280 886 1325 et
908 1269 1131 1325 Chionia
1173 1269 1491 1339 martyrium
1523 1284 1673 1322 com-
1782 1273 2004 1322 Aniceto
2055 1270 2300 1336 Romam,
2332 1273 2420 1340 qui
2468 1273 2708 1326 decimus
2738 1283 2857 1342 post
2902 1273 2960 1326 B.
2992 1272 3206 1328 Petrum
3238 1276 3356 1342 epi-

154 1369 394 1436 pleverunt.
446 1366 570 1418 Item
615 1363 756 1431 apud
816 1361 1108 1430 Egyptum
1149 1361 1324 1414 natale
1368 1370 1674 1413 sanctorum
1780 1375 1973 1428 scopus
2021 1361 2140 1427 fuit,
2181 1370 2237 1416 et
2265 1377 2640 1430 perseverasse
2670 1379 2835 1431 usque
2876 1365 2942 1419 ad
2991 1365 3356 1420 Eleutherium

156 1459 385 1525 Marciani,
438 1456 739 1519 Nicanoris,
810 1452 1100 1520 Apollonii.
1161 1451 1317 1521 Apud
1375 1452 1673 1505 Caesaream
1783 1451 2018 1520 ejusdem
2052 1451 2196 1506 urbis
2218 1452 2550 1520 episcopum,
2581 1455 2670 1519 qui
2698 1455 2906 1509 Aniceti
2939 1455 3208 1524 quondam
3238 1455 3360 1509 dia-

151 1551 302 1620 Lycite,
333 1550 494 1604 natale
523 1549 690 1601 sancti
719 1545 1039 1616 Amphiani.
1781 1558 1945 1597 conus
2001 1543 2190 1597 fuerat.
2225 1542 2369 1598 Idem
2420 1560 2632 1614 quoque
2665 1546 2954 1614 Egesippus
2984 1546 3036 1600 in
3066 1547 3217 1600 libris
3250 1547 3361 1602 suis

203 1641 252 1695 E.
282 1641 374 1695 \illl
423 1642 538 1694 lous
581 1641 772 1693 APRIL.
811 1667 884 1680 —
915 1637 1098 1690 Romae
1138 1636 1305 1691 sancti
1336 1635 1470 1690 Sixti
1502 1650 1673 1706 papae,
1783 1632 1946 1688 refert
1975 1633 2042 1686 de
2086 1636 2491 1689 conversatione
2536 1651 2652 1703 sua,
2688 1651 2847 1704 quam
2892 1636 3076 1690 habuit
3128 1637 3179 1691 in
3227 1652 3360 1705 gen-

149 1728 647 1798 quirexitEcclesiam
681 1741 851 1781 annos
873 1726 1078 1790 decem,
1101 1740 1315 1780 menses
1351 1725 1505 1789 duos,
1537 1726 1676 1779 diem
1782 1722 1858 1776 tili
1912 1723 2281 1791 phi'loSOphia;
2338 1739 2458 1778 nam
2505 1734 2560 1780 et
2603 1741 2702 1795 ego
2751 1727 2897 1795 ipse,
2945 1726 3151 1795 inquit,
3188 1727 3354 1780 sectis

150 1835 294 1874 unuin.
344 1819 524 1872 Passus
574 1827 657 1872 est
709 1828 885 1870 autem
938 1816 1264 1884 temporibus
1319 1815 1538 1868 Adriani
1573 1815 1672 1868 im-
1782 1811 2068 1866 Platonicis
2119 1814 2410 1878 institutus,
2440 1816 2661 1869 audiens
2711 1815 2958 1873 infamari
2999 1803 3358 1881 Christianos,

148 1911 378 1976 peratoris.
427 1910 480 1964 lu
506 1908 706 1964 Sirmio
751 1908 922 1962 natale
959 1907 1140 1960 lrenzei
1173 1907 1409 1976 episcopi
1439 1906 1679 1975 ejusdem
1713 1897 1759 1956 B
1787 1912 1838 1958 et
1884 1906 2070 1960 videns
2123 1921 2215 1960 eos
2261 1906 2558 1974 impavidos
2597 1909 2664 1962 ad
2694 1908 3088 1976 suscipiendam
3131 1921 3362 1964 mortem

149 2002 243 2056 loci.
1780 2008 1941 2066 atque
1968 2012 2128 2052 omne
2166 1999 2482 2068 supplicium
2528 2000 2896 2066 tolerandum,
2952 2000 3364 2055 considerabam

1341 2092 1563 2146 EDITIO
1609 2089 2116 2146 ROLLANDIANA.

199 2191 244 2248 4.
266 2219 327 2231 -
350 2191 388 2245 ll
417 2189 615 2245 Nomas.
665 2189 961 2245 Mediolano
981 2187 1246 2257 depOsitio
1271 2186 1327 2241 S.
1358 2195 1381 2219 α
1407 2185 1672 2238 Ambrosii

145 2283 435 2340 confessoris.

199 2375 330 2428 Addit
358 2373 543 2428 Florus
596 2374 647 2427 in
675 2375 763 2438 A.,
795 2373 882 2438 T.,
913 2371 1000 2438 L.,
1028 2372 1128 2441 Qui
1154 2371 1455 2440 ingentibus
1481 2371 1680 2425 doctri-

146 2461 208 2517 nis
221 2464 496 2517 coruscavit
524 2471 581 2517 et
611 2462 916 2516 virtutibus.

199 2555 246 2608 B.
277 2555 323 2607 In
351 2555 722 2609 Thessalonica
772 2563 882 2607 nat.
916 2553 1014 2609 SS.
1046 2552 1074 2590 ι)
1105 2551 1398 2619 Agathonis
1445 2552 1676 2617 diaconi,

148 2623 380 2679 Theodoli.
411 2625 574 2690 Alibi,
609 2625 778 2692 Pauli,
810 2623 1071 2687 Matutini,
1097 2622 1318 2677 Orbani.

198 2726 242 2782 5.
269 2754 331 2765 —
354 2725 532 2778 Νοιιις.
564 2723 624 2778 in
653 2723 1029 2777 Thessalonica
1056 2722 1230 2777 natale
1259 2723 1280 2750 ε
1313 2722 1493 2778 [renes
1519 2742 1531 2776 :
1561 2739 1680 2792 quas

146 2822 236 2879 post
261 2813 581 2867 tolerantiam
631 2815 863 2868 carceris
909 2820 964 2866 et
992 2813 1439 2881 interrogationes
1486 2815 1676 2882 sagitta

146 2918 350 2971 percussa
386 2914 465 2958 est
499 2919 530 2958 a
576 2903 813 2958 Sisinnio
841 2903 1072 2957 comite:
1112 2904 1210 2956 sub
1258 2918 1362 2972 quo
1388 2911 1442 2958 et
1469 2918 1680 2958 sorores

142 2995 233 3063 ejus
256 2996 419 3064 Agape
445 3007 500 3051 et
527 2996 756 3050 Chionia
779 2995 1270 3066 martyrizaveruut.

197 3093 270 3156 V.,
297 3094 344 3147 ln
373 3095 398 3131 ά
425 3095 606 3149 Sicilia
648 3093 856 3148 Taraci.
907 3087 994 3156 (λ,
1045 3093 1098 3146 In
1140 3093 1442 3148 Nicomedia
1492 3098 1682 3152 natalis

143 3161 392 3225 Claudiani,
411 3165 623 3218 Taraci.
652 3165 736 3226 Β..
767 3165 819 3216 In
838 3163 1138 3217 Nicomedia
1171 3168 1357 3217 natalis
1372 3165 1466 3219 SS.
1497 3178 1519 3202 θ
1546 3168 1684 3221 Mar-

143 3233 260 3294 tiani,
299 3234 560 3298 Nicandri,
600 3235 881 3299 Apollonii.
929 3235 1333 3286 lnAlexandria
1365 3237 1539 3291 natale
1583 3239 1678 3293 SS.

143 3301 314 3372 Didymi
341 3305 661 3376 presbyteri,
682 3304 902 3371 Quirici,
936 3305 1199 3369 l’anerati,
1237 3303 1503 3360 Successi.

195 3393 239 3450 6.
261 3422 327 3436 —
350 3396 458 3452 Vlll
486 3398 635 3452 lous.
670 3396 833 3450 Vacat
864 3395 1039 3450 Bzeda.

1710 3323 1757 3383 C

1856 2181 2134 2236 Florus‘in
2189 2185 2255 2237 A.
2286 2182 2471 2248 T.,‘ln
2515 2183 2879 2239 Sirmiensium
2928 2184 3143 2237 civitate
3187 2185 3366 2251 passio

1785 2271 1844 2324 S.
1879 2269 1897 2308 ί
1933 2271 2116 2325 Irenazi
2147 2273 2385 2342 episcopi
2413 2290 2426 2324 :
2473 2275 2561 2341 qui
2590 2273 2767 2340 gladio
2793 2283 2878 2327 est
2908 2287 3189 2340 percussus
3221 2283 3371 2327 tem-

1789 2377 1915 2432 pore
1943 2362 2254 2416 Diocletiani
2283 2363 2637 2430 imperatoris.

1863 2451 1920 2503 D.
1956 2450 2157 2522 87Xysti
2191 2466 2336 2519 papa:
2367 2463 2418 2506 et
2443 2453 2708 2522 martyris,
2757 2451 3087 2518 temporibus
3114 2451 3370 2506 Hadriani

1788 2523 1949 2589 passi.
1984 2521 2070 2583 V.,
2120 2522 2462 2581 Nicomedia},
2497 2521 2520 2557 ιι
2550 2523 2734 2582 Firmi,
2776 2523 2956 2575 lrenaei
2997 2522 3253 2588 episcopi.
3303 2525 3373 2575 Et

1788 2591 1908 2644 alibi
1935 2593 2130 2660 natalis
2151 2591 2207 2646 S.
2259 2593 2491 2645 Marinie.
2541 2595 2605 2645 A.
2636 2592 2699 2644 Τ.
2755 2591 2840 2652 L.,
2891 2592 3052 2660 Libya
3102 2591 3370 2658 superiori

1789 2659 2088 2784 gataleSS.
2120 2659 2135 2698 ί
2171 2661 2434 2716 Theodori
2464 2663 2718 2730 episcopi,
2773 2659 2999 2714 Erena‘i'
3026 2661 3260 2723 diaconi,
3308 2672 3364 2717 et

1833 2746 2114 2784 erantonts.

1833 2746 2114 2783 erantonts.

1859 2747 2125 2865 ’Ἐρῧῖηέἰξ
2153 2801 2209 2856 ln
2239 2800 2414 2854 Africa
2458 2803 2629 2854 natale
2656 2799 2713 2854 S.
2749 2811 2763 2850 ι
2805 2799 3081 2865 Epiphanii
3106 2801 3370 2870 episcopi,

1792 2870 1998 2936 Donati,
2046 2872 2216 2925 Ruﬁni
2251 2871 2447 2939 [ltuliui
2476 2874 2638 2925 addit.
2667 2870 2853 2939 inuB.],
2897 2872 3115 2924 Modesti
3146 2884 3199 2924 et
3227 2872 3361 2922 alio-

1788 2942 2178 3013 rll_n]llll_d¢Ciln
2213 2938 2297 3013 [Β.
2343 2959 2444 2995 om.
2479 2938 2766 3010 undecim].
2814 2938 2898 3002 (λη
2951 2942 3004 2994 lu
3046 2940 3224 3013 Africa
3268 2954 3372 3013 tia-

1790 3011 1891 3064 tale
1922 2996 2246 3078 Epiphaniai,
2285 3012 2482 3065 Rulini.
2517 3013 2598 3074 8.,
2633 3013 2684 3064 In
2717 2996 3012 3064 Nicomedia
3044 3010 3227 3074 Firmi,
3265 3011 3368 3064 Be-

1789 3081 1933 3132 nerei
1991 3083 2267 3150 episcopi..
2295 3082 2348 3135 In
2395 3083 2585 3136 Sirmia
2632 3082 2857 3143 ltulinie,
2907 3081 3208 3142 Moderatio,
3262 3081 3370 3132 Ito-

1790 3165 1998 3219 manas,
2055 3151 2283 3206 Secundi
2329 3167 2450 3206 cum
2510 3153 2629 3206 aliis
2668 3162 2894 3219 septem.
2965 3152 3020 3204 lu
3058 3151 3367 3205 Macedonia

1796 3217 1821 3256 ’ί
1852 3221 2137 3286 Timothei,
2175 3223 2446 3291 Diogenis.

1862 3310 1914 3362 7.
1945 3338 2012 3352 —
2046 3311 2132 3365 VII
2161 3313 2474 3367 loos.Vacat
2506 3311 2682 3366 Baeda.

1856 3402 2046 3459 Florus
2075 3403 2128 3459 itt
2159 3408 2225 3460 A.
2255 3405 2341 3472 T.,
2386 3406 2443 3460 In
2497 3405 2851 3460 Chalcedonia
2901 3406 3077 3473 passio
3108 3404 3168 3462 S.
3201 3400 3222 3444 λ
3252 3401 3368 3459 Ett-

1495 3505 1702 3564 SMITH
1742 3511 1972 3570 NOTAE.

195 3609 217 3637 ⁸
237 3599 500 3656 Ambrosii.
554 3601 633 3654 De
663 3598 763 3652 hoc
807 3597 929 3652 vide
961 3595 1093 3652 infra
1124 3597 1154 3650 7
1192 3597 1444 3652 Dccemb.
1476 3595 1680 3654 Colitur

145 3669 185 3721 in
218 3674 416 3736 antiquo
464 3671 672 3724 missali
702 3679 755 3724 et
794 3669 1063 3722 Breviario
1117 3668 1365 3721 Ecclesia:
1415 3667 1680 3724 Mediola-

144 3742 287 3794 nensis
311 3743 392 3795 die
420 3741 452 3792 5
483 3740 686 3807 Aprilis
713 3757 724 3791 :
769 3753 952 3792 verum
984 3738 1178 3804 passim
1207 3737 1257 3790 in
1287 3738 1678 3808 Martyrologiis

139 3819 178 3862 et
196 3813 436 3864 variarum
465 3806 828 3864 Ee’clesiarum
864 3810 1141 3862 Brevi-ariis
1170 3810 1359 3861 colitur
1389 3806 1488 3860 hoc
1516 3806 1548 3858 4
1581 3809 1681 3877 Ap-

142 3880 267 3942 rilis,
301 3883 450 3947 quasi
503 3882 666 3933 hodie
715 3887 952 3931 mortuus
995 3888 1139 3932 esset
1189 3877 1359 3945 pridie
1407 3878 1680 3933 Paschatis

140 3961 253 4000 anno
277 3952 393 4015 397,
427 3967 534 4018 quo
574 3949 773 4002 Pascha
799 3949 1126 4002 celebratum
1155 3958 1236 4000 est
1265 3948 1299 3999 5
1321 3948 1680 4018 Aprilis.Ali-

139 4021 296 4084 quibus
321 4017 494 4075 tamen
527 4020 706 4074 obitus
733 4019 848 4086 ejus
897 4020 1102 4072 videtur
1133 4017 1443 4071 referendus
1489 4017 1554 4069 ad
1580 4035 1677 4072 an-

139 4103 237 4160 num
261 4103 565 4160 sequentem
592 4090 721 4150 597,
767 4090 906 4156 quia
942 4089 1172 4160 posteris
1197 4102 1391 4160 annum
1422 4087 1559 4160 adie
1590 4104 1680 4155 pa-

140 4157 745 4226 schalis'incipientibus
795 4159 1159 4211 includebatur
1213 4159 1386 4210 adhuc
1439 4157 1488 4208 in
1534 4172 1677 4211 anno

137 4227 236 4281 397.
263 4232 360 4284 Sed
390 4231 534 4298 quod
569 4230 771 4282 l’ascha
805 4239 926 4281 tunc
955 4227 1578 4298 fueritcelebratum‘die
1613 4229 1681 4281 18

135 4299 321 4364 Aprilis.
351 4296 531 4353 obitus
565 4299 681 4364 ejus
713 4301 848 4351 l'oret
893 4297 1208 4351 statuendus
1235 4298 1319 4351 die
1352 4296 1436 4350 17.
1469 4296 1680 4353 Festum

135 4369 227 4433 ejus
250 4370 296 4422 in
321 4371 564 4424 Ecclesia
600 4370 835 4420 Itomaua
851 4378 904 4420 et
935 4368 1312 4422 Mediolanensi
1344 4367 1682 4435 potissimum

135 4438 400 4493 celebratur
430 4442 458 4490 7
495 4438 825 4492 Decembris.
857 4439 1121 4490 Boccasn.

191 4506 211 4541 δ
236 4511 531 4578 Agathonis.
565 4508 626 4560 lli
648 4509 751 4578 sub
779 4508 1097 4560 Maximiano
1129 4508 1445 4578 imperatore
1467 4515 1521 4559 et
1548 4507 1683 4559 Fau-

132 4579 245 4632 stino
278 4575 510 4649 praeside
537 4579 606 4632 ob
633 4577 946 4649 Christiana:
977 4578 1096 4649 lidei
1122 4575 1534 4649 confessionem,
1567 4580 1683 4630 alli-

133 4659 231 4709 gato
257 4647 318 4702 ad
344 4652 544 4704 collum
573 4663 728 4711 saxo,
771 4648 821 4698 in
854 4663 999 4700 mare
1041 4648 1273 4700 demersi
1311 4656 1452 4700 sunt.
1487 4647 1681 4701 Baron.

133 4715 368 4787 Martyroi.
401 4720 644 4787 Tempus
668 4718 902 4786 martyrii
931 4732 1033 4769 non
1058 4725 1264 4787 tantum
1289 4726 1501 4787 notatur
1523 4717 1684 4773 fuisse

130 4787 211 4841 sub
245 4786 574 4842 Maximiano
617 4786 860 4850 Caesare,
908 4787 1106 4839 scilicet
1154 4786 1388 4852 Galerio,
1441 4786 1682 4856 adeoque

133 4868 229 4921 post
251 4874 448 4913 annum
486 4857 623 4921 295,
669 4860 880 4925 quando
923 4856 1006 4910 hic
1058 4871 1156 4908 una
1209 4871 1328 4909 cum
1374 4857 1684 4912 Constantio

131 4926 298 4982 Chloro
326 4933 509 4982 Caesar
542 4928 715 4980 dictus
743 4935 825 4980 est
852 4928 916 4977 ab
949 4929 1110 4992 impp.
1142 4925 1471 4979 Diocletiano
1495 4935 1548 4980 et
1574 4930 1683 4983 Ma-

133 4999 372 5052 ximiano:
423 5000 521 5052 sed
556 5002 715 5051 etiam
761 4997 1067 5064 intelligitur
1098 4994 1299 5049 diﬂ‘erri
1327 5000 1522 5050 debere
1550 5001 1686 5052 ultra

127 5080 295 5122 annum
317 5071 445 5130 302,
478 5068 697 5135 quando
730 5069 896 5134 primo
925 5067 1157 5120 edictum
1188 5077 1268 5119 est
1291 5075 1348 5119 ιιι
1370 5067 1506 5119 sacri
1534 5067 1686 5120 Chri-

127 5137 392 5194 stianorum
414 5139 545 5194 libri
576 5139 1032 5190 comlmrerentur.
1059 5137 1187 5188 Nam
1222 5136 1442 5203 legimus
1471 5137 1520 5188 in
1541 5138 1686 5192 Actis

125 5221 284 5262 eorum
310 5215 453 5278 quod
488 5207 775 5261 Faustinus
801 5221 982 5260 sacros
1010 5207 1172 5261 libros
1193 5206 1259 5260 ab
1288 5205 1562 5261 Theodulo
1584 5209 1682 5262 im-

129 5287 315 5342 petrare
343 5287 663 5333 conaretur.
1261 5289 1266 5292 ‘

191 5355 209 5382 ε
230 5347 423 5403 lrenes.
445 5349 586 5414 Quae
616 5357 892 5415 postquam
917 5347 1104 5416 sagitta
1132 5359 1403 5412 percussa,
1434 5345 1557 5416 igne
1578 5361 1688 5401 cre-

126 5430 245 5470 mata
273 5429 375 5485 est,
413 5431 471 5472 ut
503 5418 690 5470 scribit
719 5417 976 5470 Duronius
1009 5419 1059 5469 in
1092 5416 1487 5486 Martyrologio.
1520 5417 1689 5472 Soro-

125 5502 196 5557 res
215 5488 323 5556 ejus
349 5503 532 5557 passae
565 5501 719 5554 supra
737 5487 988 5543 dicuntur
1011 5487 1094 5542 vel
1118 5487 1395 5554 Kalendis,
1420 5487 1503 5541 vel
1534 5487 1691 5542 tertio

121 5555 275 5611 Nonas
301 5555 528 5627 Aprilis.

177 5629 200 5662 ά
231 5625 435 5682 Sicilia.
470 5627 658 5682 Potius
679 5627 864 5681 Cilicia
890 5644 904 5692 ;
954 5626 1041 5681 ubi
1070 5625 1308 5681 Taracus
1339 5641 1458 5682 cum
1517 5626 1690 5681 Probo

187 5701 492 5754 Andronico
524 5712 713 5766 passus
742 5699 801 5751 Η
835 5699 1104 5767 Octobris,
1155 5713 1260 5769 quo
1291 5699 1378 5755 die
1421 5696 1559 5754 infra
1597 5713 1690 5755 co-

198 5781 294 5825 lul'.

344 5924 358 5932 _
383 5864 668 5922 Ρλτιιοι..
719 5860 936 5924 XCIV.

1857 3615 1879 3640 θ
1911 3606 2178 3661 Martiani.
2233 3606 2292 3660 Hi
2326 3621 2428 3658 non
2473 3616 2618 3661 recte
2643 3606 2892 3660 dicuntur
2927 3606 3066 3673 passi
3108 3605 3160 3657 in
3208 3603 3367 3657 Nico-

1782 3677 1952 3730 media
1983 3694 1995 3738 ;
2031 3694 2147 3730 nam
2179 3677 2316 3740 apud
2349 3675 2642 3745 Egyptum
2687 3678 2990 3729 referuntur
3023 3679 3072 3727 in
3109 3676 3374 3745 Martyro-

1782 3747 1934 3814 logiis
1964 3749 2022 3803 S.
2058 3747 2389 3817 Hieronymi,
2413 3743 2631 3810 Adonis,
2660 3747 2904 3810 Usuardi,
2932 3744 3171 3808 Notkeri,
3200 3755 3255 3798 et
3279 3743 3374 3797 ad-

1781 3819 2084 3870 ditamentis
2109 3819 2248 3870 Flori
2279 3820 2364 3870 die
2455 3817 2622 3870 Junii.

1857 3907 1874 3944 ί
1910 3905 2110 3960 Ινεηωὶ.
2155 3909 2251 3972 Qui
2283 3915 2558 3974 postquam
2592 3905 2769 3973 gladio
2797 3904 3102 3958 subcProho
3134 3902 3364 3974 praeside

1782 3977 2068 4030 translixus
2097 3989 2200 4042 est,
2229 3973 2495 4045 projectus
2525 3989 2606 4031 est
2633 3979 2687 4030 in
2716 3976 2930 4029 [luvium
2962 3976 3051 4042 qui
3081 3973 3206 4028 Savi
3237 3987 3365 4026 nun-

1786 4057 2034 4112 cupatur.

1857 4148 1882 4184 ε
1911 4136 2083 4206 Xysti.
2130 4139 2224 4194 llic
2254 4139 2545 4195 secundum
2595 4139 2876 4199 Irenaeum,
2931 4135 3070 4189 libro
3100 4144 3372 4189 utcontra

1788 4208 2047 4274 ll.t~reses,
2071 4223 2190 4278 cap.
2224 4210 2276 4274 5,
2325 4209 2585 4264 successit
2610 4210 2934 4268 Alexandro,
2961 4218 3012 4260 et
3043 4215 3223 4278 sextus
3251 4207 3372 4272 epi-

1784 4294 1979 4346 scopus
2009 4284 2075 4332 ab
2122 4280 2376 4346 apostolis
2421 4281 2742 4335 constitutus
2773 4287 2876 4330 est.
2925 4277 3076 4332 Sedit
3103 4289 3131 4328 a
3161 4289 3366 4329 consu-

1784 4349 2052 4418 latuNigri
2077 4358 2131 4403 et
2157 4350 2473 4418 Aproniani,
2503 4363 2578 4403 sc.
2609 4363 2748 4402 anno
2771 4349 2893 4412 117,
2926 4347 2995 4401 ad
3017 4360 3218 4418 annum
3239 4346 3368 4418 127,

1785 4421 1835 4472 id
1865 4417 2441 4485 est,’annosdeeem,
2495 4434 2706 4474 menses
2757 4429 2864 4471 tres
2903 4429 2956 4471 et
3007 4417 3123 4470 dies
3171 4417 3365 4485 viginti

1787 4503 1990 4543 unum:
2035 4499 2319 4544 coronatus
2370 4492 2530 4559 igitur
2578 4499 2659 4542 est
2698 4490 2954 4558 martyrio
2991 4500 3134 4540 anno
3166 4486 3230 4559 ψ
3264 4485 3367 4559 [Ia-

1787 4561 1956 4611 driani
1990 4562 2348 4627 imperatoris.
2377 4553 2630 4628 Sepultus
2656 4567 2740 4612 est
2769 4553 2920 4624 juitta
2951 4556 3234 4628 corpus_B.
3269 4553 3372 4628 Ife-

1789 4629 1935 4681 tri-in
1981 4625 2248 4683 Vaticano.
2293 4631 2422 4684 Acta
2456 4625 2522 4686 'S.
2567 4629 2702 4684 Sixti
2756 4629 2808 4682 in
2857 4629 3099 4697 catalogo
3148 4625 3372 4680 Pontili-

1788 4713 1928 4751 cutn.
1959 4700 2033 4754 De
2061 4700 2162 4754 hoc
2189 4703 2348 4753 etiam
2381 4701 2499 4754 vide
2527 4715 2584 4753 ιιι
2612 4700 2810 4753 Nonas.

1862 4788 1884 4825 ιι
1913 4787 2099 4846 Firmi.
2131 4791 2430 4847 Galesinius
2468 4793 2629 4847 habet
2656 4812 2667 4845 :
2703 4793 2891 4848 Μοῖραι
2917 4795 2969 4846 in
2986 4789 3228 4860 Bithynia
3261 4787 3365 4860 SS.

1741 4887 1765 4940 )
1796 4860 1981 4940 Ιῖιιίιιί3
2007 4871 2136 4925 etc.,
2169 4863 2276 4940 qui
2301 4863 2859 4940 Jul_i_ano_lmperatore
2886 4877 3081 4940 corona
3121 4859 3364 4928 martyrii

1799 4931 1980 5002 donati
2009 4943 2152 4987 sunt.
2181 4933 2348 5001 llujus
2379 4933 2541 4986 Firmi
2563 4943 2722 5002 caput
2750 4933 3010 4996 asservari
3053 4933 3376 5002 Interatnntn

1799 5000 1851 5053 in
1887 5001 2100 5055 Umbria
2125 5004 2178 5055 in
2200 4998 2424 5056 ecclesia
2457 4998 2746 5058 cathedrali
2777 5004 2963 5057 scribit
2988 5003 3281 5058 Jacobillus
3306 4998 3375 5053 de

1797 5071 2036 5138 reliquiis
2058 5072 2216 5141 hujus
2239 5073 2404 5127 urbis.

1875 5165 1887 5202 ί
1925 5164 2550 5238 T/ieodori_.__Usuardus,
2594 5164 2711 5238 Ado
2743 5173 2794 5218 et
2820 5165 2920 5218 alia
2942 5234 2952 5238 _
2977 5163 3372 5238 Martyrologia,

1799 5235 1896 5288 hos
1923 5236 2104 5288 colunt
2125 5233 2194 5286 26
2220 5231 2419 5301 Martii,
2448 5243 2504 5290 et
2531 5235 2669 5302 apud
2684 5234 3011 5303 Pentapolim
3045 5231 3224 5306 Libyae
3248 5231 3367 5307 pas;

1797 5320 1887 5359 sos
1917 5307 2174 5360 scribunt.

1871 5397 1884 5446 i
1925 5396 2223 5464 Epipltanii.
2257 5396 2458 5452 Horum
2488 5395 2798 5451 memoriam
2828 5383 3100 5454 Usuardus
3120 5407 3175 5452 et
3205 5397 3373 5453 Baro-

1796 5468 1916 5522 nius
1947 5468 2206 5535 postridie
2233 5469 2525 5521 celebrant.

1870 5559 1895 5597 ιι
1928 5559 2196 5632 Timothei.
2226 5560 2379 5632 ‘Yide
2405 5561 2472 5616 de
2496 5562 2600 5632 alio
2629 5568 2683 5616 et
2721 5561 3004 5618 Timotheo
3033 5571 3088 5619 et
3132 5561 3368 5632 Diogene

1797 5646 1870 5688 VII
1901 5631 2018 5685 Kal.
2048 5641 2102 5686 et
2129 5646 2198 5686 vn
2222 5630 2342 5685 ldus
2373 5626 2591 5698 Aprilis.

1875 5702 1894 5742 ι
1924 5701 2245 5772 Ειιριιειιιίω.
2275 5701 2346 5757 De
2368 5701 2450 5756 his
2472 5714 2655 5765 agetur
2687 5702 2752 5757 15
2787 5703 3004 5772 Aprilis.

2856 5859 2932 5919 28
