3988 6346
596 343 699 399 87:”)

1339 336 1540 393 uena:
1585 334 2032 391 VENERABILIS
2071 331 2220 388 opp.
2264 330 2440 387 cans
2480 332 2568 388 tv.
2608 358 2677 373 -
2716 316 3095 389 lllSTORICA.

3742 332 3837 389 876

1852 454 2079 511 EDITIO
2115 452 2576 509 COLONIENSIS.

595 553 739 623 quod
770 549 1095 624 impossibile
1132 556 1298 614 esset,
1330 549 1382 602 in
1412 549 1607 601 malitia
1654 555 1815 618 atque
1861 547 1914 600 in
1946 545 2167 600 libidine
2192 550 2247 606 Α
2271 543 2429 613 digne
2458 552 2737 598 veneratur
2762 587 2778 611 ,
2823 545 3157 598 translatum.
3209 543 3266 599 In
3308 542 3482 599 Africa
3531 547 3707 630 natale
3747 548 3832 606 ιι.

592 660 691 698 eos
742 641 1067 697 conversari.
1134 638 1317 694 Romae
1369 638 1622 695 Celestini
1675 638 1855 705 Papae,
1887 636 1980 707 qui
2028 638 2169 691 rexit

596 732 891 787 Ecclesiam
957 744 1128 785 annos
1189 739 1330 785 octo.
1402 729 1495 784 llic
1558 728 1874 794 constituit,
1919 739 1976 782 ut
2019 742 2171 783 sacra

597 821 845 891 mysteria
898 834 1006 873 non
1054 826 1407 873 tractarentur
1456 817 1556 871 nisi
1595 832 1625 870 a
1665 818 1837 871 sacris
1878 816 2167 880 ministris;

596 923 651 967 et
694 912 1015 979 quicumque
1059 910 1339 977 episcopus
1382 917 1633 962 evocatus
1665 907 1851 961 fuisset
1875 906 1942 960 ad
1987 907 2170 962 sedem

597 1001 964 1070 apostolicam,
1016 999 1231 1052 rediens
1260 997 1327 1051 ad
1374 997 1681 1065 parochiam
1712 1010 1889 1063 suam,
1928 1012 2035 1050 non
2086 1011 2172 1050 re-

597 1094 885 1160 ciperetur,
918 1089 1019 1143 nisi
1047 1087 1391 1144 salutatorias
1421 1088 1650 1153 litteras,
1678 1088 1779 1141 hoc
1805 1095 1883 1142 est
1916 1086 2173 1140 formatas

596 1200 626 1237 a
679 1183 806 1237 sede
856 1178 1165 1248 apostolica,
1195 1176 1333 1245 plebi
1380 1176 1673 1230 detulisset.
1730 1176 1827 1231 llic
1851 1175 2011 1231 etiam
2040 1192 2172 1232 con-

594 1274 785 1333 stituit,
833 1280 890 1324 ut
920 1271 1059 1323 intra
1088 1267 1355 1321 actionem
1389 1266 1700 1329 missarum,
1732 1264 1983 1329 Sanctus,
2028 1266 2169 1321 San-

598 1374 734 1427 ctus,
794 1363 1023 1417 Sanctus
1077 1358 1472 1419 decantaretur,
1521 1364 1578 1410 et
1606 1366 1665 1409 ut
1708 1354 1905 1409 Psalmi
1935 1354 2173 1410 Davidici

597 1463 810 1507 centum
840 1448 1219 1519 quinquaginta
1261 1444 1739 1499 ante'sacrillcium
1783 1444 2175 1514 antiphonatim

604 1553 956 1607 canerentur;
989 1554 1111 1593 nam
1159 1546 1318 1591 antea
1365 1544 1566 1590 tantum
1599 1534 1838 1604 epistolae
1867 1536 2172 1591 recitaban-

596 1647 711 1699 tur,
750 1640 806 1687 et
849 1638 1091 1685 sanctum
1134 1625 1500 1693 Evangelium.
1546 1622 1605 1678 In
1652 1623 1971 1678 Alexandria
2000 1625 2177 1678 natale

607 1723 835 1779 l’eleusii
862 1718 1175 1791 presbyteri.
1203 1716 1259 1770 In
1281 1714 1585 1771 Nicomedia
1612 1714 1789 1768 natale
1816 1711 2024 1783 Cyriaci
2053 1727 2175 1768 cum

603 1814 721 1867 aliis
741 1813 947 1866 decem.

2273 635 2482 701 nuarii,
2530 634 2810 701 Maximaz',
2862 635 3113 691 Macharii
3157 644 3212 692 et
3258 636 3313 691 in
3358 636 3678 709 Carthagine
3711 656 3832 699 con-

2271 738 2457 780 08888.

2346 819 2410 872 A.
2453 816 2496 872 V
2526 817 2645 877 lpus
2668 820 2857 873 Aram.
2886 847 2959 858 —
2980 818 3130 887 Apud
3157 818 3408 874 Sirmium
3437 822 3615 876 natale
3642 833 3826 890 septem

2271 905 2534 975 virginum
2563 921 2682 975 qua:
2722 907 2773 960 in
2819 921 2985 960 unum
3024 917 3332 962 meruerunt
3372 911 3647 965 coronari.
3690 914 3825 981 Apud

2274 996 2612 1051 Antiochiam
2662 997 2803 1051 beati
2850 996 3107 1052 Prochori
3155 999 3404 1065 diaconi,
3453 1002 3825 1071 prmelarissimi

2273 1072 2379 1144 ﬁde
2425 1097 2479 1144 et
2521 1088 2789 1143 miraculis
2833 1088 2969 1156 viri,
3020 1090 3276 1160 martyrio
3318 1093 3711 1159 consummati;
3751 1096 3826 1163 qui

2277 1195 2415 1234 unus
2457 1179 2556 1233 fuit
2598 1179 2665 1233 de
2696 1188 2902 1248 septem
2934 1180 3119 1248 primis
3140 1180 3452 1236 diaconlbus
3485 1183 3662 1251 ibique
3695 1187 3826 1253 quie-

2273 1270 2563 1323 scentibus.

2347 1360 2407 1415 Β.
2450 1359 2513 1413 IV
2559 1360 2675 1415 laus
2702 1360 2891 1414 Aean.
2921 1387 2992 1399 —-
3023 1358 3316 1415 Ezechielis
3344 1361 3637 1430 prophetae.
3666 1362 3824 1419 Roma:

2273 1448 2548 1505 beatorum
2576 1458 2867 1518 martyrum
2898 1449 3273 1518 plurimorum,
3302 1465 3435 1520 quos
3471 1450 3659 1504 beatus
3688 1452 3826 1506 Alex-

2276 1543 2443 1594 ander
2484 1554 2620 1610 papa
2662 1548 2714 1593 et
2758 1549 2958 1608 martyr
2996 1539 3305 1607 baptizavit,
3351 1554 3476 1594 cum
3507 1549 3762 1596 teneretur
3782 1544 3827 1596 in

2275 1645 2516 1694 carcere,
2550 1640 2605 1685 et
2634 1630 2733 1699 ipsi
2761 1630 2965 1699 religati
2996 1631 3200 1699 pariter
3225 1646 3345 1684 cum
3376 1631 3489 1684 illo.
3528 1631 3637 1685 Hos
3663 1648 3827 1686 omnes

2278 1722 2592 1776 Aurelianus
2619 1722 2909 1788 imperator
2946 1722 3065 1774 navi
3098 1730 3321 1775 vetustae
3351 1721 3667 1789 impositos,
3694 1725 3737 1776 in
3760 1725 3825 1775 al-

2278 1821 2390 1866 tum
2434 1828 2582 1866 mare
2626 1812 2860 1879 deduci,
2913 1820 2967 1866 et
3012 1811 3122 1866 illic
3165 1812 3339 1880 ligatis
3367 1813 3550 1878 collis,
3598 1813 3827 1882 lapidibus

675 1901 743 1955 G.
785 1899 851 1953 Vl
884 1898 1003 1953 Inus
1031 1898 1216 1951 Αριιιι..
1238 1924 1309 1935 -
1328 1894 1555 1949 Turonis
1584 1894 1752 1949 sancti
1782 1893 2029 1964 Perpetui
2058 1894 2173 1963 epi-
2204 1887 2252 1946 Β
2282 1902 2449 1970 mergi
2481 1902 2531 1954 in
2565 1900 2879 1968 profundum
2907 1899 3049 1954 fecit.

603 1994 748 2063 scopi
778 1989 1104 2046 admiranda:
1150 1987 1448 2042 sanctitatis
1478 1986 1577 2041 viri
1605 2026 1621 2049 ,
1667 1986 1817 2055 cujus
1844 2000 2004 2053 Opera
2035 1994 2173 2040 tem-

605 2089 749 2153 plum
797 2097 956 2151 super
999 2079 1288 2135 reverenda
1336 2092 1457 2132 ossa
1506 2076 1643 2131 beati
1675 2076 1889 2130 Martini
1937 2077 2176 2145 episcopi

606 2174 894 2241 perfecmm
942 2181 1045 2235 est,
1094 2170 1314 2238 ejusque
1357 2183 1567 2221 sacrum
1612 2181 1806 2235 corpus
1833 2168 1900 2222 de
1938 2168 2056 2223 loco
2083 2168 2176 2223 ubi

612 2268 837 2334 primum
870 2263 1189 2317 tumulatum
1222 2260 1416 2326 fuerat,
1448 2260 1513 2311 ad
1542 2257 1716 2312 locum
1745 2258 1833 2312 ubi
1864 2274 2003 2312 nunc
2030 2274 2175 2314 con-

2352 1992 2415 2046 C.
2460 1992 2525 2046 lli
2572 1992 2688 2046 Inus
2718 1994 2905 2046 Arma.
2936 2019 3007 2031 —
3036 1990 3190 2059 Apud
3236 1989 3450 2045 Cretam
3503 1992 3683 2045 urbem
3718 1991 3829 2045 Cor-

2284 2084 2405 2136 tinze
2433 2083 2572 2137 beati
2606 2081 2834 2154 Philippi
2869 2081 3121 2150 episcopi,
3149 2079 3241 2147 qui
3269 2081 3373 2134 vita
3400 2088 3458 2133 et
3486 2081 3714 2134 doctrina
3742 2081 3829 2133 cla-

2284 2173 2390 2227 ruit
2420 2173 2744 2241 temporibus
2772 2172 3027 2228 Antonini
3055 2171 3180 2228 Veri
3207 2182 3261 2227 et
3293 2171 3439 2226 Lucii
3470 2172 3672 2226 Aurelii
3694 2173 3828 2227 Com-

2281 2263 2422 2317 modi
2453 2264 2806 2332 imperatoris.

1842 2344 2069 2402 EDlTlO
2108 2349 2610 2407 BOLLANDIANA.

607 2447 781 2503 femim
813 2454 867 2501 et
894 2441 1141 2510 Eucapize
1175 2459 1186 2493 :
1216 2453 1333 2508 qua:
1366 2437 1524 2490 multa
1554 2446 1812 2493 tormenta
1853 2454 1951 2508 pro
1978 2439 2178 2496 Christi

610 2539 826 2595 nomine
856 2536 1163 2596 tolerantes,
1193 2528 1565 2598 requieverunt
1592 2528 1641 2581 in
1669 2527 1901 2583 Christo.

682 2630 744 2682 ι).
778 2636 801 2661 θ
833 2622 1143 2695 llegesipp_i,
1188 2618 1273 2695 qui
1304 2619 1524 2695 vicinus
1551 2619 2174 2695 apo‘stnlorumnexstitit.

612 2700 675 2752 V.
727 2695 789 2751 C.
849 2686 941 2751 ΒῘ
964 2686 1170 2755 ΙιξίΤ..
1221 2691 1272 2740 In
1320 2688 1593 2741 Antiochia
1642 2686 1858 2758 Syria:b
1892 2689 2178 2756 Timothei,

611 2767 876 2836 Diogenis,
930 2761 1192 2836 Macaria'.
1227 2760 1777 2836 Deestupusrremaiu
1810 2758 1883 2836 L._
1903 2768 1957 2813 et
1985 2760 2046 2836 T_.
2078 2761 2180 2836 ;_i_u

608 2840 668 2890 Β.
698 2827 906 2890 additur
939 2832 1199 2885 Maxume.
1235 2829 1297 2899 Et
1327 2827 1450 2879 alibi
1481 2827 1713 2899 ¢__Eleusi
1749 2829 2061 2899 presbyteri.
2098 2831 2181 2883 Li-

613 2910 729 2975 bya:
770 2904 1081 2975 superioris,
1132 2898 1459 2975 Copric:e_et
1504 2895 1723 2950 Victori.
1767 2896 1823 2951 In
1865 2895 2186 2954 Alexandria

610 2967 719 3031 nat.
754 2978 810 3030 S.
839 2967 1070 3027 'Peleusii
1101 2967 1415 3037 presbyteri.

687 3064 742 3117 8.
770 3092 840 3103 —
875 3062 935 3114 Vl
962 3062 1099 3114 lous.
1127 3056 1287 3109 Vacat
1315 3055 1491 3107 Baeda.

686 3156 774 3219 D.,
804 3152 1032 3206 Turonis
1061 3148 1085 3184 ά
1120 3147 1367 3219 Perpetui
1393 3146 1646 3219 episcopi.
1678 3146 1761 3219 (3.,
1806 3145 2068 3219 ln_Al'rica
2099 3146 2187 3219 Ti-

610 3214 779 3279 moris
815 3234 869 3277 et
913 3218 1161 3275 Machari.
1214 3217 1301 3280 V.,
1355 3216 1409 3268 In
1455 3215 1633 3269 Africa
1684 3214 1912 3278 Macarii,
1963 3217 2183 3282 Conexi,

584 3298 879 3358 “Maium-az,
905 3289 1183 3345 Concessi.
1209 3288 1301 3358 lt,
1336 3284 1391 3358 In
1421 3286 1598 3358 Africa
1628 3283 1877 3358 Timoris.
1908 3286 2179 3358 Macharii,

615 3365 836 3429 Conexi,
866 3355 1263 3429 'Maximte._Et
1308 3356 1489 3429 a*li_hi_:_
1517 3355 1792 3429 Concessi,
1840 3356 2183 3429 Ammoniiet

621 3422 884 3487 Successi.
916 3432 996 3493 l..,
1031 3429 1083 3481 In
1115 3426 1288 3479 Africa
1322 3426 1417 3479 SS.
1447 3424 1677 3493 Macarii,
1727 3422 1924 3477 Conexi
1969 3437 2023 3479 et
2072 3426 2183 3478 Ma-

621 3505 772 3559 ximi.
809 3502 870 3554 A.
896 3501 959 3551 'I‘.
987 3492 1076 3561 L.,
1108 3496 1174 3548 Et
1202 3495 1462 3562 depositio
1482 3496 1537 3547 S.
1563 3492 1848 3546 Salvatoris
1870 3503 1925 3547 el
1951 3496 2008 3548 S.
2037 3505 2060 3531 °
2085 3495 2184 3547 Ma-

621 3578 713 3627 ria:
744 3572 1085 3639 Aigyptiacae.
1121 3568 1185 3639 Α.
1207 3565 1294 3639 Τ.,
1328 3565 1382 3617 In
1410 3563 1584 3616 Afrita
1611 3565 1783 3618 natale
1807 3566 1863 3619 S.
1897 3565 2106 3618 Macarii
2134 3572 2188 3617 et

621 3645 681 3698 S.
713 3634 948 3696 Frontini
980 3634 1244 3689 monachi.

2356 2448 2409 2499 9.
2441 2475 2510 2485 ——
2538 2445 2577 2499 V
2629 2446 2767 2500 Inus.
2809 2445 2865 2500 in
2896 2444 3091 2501 Sirmio
3130 2446 3305 2501 natale
3330 2458 3539 2516 septem
3572 2447 3827 2519 virginum,

2285 2552 2406 2606 qua:
2432 2537 2482 2591 in
2514 2552 2674 2591 unum
2705 2546 3015 2592 meruerunt
3041 2540 3306 2592 coronari.

2360 2650 2427 2702 A.
2473 2648 2537 2702 Τ.
2583 2647 2644 2701 L.
2679 2648 2764 2712 B.,
2797 2648 2858 2702 Et
2888 2649 3060 2703 natale
3091 2649 3149 2703 S.
3196 2649 3476 2713 Demetrii,
3522 2651 3737 2707 diaconi.
3782 2652 3829 2705 Β.

2290 2718 2496 2779 Hilarii,
2530 2717 2801 2771 Concessi.
2834 2718 2895 2771 Et
2920 2719 3065 2783 alibi,
3096 2719 3388 2783 Fortunati,
3425 2722 3639 2776 Donati.
3672 2724 3746 2783 Α..
3776 2722 3829 2775 Et

2290 2787 2636 2861 depositioS.
2674 2786 2692 2823 ί
2727 2788 2962 2861 Magonis
3005 2789 3443 2861 liothomagensis
3473 2793 3720 2861 episcopi.
3751 2792 3823 2852 T.,

2295 2859 2493 2928 Eodem
2518 2860 2609 2928 die
2620 2859 2805 2928 natale
2831 2858 2896 2928 S.
2918 2856 3092 2911 Maria:
3109 2856 3456 2928 :Egyptiactc.
3486 2856 3577 2925 ιζ..
3596 2856 3828 2915 Ει⁷ιιέιιιε-

2294 2927 2421 2981 latio
2449 2928 2504 2981 S.
2537 2936 2562 2973 8
2597 2926 2973 2980 Waldetrudis.

2360 3041 2446 3096 10.
2480 3068 2547 3081 --
2575 3039 2638 3093 lV
2673 3038 2810 3093 lous.
2846 3037 3084 3092 Ezechiel
3119 3038 3409 3107 prophetae.

2362 3152 2447 3213 BL,
2480 3151 2532 3203 In
2584 3150 2904 3204 Alexandria
2933 3149 2958 3185 ιι
2990 3150 3251 3216 Apollonii
3301 3151 3623 3218 presbyteri,
3667 3150 3827 3206 Satur-

2293 3220 2422 3283 nini,
2452 3222 2728 3274 Concessi.
2779 3222 2831 3271 Ιιι
2883 3220 3108 3272 Thracia
3152 3221 3324 3274 natale
3357 3218 3373 3257 ί
3410 3220 3624 3274 Gaiani.
3676 3228 3732 3273 Α.
3758 3221 3829 3285 T.,

2294 3291 2475 3343 Natale
2522 3290 2579 3344 S.
2633 3290 2922 3343 Saturnini.
2976 3289 3039 3341 A.
3094 3289 3156 3341 Τ.
3209 3289 3293 3351 L.,
3346 3289 3403 3343 In
3464 3291 3643 3343 Africa
3688 3290 3832 3342 natale

2294 3360 2393 3415 SS.
2424 3359 2666 3412 Successi
2697 3370 2748 3411 et
2771 3359 3025 3411 Marcelli.
3051 3358 3247 3428 [Deest
3277 3362 3417 3412 locus
3441 3362 3493 3413 in
3526 3360 3612 3432 L.]

2363 3451 2447 3505 li.
2474 3479 2545 3491 —
2572 3448 2638 3502 lll
2665 3449 2799 3503 lous.
2831 3450 3033 3513 Romm,
3062 3449 3074 3498 ἑ
3114 3450 3304 3503 Leonis
3329 3465 3478 3519 papa:
3510 3463 3565 3504 et
3591 3451 3833 3505 confesso-

2293 3555 2385 3594 l'lS.

2367 3630 2428 3683 Β.
2459 3630 2513 3683 ln
2546 3628 2568 3665 ¹ι
2605 3629 2852 3685 Salmuna
2884 3628 3156 3683 Dalmatiae
3181 3628 3493 3684 Domnionis
3528 3630 3767 3700 episcopi,
3792 3637 3836 3684 et

1996 3720 2201 3777 SMITH
2239 3717 2465 3773 ΝΟΤΛΕ.

695 3833 718 3859 ο
760 3813 1262 3891 llegesippi._Viciiii
1283 3812 1687 3891 apostolicorum
1715 3820 2041 3891 temporum,
2094 3813 2180 3878 qui

622 3909 808 3946 omnes
838 3882 878 3941 'a
927 3882 1179 3943 Passione
1232 3882 1436 3936 Domini
1487 3896 1654 3947 usque
1683 3882 1745 3933 ad
1774 3897 1923 3935 suam
1974 3892 2183 3935 tetatem

616 3961 1322 4017 ecclesiasticarumactuum
1349 3954 1513 4005 texuit
1540 3951 1805 4015 historias,
1836 3952 2106 4021 multaque
2120 3951 2183 4004 ad

625 4035 903 4085 utilitatem
937 4029 1221 4097 legentium
1249 4023 1561 4097 pertinentia
1596 4022 1718 4097 hinc
1763 4021 1885 4075 inde
1910 4022 2186 4097 colligens,

620 4105 855 4170 quinque
894 4092 1057 4170 lilrir'os
1109 4095 1422 4170 ciitnposuil.
1476 4094 1680 4145 Asserit
1717 4105 1774 4144 se
1831 4092 2039 4145 venisse
2089 4094 2187 4170 sub

620 4160 844 4226 Ᾱιιίοεξιο
878 4169 1130 4236 episcopo
1158 4160 1399 4236 Romani,
1432 4173 1501 4236 et
1534 4175 2092 4236 pe_rseverasse_usqu_e
2122 4160 2188 4213 ad

626 4230 988 4295 Eleutherium
1039 4230 1274 4301 ejusdem
1328 4234 1473 4285 urbis
1519 4231 1845 4297 episc0putn.
1894 4230 1958 4285 S.
2007 4231 2193 4301 lliero-

633 4314 774 4380 nymi
806 4309 1042 4375 Catalog.
1073 4299 1142 4357 de
1170 4303 1363 4370 Script.
1396 4302 1534 4355 Eccl.
1563 4309 1616 4352 et
1648 4300 1856 4354 Eusebii
1877 4301 2012 4354 llist.
2046 4299 2190 4355 Eccl.

624 4379 697 4444 tv,
723 4379 812 4431 2‘2.

695 4448 720 4485 ιι
746 4445 1016 4498 Timothei.
1050 4442 1124 4496 De
1159 4442 1239 4494 his
1270 4440 1387 4493 vide
1411 4455 1481 4493 vn
1508 4438 1624 4492 Kal.
1657 4438 1873 4505 Aprilis.

696 4528 717 4554 ε
754 4516 949 4567 Eleusi.
1001 4513 1199 4565 Forsan
1233 4511 1317 4563 hic
1344 4510 1480 4563 idem
1510 4518 1593 4561 est
1639 4522 1758 4560 cum
1789 4508 2049 4574 Peleusio,
2099 4508 2190 4576 qui

626 4587 817 4640 dicitur
848 4581 1178 4637 Alexandria:
1222 4594 1406 4647 passus
1435 4594 1463 4631 a
1492 4577 1741 4641 Baronio,
1789 4578 1940 4632 Baada
1969 4593 2189 4644 excuso,

630 4655 873 4713 Usuardo
900 4664 953 4705 et
980 4658 1163 4703 nostro
1186 4660 1424 4701 auctore.

695 4726 720 4763 ιι
750 4721 1013 4794 Perpetui.
1058 4717 1396 4794 Admiranda;
1434 4716 1731 4794 sanctitatis
1754 4714 1873 4794 viri,
1918 4718 2005 4785 qui
2029 4725 2193 4794 etse-

631 4786 1305 4862 natorio'generematus,
1354 4786 1904 4862 -li_tteris_0ptimisque
1953 4788 2192 4862 moribus

628 4856 904 4926 eruditus:
931 4870 1048 4929 post
1071 4860 1128 4914 S.
1154 4856 1496 4911 Eustochium
1540 4856 1865 4929 Turonensis
1904 4857 2045 4912 sedis
2075 4858 2192 4929 epi-

630 4949 823 5003 scopus
865 4925 1045 5003 Scitus
1065 4936 1416 5003 consecratus
1445 4934 1526 5003 est
1556 4937 1606 4979 et
1640 4925 1854 5003 praefuit
1903 4928 2059 4979 annis
2098 4925 2190 5003 5:0.

631 4996 925 5060 Ecclesiam
974 5002 1031 5055 S.
1062 4997 1283 5051 Martino
1328 4996 1553 5060 dicavit,
1601 4997 1685 5048 ubi
1736 5006 1789 5048 et
1830 5009 2040 5049 sacrum
2082 4997 2195 5062 ejus

630 5090 821 5143 corpus
877 5068 1308 5143 honoriliceutius
1350 5064 1665 5143 collocavit;
1727 5064 1952 5143 concilio
2003 5066 2193 5142 primo,

632 5134 929 5199 Tufonensi
970 5148 1019 5193 et
1064 5138 1310 5191 Venetico
1353 5134 1608 5199 interfuit,
1655 5144 1707 5188 et
1750 5135 1959 5188 tandem
2004 5136 2198 5187 transi-

636 5218 711 5268 vit
734 5214 798 5266 ad
828 5211 1047 5280 gloriam
1076 5209 1219 5261 circa
1248 5219 1441 5280 annum
1466 5204 1589 5280 499.
1615 5202 1835 5280 Culmus
1864 5205 2138 5280 Senensm.

708 5293 731 5319 ε
766 5272 969 5334 Μᾶτὶω.
1001 5279 1077 5333 De
1104 5280 1201 5331 hac
1222 5278 1341 5331 vide
1360 5272 1395 5326 2
1417 5273 1632 5342 Aprilis.
1661 5274 1790 5338 Quae
1813 5282 1868 5326 et
1888 5274 2078 5327 colitur
2110 5288 2200 5341 po-

635 5352 838 5409 stridie.

714 5421 732 5461 (
771 5418 1021 5490 Hugonis.
1052 5415 1151 5483 Qui
1168 5415 1367 5490 nobilis
1390 5412 1487 5490 iuit
1513 5425 1726 5481 genere,
1775 5410 2199 5490 nobiliorautcm

639 5481 943 5553 virtutibus,
968 5481 1140 5540 divina
1166 5485 1512 5552 inspiratione
1533 5495 1842 5553 succensus,
1866 5481 2201 5553 relictisepi-

642 5570 890 5628 scopatus
922 5550 1164 5628 habenis,
1192 5571 1219 5609 a
1243 5550 1300 5610 S.
1345 5553 1608 5628 Aichadro
1647 5552 1700 5606 in
1737 5550 2198 5628 Gemeti'co-disci-

643 5620 840 5700 pliuam
876 5627 1247 5700 monachorum
1297 5634 1351 5679 et
1374 5625 1605 5700 habitum
1637 5621 1864 5700 accepit.
1896 5620 2202 5700 _Utriusque

645 5691 857 5769 corpus,
909 5696 1122 5766 quando
1151 5695 1459 5751 Nortmanni
1491 5692 1744 5747 ecclesias
1771 5691 2196 5756 combusserunt,

2295 3808 2359 3861 ad
2390 3807 2572 3861 villam
2621 3807 2876 3873 llaspram
2927 3817 3009 3862 est
3055 3807 3363 3863 translatum
3390 3848 3404 3868 ,
3450 3826 3577 3875 qua:
3615 3821 3692 3864 est
3728 3811 3839 3864 inter

2290 3878 2637 4002 gaineracum
2661 3888 2714 3933 et
2740 3878 3082 3933 Valenceuas.
3128 3878 3365 3933 Molauus
3398 3880 3449 3932 in
3490 3880 3739 3949 Catalogo
3758 3881 3835 3935 SS.

2339 3963 2367 4000 e
2391 3963 2485 4002 2n.

2325 3963 2808 4098 fig'lfi'aldetrudis.
2842 4016 3006 4085 Hujus
3046 4018 3234 4073 natalis
3264 4018 3447 4073 incidit
3473 4020 3528 4072 in
3558 4034 3617 4074 ιιι
3644 4020 3841 4075 Ρειιιιιιιο

2293 4103 2394 4193 “IL
2432 4156 2708 4225 Apollonii.
2762 4154 3095 4225 Maurolycus
3142 4163 3197 4210 et
3245 4154 3432 4210 Petrus
3478 4158 3551 4212 de
3601 4158 3841 4211 Natalibus

2296 4226 2533 4280 scribunt
2584 4227 2721 4279 hunc
2775 4225 2938 4280 fuisse
2990 4227 3041 4279 in
3100 4241 3245 4279 mare
3295 4243 3529 4279 mersum
3590 4244 3687 4281 una
3738 4242 3837 4281 cum

2300 4295 2612 4350 Philemone
2641 4296 2861 4349 custode
2903 4310 3020 4358 suo,
3068 4311 3224 4362 quem
3269 4296 3333 4347 ad
3385 4298 3545 4350 Iidem
3575 4298 3838 4352 convertit.

2298 4368 2401 4420 Sed
2432 4367 2517 4431 qui
2565 4367 2663 4418 hac
2707 4380 2860 4432 ptena
2891 4364 3110 4419 affectus
3137 4373 3254 4427 est,
3288 4365 3550 4418 diaconus
3596 4366 3708 4429 fuit,
3756 4380 3840 4418 non

2222 4428 2274 4488 D
2301 4428 2594 4503 presbyter,
2627 4445 2684 4488 ut
2708 4428 2888 4489 videre
2928 4442 3009 4487 est
3038 4434 3087 4487 in
3132 4433 3271 4505 Vitis
3308 4436 3545 4499 Patrum,
3601 4453 3711 4505 par.
3744 4452 3772 4498 I,
3801 4449 3843 4487 c.

2298 4506 2385 4584 19.
2429 4506 2544 4559 Non
2590 4506 2748 4575 igitur
2794 4507 2935 4559 idem
2986 4514 3071 4557 est
3097 4519 3215 4556 cum
3264 4504 3364 4557 hoc
3406 4504 3611 4558 nostro
3645 4506 3842 4573 Apollo-

2295 4590 2404 4628 nlO.

2373 4642 2387 4681 ί
2424 4643 2632 4697 Gaiam‘.
2673 4643 2773 4710 Qui
2813 4644 2864 4696 in
2895 4641 3159 4711 aliquibus
3198 4642 3594 4714 Martyrologiis
3635 4644 3685 4698 iu
3714 4640 3847 4697 Dacia

2296 4727 2481 4785 passus
2508 4714 2777 4785 scribitur.

2374 4787 2388 4833 ι
2433 4781 2637 4836 Leonis.
2686 4784 2781 4837 llic
2814 4782 3016 4836 Tuscus
3052 4790 3165 4834 erat
3197 4782 3437 4847 natione,
3489 4794 3543 4837 et
3586 4783 3848 4850 Quintiano

2298 4864 2445 4921 patre
2474 4861 2801 4920 procreatus.
2836 4854 2933 4915 Qui
2960 4851 3248 4906 secundum
3279 4852 3601 4919 l’rOSperum
3628 4858 3678 4906 iu
3706 4851 3849 4906 Chro-

2298 4924 2436 4987 nico,
2469 4922 2721 4975 defuncto
2750 4923 2897 4976 Sixto
2929 4921 3169 4974 Romano
3201 4924 3473 4988 pontilice,
3527 4926 3609 4977 his
3636 4923 3842 4977 consuli-

2299 4993 2415 5059 bus,
2447 4991 2653 5045 scilicet
2685 4991 3052 5046 Valentiniano
3090 5006 3120 5042 ν
3149 4999 3205 5042 et
3242 4993 3511 5058 Anatolio,
3545 4993 3595 5046 id
3628 5002 3707 5046 est
3734 5003 3850 5042 anno

2298 5060 2423 5115 Chr.
2460 5060 2586 5124 440,
2622 5061 2727 5115 Leo
2769 5062 3003 5129 pontifex
3030 5068 3238 5113 creatus
3262 5072 3360 5112 est.
3417 5062 3509 5114 llic
3532 5062 3732 5116 detexit
3760 5061 3849 5111 lizc-

2300 5145 2445 5186 reses
2475 5132 2627 5195 duas,
2671 5143 2725 5185 et
2757 5133 2917 5186 missa
2946 5130 3209 5199 legatione
3232 5131 3294 5181 ad
3337 5130 3653 5185 Martianum
3679 5131 3783 5197 prin
3804 5129 3849 5178 »ιο

2301 5216 2441 5269 pem,
2473 5213 2789 5271 congregata
2819 5197 3057 5271 synodus
3100 5200 3151 5251 iu
3181 5197 3521 5271 Chalcedone
3544 5202 3847 5255 condemna-

2299 5279 2493 5340 verunt
2524 5269 2815 5340 Eutychem
2838 5269 2893 5324 et
2919 5270 3262 5340 Nestorium._
3292 5269 3496 5323 Colitur
3526 5274 3573 5323 in
3612 5271 3847 5340 Martyro-

2301 5339 2454 5409 logiis
2500 5340 2561 5394 ‘ll
2596 5336 2813 5408 A'prilis,
2856 5341 2924 5394 M
2972 5339 3165 5409 Martii,
3195 5336 3283 5409 _l57
3316 5340 3510 5405 Martii,
3548 5340 3610 5392 ll)
3641 5336 3849 5391 Novem—

2302 5407 2434 5474 bris,
2476 5419 2528 5463 et
2556 5409 2627 5461 28
2649 5407 2786 5463 Junii
2818 5427 2829 5460 :
2871 5424 2901 5462 a
2928 5408 3126 5463 Grrecis
3156 5407 3220 5460 18
3253 5408 3547 5461 Februarii.

2373 5477 2400 5517 “
2433 5479 2716 5535 Salmonaa.
2759 5480 2971 5533 Rectius
3013 5478 3255 5532 διιιοη‹ε;
3308 5478 3527 5529 Domnin
3573 5473 3847 5532 Antiochia

2304 5559 2480 5615 natus,
2524 5556 2671 5617 patre
2694 5549 2993 5602 Theodosio
3041 5549 3256 5611 colono,
3285 5563 3312 5597 a
3354 5548 3408 5599 S.
3443 5547 3596 5617 Petro
3624 5560 3740 5599 cum
3766 5555 3845 5610 pa-

2306 5616 2543 5674 rentibus
2570 5633 2880 5681 conversus,
2911 5628 2964 5672 et
2997 5617 3216 5669 Romam
3252 5631 3417 5683 usque
3443 5619 3499 5670 S.
3535 5616 3743 5669 Petrum
3767 5626 3838 5663 se-

2307 5700 2482 5755 cutus,
2511 5690 2792 5758 episcopus
2818 5689 3044 5743 Salonas
3073 5686 3322 5751 mittitur,
3355 5687 3438 5741 ubi
3463 5686 3711 5755 plurimos
3737 5696 3845 5736 cou-
