3988 6346
539 250 608 311 87
614 253 647 307 9

1257 257 1459 312 BEDzE
1505 257 1955 316 VENERABIIJS
1994 259 2146 316 OPP.
2191 258 2370 317 PARS
2412 263 2498 318 IV.
2531 297 2601 308 —
2643 265 3026 324 IIISTOIIICA.

3708 271 3798 331 880

1819 371 2046 428 EDI'I'IO
2083 373 2541 433 COLONIENSIS.

545 471 695 528 pater
725 463 840 530 ejus
872 461 1194 530 Leovigildis
1236 476 1326 516 rex
1358 503 1374 527 ,
1418 464 1644 518 Arianus
1671 505 1686 530 ,
1740 465 2037 521 Gothorum
2067 467 2135 522 ob
2161 476 2211 533 Α
2242 476 2374 524 tum.
2430 470 2498 525 Et
2545 471 2595 524 in
2632 470 2901 541 Ilispauiis
2951 471 3158 526 civitate
3187 469 3594 542 Caesaraugusta
3646 480 3797 535 natale

543 554 664 608 Iidci
696 553 969 608 catholicae
1001 554 1391 609 confessionem
1419 555 1879 625 inexpugnabilem
1913 557 2120 625 videns,

542 645 595 697 in
637 651 991 713 carcercmet
1019 641 1224 697 vincula
1278 643 1548 712 conjecit,
1604 645 1688 698 ubi
1739 656 1894 701 nocte
1937 657 2118 702 sancta

539 734 828 789 Dominicze
872 733 1278 789 resurrectionis
1309 733 1461 803 jussu
1503 735 1691 803 perfidi
1741 737 1904 804 patris
1945 740 2118 792 securi

539 839 842 892 percussus,
869 840 1090 894 regnum
1118 828 1340 880 cmleste
1361 841 1456 894 pro
1489 835 1701 880 terreno
1724 841 1813 880 rex
1839 836 1892 881 et
1920 839 2121 897 martyr

535 917 770 971 intravit.
804 917 856 971 In
887 917 1104 974 civuate
1133 916 1454 973 CItaIcidona
1486 919 1659 972 natale
1680 918 1988 986 Euphcmim
2017 925 2121 974 vir-

530 1004 670 1074 ginis
696 1016 750 1060 et
776 1009 1042 1076 martyris.

601 1097 663 1174 F.
695 1097 857 1152 XVIII
882 1099 1016 1153 KAL.
1051 1099 1198 1154 Matt.
1225 1129 1294 1138 —
1329 1099 1510 1154 Romae
1533 1101 1616 1155 via
1647 1101 1814 1170 Appia
1844 1102 1893 1154 iii
1922 1115 2120 1155 cmme-

529 1192 665 1247 terio
696 1192 1001 1247 Praetextati
1036 1193 1212 1248 natale
1242 1203 1553 1248 sanctorum
1595 1204 1885 1262 martyrum
1915 1192 2114 1246 Tibur-

531 1285 609 1351 tii,
664 1283 927 1338 Valeriani
981 1293 1036 1339 et
1080 1284 1311 1351 Maximi,
1367 1284 1466 1338 sub
1509 1284 1784 1339 Almacliio
1834 1283 2112 1352 praefecto,

534 1390 758 1442 quorum
790 1377 943 1444 primi
975 1377 1202 1430 fustibus
1229 1376 1354 1430 czesi
1394 1386 1448 1431 et
1497 1375 1674 1446 gladio
1700 1384 1822 1429 sunt
1852 1375 2112 1442 percussi,

527 1468 748 1524 ultimus
777 1469 958 1523 tandiu
994 1469 1276 1537 plumbatis
1303 1468 1617 1523 verberatus
1644 1477 1728 1522 est
1752 1507 1767 1533 ,
1809 1469 1980 1522 donec
2008 1469 2114 1536 spi-

530 1561 690 1614 ritum
722 1559 988 1614 redderet.
1039 1559 1357 1614 Interamnis
1396 1559 1563 1613 sancti
1597 1558 1804 1612 Proculi
1838 1558 2108 1626 martyris.

525 1651 656 1706 Item
687 1660 884 1706 sanctae
913 1650 1131 1704 Domnae
1157 1650 1379 1719 virginis
1401 1691 1416 1714 ,
1468 1665 1588 1704 cum
1634 1651 1793 1705 sociis
1819 1649 2111 1718 virginibus

527 1751 818 1797 coronatae.
853 1741 1186 1795 Alexandriae
1219 1742 1359 1795 beati
1386 1740 1671 1795 Frontonis
1695 1741 1923 1805 abbatis,
1958 1741 2113 1808 cujus

2228 571 2532 616 sanctorum
2581 573 2917 633 martyrum,
2969 563 3177 626 ()htati,
3231 563 3500 632 Luperci,
3548 564 3791 635 Successi,

2227 651 2505 716 Martialis,
2536 651 2758 718 Urbani,
2790 651 2938 719 Julii,
2966 653 3300 722 Quintiliani,
3343 654 3554 718 Publii,
3583 656 3790 714 Fronto-

2224 743 2328 808 nis,
2364 741 2577 810 Felicis,
2608 743 2887 812 Ceciliani,
2923 743 3095 809 Evoti,
3139 741 3423 808 Primitivi,
3449 745 3723 814 Apodemi,
3747 761 3791 804 et

2222 832 2548 901 reliquorum
2579 842 2829 902 quatuor,
2856 835 2945 902 qui
2972 849 3160 890 omnes
3187 834 3466 891 Saturnini
3499 839 3667 893 γοωιί
3686 855 3788 895 esse

2222 920 2550 976 referuntur.
2602 923 2756 990 Apud
2807 922 3005 976 Italiam
3046 924 3222 978 natale
3266 939 3574 980 sanetorum
3608 938 3783 999 marty-

2221 1025 2334 1062 rum
2360 1051 2373 1075 ,
2429 1010 2688 1076 Romani,
2724 1011 3044 1082 Eutychetis
3070 1023 3122 1066 et
3155 1012 3448 1080 Victorini,
3479 1029 3613 1083 quos
3640 1016 3782 1072 Aure-

2223 1099 2393 1153 lianus
2421 1115 2513 1169 per
2544 1100 2688 1154 varia
2722 1109 2986 1156 tormenta
3018 1101 3185 1156 occidi
3213 1102 3357 1165 fecit.
3809 1147 3812 1156 .

2295 1193 2359 1243 A.
2396 1191 2510 1244 XVI
2542 1191 2782 1245 ΚΑΜ-πω.
2817 1192 2964 1246 Man.
2998 1222 3070 1232 —
3097 1192 3249 1260 Apud
3276 1193 3592 1249 Corinthum
3619 1195 3779 1251 Calisti

2224 1293 2279 1337 et
2304 1280 2508 1348 Carilli,
2540 1298 2658 1335 cum
2690 1284 2807 1336 aliis
2836 1293 3074 1352 septem,
3114 1284 3350 1338 omnium
3379 1286 3433 1340 in
3477 1301 3625 1342 mare
3659 1302 3779 1342 mer-

2220 1387 2424 1426 sorum.
2460 1373 2642 1427 [Ioniae
2669 1375 2840 1427 sancti
2873 1375 3078 1430 Aniceti
3120 1389 3288 1444 papae,
3319 1377 3410 1444 qui
3449 1378 3586 1431 sedit
3610 1380 3656 1433 in
3679 1383 3774 1450 epi-

2218 1472 2438 1535 scopatu
2485 1479 2654 1518 annos
2698 1464 2977 1530 undecim,
3027 1474 3082 1520 et
3133 1469 3473 1536 temporibus
3520 1469 3692 1524 Severi
3733 1485 3776 1526 et

2215 1556 2373 1610 Marci
2404 1556 2672 1625 martyrio
2723 1569 3027 1623 coronatus,
3069 1559 3306 1628 sepultus
3345 1571 3430 1616 est
3461 1563 3514 1616 in
3545 1573 3773 1619 cremete-

2215 1645 2294 1699 rio
2318 1646 2522 1701 Calisti.
2565 1647 2663 1702 llic
2713 1649 3012 1715 constituit,
3041 1657 3098 1703 ut
3122 1649 3298 1705 clerus
3327 1666 3538 1708 comam
3571 1669 3665 1710 non
3691 1671 3771 1710 nu-

2217 1736 2388 1801 triret,
2421 1737 2713 1792 secundum
2743 1738 2988 1809 Apostoli
3021 1751 3369 1810 praeceptum.

529 1832 636 1885 vita
673 1832 955 1886 sanctitate
981 1840 1039 1885 et
1067 1832 1334 1886 miraculis
1361 1832 1566 1886 exstitit
1601 1832 1869 1902 gloriosa,
1925 1841 1978 1887 et
2015 1833 2105 1901 qui
2141 1821 2185 1883 Β
2286 1831 2346 1886 Β.
2389 1832 2482 1886 XV
2529 1832 2766 1888 Kacexo.
2827 1833 2974 1890 Mm.
3023 1863 3094 1876 —
3138 1836 3290 1905 Apud
3335 1836 3568 1892 Africam
3617 1840 3767 1894 natale

523 1924 852 1993 septuaginta
887 1921 1052 1977 ferme
1079 1931 1231 1992 pater
1256 1923 1459 1977 exstitit
1487 1924 1889 1978 monachorum.

593 2017 656 2071 G.
695 2016 834 2071 XVII
879 2017 1010 2072 Kac.
1045 2018 1192 2072 Man.
1215 2045 1286 2058 —
1309 2018 1366 2070 In
1404 2017 1616 2072 civitate
1653 2017 1900 2070 Corduba
1934 2016 2110 2072 natale

523 2104 855 2176 Olympiadis
896 2116 951 2160 et
986 2107 1197 2162 Maximi
1228 2107 1482 2162 nobilium
1510 2149 1524 2170 ,
1579 2107 1667 2176 qui
1699 2107 1920 2174 jubente
1953 2107 2109 2161 Decio

523 2195 755 2252 fustibus
783 2198 926 2263 caesi,
955 2209 1009 2254 et
1030 2199 1223 2253 deinde
1245 2197 1550 2267 plumbatis,
1578 2200 1641 2254 ad
1671 2199 1914 2253 ultimum
1933 2198 2106 2266 capita

519 2308 706 2348 eorum
736 2295 1013 2351 securibus
1068 2305 1182 2350 tusa
1221 2302 1367 2358 sunt,
1415 2293 1586 2348 donec
1615 2293 1922 2352 emitterent
1948 2291 2105 2361 spiri-

2213 1924 2380 1977 sancti
2410 1923 2708 1992 Mappalici,
2742 1925 2830 1994 qui
2860 1940 2980 1978 cum
3008 1924 3126 1978 aliis
3154 1927 3401 1994 pluribus
3429 1930 3672 1997 martyrio
3694 1945 3767 1984 co-

2213 2022 2433 2067 ronatus
2484 2021 2586 2068 est.
2638 2012 2836 2067 Scribit
2883 2013 3068 2069 beatus
3117 2014 3417 2085 Cyprianus
3467 2019 3520 2072 in
3571 2019 3763 2086 epistola

2212 2106 2372 2160 multa
2403 2104 2472 2160 de
2529 2105 2642 2159 illo.
2686 2105 2840 2174 Apud
2884 2107 3222 2162 Antiochiam
3265 2110 3444 2164 natale
3492 2121 3764 2165 sanctorum

2213 2201 2352 2254 Petri
2374 2200 2581 2255 diaconi
2605 2210 2658 2255 et
2685 2200 3055 2269 Hermogenis.
3083 2201 3303 2255 Vienna:
3325 2203 3499 2257 sancti
3526 2203 3764 2272 Pantagati

2221 2291 2478 2362 episcopi.
2507 2293 2565 2346 In
2596 2291 2772 2348 Africa
2798 2293 3074 2348 Fortunati
3100 2302 3154 2348 et
3180 2292 3454 2347 Marciani.

1755 2405 1985 2460 EDITIO
2025 2399 2526 2458 BOLLANDIANA.

569 2498 682 2552 '14.
708 2526 775 2537 —
799 2496 962 2550 XVIII
1006 2496 1137 2550 ΚΜ..
1182 2495 1330 2550 ΜΑιι.
1387 2496 1570 2551 Romre
1603 2506 1627 2534 α
1656 2495 1910 2560 Tiburtii,
1943 2495 2101 2549 Vale-

523 2590 663 2644 riani
695 2596 748 2641 et
781 2587 1013 2652 Maximi,
1048 2585 1442 2657 subﬁAlmachio
1468 2586 1624 2641 Urbis
1647 2585 1934 2655 praefecto:
1967 2599 2103 2654 quo-

518 2696 634 2735 rum
683 2678 840 2749 primi
891 2677 1122 2734 fustibus
1170 2680 1296 2734 caesi
1343 2688 1398 2734 et
1444 2679 1622 2748 gladio
1669 2687 1796 2733 sunt
1841 2680 2102 2748 percussi,

518 2775 734 2828 uttimus
769 2771 948 2826 tandiu
975 2771 1262 2840 plumbatis
1289 2772 1620 2837 verberatus,
1651 2775 1827 2827 donec
1857 2769 2101 2840 spiritum

516 2865 785 2921 redderet.

589 2979 671 3042 8.,
704 2975 1004 3040 Valeriani,
1037 2975 1264 3043 Quiriaci
1292 3017 1306 3040 ,
1349 2975 1546 3044 Optati.
1601 2975 1926 3030 Interamnae
1955 2974 2096 3029 Pro-

515 3046 706 3170 culil._h
740 3046 1024 3102 Valentini.
1099 3047 1158 3102 In
1205 3046 1532 3103 Alexandria
1575 3049 1598 3077 °
1657 3045 1939 3100 Frontoris
1987 3060 2100 3100 mo-

516 3133 693 3170 naen.

516 3133 693 3174 IIﬂIZIlI.

594 3231 680 3285 15.
729 3258 800 3271 -
847 3227 988 3284 XVII
1043 3227 1176 3282 Κλι..
1250 3228 1306 3281 In
1358 3227 1570 3282 civitate
1612 3225 1840 3283 Cordula
1925 3206 2172 3282 natalec

514 3322 537 3359 ι]
568 3323 897 3393 Olympiadis
922 3331 975 3376 et
1005 3321 1216 3375 Maximi
1249 3321 1504 3375 nobilium
1531 3337 1545 3376 :
1576 3321 1663 3389 qui
1683 3319 1908 3389 jubente
1933 3319 2096 3375 Decio

542 3416 744 3469 ttSlibUS
773 3415 898 3469 cresi
951 3423 1005 3467 et
1052 3412 1243 3467 deinde
1274 3412 1584 3480 plumbatis,
1616 3412 1682 3466 ad
1709 3411 1963 3466 ultimum
1995 3428 2092 3467 eo-

539 3523 636 3559 um
673 3507 846 3574 capita
888 3504 1162 3560 securibus
1209 3514 1358 3557 tunsa
1390 3511 1512 3558 sunt
1535 3547 1549 3571 ,
1583 3502 1755 3558 donec
1786 3503 2092 3558 emitterent

541 3602 776 3669 piritum.

585 3715 671 3781 IL,
706 3713 760 3767 In
794 3711 1176 3782 Mesopotamia
1204 3675 1483 3775 Archelai,
1529 3709 1814 3780 Cypriani,
1851 3714 1872 3740 ε’
1901 3710 2090 3781 Dioge-

2212 2493 2294 2546 nis
2330 2506 2453 2546 cum
2502 2490 2706 2545 duobus
2755 2490 3032 2546 fratribus.
3082 2492 3138 2545 In
3173 2491 3190 2528 ί
3223 2491 3489 2559 Ilispaniis
3529 2494 3768 2551 Caesarea

2210 2563 2384 2632 passio
2415 2562 2510 2616 SS.
2563 2561 2810 2628 Luberti,
2856 2562 3102 2628 Apomidi
3132 2578 3252 2617 cum
3281 2564 3493 2620 duobus
3519 2564 3770 2622 fratribus.

2253 2697 2256 2700 .
2301 2650 2386 2705 I6.
2408 2678 2477 2693 α-
2497 2649 2614 2705 XVI
2642 2650 2774 2706 ΚΔῑ..
2806 2650 2967 2704 Vacat.
2999 2651 3172 2720 Bieda.

2283 2762 2368 2828 D.,
2401 2761 2717 2839 Corinthum
2747 2761 3020 2839 Ca_l_ixti_et
3048 2761 3250 2839 Carisii
3277 2779 3398 2839 cum
3429 2767 3550 2822 aliis
3579 2777 3767 2839 septem

2208 2833 2260 2886 in
2292 2833 2427 2885 mari
2457 2847 2776 2886 mersorum.
2810 2833 2896 2894 V.,
2947 2833 3000 2886 in
3033 2833 3231 2888 Achaia
3274 2836 3539 2892 Corintho
3567 2833 3768 2894 civitate

2209 2901 2399 2956 Calixti
2426 2943 2440 2967 ,
2472 2903 2741 2957 Leonidis.
2805 2902 2871 2955 Et
2905 2905 3081 2969 passio
3115 2914 3426 2961 sanctorum
3461 2911 3767 2963 omnium‘iu

2211 2972 2342 3025 mari
2374 2983 2685 3042 martyrum.
2721 2973 2807 3035 D.,
2839 2972 2894 3025 In
2927 2974 3124 3027 Achaia
3153 2974 3416 3031 Corintho
3445 2980 3658 3033 civitate
3685 2993 3767 3031 ua-

2211 3042 2315 3112 t_ale
2355 3042 2451 3097 SS.
2504 3043 2710 3104 Calisti,
2755 3043 2973 3106 Carissi,
3021 3044 3291 3105 Leonidis,
3338 3047 3512 3112 Lota},
3569 3049 3766 3111 Tertiae,

2205 3110 2521 3166 Christiana:
2544 3152 2561 3178 ,
2594 3113 2756 3166 Galla:
2785 3123 2838 3168 et
2869 3114 3166 3168 'I‘heodorze
3195 3133 3208 3167 :
3265 3116 3316 3168 hi
3348 3110 3537 3173 omnes
3568 3122 3616 3172 in
3648 3120 3766 3172 mari

2206 3193 2330 3236 sunt
2359 3185 2544 3238 mersi.
2602 3183 2656 3236 In
2686 3183 2996 3238 Mauritania
3034 3186 3211 3239 natale
3243 3185 3480 3242 Basilire.
3545 3190 3609 3242 Et
3631 3189 3762 3251 alibi,

2205 3253 2376 3307 natale
2405 3263 2429 3301 ιι
2463 3253 2734 3306 Mauritani
2761 3291 2775 3316 ,
2833 3253 3067 3308 Fausrini
3114 3266 3167 3307 et
3214 3255 3456 3312 Luciani.
3488 3259 3554 3311 A.
3583 3259 3643 3312 Τ.
3685 3256 3761 3321 L.,

2199 3321 2255 3376 In
2292 3323 2486 3394 Achaia
2525 3322 2780 3394 passioS.
2823 3321 3021 3394 Calixti
3052 3327 3328 3394 martyris.
3363 3327 3447 3392 L.,
3481 3338 3536 3380 et
3579 3329 3760 3381 Fausti.

2195 3395 2260 3446 A.
2317 3393 2406 3455 T.,
2441 3393 2643 3446 Eodem
2692 3392 2780 3446 die
2827 3393 3004 3448 natale
3044 3393 3147 3449 SS.
3198 3392 3380 3449 Fausti
3427 3408 3481 3450 et
3515 3399 3760 3450 Leonidis.

2193 3463 2254 3516 Τ.
2287 3463 2369 3528 L.,
2422 3463 2477 3516 In
2530 3476 2662 3530 pago
2687 3462 3081 3517 Constantiensi
3114 3464 3382 3533 depositio
3423 3467 3480 3522 S.
3515 3466 3541 3504 ιι
3569 3468 3761 3523 Paterui

2196 3533 2427 3602 episcopi
2459 3540 2512 3586 et
2539 3533 2882 3586 confessoris.

2266 3623 2351 3675 I7.
2376 3652 2437 3662 —
2467 3621 2557 3675 XV
2584 3621 2724 3675 KAL.
2759 3622 2925 3677 Vacat
2955 3623 3131 3678 Bteda.

2260 3713 2351 3778 D.,
2382 3712 2530 3781 Apud
2563 3711 2795 3768 Africam
2827 3713 2885 3770 S.
2917 3713 2932 3750 ί
2961 3713 3257 3783 Mappalici.
3292 3716 3353 3768 D.
3393 3717 3454 3772 V.
3489 3719 3554 3771 A.
3586 3718 3643 3770 T.
3676 3717 3756 3782 L.,

1893 3821 2094 3876 SMITII
2136 3821 2364 3878 ΝΟΤιίΕ.

591 3926 614 3952 ει
650 3915 886 3968 Τὶὁιινιίἱ.
910 3913 1182 3968 Tiburtius
1202 3923 1256 3968 et
1281 3913 1591 3967 Valerianus
1611 3911 1725 3979 ejus
1745 3912 1908 3966 frater
1928 3928 2091 3977 Spon-

531 4002 710 4056 susque
741 3984 1068 4052 S.C;eciliae,
1096 3986 1164 4038 ab
1187 3987 1300 4056 ipsa
1331 3983 1634 4056 (laiciliaad
1659 3983 2088 4056 lideinconversi

528 4052 669 4121 sunt;
701 4071 821 4110 cum
850 4065 1084 4110 autem'a
1117 4054 1407 4109 tertorihus
1441 4054 1505 4107 ad
1537 4053 1753 4106 domum
1787 4052 2001 4105 Maximi
2036 4055 2086 4106 in

522 4127 814 4182 custodiam
864 4126 1008 4180 ducti
1056 4135 1269 4190 essent,
1320 4124 1527 4178 visione
1552 4123 1790 4189 angelica
1827 4123 2082 4177 Maximus

511 4199 672 4252 etiam
700 4210 991 4250 conversus
1014 4236 1028 4258 ,
1081 4211 1266 4250 omnes
1295 4195 1394 4247 sub
1423 4195 1720 4248 Alexandro
1766 4194 2088 4260 imperatore

510 4270 652 4321 circa
683 4281 879 4336 annum
911 4265 1014 4318 2‘29
1043 4267 1362 4336 martyrium
1386 4267 1680 4336 subierunt.
1735 4264 1944 4336 Sepulti
1967 4274 2088 4336 sunt

512 4339 592 4391 via
645 4336 812 4403 Appia
867 4335 918 4387 in
978 4334 1287 4390 eminetcrio
1348 4335 1672 4389 Prailextati.
1735 4336 1877 4401 Ado,
1931 4334 2084 4386 Ba‘da

509 4411 629 4476 vulg
661 4448 674 4470 ,
709 4403 989 4476 Notkerns.

575 4470 626 4530 ,δ’
651 4477 919 4528 t-‘alemiui.
966 4474 1166 4528 Forsan
1197 4474 1283 4528 hic
1312 4485 1393 4530 est
1424 4473 1844 4529 Interamneusis
1874 4470 2081 4541 episco-

513 4563 610 4618 pus
641 4549 836 4618 dequo
869 4546 1040 4618 agitur
1071 4561 1154 4618 xiv
1187 4545 1345 4618 It‘L-hr.

587 4629 609 4657 ε
647 4611 936 4668 Frontoris.
976 4614 1189 4667 Rectius
1220 4613 1530 4680 Frontoris,
1564 4611 1811 4666 monachi
1838 4612 1925 4680 qui
1958 4613 2087 4665 vixit

510 4694 562 4745 in
592 4703 775 4743 eremo
822 4685 1109 4748 Nitrieusi,
1159 4697 1211 4738 et
1260 4684 1328 4737 70
1357 4684 1647 4737 monachos
1678 4697 1858 4736 secum
1890 4684 1940 4735 in
1970 4699 2086 4736 ere-

510 4775 652 4813 iuum
685 4755 939 4810 abduxit.
973 4755 1137 4822 Legas
1184 4755 1234 4806 in
1261 4753 1495 4807 Nmkero
1517 4762 1568 4805 et
1595 4751 1829 4816 Iiabauo,
1866 4768 2084 4815 quomo-

510 4836 578 4884 ito
627 4828 815 4882 cameli
874 4839 902 4877 a
954 4825 1116 4878 divite
1172 4824 1554 4889 patrefamilias
1599 4823 1747 4890 jussu
1792 4824 1970 4876 divino
2019 4824 2084 4876 ad

511 4901 832 4954 Frontonem
880 4895 1027 4948 missi
1080 4894 1194 4946 sine
1241 4894 1378 4948 duce
1417 4903 1566 4946 recto
1598 4895 1788 4946 itinere
1825 4903 2087 4947 venerunt

508 4971 574 5023 ad
627 4975 933 5021 sanctorqu
981 4962 1327 5019 esurientium
1373 4964 1584 5018 cellam.
1655 4962 1764 5016 Sub
1815 4962 2086 5016 Antoniuo

509 5042 834 5106 imperatore
866 5034 1137 5106 vixittsed
1166 5048 1272 5101 quo
1299 5033 1574 5106 Antonino
1605 5031 1867 5106 incertum
1892 5043 1995 5106 est.

579 5102 605 5147 δ
640 5106 983 5176 Olympiadis.
1016 5104 1276 5176 Martyres
1299 5103 1352 5157 hi
1377 5113 1654 5176 postquam
1674 5102 1916 5157 defuncti
1940 5112 2082 5165 sunt,

509 5173 730 5232 canibus
759 5175 948 5230 edendi
990 5173 1445 5242 relinquebantur.
1480 5173 1673 5242 Canes
1722 5187 1849 5226 vero
1896 5189 2080 5228 eorum

510 5261 734 5316 corpora
779 5260 892 5316 non
938 5241 1345 5316 contingebant;
1401 5241 1493 5296 sei
1527 5253 1644 5308 post
1671 5243 2082 5316 quintum‘diem

514 5311 729 5386 quidam
756 5315 1041 5370 Christiani
1067 5311 1645 5386 co’tlegeriuitcorpora
1676 5324 1728 5365 et
1761 5311 2085 5386 sepelierunt

515 5382 570 5442 in
607 5390 768 5442 domo
813 5401 904 5439 sua
955 5385 1265 5438 duodecimo
1317 5382 1437 5437 Kal.
1484 5382 1698 5450 Aprilis.
1769 5387 1900 5436 Acta
1943 5385 2083 5451 apud

512 5457 848 5513 Bollandum.
879 5455 1195 5523 Martyrizati
1219 5463 1342 5507 sunt
1373 5454 1424 5507 hi
1459 5467 1602 5506 anno
1621 5452 1751 5523 25L

585 5537 609 5564 ο
641 5526 904 5596 Diogenis.
935 5521 1038 5592 Qui
1077 5525 1330 5581 diaconus
1373 5533 1589 5579 vocatur
1618 5521 1670 5576 iu
1711 5522 2084 5593 Martyrologio

510 5596 943 5667 Hieronymiano.

587 5667 604 5708 ί
640 5663 925 5736 Hispaniis.
983 5665 1208 5725 Civitate
1255 5664 1655 5738 thsaraugusta
1687 5705 1702 5735 ,
1757 5663 1983 5734 Luperci
2030 5674 2083 5721 et

2199 3914 2453 3977 Apodemi
2481 3955 2495 3978 ,
2534 3915 2620 3984 qui
2646 3917 2746 3969 sub
2778 3915 3011 3969 Daciann
3039 3917 3265 3982 przesiile
3290 3918 3343 3973 in
3373 3921 3528 3973 clade
3561 3923 3757 3978 Diocle-

2198 3984 2372 4058 tiauea
2402 3999 2523 4058 cum
2555 3987 2822 4058 sexdecim
2861 3987 2982 4040 aliis
3007 3988 3308 4058 interempti
3332 4002 3476 4045 sunt.
3507 3991 3762 4049 Usuardus

2194 4066 2244 4107 et
2276 4056 2532 4107 Iiarouius
2560 4070 2654 4109 eos
2681 4057 2862 4108 colunt
2889 4058 3166 4123 postridie.

2269 4125 2628 4197 sillam'itani.
2677 4126 2850 4197 Aliter
2896 4126 3188 4192 Marciani,
3236 4131 3477 4197 quicum
3521 4133 3762 4189 Faustino

2193 4206 2244 4247 et
2271 4195 2502 4248 Luciano
2548 4196 2686 4261 passi
2737 4203 2861 4248 sunt
2908 4212 3026 4249 cum
3082 4199 3200 4252 aliis
3229 4195 3280 4252 in
3314 4200 3488 4256 Ponto
3519 4206 3658 4260 Asiae
3685 4222 3762 4260 reo

2192 4266 2368 4334 gioue.
2401 4267 2457 4316 S.
2493 4265 2795 4334 Hieronymi
2821 4265 3092 4331 Martyrol.

2266 4333 2292 4372 ιι
2327 4335 2560 4388 Polemi.
2611 4333 2710 4400 Qui
2759 4337 3053 4409 monachus
3101 4339 3268 4409 factus
3319 4349 3403 4394 est
3443 4342 3494 4395 in
3525 4346 3760 4409 pueritia,

2114 4389 2165 4446 D
2197 4414 2476 4472 provectus
2510 4389 2834 4478 tamencum
2884 4405 2941 4459 S.
2974 4389 3278 4461 Scuhil'ione
3326 4389 3762 4478 iii’pliigii’i‘ii“ci{[{1

2191 4478 2539 4530 stantiensem
2592 4476 2861 4540 profectus
2886 4486 2965 4529 est
2988 4515 3003 4538 ,
3050 4487 3104 4531 et
3137 4480 3366 4533 Se~ciaci
3394 4476 3581 4536 docuit
3607 4486 3763 4538 idolo-

2192 4548 2353 4620 latras
2385 4547 2540 4620 Iidem
2564 4545 2783 4620 Christi.
2813 4545 3024 4620 Dehinc
3053 4563 3081 4599 a
3111 4549 3166 4601 S.
3197 4547 3494 4620 Leontiauo
3522 4555 3765 4620 episc0po

2188 4615 2619 4679 Coustantieusi,
2670 4617 2758 4683 qui
2806 4617 2982 4668 floruit
3030 4621 3166 4671 circa
3213 4633 3303 4670 an.
3335 4619 3464 4682 510,
3496 4615 3765 4677 ordinatus

2188 4697 2269 4740 est
2299 4687 2552 4740 diaconus
2579 4695 2633 4738 et
2672 4686 2951 4755 presbyter
2979 4705 2988 4737 :
3023 4698 3073 4740 et
3101 4704 3192 4754 per
3233 4690 3476 4745 civitates
3515 4693 3768 4748 Constan-

2190 4757 2338 4828 tiam,
2392 4757 2629 4828 baio‘cas,
2679 4757 3069 4819 Cenomanuin,
3107 4759 3407 4828 Abrincas,
3460 4762 3764 4827 Iilicdoues,

2190 4827 2354 4879 multa
2402 4825 2640 4878 fundavit
2688 4828 3036 4896 monasteria.
3096 4825 3554 4896 Septuagenarius
3596 4825 3764 4886 autem

2192 4896 2243 4967 in
2279 4897 2684 4967 Abriucense_r_n_
2713 4895 3022 4967 cpisc0pum
3078 4906 3160 4950 est
3204 4895 3536 4967 assumptus.
3582 4904 3770 4957 Habuit

2193 4966 2535 5018 decessorcm
2567 4964 2836 5031 Aigidium
2859 5005 2874 5026 ,
2904 4967 2994 5032 qui
3035 4982 3175 5019 anno
3199 4965 3299 5020 547
3331 4964 3562 5025 concilio
3595 4977 3762 5027 Aure-

2192 5036 2415 5088 lianensi
2465 5035 2819 5102 subscripsit,
2868 5036 2952 5088 cui
3002 5037 3210 5089 videtur
3259 5044 3592 5097 successisse
3631 5046 3767 5095 circa

2187 5119 2383 5158 annum
2409 5104 2513 5159 55‘)
2533 5146 2546 5166 ,
2596 5120 2658 5158 ac
2688 5105 2809 5157 dein
2838 5105 2976 5159 circa
3002 5120 3195 5159 annum
3228 5109 3333 5162 556
3363 5111 3594 5164 concilio
3629 5113 3769 5166 Pari-

2187 5175 2349 5228 siensi
2399 5176 2558 5245 tertio
2584 5174 2886 5227 interfuisse
2907 5216 2922 5238 ,
2975 5177 3294 5245 tandemque
3323 5195 3467 5232 anno
3498 5181 3604 5233 56.3
3628 5184 3768 5235 diem

2187 5255 2487 5316 extremum
2512 5244 2710 5316 obiisse
2735 5247 2786 5298 iit
2808 5245 3075 5313 Sesciaco,
3110 5244 3471 5316 uhi’sepultus
3502 5262 3606 5306 est.
3638 5258 3768 5306 Acta

2188 5315 2326 5381 apud
2357 5313 2598 5369 Bollaud.

2264 5383 2615 5460 Mappalici.
2671 5384 2886 5460 De_quo
2942 5383 3234 5460 Cyprianus
3265 5388 3465 5460 scribit
3497 5391 3549 5444 in
3581 5393 3763 5460 epist.,

2187 5469 2241 5521 p.
2269 5453 2326 5506 2|
2357 5455 2484 5508 edit.
2533 5454 2703 5508 Oxon.
2745 5455 2929 5508 Petrus
2978 5453 3044 5508 de
3089 5455 3360 5510 Natalibus
3393 5461 3584 5514 horum
3616 5453 3768 5514 inar-

2187 5527 2380 5594 tyrium
2410 5526 2600 5596 asserit
2625 5534 2897 5591 peractum
2923 5525 2974 5578 in
2999 5526 3216 5596 civitate
3242 5527 3580 5596 Tagastensi.
3605 5532 3764 5585 Temo

2188 5594 2585 5669 pustartyrii
2622 5595 2872 5669 statuitur
2919 5610 2948 5647 a
3003 5595 3231 5669 Barouio
3280 5594 3338 5652 in
3379 5603 3765 5669 persecutione

2188 5661 2354 5731 Decii,
2390 5661 2509 5734 post
2540 5663 2652 5732 ejus
2683 5665 2883 5721 ctedent
2912 5666 3237 5721 continuata.
