3988 6346
1209 301 1398 360 SCCT.
1443 298 1508 352 ll.
1551 324 1618 336 -
1660 287 2230 348 MARTYROLOGIA.
3245 265 3350 319 88?.

1331 409 1554 466 EDITIO
1595 401 2053 464 COLONIENSIS.

162 531 217 588 C.
244 526 360 584 XIV
391 525 631 580 KALEND.
665 521 808 575 Man.
846 515 996 586 Apud
1039 513 1305 568 ltlesanam
1342 506 1549 575 Apuliae
1579 518 1671 557 na-
1697 507 1746 561 Δ
1776 499 1922 567 legit,
1954 506 2008 552 et
2051 492 2398 550 nihilominus
2437 483 2699 542 sententia
2745 487 2962 536 senatus
3007 492 3102 546 pro
3137 473 3359 532 Christo

109 629 194 682 tale
220 633 524 676 sanetorum
557 613 808 684 martyris
851 607 1138 668 Eleutherii
1169 601 1404 671 episcopi
1431 642 1445 665 ,
1477 607 1532 652 et
1562 597 1671 650 An-
1777 591 2250 684 capite—truncatus
2275 592 2403 684 est;
2639 672 2658 684 -
2749 671 2762 684 ι
2938 667 2978 684 ,Δ
3021 664 3229 684 Am-“
3262 658 3331 684 ω

113 658 215 773 ἰὶιιίἒξ
242 713 424 766 matris
457 708 593 775 ejus.
628 658 724 758 ille
756 698 1096 756 Eleutherius
1124 697 1175 749 in
1201 691 1439 761 Aquileia
1470 690 1672 755 episco-
1850 683 1914 735 D.
1948 679 2059 733 XIII
2090 678 2327 733 Kacenu.
2357 676 2506 731 MA“.
2541 705 2608 715 ——
2639 672 2696 726 In
2737 658 3364 775 Armentis-civitate}?—

114 752 193 876 ἓως
217 752 516 861 ordinatus:
542 797 642 850 sub
668 795 901 849 Adriano
928 792 1249 859 imperatore
1281 787 1460 838 liomre
1487 794 1673 847 passus
1779 774 1941 829 Iitana
1973 772 2151 824 natale
2174 779 2481 876 sanctorum
2515 761 2883 876 llermogepis,
2915 756 3052 822 Gaii,
3085 752 3356 876 Expedit'i,

113 843 195 950 est.
227 893 323 946 llic
354 891 585 958 primum
637 885 869 938 Felicem
909 893 961 936 et
1005 881 1294 934 Correvum
1341 875 1568 928 comites
1609 872 1674 925 ad
1782 862 2088 926 Aristonici,
2120 860 2261 923 Rufi,
2289 857 2531 912 Galatba:
2555 897 2570 921 ,
2609 870 2712 908 una
2743 852 2831 958 die
2875 857 3268 958 coronatorum.

113 934 548 1038 thidcm'convertit
572 975 794 1039 Christi,
835 987 930 1040 pro
969 984 1076 1039 quo
1108 969 1222 1036 ipse
1267 965 1534 1020 Correvus
1560 976 1677 1030 per-
1785 954 2036 1022 Hispania
2068 951 2285 1006 civitate
2314 947 2648 1004 Caucoliberi
2691 943 2866 998 natale
2896 939 3065 995 sancti
3100 934 3360 1040 Vincentii

113 1085 280 1126 cussus
310 1077 394 1123 est
433 1065 631 1136 gladio.
662 1027 794 1116 Nam
824 1027 1164 1114 l'ileutberiu-s
1191 1056 1420 1125 primum
1450 1027 1575 1107 vicit
1601 1052 1676 1106 le-
1782 1047 2054 1117 martyris.
2082 1045 2235 1114 Apud
2274 1041 2590 1097 Corinthum
2632 1039 2771 1094 beati
2815 1032 3092 1097 Timonis,
3141 1029 3209 1084 de
3253 1027 3364 1130 illis

111 1174 235 1218 ctum
264 1119 522 1223 fet-rediri,
553 1157 749 1210 deinde
779 1153 1116 1218 craticulam,
1148 1158 1202 1203 et
1232 1150 1406 1217 ignem
1435 1146 1677 1213 supposi-
1781 1146 1986 1206 septem
2017 1134 2332 1190 diaconibus
2361 1133 2564 1203 primis,
2612 1131 2700 1199 qui
2741 1128 2877 1197 apud
2911 1126 3154 1223 Bertea-m
3188 1119 3361 1189 primo

113 1262 246 1316 tum,
302 1258 485 1317 postea
527 1246 849 1314 sartaginem
889 1257 1010 1296 cum
1043 1215 1158 1309 pice
1187 1215 1433 1305 (at—adipe
1466 1235 1676 1289 ferven-
1783 1229 1970 1283 doctor
2000 1227 2158 1292 sedit,
2187 1223 2380 1288 deinde
2406 1223 2625 1278 verbum
2660 1218 2864 1274 Domini
2891 1215 3246 1271 disseminans
3275 1225 3364 1264 ve-

112 1310 244 1407 tem;
273 1310 474 1395 dehinc
521 1310 716 1392 bestias
768 1331 1049 1403 mitigavit,
1095 1328 1381 1384 novissime
1423 1339 1524 1379 una
1555 1339 1675 1379 cum
1783 1322 1862 1376 nit
1889 1320 2226 1385 Corinthum,
2253 1319 2433 1386 ibique
2455 1333 2485 1371 a
2514 1315 2810 1370 zelantibus
2833 1310 3052 1374 ludatis,
3081 1316 3134 1362 et
3163 1318 3357 1360 nomen

115 1397 267 1489 matre
291 1431 589 1502 jugulatur.
644 1428 829 1481 Romae
857 1397 1024 1477 sancti
1067 1417 1327 1487 Apollonii
1376 1415 1676 1476 senatoris,
1787 1413 1982 1467 Christi
2019 1411 2464 1481 persequentibus
2519 1408 2724 1462 Graecis
2773 1403 3036 1465 traditur,
3092 1407 3148 1452 ut
3199 1397 3368 1463 primo

107 319 186 379 881

111 1526 184 1589 qui
227 1521 332 1576 sub
370 1516 668 1573 Commodo
709 1515 946 1585 principe
977 1527 1006 1565 a
1034 1525 1190 1565 servo
1234 1509 1472 1576 proditus
1493 1548 1508 1571 ,
1541 1506 1679 1574 quod

111 1612 434 1669 Christianus
458 1620 620 1674 esset,
652 1618 704 1662 et
735 1610 1027 1676 imperatus
1056 1614 1112 1656 ut
1140 1601 1402 1656 rationem
1431 1599 1550 1653 ﬁdei
1573 1611 1683 1652 sua:

116 1704 374 1771 redderet,
411 1701 615 1770 insigne
649 1699 894 1752 volumen
917 1691 1236 1762 composuit,
1261 1691 1399 1760 quod
1423 1690 1473 1744 in
1495 1697 1682 1742 srnalu

1792 1505 2019 1559 ﬂammis
2048 1504 2130 1574 (ut
2157 1504 2355 1568 lerunt)
2385 1501 2633 1570 injectus,
2673 1497 2765 1552 sed
2795 1495 2924 1550 nihil
2953 1494 3144 1556 lassus;
3177 1489 3369 1544 deinde

1792 1601 1936 1653 cruci
1964 1598 2181 1659 allixus,
2204 1597 2518 1665 martyrium
2550 1607 2706 1647 suum
2754 1590 3009 1660 implevit,
3051 1596 3102 1641 et
3132 1586 3372 1654 sepultus

1794 1697 1876 1743 est
1903 1688 2038 1757 apud
2069 1687 2384 1742 Corinthum
2409 1683 2660 1755 gloriose.

1345 1781 1574 1838 EDITIO
1613 1778 2112 1834 BOLLANDIANA.

113 1886 405 1945 Antiochia:
471 1882 614 1937 Petri
660 1878 872 1936 diaconi
934 1885 988 1933 et
1050 1873 1408 1945 Hermogenis
1440 1872 1687 1945 ministri
1719 1872 1767 1932 Β
1797 1878 1899 1932 set,
1931 1870 2173 1924 confessa
2205 1882 2264 1924 se
2300 1868 2657 1924 Christianam
2678 1907 2692 1930 ,
2726 1878 2844 1918 mox
2872 1862 3046 1931 capite
3078 1860 3227 1931 plexa
3261 1869 3366 1914 est.

111 1941 238 2028 ejus.
270 1957 353 2018 B.,
389 1958 414 2028 εξ
446 1953 719 2028 Fortunati
779 1960 841 2028 _et_
897 1948 1166 2028 Nare-iani.
1233 1941 1285 1999 Ιῖι
1341 1943 1515 2028 A-I‘rica
1594 1941 1686 2028 .l'u-

116 2014 227 2081 liani
273 2014 612 2094 presbyteri,
666 2020 843 2074 Banici
870 2060 892 2094 ,_
937 2017 1232 2094 'l’lieollorm
1264 2024 1320 2094 e_t
1352 2015 1577 2067 lllcconi.

114 2099 229 2151 alibi
257 2083 317 2150 Ξ.
349 2108 369 2134 ε
399 2083 642 2147 [)omnini
676 2090 944 2158 martyris.
975 2088 1038 2142 A.
1066 2087 1219 2158 TLL.
1240 2126 1255 2146 ,
1285 2083 1687 2158 Romzeutatalis

113 2170 162 2221 S.
193 2166 221 2204 τι
247 2164 539 2220 Eleutherii
591 2151 840 2231 episcopi
877 2169 946 2231 et_
975 2159 1088 2231 S._e
1128 2156 1428 2231 Fortunati.
1481 2151 1566 2218 L.,
1627 2153 1691 2204 Et

115 2238 340 2290 Turonis
368 2228 640 2302 depositio
671 2233 687 2268 ί
718 2229 951 2297 Cogitosi
978 2228 1234 2296 episcopi.

174 2327 266 2382 18.
289 2356 365 2366 -
387 2324 502 2379 XIV
533 2324 669 2377 ΚΑι..
704 2321 868 2375 Vacat
896 2319 1072 2374 Barda.

176 2424 375 2478 Florus
403 2421 457 2475 in
490 2422 553 2474 A.
602 2419 694 2484 T.,
743 2417 800 2470 In
845 2416 1023 2470 Africa
1050 2413 1224 2467 natale
1248 2411 1348 2466 SS.
1384 2409 1614 2464 Victoris
1638 2416 1694 2462 ct

115 2516 325 2570 Donati.
388 2513 590 2568 Eodem
621 2510 708 2565 die
751 2510 935 2564 Romae
967 2509 1140 2575 passio
1170 2504 1230 2560 S.
1259 2515 1284 2552 ϐ
1317 2502 1606 2559 Eleutherii
1638 2511 1693 2556 et

115 2611 225 2672 ejus
268 2604 544 2676 genitricis
600 2603 811 2658 Anthia:
864 2603 882 2670 (
920 2599 1195 2669 [lucusque
1236 2601 1300 2651 A.
1341 2599 1391 2667 );
1451 2596 1539 2664 qui
1594 2596 1694 2649 sub

115 2699 354 2753 Adriano
383 2697 709 2764 imperatore
740 2693 883 2760 passi
911 2703 1053 2746 sunt.
1086 2691 1324 2757 Quorum
1356 2688 1692 2744 Eleutherius

116 2790 165 2844 in
187 2786 452 2843 craticula
483 2785 680 2840 missus
714 2783 896 2850 prunis
937 2780 1242 2850 suppositus
1283 2792 1365 2836 est
1389 2822 1404 2846 ,
1433 2790 1616 2848 postea
1639 2780 1691 2833 in

115 2883 384 2937 clibanum
436 2880 710 2933 ardentem
757 2878 1024 2948 projectus
1069 2888 1124 2932 et
1168 2892 1271 2929 non
1318 2883 1690 2942 consumptus,

117 2974 377 3043 alligatus
403 2982 483 3026 cst
511 2981 737 3040 quatuor
765 2971 917 3038 cquis
949 2967 1223 3022 indomitis
1251 3008 1265 3032 ,
1309 2981 1408 3020 nec
1431 2967 1589 3020 etiam
1619 2967 1698 3020 sic

117 3077 208 3130 per
263 3063 430 3116 frusta
479 3059 708 3122 divisus,
750 3059 842 3112 sed
887 3058 954 3110 ab
981 3056 1172 3124 angelo
1203 3057 1438 3119 solutus,
1473 3055 1699 3108 novissi-

115 3166 196 3205 me
239 3149 397 3219 jussu
443 3148 782 3215 imperatoris
822 3146 996 3214 gladio
1046 3154 1129 3199 est
1158 3159 1462 3209 percussus.
1498 3143 1695 3198 Anthia

1863 1959 1952 2022 D.,
1984 1959 2192 2013 Nesano
2233 1959 2439 2022 Apulia:
2488 1955 2782 2011 Eleutherii
2825 1952 3063 2020 episcopi
3116 1961 3170 2006 et
3199 1952 3372 2006 Antia:

1792 2030 1976 2082 matris
2006 2029 2143 2098 ejus.
2171 2029 2236 2084 V.
2271 2030 2354 2092 Β..
2391 2028 2556 2080 Roma
2586 2025 2876 2098 Eleutherii
2906 2023 3144 2098 eﬂseppi
3174 2032 3240 2098 et
3265 2025 3374 2098 An-

1795 2098 1881 2152 tia}
1913 2091 2122 2152 matris.
2161 2098 2247 2162 V.,
2278 2091 2522 2160 Proculi,
2558 2096 2822 2164 Apolonii.
2859 2098 2923 2148 A.
2957 2094 3020 2146 Τ.
3056 2091 3144 2156 L.,
3174 2091 3372 2164 Eodetn

1793 2170 1878 2222 die
1910 2168 2087 2222 Lohiis
2133 2169 2307 2223 natale
2351 2168 2410 2222 S.
2447 2166 2469 2203 ιι
2501 2162 2738 2220 Ursinari
2780 2165 3035 2231 episcopi.
3070 2164 3156 2223 D.,
3191 2164 3246 2214 lu
3275 2162 3376 2215 Sa-

1800 2239 1921 2291 lona
1951 2240 2168 2292 civitate
2218 2248 2327 2291 nat.
2375 2237 2470 2291 SS.
2517 2235 2736 2304 Septimi
2777 2234 2985 2286 diaconi
3016 2241 3068 2304 et
3099 2231 3372 2304 \'i_etoricri.

1798 2308 1855 2361 In
1888 2308 2066 2362 Africa
2099 2309 2343 2369 Victoris,
2379 2301 2696 2377 Pamphylii,
2725 2303 2998 2358 Prisciani.
3024 2301 3113 2368 Τ.,
3142 2301 3371 2355 Turonis

1801 2378 2066 2447 depositio
2101 2378 2114 2415 ί
2145 2378 2379 2449 Cogitosi
2409 2378 2672 2444 episc0pi.

1875 2489 1960 2543 19.
1987 2517 2056 2530 -—
2077 2488 2195 2542 Xlll
2225 2488 2359 2543 ΚΑι..
2394 2488 2557 2541 Vacat
2583 2487 2758 2541 Baeda.

1875 2604 1961 2668 D.,
1987 2603 2300 2658 Corinthum
2334 2607 2348 2652 l
2383 2603 2625 2657 Timonis
2660 2601 2867 2658 diaconi
2897 2601 2964 2656 de
3003 2609 3231 2661 sentem.
3273 2598 3380 2652 Me-

1805 2673 1954 2728 litina
1985 2674 2330 2742 Hermogenis
2359 2689 2480 2728 cum
2520 2674 2638 2728 aliis
2685 2673 2935 2739 quinque.
2971 2672 3034 2742 γ.
3067 2669 3240 2742 'l‘.,__ln
3274 2674 3378 2721 Arn

1804 2747 1977 2798 menia
2013 2739 2359 2813 Hermogenis
2382 2788 2396 2811 ,
2449 2742 2580 2807 Gagi
2606 2782 2622 2807 ,
2674 2742 2941 2813 Expediti,
2972 2739 3378 2813 lluﬂ.'Ultimus

1805 2814 1905 2868 ltoe
1953 2815 2069 2868 loco
2109 2811 2373 2868 omittitur
2421 2815 2472 2868 in
2521 2813 2617 2874 T.;
2655 2821 2739 2867 ast
2777 2813 2839 2866 L.
2885 2811 3078 2866 Rufum
3117 2811 3376 2878 pra'ponit

1804 2885 2062 2953 Expedito
2111 2893 2166 2938 et
2216 2884 2505 2952 interponit
2549 2883 2931 2953 Vincentium,
2982 2881 3370 2953 addetts___cttitt

1805 2948 1979 3022 T.aui
2024 2957 2215 3021 pariter
2257 2948 2377 3008 sunt
2425 2953 2673 3008 coronati.
2736 2958 2799 3007 A.
2835 2952 2902 3006 Τ.
2935 2953 3027 3016 8.,
3062 2950 3117 3022 In
3143 2948 3383 3022 iMilitana

1805 3020 2018 3078 civitate
2047 3025 2221 3092 passio
2251 3024 2308 3078 S.
2344 3024 2462 3076 Iiuli
2486 3024 2753 3093 martyris.
2786 3025 2852 3078 A.
2885 3022 2973 3087 T.,
3007 3030 3061 3093 et
3082 3020 3118 3093 κ.
3142 3020 3382 3093 Vincetu-

1807 3096 1885 3147 tii.
1934 3095 2016 3156 Β..
2048 3089 2339 3149 Ἄιιιοηὶεἱ.
2399 3096 2462 3148 Α.
2520 3089 2847 3158 Τ.,Ἰῖοηιω
2897 3092 3072 3146 natale
3107 3089 3124 3127 1
3164 3092 3380 3144 Adriani

1811 3165 2047 3232 episcopi
2095 3172 2150 3219 et
2196 3165 2407 3218 Anthize
2457 3165 2644 3217 matris
2687 3164 2836 3230 ejus,
2877 3164 2965 3231 qui
2995 3162 3228 3224 percussi
3254 3169 3387 3232 sunt

122 3254 250 3295 vero
281 3249 451 3294 mater
479 3238 595 3306 ejus
625 3251 745 3290 cum
787 3248 846 3290 se
874 3249 1034 3303 supra
1075 3249 1268 3302 corpus
1306 3233 1399 3286 ﬁlii
1435 3233 1696 3301 projecis-
1727 3222 1770 3283 C
1805 3222 1981 3301 gladio
1999 3222 2106 3290 'sub
2129 3233 2364 3289 Adriano
2396 3235 2652 3303 principe.
2685 3222 2773 3302 BZ,
2799 3222 2854 3288 In
2880 3222 3058 3288 Africa
3097 3231 3380 3294 Sericiaui,

1509 3326 1715 3380 SMITII
1756 3327 1987 3384 NOT/E.

182 3439 209 3466 -
251 3424 559 3480 Fortunati.
615 3423 866 3476 Rabanus
907 3419 1093 3475 scribit
1142 3420 1239 3473 hos
1280 3433 1466 3487 passos
1493 3431 1614 3472 esse
1646 3417 1703 3471 in

117 3498 326 3554 Africa.

182 3566 467 3621 hJutiani.
518 3563 579 3617 lIi
624 3563 678 3617 in
722 3559 1098 3631 Martyrologio
1139 3557 1556 3629 ilieronymiano
1586 3571 1709 3612 cum

119 3639 422 3707 )Iappalico
443 3636 756 3707 junguntur.

192 3699 218 3748 «⁵
246 3699 526 3760 Ὠσηιηῖηἱ.
559 3699 680 3758 Seu
713 3701 1045 3767 Domnionis,
1077 3701 1141 3756 de
1170 3716 1273 3770 quo
1299 3701 1503 3771 egimus
1528 3715 1577 3752 χι
1611 3699 1712 3754 Fe-

121 3778 350 3832 bruarii.

189 3852 215 3886 ά
257 3846 562 3899 Elmtlterii.
597 3846 671 3899 De
699 3858 805 3912 quo
835 3842 1112 3909 postridie.

194 3924 221 3951 θ
253 3915 554 3972 Fortunati.
589 3908 788 3969 Forsan
822 3908 959 3966 idem
993 3922 1072 3966 est
1099 3925 1219 3966 cum
1244 3925 1306 3964 co
1327 3910 1416 3978 qui
1450 3909 1502 3962 in
1529 3908 1705 3963 Africa

118 4003 246 4045 eum
276 3987 323 4040 Μ
345 3988 550 4038 trciauo
580 4000 766 4053 passus
803 3993 903 4036 est.

198 4060 218 4097 τ
259 4056 512 4124 Cogitosi.
545 4048 679 4121 Quia
720 4055 893 4124 nullus
923 4051 1058 4119 apud
1083 4051 1419 4104 Turonenses
1468 4048 1562 4100 fuit
1598 4048 1710 4114 epi-

120 4123 675 4196 scopus'Cogitosus,
727 4127 816 4177 vix
863 4123 977 4177 ﬁeri
1028 4130 1218 4188 potest,
1264 4129 1321 4172 ut
1359 4133 1709 4187 assequamur

122 4201 247 4268 quis
279 4198 372 4268 hic
403 4205 636 4268 notetur,

199 4279 226 4312 κ
268 4265 577 4319 Eteutlterii.
604 4266 705 4324 To],
728 4263 916 4316 fabula:
947 4261 1012 4315 dc
1040 4260 1138 4312 hoc
1164 4259 1394 4327 conﬁngi
1439 4260 1710 4327 videntur,

128 4348 188 4390 nt
221 4338 355 4403 quid
392 4335 501 4387 veri
532 4351 594 4386 ex
629 4323 742 4400 ejus
771 4335 902 4386 actis
928 4331 1044 4384 elici
1078 4333 1159 4403 vix
1193 4323 1385 4397 potesi.
1411 4331 1541 4384 Nam
1573 4323 1634 4382 in.
1658 4332 1719 4382 iis

124 4401 354 4476 tingitur
405 4405 543 4472 quod
595 4402 1008 4476 ordinatus-luit
1050 4401 1363 4476 episcopus,
1409 4414 1531 4453 eum
1577 4410 1720 4476 esset

1814 3420 2025 3475 dicitur.
2056 3421 2326 3486 Rabanus,
2356 3421 2622 3478 Notkerus
2648 3431 2702 3477 et
2727 3430 2912 3477 auctor
2933 3420 3250 3488 suppositilii
3272 3420 3388 3476 [he-

1820 3492 1900 3562 da;
1929 3491 2190 3558 Aquileia:
2217 3493 2518 3546 ordinatum
2549 3495 2855 3562 episcopum
2887 3493 3147 3546 scribunt.

1887 3559 1914 3597 ¹ι
1947 3563 2198 3615 Ursmari.
2251 3563 2352 3626 Qui
2393 3579 2526 3633 pago
2567 3559 2906 3617 Tlteoracensi
2932 3607 2946 3628 ,
3021 3563 3141 3615 villa
3197 3559 3383 3626 Flean,

1817 3633 2007 3705 exstitit
2061 3634 2342 3705 oriundus,
2375 3635 2460 3686 ubi
2501 3635 2682 3687 domus
2723 3634 3057 3705 ejusjadhuc
3104 3633 3390 3705 visitur-,jn

1817 3703 2003 3770 ﬁnibus
2034 3703 2263 3757 uidelicet
2295 3703 2616 3766 llannonire,
2652 3700 2806 3773 prope
2837 3703 3078 3756 Avesnas.
3113 3705 3154 3754 A
3208 3700 3392 3770 I’ipino

1819 3773 1947 3824 duce
1993 3773 2262 3826 accersitus
2289 3814 2303 3836 ,
2367 3773 2656 3826 Laubacum
2699 3774 3060 3826 monasterium
3115 3773 3394 3840 regendum

1819 3843 2064 3906 suscepit.
2095 3841 2161 3894 Et
2191 3844 2259 3896 ad
2289 3843 2567 3897 barbarica:
2615 3843 2778 3911 gentis
2806 3843 3178 3895 converaimem
3207 3843 3396 3907 episco-

1823 3927 1916 3978 pus
1942 3922 2265 3964 consecratus
2285 3953 2299 3976 ,
2329 3915 2518 3965 multos
2548 3914 2615 3964 ad
2645 3913 2902 3965 Christum
2923 3912 3166 3964 convertit
3195 3911 3246 3962 in
3274 3928 3395 3978 par-

1827 3981 1961 4034 tibus
1991 3980 2192 4046 Gallice,
2218 3981 2268 4033 in
2305 3981 2473 4034 Fania
2514 3982 2742 4034 uidelicet
2770 3993 2816 4035 et
2849 3981 3146 4040 Theoraria,
3187 3983 3399 4032 multasv

1827 4066 1922 4118 que
1942 4053 2225 4104 construxit
2248 4052 2508 4104 ecclesias.
2570 4051 2698 4104 lude
2727 4054 2793 4104 ad
2823 4049 3207 4119 prazdicandum
3235 4047 3399 4103 Flau-

1828 4121 1973 4183 dria',
2004 4122 2215 4173 contulit
2241 4137 2294 4172 se
2319 4138 2486 4174 versus
2517 4121 2795 4191 Menapum
2839 4123 2980 4186 fines.
3022 4120 3184 4190 (.‘njus
3210 4123 3398 4189 prwdi-

1825 4191 2024 4244 catione
2077 4193 2282 4243 assidua
2326 4193 2393 4243 ad
2446 4192 2598 4260 ﬁdem
2645 4191 2888 4256 conuersi,
2939 4205 3127 4260 magna
3179 4206 3239 4244 ex
3259 4202 3400 4258 parte

1825 4277 1938 4312 eum
1987 4261 2296 4328 pra’diorum
2337 4263 2588 4314 lueredem
2638 4270 2893 4325 statuunt,
2945 4271 2992 4314 et
3041 4277 3151 4314 eam
3182 4276 3297 4328 qua:
3323 4270 3398 4317 est

1830 4330 2001 4384 Lobiis
2032 4330 2313 4401 Ecclesium
2338 4331 2546 4386 Christi.
2591 4332 2613 4383 1
2623 4348 2710 4401 pse
2735 4334 2888 4385 etiam
2930 4332 3204 4399 provincia?
3227 4334 3402 4385 domi-

1831 4417 1948 4465 nus,
1974 4402 2104 4453 Αιάο
2127 4400 2355 4465 donavit,
2379 4401 2443 4454 de
2471 4419 2563 4454 suo
2587 4400 2826 4454 vacabulo
2853 4403 3045 4455 dictum
3076 4403 3400 4455 Aldenburrh

131 4471 354 4530 tantum
405 4471 666 4527 annorum
713 4473 926 4540 viginti;
979 4481 1031 4524 et
1078 4471 1217 4536 quod
1269 4473 1449 4522 leones
1485 4481 1538 4522 et
1567 4471 1713 4534 pardi
1748 4476 1795 4534 ο
1824 4473 2010 4535 vicum,
2045 4472 2099 4523 in
2124 4487 2222 4538 quo
2271 4472 2323 4523 in
2357 4473 2595 4524 honorem
2639 4472 2700 4525 B.
2751 4471 2893 4524 Petri
2945 4471 3405 4526 erclesiamconse-

130 4549 344 4601 fuerint
397 4545 450 4596 in
498 4546 652 4596 silvis
695 4543 948 4595 llutuanis
990 4541 1079 4609 qui
1130 4541 1175 4592 ei
1209 4555 1408 4590 lll()t't.'lll
1441 4543 1713 4606 gerebant.

129 4618 346 4671 Deinde
402 4613 693 4667 Eleuther-ii
744 4622 912 4665 rnater
963 4610 1152 4662 Anthia
1209 4610 1400 4662 dicitur
1450 4611 1716 4662 viventem

125 4688 182 4740 in
220 4699 464 4753 corpore
520 4684 577 4736 Β.
608 4685 825 4736 l’aulum
855 4681 1052 4753 vidisse
1079 4697 1090 4732 :
1123 4688 1176 4732 et
1217 4679 1552 4753 Eleuthcrius
1581 4694 1722 4732 anno

123 4758 311 4810 artatis
328 4749 414 4807 ’ὲο
445 4759 724 4820 cpiscopus
754 4793 768 4816 ,
795 4751 1064 4804 inducitur
1108 4754 1206 4801 sub
1240 4749 1473 4820 Adriano
1516 4762 1718 4820 passus,

123 4829 298 4896 idque
347 4818 492 4875 anno
542 4818 747 4896 imperii
796 4821 904 4896 Δ;
955 4820 1051 4874 SS.
1083 4829 1272 4896 autem
1321 4819 1460 4896 I’Detri
1493 4829 1544 4869 et
1578 4818 1720 4870 I’anli

122 4887 459 4964 martyrium
489 4893 554 4944 ad
585 4887 778 4946 annum
830 4891 898 4944 65
950 4889 1159 4964 accidit,
1211 4897 1266 4940 et
1291 4887 1553 4964 Adrianus
1585 4901 1725 4940 anno

123 4968 238 5021 “7
262 4959 434 5030 (ῖαξιιὶι
479 4965 740 5030 imperare
771 4981 779 5012 :
813 4965 998 5013 demus
1050 4960 1222 5030 igitur
1257 4959 1596 5030 annoipsius
1621 4973 1723 5011 non

121 5037 258 5090 dico
274 5027 371 5098 25,
405 5049 500 5085 nec
525 5027 664 5085 enim
696 5042 770 5084 tot
799 5035 952 5084 annis
975 5029 1252 5097 imperavit
1279 5069 1291 5087 ,
1322 5027 1414 5098 sed
1452 5045 1592 5080 anno
1620 5029 1728 5081 sal-

119 5117 247 5161 tem
277 5104 347 5155 15
365 5111 729 5156 revertentem
755 5103 818 5154 de
846 5103 1079 5168 partibus
1102 5100 1333 5152 Orientis
1351 5097 1724 5168 imperatorem

120 5177 198 5230 de
235 5175 548 5229 Eleutherio
595 5167 899 5238 iuaudiisse,
950 5171 1106 5224 fuerit
1129 5171 1174 5221 is
1199 5185 1371 5238 anuus
1395 5167 1513 5221 151.
1576 5169 1724 5234 Quod

116 5248 170 5301 si
233 5262 305 5300 eo
355 5259 498 5296 anno
549 5237 1086 5312 vigesimutnallatis
1136 5238 1327 5306 agebat
1359 5237 1724 5305 Eleutherius,

116 5332 300 5388 quam
353 5313 705 5388 graminevaur
737 5323 1006 5380 oporteret
1058 5312 1256 5388 ﬁngere
1313 5318 1580 5373 matrem,
1612 5324 1729 5374 qua:

116 5382 264 5442 éum
314 5384 614 5453 peperisset
661 5383 797 5435 circa
851 5397 1046 5434 :muum
1101 5382 1223 5453 μυ,
1276 5388 1328 5430 et
1374 5387 1498 5453 ante
1528 5392 1727 5453 annum

115 5459 200 5513 (55
237 5449 562 5511 Sjl’aulum
596 5453 832 5506 vidisset.
885 5454 940 5506 lu
971 5468 1069 5505 ms.
1108 5449 1414 5502 Dit‘ioncnsi
1444 5449 1727 5501 ascribun-

116 5540 222 5581 tur
272 5526 493 5581 Nesano
535 5523 772 5591 Apulia);
819 5531 872 5577 ct
917 5525 1052 5585 Ado,
1107 5520 1414 5583 Usuardus,
1465 5516 1731 5591 Notkerus

114 5600 344 5665 aliique
377 5587 620 5647 Mcseena
643 5634 657 5658 ,
680 5593 884 5665 lilisana
913 5632 927 5655 ,
961 5591 1198 5645 Messana
1222 5591 1462 5665 scribunt
1491 5603 1590 5665 pro
1619 5587 1727 5641 lle-

109 5658 274 5721 cum}
308 5666 516 5730 Apuliae
543 5705 554 5726 ,
608 5663 759 5732 cujus
792 5664 935 5716 urbis
963 5665 1270 5730 episeopum
1305 5662 1430 5712 Acta
1457 5658 1725 5732 cjtts__eunt

109 5728 408 5795 statuunt.
473 5728 687 5792 llccatta
713 5738 835 5788 urbs
859 5728 1042 5788 eadem
1077 5732 1170 5784 luit
1195 5773 1208 5800 ,
1237 5745 1351 5799 quae
1396 5743 1532 5784 nunc
1565 5728 1725 5798 TI‘OjI

1827 4543 2005 4593 cravit.
2038 4540 2270 4594 Mortuus
2313 4552 2384 4594 est
2426 4559 2560 4594 anno
2603 4544 2728 4607 7I5,
2779 4553 2822 4594 ct
2855 4543 2999 4597 Labii
3027 4543 3302 4610 honori/ire
3323 4559 3400 4597 se-

1825 4611 1998 4678 pultus
2027 4628 2130 4664 non
2163 4611 2310 4680 longe
2360 4629 2390 4664 a
2437 4617 2743 4666 monasteria
2788 4614 2840 4665 in
2867 4613 3098 4666 oratorio
3130 4612 3191 4664 Β.
3224 4611 3408 4668 Maria

1824 4697 1978 4760 super
2008 4691 2249 4735 montem.
2291 4682 2530 4737 Molanus
2575 4687 2642 4738 dc
2670 4685 2768 4740 SS.
2818 4684 3015 4754 Belgii.
3059 4682 3286 4736 Gltinius
3309 4684 3405 4737 Sc-

1827 4766 2030 4804 IIBIISIS.

1907 4820 1919 4856 ί
1957 4822 2201 4892 Cogitosi.
2231 4821 2496 4890 Colganus
2542 4824 2826 4878 arbitratur
2859 4823 3162 4890 Cogitosum
3185 4821 3410 4889 scripto-

1831 4905 1942 4943 rem
1981 4891 2113 4944 Vttre
2143 4893 2201 4945 ὃ.
2234 4892 2458 4961 lirigidre
2505 4894 2604 4947 hoc
2635 4894 2721 4948 die
2749 4896 2873 4957 coli,
2911 4903 2965 4947 et
3006 4893 3409 4948 memoraturln

1832 4961 2211 5033 Martyrologio
2234 4962 2597 5019 ’l‘amlactcnsi
2629 4965 2730 5020 hoc
2753 4965 2838 5020 die
2865 4963 3143 5033 Cogitosus
3169 4964 3405 5032 sapiens.

1833 5031 2051 5098 lleliqua
2079 5035 2409 5101 ignoramus.

1907 5103 1920 5149 i
1964 5103 2214 5154 Timonis.
2248 5104 2348 5166 Qui
2397 5105 2602 5170 primus
2650 5104 2788 5172 apud
2833 5106 3068 5157 llerazam
3101 5103 3288 5157 doctor
3318 5119 3414 5157 re-

1832 5173 1972 5224 sedit
1999 5189 2011 5222 :
2043 5187 2104 5225 ac
2133 5173 2327 5227 deinde
2375 5177 2596 5229 verbum
2628 5175 2835 5227 Domini
2882 5175 3240 5228 disseminans
3270 5176 3414 5227 venit

1833 5242 2144 5322 Corinthum
2171 5244 2391 5322 :_ib_i_que
2413 5259 2442 5296 a
2459 5244 2658 5299 Judzeis
2679 5256 2731 5322 c_t
2753 5244 2966 5322 Graecis
2986 5248 3155 5322 primo
3184 5246 3415 5297 llamntis

1838 5313 2091 5380 injectus,
2116 5314 2207 5367 sed
2229 5313 2358 5367 nihil
2379 5316 2535 5369 laesus
2555 5326 2656 5376 est,
2680 5315 2802 5370 dein
2828 5317 2967 5369 cruci
2993 5313 3180 5366 allixus
3209 5322 3411 5384 marty-

1836 5384 2148 5454 riumsuum
2179 5384 2438 5454 implevit.
2477 5385 2700 5438 USUﬂl‘tl.
2735 5386 2889 5438 Bzcda
2915 5384 3092 5451 Vulg.,
3126 5385 3320 5437 Baron.

1909 5449 1934 5488 ’ί
1977 5449 2376 5508 νὲηεεηείὶ.ἰιίο
2414 5470 2519 5507 non
2568 5469 2756 5522 passus
2786 5464 2868 5509 est
2908 5457 2958 5508 in
2999 5449 3229 5508 Militana
3260 5453 3415 5521 urbe,

1839 5523 1936 5595 sed
1970 5526 2145 5595 potius
2171 5525 2506 5595 Caucoliberi
2535 5524 2586 5595 in
2621 5525 2874 5595 Ilispania
2901 5527 3171 5592 citerioi-e,
3204 5535 3261 5579 ut
3286 5525 3415 5578 serio

1840 5593 1971 5662 bunt
2003 5594 2274 5655 Ilabanus,
2301 5595 2435 5656 Ado,
2471 5593 2847 5662 Notker.,'etc.

1916 5659 1932 5699 ι
1978 5663 2213 5742 Adriani.
2244 5663 2340 5717 l-lie
2376 5659 2705 5742 intelligitur
2735 5667 3073 5724 Eleutherius
3121 5666 3210 5736 qui
3240 5663 3412 5736 pridie

1843 5748 1958 5788 cum
1993 5735 2183 5788 Anthia
2213 5745 2381 5790 tnatrc
2413 5739 2606 5790 colitur
