3988 6346
603 332 715 390 885

1346 331 1549 389 BEDAS
1590 330 2044 387 VENERABILIS
2082 331 2233 386 OPP.
2279 332 2456 389 PARS
2497 333 2581 388 IV.
2626 364 2692 375 ——
2735 334 3115 392 IIISTORICA.
3765 343 3856 397 886

1866 442 2092 496 ΕΟΙΤΙΟ
2130 440 2593 499 COLONIENSIS.

678 535 739 590 E.
775 534 865 589 ΧΙΙ
895 534 1133 589 ΚΑιεΝι).
1161 533 1308 588 Man.
1334 564 1401 575 —-
1425 535 1608 590 Romre
1628 546 1796 590 sancti
1828 534 2054 589 Victoris
2075 536 2186 603 epi-
2213 534 2264 592 Α
2292 534 2563 588 civitatum
2588 575 2602 596 ,
2632 536 2720 605 qui
2750 539 3118 605 persecutione
3146 534 3363 605 Saporis
3391 536 3533 605 regis
3562 536 3847 608 Persarum,

602 628 770 695 sc0pi,
798 626 886 696 qui
918 628 1101 680 tertius
1124 626 1362 681 decimus
1392 638 1509 697 post
1549 628 1759 681 beatum
1799 626 2013 681 Petrum
2041 628 2185 681 rexit
2283 624 2505 693 jubente
2529 626 2719 681 eo.lem
2750 636 2973 695 tyranno
2993 626 3433 695 comprehensus,
3469 627 3712 696 ferroque
3730 644 3845 684 onu-

608 719 897 773 Ecclesiam
929 720 1082 772 annis
1107 718 1315 780 decem,
1348 730 1401 773 et
1428 720 1527 774 sub
1552 718 1757 773 Severo
1783 721 2020 787 principe
2046 735 2185 772 tuar-

610 809 747 878 tyrio
777 818 1082 863 coronatur.
1110 809 1207 864 llic
1233 811 1509 863 constituit
1532 819 1589 863 ut
1612 822 1849 864 sanetum
1880 811 2077 865 Pascha
2101 811 2187 864 die

606 899 885 955 Dominico
907 900 1289 967 celebraretur,
1325 912 1426 957 eta
1455 903 1848 971 quintadecima
1882 906 2001 959 luna
2033 905 2186 974 primi

608 990 813 1045 mensis
850 1005 1021 1060 usque
1058 992 1124 1046 ad
1154 992 1456 1047 vicesimam
1504 994 1729 1062 primam
1767 995 2184 1061 observaretur;

605 1091 659 1135 et
688 1081 967 1137 constituit
994 1092 1050 1137 ut
1081 1084 1401 1138 necessitate
1432 1083 1676 1149 faciente,
1720 1085 1837 1139 sive
1867 1101 1918 1138 .n
1947 1084 2185 1149 ﬂumine,

603 1174 715 1229 sive
744 1174 795 1228 in
824 1177 979 1239 mari,
1009 1175 1123 1230 sive
1154 1176 1204 1230 in
1236 1174 1494 1243 fontibus,
1523 1176 1622 1231 sub
1649 1176 1952 1233 Christiana
1978 1178 2187 1233 confes-

602 1264 790 1329 sione,
834 1267 1135 1335 quicunque
1182 1267 1459 1321 hominum
1504 1282 1569 1321 ex
1621 1268 1866 1336 gentibus
1910 1268 2186 1323 venientes

604 1353 1025 1423 baptizarentur.
1060 1356 1116 1409 ln
1148 1356 1335 1412 Galliis
1364 1356 1577 1411 civitate
1610 1356 1989 1413 Ebredunense
2011 1359 2187 1413 natale

604 1446 773 1499 sancti
812 1445 1128 1511 Marcellini,
1162 1446 1318 1514 primi
1368 1446 1607 1514 ejusdem
1660 1448 1805 1501 urbis
1851 1450 2088 1517 episc0pi
2135 1460 2189 1505 et

603 1534 950 1589 confessoris.
973 1534 1161 1590 Romae
1192 1547 1501 1590 sanctorum
1528 1536 1743 1604 Sulpicii
1772 1547 1826 1593 et
1851 1539 2155 1594 Serviliani.

676 1625 735 1679 F.
770 1626 836 1680 XI
873 1627 1003 1681 ΚΜ..
1038 1628 1182 1682 Man.
1212 1657 1283 1667 --
1310 1627 1490 1681 Romae
1529 1630 1699 1683 sancti
1745 1630 1949 1685 Soteris
2000 1648 2147 1700 papae
2172 1674 2186 1698 ,

605 1716 695 1785 qui
728 1718 863 1771 sedit
894 1719 943 1772 in
974 1721 1281 1789 episcopatu
1314 1735 1481 1774 annos
1508 1735 1721 1787 novem,
1762 1724 2001 1791 sepultus
2027 1736 2106 1779 est
2137 1727 2187 1780 in

606 1806 922 1861 cmmeterio
950 1807 1156 1863 Calisti.
1192 1809 1285 1863 llic
1312 1810 1625 1878 constituit,
1670 1822 1723 1864 ut
1749 1813 1892 1866 nulla
1929 1816 2187 1870 monacha

2288 729 2427 783 stus,
2459 734 2603 781 cum,
2636 720 2829 787 iniquis
2862 721 3212 774 tribunalibus
3230 721 3521 785 exhibitus,
3552 722 3620 775 de
3650 722 3850 777 Domino

2286 810 2417 865 Jesu
2447 809 2658 864 Christo
2682 824 2810 863 voce
2834 811 3001 865 libera
3023 820 3077 865 et
3105 812 3539 865 constantissima
3570 822 3849 877 testaretur,

2292 903 2519 971 primum
2552 902 2811 956 carcerali
2840 902 3110 969 ergastulo
3135 916 3255 956 cum
3285 902 3400 956 aliis
3430 912 3665 967 centum,
3693 919 3723 958 e
3748 907 3847 973 qui.

2245 1022 2255 1031 ο
2290 995 2389 1049 bus
2416 994 2508 1049 alii
2537 994 2798 1063 episcopi,
2837 994 2929 1048 alii
2958 1003 3113 1049 erant
3159 994 3477 1065 presbyteri,
3508 994 3600 1048 alii
3630 994 3843 1050 diverso-

2288 1099 2406 1139 rum
2436 1084 2685 1139 ordinum
2715 1082 2919 1147 clerici,
2952 1082 3113 1153 longo
3145 1092 3385 1152 tempore
3413 1090 3714 1138 maceratus
3745 1094 3845 1147 est;

2290 1176 2581 1232 novissime
2616 1174 2799 1244 jussus
2824 1184 2907 1227 est
2935 1189 3055 1227 cum
3087 1174 3338 1228 omnibus
3377 1175 3657 1241 decollari,
3706 1176 3769 1230 ita
3800 1184 3848 1229 ut

2289 1266 2468 1323 creteri
2493 1280 2612 1319 cum
2635 1264 3033 1333 jugularentur,
3061 1273 3282 1327 astaret,
3311 1274 3363 1317 et
3389 1266 3505 1331 ipse
3529 1264 3736 1318 ultimus
3754 1273 3846 1319 tru-

2289 1358 2581 1413 cidaretur.
2615 1354 2761 1408 Passi
2792 1363 2921 1408 sunt
2957 1370 3079 1409 cum
3111 1369 3177 1409 eo
3202 1354 3362 1409 etiam
3392 1354 3673 1410 Ustazadis
3701 1371 3845 1409 eunu-

2290 1450 2445 1515 chus,
2472 1452 2721 1504 nutrnius
2751 1449 2916 1519 regis,
2947 1459 3001 1504 et
3031 1449 3253 1504 Abdella
3295 1460 3453 1516 atque
3492 1452 3748 1513 Ananias,
3772 1465 3843 1505 ve-

2293 1542 2555 1596 nerabiles
2600 1556 2788 1605 senes,
2834 1550 2889 1595 et
2933 1540 3199 1603 Pusitius,
3254 1542 3569 1607 praepositus
3613 1541 3842 1596 artiﬁcum

2292 1633 2548 1700 regalium
2575 1649 2588 1695 ;
2620 1648 2686 1686 eo
2715 1631 2858 1700 quod
2886 1632 3071 1685 videns
3099 1633 3375 1701 praefatum
3403 1645 3589 1687 senem
3614 1633 3837 1686 Ananiam

2292 1725 2392 1779 sub
2418 1726 2521 1779 ictu
2550 1724 2707 1791 gladii
2743 1734 3079 1788 trementem,
3112 1723 3496 1777 exclamaverit
3523 1722 3837 1785 conﬁdenter,

2296 1816 2508 1870 dicens:
2536 1817 2774 1879 Paulum,
2800 1830 2832 1867 o
2854 1829 3039 1878 senex,
3066 1814 3258 1869 claude
3282 1816 3467 1869 oculos
3492 1829 3726 1877 securus,
3744 1830 3842 1868 mox

604 1896 800 1961 pallam
830 1908 1089 1952 sacratam
1120 1900 1456 1964 contingeret
1505 1901 1557 1954 in
1600 1901 1823 1956 ecclesia
1845 1941 1861 1966 ,
1906 1919 2081 1973 neque
2111 1906 2188 1957 in-
2221 1883 2267 1943 Β
2296 1908 2491 1961 Christi
2524 1908 2724 1960 videbis
2754 1916 3049 1974 aspectum.
3093 1904 3221 1959 Filia
3262 1919 3475 1973 quoque
3500 1905 3732 1974 ejusdem
3762 1904 3843 1958 Pu.

608 2003 827 2042 censum
869 2000 1108 2057 poneret.
1155 1992 1309 2060 Apud
1364 1992 1636 2047 Persidem
1690 1995 1863 2049 natale
1908 1999 2078 2051 sancti
2109 1999 2189 2053 Si~

609 2080 816 2134 meonis
849 2082 1083 2151 episcopi
1131 2083 1423 2147 Seleuciae,
1471 2094 1525 2137 et
1570 2083 1898 2140 Thesifontis
1942 2090 2195 2156 regalium

2297 2000 2425 2064 sitii,
2458 2000 2607 2066 virgo
2635 2012 2804 2061 sacra,
2835 1996 2992 2050 simul
3026 2006 3301 2064 perempta
3331 2004 3431 2049 est.
3465 1995 3615 2063 Apud
3647 1994 3842 2048 Alexan-

2300 2089 2469 2143 driam
2504 2089 2678 2142 natale
2707 2094 3011 2141 sanctorum
3040 2084 3335 2153 Fortunati,
3376 2082 3619 2139 Aratoris
3651 2083 3839 2152 presby-

1860 2176 2084 2232 EDITIO
2125 2179 2626 2237 BOLLANDIANA.

606 2266 808 2320 lleladii
834 2305 850 2329 ,
882 2266 1215 2335 Ermogenis.
1272 2266 1365 2331 A.,
1408 2266 1523 2323 lisn
1569 2266 1655 2319 die
1692 2266 1953 2333 depositio
1988 2269 2181 2326 Leonis

605 2354 777 2405 papae,
810 2336 1192 2404 requiescentis
1224 2338 1275 2388 in
1307 2336 1531 2388 ecclesia
1562 2338 1618 2388 Β.
1650 2337 1787 2389 Petri
1814 2342 2177 2406 aposmlorum

607 2408 876 2473 principis.
924 2406 1008 2466 L.,
1060 2407 1121 2457 Et
1163 2406 1426 2472 depositio
1457 2409 1605 2458 lionze
1633 2412 1906 2463 memoriae
1931 2420 1957 2447 ⁸
1990 2410 2185 2467 Leonis

609 2492 777 2544 papm,
810 2475 897 2543 qui
928 2476 1103 2528 Bruno
1123 2476 1295 2528 dictus
1320 2487 1402 2529 eSt
1436 2478 1667 2531 nomine.

674 2567 763 2623 20.
788 2596 857 2607 -
880 2566 969 2620 XII
1001 2566 1134 2620 ΚΑι..
1161 2565 1326 2618 Vacat
1354 2567 1528 2619 llzeda.

676 2658 863 2712 Florus
894 2658 944 2710 in
971 2659 1035 2711 A.
1059 2656 1122 2710 Τ.
1152 2657 1233 2721 L.,
1278 2656 1460 2710 Romae
1497 2657 1757 2724 depositio
1803 2658 1860 2715 8.
1906 2659 1933 2698 b
1977 2662 2187 2717 Aniceti

602 2762 753 2817 papa:
780 2757 833 2800 et
864 2747 1148 2816 martyris:
1175 2748 1264 2815 qui
1294 2761 1413 2800 cum
1446 2746 1735 2800 Ecclesium
1762 2747 2051 2804 Romanam
2092 2766 2188 2805 an-

604 2840 689 2891 nis
732 2836 974 2891 undecim
1020 2838 1269 2903 rexisset,
1303 2851 1487 2905 passus
1513 2847 1595 2890 est
1644 2849 1881 2907 tempore
1921 2840 2100 2895 Severi
2133 2850 2189 2894 et

605 2926 795 2981 Marci.

770 3016 951 3090 Romae
978 3017 1249 3090 depositio
1272 3016 1547 3090 C_Victori§
1579 3017 1813 3090 episcopi
1838 3028 1887 3070 et
1906 3020 2180 3090 martyris,

605 3084 630 3121 δ
656 3087 868 3153 Sulpitii
899 3094 953 3139 et
974 3084 1273 3141 Serviliam.
1304 3086 1368 3140 V.
1396 3087 1477 3151 Β..
1509 3085 1689 3139 Romae
1712 3088 1971 3153 depositio
2011 3084 2068 3143 S'.
2100 3084 2187 3141 Vi-

603 3159 769 3208 ctoris
800 3156 1057 3223 episcopi,
1087 3156 1295 3217 Felicis,
1325 3156 1633 3211 Alexandri.
1682 3156 1750 3210 Et
1796 3158 1846 3211 in
1879 3161 2187 3213 cmmeterio

608 3226 753 3296 iuxta
780 3227 918 3280 viam
943 3226 1327 3280 Numentauam
1358 3226 1614 3280 Salviaui.
1644 3228 1889 3296 Aragaci,
1921 3230 2001 3282 vel
2035 3230 2184 3295 juxta

2288 2272 2476 2341 positio
2506 2271 2565 2326 S.
2590 2268 2821 2341 Victoris
2848 2268 3096 2341 episcopi
3109 2278 3161 2341 et
3186 2268 3576 2341 passioDonati
3603 2270 3835 2341 martyris.

2288 2338 2653 2398 Autissiodoro
2676 2340 2888 2393 civitate
2915 2338 3174 2405 depositio
3197 2339 3253 2392 S.
3286 2342 3308 2367 θ
3336 2339 3545 2391 Martini
3569 2339 3783 2405 episcopi
3801 2350 3844 2392 ct

2293 2412 2632 2467 confessoris.
2684 2409 2772 2469 Β..
2815 2408 2869 2460 In
2902 2408 3075 2461 Africa
3117 2409 3293 2463 natale
3333 2409 3584 2469 Servani,
3626 2408 3837 2469 Silviaui,

2287 2483 2526 2538 Joannis.
2573 2481 2625 2533 In
2660 2478 2990 2532 Antissidoro
3022 2478 3237 2531 civitate
3282 2477 3545 2547 depositio
3583 2478 3638 2534 S.
3672 2476 3688 2513 ί
3728 2477 3842 2532 Ilar-

2295 2553 2431 2607 ciani
2480 2550 2794 2620 presbyteri.
2836 2548 2921 2613 (3.,
2969 2549 3237 2617 Depositio
3281 2547 3507 2603 Victoris
3548 2548 3771 2619 episcopi
3798 2558 3842 2602 et

2298 2623 2563 2679 Serviani.

2364 2714 2455 2768 21.
2479 2741 2549 2753 --
2574 2710 2643 2765 XI
2674 2710 2809 2764 ΚΑι..
2834 2707 3001 2761 Vacat
3026 2706 3201 2761 Baeda.

2371 2807 2456 2871 0.,
2482 2802 2697 2857 Perside
2738 2798 2795 2855 8.
2826 2809 2849 2846 8
2875 2798 3138 2871 Simeonis
3177 2798 3561 2871 episcogicum
3594 2797 3707 2871 aliis
3747 2814 3849 2852 cen-

2297 2867 2534 2931 tum.'V.
2563 2872 2644 2936 8.,
2672 2871 2855 2925 Romze
2906 2869 2956 2923 in
2998 2871 3306 2923 cmmeterio
3345 2867 3535 2922 CaliXti
3584 2868 3664 2921 via
3704 2871 3848 2936 Appia

2296 2944 2324 2984 ιι
2358 2942 2647 3006 Valeriani,
2678 2939 2905 2996 Tiburtii
2947 2948 3003 2993 et
3037 2938 3271 2993 Maximi.
3304 2941 3365 2992 A.
3391 2938 3479 2999 T.,
3507 2938 3685 2993 Romae
3712 2941 3849 3007 depo-

2294 3016 2418 3071 sitio
2468 3014 2525 3069 S.
2555 3010 2840 3065 Valeriani.
2889 3010 2943 3062 In
2973 3007 3297 3062 Alexandria
3344 3009 3519 3061 natale
3566 3009 3618 3063 8.
3653 3008 3848 3062 Victoris

2298 3086 2411 3157 [L.,
2435 3079 2723 3157 A_matoris_]
2758 3080 3049 3157 presbytte
3081 3077 3572 3157 etV‘italisL'l‘LB“
3609 3080 3661 3157 In
3682 3080 3847 3157 Terra-

2293 3146 2413 3212 cina
2458 3146 2771 3218 Campani—1e
2798 3146 2975 3217 passio
3015 3149 3074 3202 S.
3115 3146 3129 3183 ί
3172 3148 3392 3201 Czesarii
3436 3148 3669 3203 diaconi.
3714 3150 3766 3203 Β.
3804 3149 3851 3199 In

2296 3223 2617 3281 Alexandria
2649 3220 2825 3273 natale
2864 3218 2962 3273 SS.
2988 3218 3286 3283 Fortunati,
3319 3219 3559 3271 Aratoris
3602 3220 3848 3288 presbyte-

683 3295 907 3351 Silviani
930 3297 1156 3351 Aiaraci.
1185 3296 1274 3363 Β..
1300 3296 1535 3349 Donatze.
1562 3298 1626 3350 A.
1649 3288 1959 3362 T.,E0tlein
1983 3288 2069 3351 die
2095 3300 2187 3352 de-
2218 3289 2263 3351 C
2294 3297 2382 3359 rii,
2410 3291 2622 3359 Felicis,
2651 3289 2823 3354 Silvii,
2852 3288 3061 3356 Vitalis,
3105 3288 3160 3341 in
3187 3302 3403 3342 carcere
3430 3289 3815 3357 quiescentium.

1991 3391 2197 3446 SMlTll
2236 3386 2465 3445 NOTAE.

679 3480 939 3535 .Leonia.
988 3482 1146 3545 Noui,
1195 3482 1284 3551 qui
1337 3483 1550 3535 natione
1576 3482 1922 3543 Alcmannus,
1973 3484 2187 3537 nomine

607 3552 810 3614 Bruno,
841 3552 1121 3617 episcopus
1151 3552 1323 3606 factus
1352 3552 1610 3605 Fullensis
1641 3568 1781 3607 anno
1808 3555 1966 3617 1026,
2002 3552 2185 3606 Romzn

605 3620 1001 3688 4049'pontifex
1029 3630 1258 3683 creatus,
1289 3631 1529 3690 tempore
1553 3622 1759 3675 llenrici
1793 3624 1952 3676 tertii.
1981 3622 2183 3689 liomze,

604 3690 812 3754 Ticini,
841 3691 1140 3759 Moguntiaa,
1166 3690 1346 3744 Remis
1374 3702 1427 3745 et
1452 3692 1707 3744 Vercellis
1727 3693 1951 3745 concilia
1978 3694 2183 3756 habuit,

604 3769 662 3811 ut
703 3760 1078 3830 Berengarium
1130 3770 1183 3814 ct
1228 3760 1362 3815 alios
1410 3762 1810 3824 condemnaret,
1844 3772 1899 3815 et
1931 3761 2184 3816 Ecclesiae

604 3829 766 3882 statui
794 3829 1118 3896 consuleret,
1150 3830 1473 3897 Graecosque
1503 3832 1566 3882 ad
1598 3830 1853 3884 unitatem
1887 3841 2182 3885 revocaret.

602 3898 1253 3966 Constantinopolitanum
1309 3904 1684 3969 imperatorem
1714 3940 1730 3965 ,
1782 3910 1837 3953 ut
1884 3902 2185 3963 sepulcrum

610 3969 822 4023 Domini
865 3981 920 4024 et
958 3970 1083 4023 inibi
1128 3972 1407 4024 ecclesiam
1438 3986 1466 4023 a
1500 3972 1736 4024 barbaris
1766 3970 1993 4024 dirutam
2025 3973 2185 4024 resti-

605 4046 803 4105 tueret,
839 4041 1060 4109 benigne
1089 4040 1315 4108 impulit.
1349 4042 1488 4093 Obiit
1516 4055 1657 4109 cum,
1682 4040 1906 4109 sedisset
1935 4055 2105 4094 annos
2132 4040 2185 4105 5,

610 4124 824 4162 menses
852 4110 907 4169 2.
939 4108 1053 4165 dies
1085 4112 1140 4174 8,
1170 4124 1311 4163 anno
1342 4110 1528 4165 salutis
1562 4108 1720 4173 1054,
1754 4119 1808 4163 et
1833 4111 2072 4178 sepultus
2102 4120 2187 4164 est

604 4177 670 4231 ad
700 4178 757 4233 S.
784 4178 1017 4232 Petrum.

679 4245 708 4284 ιι
752 4248 967 4300 Aniceti.
1012 4249 1110 4314 Qui
1154 4248 1514 4315 pontificatum
1555 4248 1717 4316 gessit
1762 4249 1829 4301 ab
1878 4261 2020 4303 anno
2061 4248 2185 4313 150,

607 4329 776 4386 usoue
818 4319 883 4370 ad
932 4333 1125 4371 annum
1152 4320 1276 4380 151,
1324 4328 1378 4371 et
1415 4333 1601 4386 passus
1640 4328 1719 4371 est
1765 4328 2003 4386 tempore
2029 4320 2187 4373 Marci

608 4384 832 4455 Aurelii,
865 4397 918 4440 et
950 4387 1095 4441 Lucii
1130 4387 1274 4455 Veri,
1303 4384 1651 4453 MIIVSCVCri,
1687 4400 1742 4440 ut
1774 4384 1905 4441 falso
1950 4388 2190 4442 seribunt

609 4454 1009 4529 Martyrologia.
1059 4457 1260 4511 Colitur
1294 4474 1332 4529 7a
1361 4458 1590 4511 Barouio
1638 4458 1689 4512 in
1720 4456 2101 4529 Martyrologio
2128 4461 2189 4513 l7

614 4526 832 4590 Aprilis,
864 4536 912 4578 et
946 4526 1012 4578 ab
1041 4539 1258 4580 auctore
1288 4528 1459 4580 Baeda:
1490 4527 1807 4595 supposititii
1836 4526 1902 4581 1’6
1933 4526 2149 4595 ApEllis.

681 4604 702 4630 ο
749 4595 977 4665 Victoris.
1007 4596 1089 4649 Ab
1111 4596 1314 4663 Adone,
1339 4597 1571 4650 Notkero
1592 4606 1646 4651 et
1670 4597 1821 4649 Baeda
1845 4599 2186 4665 supposititio

609 4662 698 4716 hic
738 4664 1006 4735 judicatnr
1054 4666 1216 4719 luisse
1264 4666 1496 4734 pontifex
1521 4666 1790 4719 Romanus
1822 4682 1834 4717 :
1864 4662 1963 4735 qui
1990 4682 2067 4721 sc.
2102 4684 2188 4722 re-

2292 3478 2603 3535 monasterii
2634 3476 2692 3531 S.
2717 3472 2899 3530 Sabini
2929 3473 2996 3526 de
3024 3470 3299 3543 Levitauia
3332 3472 3681 3543 inymontibns
3706 3470 3841 3543 Pyra-

2290 3551 2444 3603 meis.
2477 3548 2673 3602 Verum
2714 3546 2837 3615 quia
2877 3544 3014 3615 inter
3052 3542 3333 3608 episcopos
3377 3541 3557 3615 Autiss
3580 3541 3843 3615 odorati-es

2291 3622 2466 3673 nullus
2510 3616 2661 3672 istius
2706 3612 2935 3668 nominis
2983 3622 3288 3677 annotatur,
3316 3612 3635 3664 arbitramur
3674 3612 3842 3664 intelli-

2289 3690 2522 3757 gendum
2552 3681 3338 3757 autMamertinutnabbatem,
3371 3680 3660 3757 aut_poti_us
3683 3682 3848 3757 Maria:

2289 3751 2415 3813 itum
2468 3756 2784 3810 monachum
2856 3753 2943 3822 qui
2992 3752 3145 3804 aliter
3193 3751 3383 3803 dicitur
3444 3752 3733 3822 Marcianus
3771 3753 3847 3802 vel

2289 3829 2614 3889 Martianns;
2674 3826 2724 3877 hi
2774 3821 2915 3878 enim
2979 3822 3140 3873 ambo
3219 3822 3574 3875 Autissiodori
3621 3821 3847 3875 vixerunt

2287 3909 2342 3954 ct
2374 3899 2475 3952 hoc
2501 3898 2588 3951 die
2616 3897 2883 3949 coluntur.
2927 3894 3192 3946 IiOLLAND.

2363 3967 2383 4006 ί
2415 3967 2691 4021 Marciani.
2728 3962 2992 4023 Monachi,
3022 3962 3111 4027 qui
3143 3976 3173 4014 a
3206 3960 3445 4029 partibus
3470 3960 3852 4015 Biturieensium

2288 4038 2716 4092 Autissiodorum
2748 4032 3063 4093 adveniens,
3096 4030 3165 4084 ob
3194 4032 3467 4100 religionis
3495 4046 3748 4091 amorem,
3777 4046 3851 4081 re-

2288 4118 2443 4177 gente
2487 4103 2867 4177 tnonasterinm
2897 4101 2957 4156 S.
2980 4100 3233 4177 Germani
3265 4101 3686 4177 S._.‘\lamertino,
3722 4114 3853 4153 asce-

2291 4170 2461 4231 iaruin
2508 4174 2755 4230 sodalitio
2801 4187 2859 4225 se
2910 4170 3193 4238 postulavit
3238 4171 3426 4224 sociari
3470 4188 3484 4225 :
3531 4173 3618 4225 ubi
3669 4186 3853 4224 summa

2290 4249 2549 4302 charitate
2585 4252 2884 4309 susceptus,
2917 4242 3217 4294 sanetilatis
3248 4243 3454 4295 eximia:
3485 4244 3688 4296 fructus
3716 4242 3854 4294 uber-

2290 4320 2455 4371 rimus
2498 4315 2696 4369 emisit.
2749 4311 3032 4368 Saussaius
3074 4311 3125 4363 in
3157 4312 3536 4380 Martyrulogio
3574 4312 3848 4371 Gallicani»,

2289 4390 2375 4439 die
2394 4386 2462 4438 ‘29
2486 4386 2700 4452 Aprilis.
2728 4384 2985 4451 Rogatus,
3008 4392 3065 4434 ut
3088 4382 3227 4434 diem
3253 4380 3469 4435 Pascha:
3499 4383 3554 4434 in
3578 4382 3852 4434 Fontaueto

2291 4457 2615 4509 monasterio
2643 4455 2964 4519 celebraret,
2992 4463 3269 4518 correptus
3298 4461 3379 4503 est
3398 4452 3591 4505 dolore
3617 4452 3851 4513 febrium,

2288 4536 2344 4581 et
2382 4526 2547 4589 obiit;
2589 4524 3012 4578 Autissiodorum
3055 4531 3226 4573 tamen
3273 4530 3576 4588 reportatus
3602 4562 3619 4586 ,
3654 4530 3709 4574 et
3733 4521 3854 4574 sole-

2291 4598 2399 4649 mni
2443 4596 2585 4651 cultu
2616 4604 2879 4661 receptus,
2913 4591 3153 4659 sepultus
3181 4598 3265 4645 est
3304 4592 3356 4643 in
3387 4592 3618 4645 ecclesia
3659 4592 3718 4645 8.
3742 4590 3854 4644 Ger-

2291 4667 2454 4719 mani.
2490 4666 2617 4719 Acta
2648 4664 2784 4731 apud
2811 4662 3049 4715 Bolland.

607 4727 759 4812 porto
788 4733 999 4815 Victore
1028 4727 1371 4817 episeoponet
1402 4737 1582 4817 [tumin
1609 4746 1862 4817 martyre,
1882 4727 2015 4817 nihil
2048 4739 2179 4817 ulte-
2216 4749 2268 4810 ι)
2294 4806 2305 4817 .
2353 4746 2389 4817 ἐ
2420 4727 2697 4817 Simeonis.
2721 4733 2966 4817 Episcopi
2998 4729 3252 4785 Seleucia:
3279 4740 3333 4783 et
3351 4728 3752 4817 Ctesiphontis:
3778 4727 3852 4793 qui

605 4802 1073 4873 riusrcogitarunt.
1119 4802 1223 4858 Sed
1261 4806 1483 4859 Victoris
1512 4802 2034 4873 Romani—pontiﬁcis
2063 4810 2186 4860 cul-

608 4880 696 4925 tus
727 4872 991 4945 hactenus
1015 4875 1080 4927 ad
1106 4874 1177 4927 28
1202 4874 1324 4928 Julii
1360 4886 1664 4940 perseverat
1693 4893 1706 4929 :
1731 4872 1785 4929 et
1812 4878 2019 4945 collatis
2050 4878 2184 4929 Mar-

612 4944 885 5013 tyrologiis
916 4960 942 4997 a
980 4944 1232 4998 Bollando
1278 4946 1473 5009 citatis,
1504 4946 1713 5000 videtur
1747 4947 1885 5001 haud
1916 4947 2183 5013 improba-

608 5010 718 5066 bile
769 5010 905 5066 hunc
937 5014 1197 5068 Vieloretn
1244 5016 1552 5083 episcopum
1596 5017 1845 5082 aliunde,
1902 5026 1958 5071 ut
1994 5010 2183 5071 Romae

610 5094 900 5148 pateretur,
932 5085 1214 5137 adductum
1256 5086 1438 5140 fuisse.

682 5148 708 5223 4
741 5150 975 5222 Sulpitii.
1006 5154 1068 5206 Hi
1100 5168 1203 5207 non
1238 5154 1383 5208 fuere
1410 5155 1540 5209 socii
1570 5156 1816 5220 Victoris,
1861 5156 1951 5210 sed
1986 5155 2181 5223 praedi-

608 5222 819 5275 catione
840 5232 893 5274 et
925 5224 1192 5277 miraculis
1222 5225 1416 5278 Flaviae
1441 5226 1723 5280 Doiuitillae
1751 5228 1813 5277 ad
1851 5222 2005 5279 ﬁdem
2030 5226 2181 5278 (Ihri-

606 5287 675 5341 διί
701 5295 941 5362 conversi
973 5303 1115 5358 sunt,
1144 5309 1263 5362 qua;
1290 5296 1448 5350 etiam
1477 5310 1698 5362 sponsas
1728 5310 1911 5349 eorum
1939 5295 2185 5348 Theodo-

609 5373 721 5430 ram
763 5368 816 5413 et
844 5361 1235 5430 Euphrosinam
1279 5364 1347 5417 ad
1379 5361 1526 5429 spem
1559 5365 1682 5417 vitae
1721 5374 1933 5417 aeterme
1980 5364 2183 5417 lucrata

606 5427 808 5501 (Iterat;
849 5442 900 5483 et
926 5427 1060 5485 'cum
1104 5434 1307 5486 nollent
1350 5427 1502 5487 idolis
1545 5434 1837 5499 immolare,
1867 5448 1895 5485 a
1937 5432 2187 5501 praefecto

609 5495 1240 5576 ilrbis-Anianocapite
1286 5503 1425 5569 plexi
1475 5515 1631 5576 sunt,
1669 5495 1903 5576 Quorum
1938 5495 2180 5569 corpora

605 5566 891 5648 C_liri_stiani
940 5566 1228 5648 rapientes,
1284 5566 1572 5648 posuerunt
1620 5566 1922 5641 in'praedio
1966 5566 2172 5641 eorum,

610 5637 693 5687 via
720 5635 928 5707 Latina,
960 5635 1486 5696 niilliario'secundo.
1513 5646 1647 5707 Ado,
1672 5635 1780 5698 etc.

599 5788 603 5793 ὓ
680 5710 703 5738 ⁸
725 5705 958 5766 Martini.
988 5712 1089 5778 Qui
1126 5712 1335 5768 Marcus
1359 5712 1553 5770 dicitur
1582 5705 1641 5771 ia
1668 5728 1771 5771 ms.
1804 5712 2182 5785 Martyrologio

614 5814 668 5873 4

2286 4806 2509 4874 juhcute
2535 4809 2735 4871 Sapore
2767 4804 3045 4874 Persarum
3078 4818 3199 4874 rege
3230 4800 3678 4874 comprehensus,
3709 4800 3851 4853 ferro-

2288 4870 2391 4942 que
2421 4870 2667 4938 onustus,
2698 4875 2891 4941 iniquis
2925 4872 3272 4925 tribunalibus
3298 4870 3593 4932 exhibitus,
3614 4885 3743 4942 cum
3771 4884 3847 4922 so-

2289 4939 2393 4998 lem
2426 4945 2591 4997 nollet
2621 4939 2877 5005 adorare,
2912 4942 3140 5009 primum
3170 4955 3384 4993 carcere
3414 4955 3538 4993 cum
3578 4939 3697 4994 aliis
3738 4954 3851 4993 cen-

2290 5024 2419 5077 tum,
2461 5028 2522 5067 ex
2569 5015 2761 5079 quibus
2806 5012 2893 5065 alii
2936 5009 3194 5078 episcopi,
3235 5009 3322 5063 alii
3358 5018 3512 5062 erant
3546 5009 3850 5079 presbyteri,

2286 5084 2373 5137 alii
2405 5084 2741 5137 diversorum
2784 5083 3028 5137 ordinum
3071 5081 3276 5143 clerici,
3306 5080 3393 5133 diu
3423 5088 3726 5133 maceratus
3753 5088 3848 5131 est:

2285 5153 2479 5208 deinde
2522 5168 2642 5207 cum
2685 5153 3048 5207 Eusthazanes
3095 5152 3233 5218 regis
3279 5150 3560 5212 nntntius,
3612 5152 3701 5216 qui
3747 5159 3854 5201 ante

2287 5223 2395 5292 jam
2440 5224 2620 5292 lapsus
2655 5232 2737 5277 est
2778 5239 2805 5275 a
2840 5224 2965 5286 title,
2994 5221 3088 5274 sed
3128 5236 3220 5289 per
3249 5236 3370 5273 eum
3408 5222 3471 5271 ad
3505 5220 3857 5292 pmniteutiatn

2290 5290 2459 5347 iuerat
2495 5290 2821 5357 revocatus,
2868 5294 3176 5360 martyrium
3230 5299 3537 5360 constanter
3582 5290 3854 5360 subiisset;

2293 5364 2566 5432 posu'iilie,
2605 5364 2693 5429 qui
2744 5356 2858 5417 erat
2904 5356 3021 5432 dies
3051 5362 3283 5423 Paschaz,
3332 5359 3581 5432 omnibus
3622 5368 3746 5432 ante
3786 5356 3856 5412 St-

2291 5430 2496 5487 rueonis
2525 5436 2707 5487 oculos
2732 5433 2910 5503 gladio
2935 5430 3209 5501 jugulatis,
3242 5430 3531 5485 novissime
3560 5440 3617 5485 et
3646 5430 3758 5497 ipse
3783 5432 3857 5481 de-

2291 5506 2516 5558 collatus
2545 5512 2645 5557 est.
2678 5504 2871 5558 Passus
2900 5512 2981 5557 est
3009 5517 3148 5555 anno
3177 5503 3297 5555 549.

2357 5569 2386 5609 ιι
2420 5573 2703 5629 Valeriam.
2738 5574 2800 5628 Hi
2830 5588 2987 5640 supra
3022 5572 3265 5625 coluntur
3296 5571 3380 5625 die
3404 5568 3477 5625 14
3505 5570 3725 5640 Aprilis.

2325 5641 2376 5768 Νι
2413 5643 2645 5767 Cmsgrii.
2679 5643 2848 5715 Hujus
2875 5636 3125 5698 tiu-moria
3158 5643 3418 5712 principue
3446 5636 3756 5695 celebratur
3781 5636 3858 5694 die

2372 5729 2520 5768 ovem
2564 5729 2655 5768 rts.

2283 5729 2301 5768 ι
2326 5729 2655 5770 αογειηυηε.
