3988 6346
126 5905 157 5919 ς

170 287 277 346 885

1269 245 1475 347 isscr.
1517 290 1581 346 u.
1622 318 1689 330 -
1732 286 2298 346 MARTYROLOGIA.

3334 281 3443 337 886

1422 378 1653 435 EDITIO
1691 379 2163 435 COLONIENSIS.

169 475 290 538 teri,
318 470 533 538 Felicis,
554 471 731 539 Silini,
756 471 962 541 Vitalis,
979 472 1071 543 qui
1095 472 1148 527 in
1169 484 1389 530 carcere
1409 474 1748 543 quieverunt.
1780 479 1834 538 Α
1858 473 2074 538 nachis;
2106 472 2267 528 etiam
2295 482 2415 527 cum
2442 469 2664 526 sacratis
2686 468 2981 539 virginibus
3012 467 3275 535 plurimis,
3300 468 3436 526 inter

170 564 226 617 In
257 563 383 617 Asia
410 564 586 619 natale
618 562 885 618 Maximini
925 565 1198 635 martyris,
1231 564 1320 633 qui
1348 574 1584 635 tempore
1613 565 1759 622 Decii

172 664 296 726 post
324 656 431 708 alia
463 665 727 709 tormenta
755 655 1016 724 lapidibus
1042 669 1328 724 oppressus
1357 664 1462 710 est.

238 744 307 801 (ἓ.
341 745 385 799 Χ
419 744 554 799 ΚΜ..
587 746 731 799 Mm.
758 773 829 786 —
859 746 1042 799 Romae
1073 744 1152 799 via
1180 745 1349 815 Appia
1374 746 1425 799 in
1450 746 1761 804 cmmeterio

166 837 355 893 Calisti
384 838 500 893 Gaii
531 852 698 908 papae.
726 838 820 892 llic
850 839 1125 893 constituit
1152 847 1208 893 ut
1234 853 1329 908 per
1355 854 1541 894 omnes
1566 840 1763 909 gradus

167 928 401 998 primum
432 928 765 995 ascenderet,
792 928 836 982 si
858 929 976 998 quis
996 930 1277 998 episcopus
1301 926 1413 984 ﬁeri
1443 940 1759 998 mereretur,

167 1030 226 1073 ut
246 1029 394 1075 esset
420 1020 696 1086 ostiarius,
719 1020 904 1083 lector,
930 1019 1218 1088 exorcista,
1242 1018 1618 1086 subdiaconus,
1649 1020 1764 1075 dia-

164 1124 359 1179 conus,
384 1112 681 1182 presbyter.
707 1110 805 1176 Qui
829 1124 951 1165 cum
972 1109 1267 1166 Ecclesiam
1296 1111 1542 1166 undecim
1568 1127 1759 1177 annos,

167 1213 385 1254 menses
416 1209 666 1267 quatuor,
720 1200 838 1254 dies
876 1198 1158 1254 duodecim
1200 1202 1453 1266 rexisset,
1506 1202 1764 1272 martyrio

163 1299 459 1344 coronatus
487 1300 570 1345 est
599 1292 697 1344 sub
740 1290 1066 1345 Diocletiano
1095 1290 1354 1359 principe,
1386 1307 1505 1347 cum
1535 1293 1764 1349 Gabinio

166 1380 339 1435 fratre
385 1392 442 1435 et
481 1382 819 1453 presbytero.
870 1383 1079 1451 Agapiti
1127 1382 1439 1451 pontificis,
1489 1384 1577 1453 qui
1627 1385 1766 1439 sedit

164 1472 355 1527 Romae
388 1488 604 1529 menses
634 1474 902 1530 undecim.
947 1474 1045 1529 llic
1081 1474 1351 1544 ingressus
1382 1475 1765 1531 Constantino-

165 1562 332 1629 polim
365 1562 432 1615 ad
465 1562 821 1617 Justinianum
864 1564 1267 1632 imperatorem,
1300 1568 1607 1621 Antemium
1654 1568 1764 1632 epi-

166 1663 394 1718 scopum
422 1650 1111 1720 Constantinopolitanum,
1159 1653 1248 1722 qui
1291 1653 1423 1707 duas
1465 1664 1681 1709 naturas
1711 1656 1762 1708 iu

166 1740 392 1795 Christo
422 1741 669 1809 negabat,
704 1741 990 1810 deposuit,
1037 1750 1090 1797 et
1134 1742 1185 1796 in
1214 1741 1330 1811 ejus
1361 1742 1477 1798 loco
1516 1743 1761 1798 Mennam

1865 579 1996 635 quas
2022 566 2183 618 etiam
2212 574 2266 619 et
2292 577 2531 619 sororem
2562 562 2732 617 sancti
2761 562 2999 631 episcopi
3031 560 3323 629 Simeonis,
3355 578 3427 616 no

1867 663 2009 714 mine
2039 658 2276 723 Tarbud,
2310 674 2429 713 cum
2464 658 2752 726 pedisequa
2784 672 2879 711 sua
2920 655 3189 724 stipitibus
3217 655 3440 723 alligan-

1868 760 1967 814 tes,
1999 749 2245 818 ferraque
2274 750 2561 814 lindentes,
2602 748 2974 804 crudelissime
3003 756 3351 802 necaverunt.
3389 747 3443 799 In

1864 838 2111 894 Corduba
2132 838 2344 894 civitate
2367 837 2542 893 natale
2567 838 2852 903 Parmenii,
2875 837 3185 901 llelimenac,
3205 845 3259 891 et
3278 836 3451 905 Chry-

1864 930 2008 984 soliti
2041 929 2495 1000 presbyterorum,
2524 938 2579 983 et
2618 927 2775 982 Lucae
2818 936 2873 982 et
2903 926 3051 981 Mutii
3097 926 3443 981 diaconorum

1869 1021 1937 1075 de
1963 1020 2274 1090 Babylonia,
2328 1034 2554 1089 quorum
2586 1020 2792 1088 primus
2830 1018 3054 1087 praecisa
3080 1018 3239 1072 etiam
3270 1018 3444 1087 lingua

1867 1112 2203 1182 loquebatur.
2250 1112 2450 1167 Omnes
2490 1110 2663 1178 primo
2706 1111 2760 1165 in
2798 1108 3023 1179 equuleo
3060 1109 3344 1177 suspensi,
3393 1120 3446 1162 et

1867 1205 2091 1259 nexibus
2120 1202 2387 1258 attractati
2415 1212 2559 1265 sunt,
2588 1201 2713 1256 dein
2740 1203 2951 1256 laminis
2971 1201 3281 1256 ardentibus
3303 1203 3443 1255 circa

1867 1296 2033 1351 latera
2067 1296 2325 1365 appositis
2353 1292 2568 1348 nstulati
2589 1334 2603 1359 ,
2637 1302 2693 1347 et
2730 1294 2937 1362 ungulis
2966 1294 3202 1358 lacerati,
3231 1292 3296 1345 ad
3327 1292 3450 1346 ulti-

1869 1402 2014 1441 mum
2064 1386 2242 1455 gladio
2295 1384 2541 1439 trucidati
2596 1393 2759 1449 sunt,
2808 1391 3069 1453 prresente
3111 1392 3450 1451 persecutore

1870 1476 2053 1532 Decio.
2085 1474 2322 1545 Lugduni
2354 1474 2542 1529 Gallia:
2582 1475 2751 1528 sancti
2781 1472 3022 1543 Epipodii
3050 1475 3317 1544 martyris,
3350 1474 3451 1525 sub

1868 1570 2136 1624 Antonino
2188 1567 2347 1623 Vero.
2404 1564 2623 1621 Viennae
2670 1565 2840 1621 sancti
2889 1564 3082 1619 Juliani
3122 1562 3359 1633 episcopi
3397 1572 3452 1616 ct

1868 1659 2211 1716 confessoris.

1938 1755 2005 1809 A.
2036 1751 2107 1806 IX
2132 1751 2374 1807 KALEND.
2404 1750 2550 1805 Man.
2576 1778 2643 1789 —
2669 1747 2854 1803 Natale
2880 1748 3050 1801 sancti
3076 1746 3289 1815 Georgii
3312 1759 3452 1799 mar-

162 1833 506 1888 Catholicum
552 1835 906 1887 consecravit.
958 1832 1109 1902 Apud
1151 1833 1425 1889 Persidem
1455 1842 1758 1889 sanctorum
1795 1830 1840 1890 Β
1870 1844 2022 1915 gyris,
2053 1844 2141 1912 qui
2174 1843 2273 1897 sub
2305 1841 2551 1907 Datiano,
2578 1854 2705 1909 rege
2744 1839 3025 1893 Persarum
3058 1836 3451 1905 potentissimo,

165 1933 470 1993 martyrum
526 1923 917 1992 plurimorum,
966 1923 1056 1992 qui
1109 1922 1333 1992 jubente
1385 1922 1587 1993 Sapore
1637 1940 1763 1994 rege

167 2029 353 2069 annuo
383 2014 471 2068 die
497 2057 512 2082 ,
564 2028 672 2083 quo
705 2013 967 2083 passionis
1004 2013 1297 2093 ‘Dominicce
1328 2016 1585 2070 memoria
1616 2016 1761 2070 cele-

164 2105 401 2171 bratur,
450 2119 548 2173 per
592 2114 755 2158 totam
797 2103 1030 2158 Persidis
1074 2105 1346 2173 regionem
1394 2108 1545 2170 lenti,
1576 2121 1636 2159 ac
1670 2122 1763 2173 pro

163 2193 367 2250 Christi
400 2193 618 2248 nomine
649 2194 824 2263 gladio
849 2193 1075 2265 jugulati
1105 2203 1248 2248 sunt.
1276 2195 1330 2250 ln
1359 2210 1465 2264 quo
1498 2196 1618 2252 fidei
1648 2213 1761 2252 cer-

161 2286 372 2340 tamine
405 2299 595 2353 passus
634 2296 717 2339 est
762 2285 999 2339 Milesius
1026 2286 1308 2355 episcopus
1330 2326 1346 2350 ,
1396 2288 1677 2341 sanctitate
1707 2298 1762 2344 et

163 2374 553 2449 miraculorum
594 2373 761 2445 gloria
808 2374 1059 2443 insignis.
1106 2376 1450 2443 Accepsimas
1481 2378 1762 2447 episcopus

161 2478 285 2519 cum
319 2465 638 2535 presbytero
668 2478 768 2519 suo
791 2464 1026 2529 Jacobo;
1060 2472 1115 2519 et
1137 2464 1361 2531 Mareas,
1386 2476 1440 2521 et
1470 2467 1626 2522 Dicor
1652 2470 1766 2537 epi-

167 2554 322 2625 scopi
354 2568 477 2610 cum
508 2554 718 2611 clericis
740 2555 851 2609 fere
876 2553 1138 2622 ducentis,
1162 2564 1215 2610 et
1241 2557 1622 2626 quinquaginta
1646 2574 1763 2614 mo-

226 2736 329 2795 22.
354 2767 425 2779 —
450 2737 497 2792 X
534 2737 671 2794 ΚΑι..
712 2737 900 2794 Romae
940 2739 1204 2810 depositio
1244 2740 1305 2797 8.
1345 2746 1374 2776 α
1408 2741 1525 2797 Gaii
1566 2758 1751 2813 papae:

157 2831 248 2898 qui
293 2845 427 2887 cum
475 2830 769 2885 Ecclesiam
808 2830 1086 2886 duodecim
1128 2833 1217 2905 [A.
1258 2832 1321 2887 Τ.
1356 2831 1441 2899 L.,
1487 2835 1757 2909 undecim]

156 2936 363 2988 annos,
406 2917 434 2956 δ
476 2935 690 2977 menses
725 2932 972 2991 quatuor,
1016 2922 1131 2978 dies
1177 2922 1456 2979 duodecim
1500 2927 1755 2995 rexisset,

160 3011 430 3083 martyrio
494 3022 781 3067 coronatur
819 3014 918 3067 sub
968 3012 1298 3069 Diocletiano
1343 3015 1585 3086 principe
1636 3032 1758 3074 cum

163 3106 398 3163 Gabinio
426 3103 612 3161 fratre.
637 3105 840 3160 Eodem
884 3106 973 3160 die
1002 3106 1054 3160 in
1080 3104 1309 3161 Cordula
1341 3108 1561 3165 civitate
1602 3121 1757 3165 nata-

158 3202 224 3257 lis
267 3213 291 3240 ε
340 3198 628 3268 Parmenii,
670 3198 906 3269 Helymm
947 3207 1002 3254 et
1038 3198 1339 3270 Chrysoteli
1385 3201 1761 3272 presbyterid,

78 3366 79 3369 η
158 3307 213 3355 et
234 3296 377 3353 Luci
394 3305 450 3351 et
469 3295 634 3351 Musae
653 3294 994 3348 diaconorum
1011 3293 1305 3363 (Hactenus
1327 3295 1439 3365 A.),
1456 3295 1523 3351 de
1540 3296 1764 3367 Babylo-

162 3391 271 3453 nia,
302 3402 538 3458 quorum
564 3386 783 3457 praecisa
803 3386 962 3440 etiam
995 3385 1169 3455 lingua
1201 3386 1533 3455 loquebatur.
1564 3386 1764 3443 Omnes

162 3484 213 3537 in
229 3480 469 3553 equuleo
491 3477 736 3548 suspensi
762 3484 816 3532 et
842 3476 1063 3532 nexibus
1084 3477 1271 3532 arctati
1296 3486 1439 3544 sunt,
1465 3476 1659 3533 deinde
1687 3477 1763 3532 la-

164 3572 332 3629 minis
373 3569 688 3625 ardentibus
713 3568 913 3623 circum
959 3568 1124 3621 latera
1154 3567 1409 3635 appositis
1436 3568 1651 3623 nstulati
1670 3608 1683 3632 ,
1709 3579 1765 3623 et

165 3660 385 3735 ungulis
425 3659 639 3715 lacerati
675 3659 783 3713 :ad
823 3657 1067 3712 ultimum
1109 3658 1289 3727 gladio
1338 3657 1564 3714 truncati
1615 3667 1759 3727 sunt,

166 3762 440 3822 prasente
470 3760 813 3822 persecutore
842 3749 1022 3805 Decio.
1046 3749 1333 3823 (Hactenus
1376 3750 1467 3822 T.)
1493 3750 1762 3822 Scriptum

164 3847 217 3902 in
240 3845 499 3917 passione
530 3843 587 3899 S.
611 3842 902 3897 Laurentii.

234 3936 334 4005 L.,
366 3934 430 3990 Et
450 3933 508 3991 S.
530 3935 553 3964 θ
577 3933 820 4001 Eutropii
846 3932 1115 4001 martyris.

1870 1936 1960 2005 qui
1986 1933 2358 1989 dominabatur
2384 1947 2545 2001 Super
2573 1931 2905 2000 septuaginta
2939 1944 3112 1998 reges,
3147 1928 3325 1983 multis
3355 1930 3452 1980 tui-

1870 2024 2067 2081 raculis
2097 2024 2312 2088 claruit,
2347 2023 2712 2092 plurimosque
2737 2019 3002 2075 convertit
3021 2020 3086 2072 ad
3116 2019 3273 2072 fidem
3300 2017 3455 2071 Chri-

1868 2115 1961 2183 sti,
1993 2115 2148 2170 simul
2178 2124 2232 2169 et
2261 2112 2637 2169 Alexandriam
2671 2126 2887 2165 uxorem
2923 2111 3089 2180 ipsius
3122 2110 3326 2164 Datiani
3358 2123 3451 2166 us-

1869 2224 1972 2277 que
1998 2209 2064 2261 ad
2109 2208 2421 2276 martyrium
2462 2205 2820 2259 confortavit:
2854 2206 2968 2273 ipse
3000 2219 3128 2259 vero
3158 2202 3449 2258 novissime

1870 2296 2164 2351 decollatus
2196 2296 2503 2364 martyrium
2555 2293 2816 2362 explevit,
2866 2294 3107 2361 quamvis
3152 2304 3300 2361 gesta
3330 2308 3449 2361 pas-

1866 2386 2033 2440 sionis
2084 2386 2200 2454 ejus
2241 2385 2380 2438 inter
2416 2385 2749 2452 apocrypbas
2805 2393 3256 2437 conuumerentur
3312 2384 3448 2436 scri-

1869 2486 2077 2545 pturas.
2108 2477 2160 2529 lu
2188 2475 2377 2530 Galliis
2405 2474 2623 2527 civitate
2666 2472 2902 2527 Valentia
2933 2476 3110 2528 natale
3144 2483 3451 2528 sanctorum

1874 2564 2068 2618 Felicis
2090 2566 2406 2635 presbyteri,
2440 2562 2714 2618 Fortunati
2743 2572 2797 2618 et
2820 2563 3051 2618 Achillei
3078 2564 3467 2631 diaconorum,

1422 2650 1649 2707 EDITIO
1690 2654 2192 2714 BOLLANDIANA.

1934 2750 2025 2803 23.
2049 2781 2118 2790 —
2140 2751 2208 2806 lx
2230 2751 2365 2805 ΚΑι..
2391 2751 2573 2805 Natale
2611 2750 2669 2806 8.
2704 2749 2723 2788 ί
2754 2748 2964 2819 Georgii
2990 2751 3261 2820 martyris.

1936 2842 2125 2898 Florus
2169 2844 2220 2897 in
2246 2846 2310 2897 A.
2334 2843 2397 2897 Τ.
2421 2843 2509 2909 L.,
2536 2843 2601 2897 Et
2624 2844 2675 2896 in
2697 2840 2929 2912 Egypto
2956 2841 3135 2911 passio
3179 2842 3278 2896 SS.
3303 2850 3328 2886 κ
3358 2840 3443 2893 Vi-

1867 2934 2030 2989 ctoris
2071 2943 2127 2989 et
2163 2934 2389 2989 Coronae
2432 2935 2533 2989 sub
2572 2934 2813 3004 principe
2855 2934 3125 2988 Antonino
3168 2951 3182 2986 :
3225 2951 3446 3001 quarunt

1868 3023 2049 3079 Victor
2074 3033 2192 3093 post
2212 3025 2541 3081 evulsionem
2571 3039 2878 3089 nervorum,
2905 3032 2962 3079 et
2982 3025 3235 3079 ferventis
3266 3026 3367 3079 olei
3396 3031 3447 3079 in

1870 3115 1987 3182 ejus
2020 3114 2283 3185 pudilibus
2318 3116 2570 3171 membris
2610 3114 2947 3183 eliusionem,
2980 3125 3033 3170 et
3065 3126 3182 3185 post
3218 3118 3449 3171 eructio-

1870 3223 1997 3261 nem
2047 3207 2345 3273 oculorum,
2388 3221 2679 3277 suspensus
2716 3208 2989 3272 deorsum,
3030 3210 3332 3264 decoriatus
3369 3221 3454 3265 est

1868 3311 2028 3371 atque
2075 3302 2154 3356 sic
2193 3302 2503 3357 decollatus.
2565 3302 2775 3358 Corona
2817 3318 2943 3356 veto
2988 3303 3201 3372 allgata
3245 3305 3451 3359 duabus

1868 3395 2147 3449 arboribus
2176 3394 2342 3448 divisa
2370 3405 2470 3449 est.

1943 3485 2004 3539 V.
2051 3486 2135 3543 Β..
2165 3486 2344 3539 liornae
2389 3487 2631 3540 Nnhoris.
2678 3486 2765 3553 V.,
2794 3486 2997 3553 Vitalis,
3041 3485 3067 3523 δ
3112 3487 3323 3543 Felicis.
3359 3489 3450 3553 L.,

1871 3556 2051 3611 Passio
2086 3556 2180 3611 SS.
2228 3556 2442 3620 Felicis,
2478 3556 2748 3611 Fortunati
2788 3567 2841 3611 et
2871 3557 3118 3614 Achillei.
3148 3559 3238 3623 'l'.,
3265 3559 3452 3614 Natale

1871 3628 1965 3682 SS.
1993 3626 2184 3681 Felicis
2232 3628 2549 3696 presbyteri,
2602 3625 2879 3681 Fortunati
2927 3638 2980 3681 et
3011 3628 3237 3682 Achillei
3291 3639 3346 3683 et
3388 3631 3450 3685 S.

1874 3698 2095 3768 Naboris
2139 3698 2408 3765 martyris.
2462 3704 2561 3768 A.,
2591 3696 2773 3751 Natale
2821 3700 2880 3752 S.
2932 3697 3177 3754 Naboris.
3221 3700 3338 3768 Ipso
3367 3702 3447 3756 die

1873 3772 1928 3822 S.
1970 3767 1983 3804 ί
2024 3768 2202 3833 lteguli
2252 3766 2485 3835 episcopi
2533 3776 2588 3821 et
2635 3768 2979 3823 confessoris.
3026 3771 3109 3832 13.,
3164 3766 3449 3825 ln‘Aft-ica

1875 3839 1973 3961 $8.
2021 3838 2274 3918 Catulini,
2323 3835 2552 3902 Felicis,
2593 3836 2888 3904 Theodori,
2944 3838 3182 3906 Venusti,
3237 3840 3443 3904 Vitalis.

1918 3917 2131 3961 austuu.

1918 3909 2131 3963 austini.

1569 4023 1778 4081 SMlTll
1818 4019 2052 4079 ΝΟΤΑΕ.

239 4130 267 4160 ι
300 4117 445 4175 Gaii.
477 4117 577 4185 Qui
604 4115 761 4171 etiam
790 4130 947 4185 supra
977 4115 1374 4185 celebratur-xx
1403 4114 1490 4170 die
1517 4114 1752 4169 Februao

167 4191 232 4251 rii
266 4209 293 4245 ι»
315 4198 377 4245 et
403 4184 599 4258 qui’ab
627 4201 765 4240 anno
788 4184 894 4258 285
924 4187 990 4241 ad
1018 4202 1221 4258 annum
1249 4184 1355 4238 296
1387 4185 1568 4258 Romae
1593 4186 1750 4258 sedit.

237 4261 269 4303 ι»
301 4255 509 4313 Menses
538 4267 778 4323 quatuor,
809 4256 916 4309 dies
939 4258 1173 4310 undecim
1192 4256 1385 4310 desunt
1415 4256 1466 4309 in
1498 4259 1587 4323 A.,
1616 4255 1678 4309 Τ.

242 4342 269 4371 ε
303 4328 595 4383 Parmenii.
623 4326 865 4379 Cordulae
888 4326 1037 4394 juxta
1066 4326 1388 4396 Babylonem
1423 4343 1436 4379 :
1464 4323 1627 4379 fuisse
1657 4326 1756 4379 bos

171 4410 442 4469 martyres
494 4398 763 4469 Babylone
807 4400 905 4450 sub
936 4396 1319 4469 Polychronio_
1333 4396 1583 4469 episcopo
1605 4409 1746 4469 pres-

173 4445 412 4557 53,135;
415 4445 828 4557 gaudeas;
843 4445 1657 4557 gestasse}.agisagis'
1668 4445 1751 4519 iii-
1784 4445 1838 4505 D

180 4533 388 4599 dicant.
422 4537 807 4608 Polychronius
834 4533 1267 4608 celebratur_xvtt
1300 4533 1593 4608 Februarii.
1747 4567 1772 4579 -

241 4613 269 4649 ά
302 4612 403 4672 A.,
434 4605 853 4676 preibytcrorunt,
886 4606 1089 4676 omisso
1116 4605 1417 4676 Chysotelo.

247 4690 273 4719 ο
309 4671 758 4761 ΕιιιξίορξρξςζιρὶξΔ
777 4676 848 4729 sit
885 4689 1003 4761 non‘
1031 4671 1215 4761 liquet,
1260 4675 1363 4727 nisi
1403 4675 1471 4726 sit
1500 4674 1544 4761 is
1570 4671 1663 4761 qui
1701 4673 1753 4727 in

174 4744 579 4819 Martyrologiis
637 4744 829 4819 dicitur
888 4760 916 4796 a
967 4745 1025 4797 Β.
1068 4744 1346 4798 Clemente
1393 4744 1753 4819 apostolorum

172 4812 498 4876 successore
517 4815 582 4869 ad
612 4814 974 4879 episcopatum
1002 4823 1369 4878 consecratus,
1392 4823 1446 4866 et
1474 4814 1525 4865 in
1553 4812 1753 4867 Gallias

176 4884 507 4960 pradicandi
536 4884 704 4960 gratia
735 4885 969 4960 directus
997 4893 1099 4948 est,
1130 4893 1183 4938 et
1207 4884 1318 4960 qui,
1338 4882 1570 4955 _impleto
1599 4882 1756 4960 hujus

174 4954 343 5014 officii
371 4970 613 5020 munere,
640 4955 1030 5021 insurgentibus
1062 4956 1276 5022 paganis
1300 4954 1435 5020 quos
1456 4963 1642 5005 auctor
1669 4954 1755 5005 in-

176 5032 336 5086 vidiae
373 5026 595 5081 credere
634 5038 739 5078 non
770 5023 1031 5092 permisit,
1064 5024 1171 5078 ictu
1209 5022 1416 5078 securis
1442 5023 1633 5077 colliso
1670 5037 1755 5075 ca-

175 5102 288 5169 pite
316 5099 500 5169 victor,
515 5095 781 5149 occubuit.
820 5093 1020 5148 Dicitur
1051 5093 1209 5149 fuisse
1240 5095 1443 5163 primus
1472 5093 1755 5161 episcopus

176 5166 554 5226 Santonensis.

256 5238 276 5278 ί
310 5237 541 5305 Georgii.
584 5232 640 5287 ln
671 5233 887 5305 Perside
915 5231 1417 5305 civitateADiospoli,
1459 5237 1559 5288 sub
1590 5235 1755 5305 impeo

178 5320 362 5366 ratore
389 5301 737 5360 Diocletiano.
773 5302 903 5372 Ejus
941 5311 1061 5358 acta
1088 5303 1222 5356 adeo
1254 5305 1405 5368 plena
1442 5312 1567 5356 sunt
1606 5301 1754 5372 fabu-

177 5384 269 5445 lis,
299 5387 357 5433 ut
394 5376 527 5432 nihil
570 5375 699 5429 certi
729 5373 798 5429 de
820 5371 937 5445 hoc
972 5381 1158 5445 sancto
1182 5373 1397 5445 narrari
1438 5372 1622 5445 possit.
1674 5371 1756 5445 Di-

179 5442 409 5505 cendum
450 5453 627 5499 tamen
661 5452 764 5508 est,
797 5442 937 5512 quod
972 5444 1072 5499 sub
1102 5442 1261 5512 hujus
1292 5444 1543 5512 martyris
1575 5442 1757 5512 auspi-

179 5522 279 5575 ciis
321 5517 516 5573 militat
560 5528 653 5582 per
698 5511 864 5568 totum
907 5522 1171 5567 terrarum
1218 5515 1405 5567 orbem
1437 5511 1755 5582 celebratus

180 5589 317 5644 ordo
338 5580 646 5656 Anglicaiue
673 5582 1023 5656 Periscelidis,
1046 5590 1102 5656 et
1122 5582 1264 5651 quod
1291 5596 1429 5656 gens
1449 5582 1669 5650 Anglica
1699 5580 1754 5634 in

182 5659 245 5715 S.
269 5653 482 5725 Georgii
514 5654 861 5722 patrocinium
884 5653 1168 5725 praecipue
1193 5653 1479 5725 concessit,
1512 5665 1609 5725 nec
1640 5661 1755 5725 tan-

184 5722 725 5787 tum'reéentioribus
755 5723 1018 5792 aetatibus,
1055 5722 1149 5779 sed
1183 5725 1251 5779 ab
1298 5722 1425 5794 ipsis
1455 5722 1752 5792 Anglo~Sa-

1861 4111 2037 4189 xonici
2077 4109 2729 4189 dominatusuprincipiisg
2760 4109 2903 4189 quod
2942 4121 3188 4189 putamus
3227 4112 3442 4189 probari

1861 4198 1928 4237 ex
1956 4185 2057 4236 hoc
2088 4183 2202 4250 ipso
2233 4181 2352 4236 loco
2380 4180 2550 4235 Baeda:
2576 4180 2789 4250 genuini
2817 4180 3203 4251 MartyruIOgii,
3232 4180 3326 4251 qui
3354 4200 3441 4238 eo-

1860 4255 1983 4306 dem
2020 4252 2178 4305 modo
2207 4266 2312 4319 quo
2342 4251 2541 4305 Christi
2578 4261 2632 4306 et
2660 4252 3019 4321 apostolorum
3060 4254 3219 4319 festa,
3247 4251 3437 4308 festum

1863 4337 2077 4444 quoq‘t'te
2115 4324 2173 4378 S.
2199 4320 2413 4391 Georgii
2444 4320 2840 4389 simplicissime
2874 4324 3144 4376 indicavit.

1936 4402 1961 4439 s
2042 4392 2233 4444 ictoris.
2287 4392 2347 4444 Hi
2395 4393 2483 4444 die
2522 4394 2765 4444 seuuenti
2812 4394 2971 4444 etiam
3013 4393 3144 4444 colui

1936 4402 1961 4439 ες
1998 4392 2233 4445 Victoris.
2287 4392 2347 4462 Hi
2395 4393 2483 4445 die
2522 4394 2765 4462 sequenti
2812 4394 2971 4448 etiam
3013 4393 3294 4459 coluntur;
3342 4397 3453 4451 sed

1863 4463 2130 4532 praicipue
2158 4463 2249 4532 die
2269 4460 2335 4515 M
2356 4462 2499 4515 Maii.

1926 4531 1955 4569 ιι
1988 4531 2201 4586 Felicis.
2233 4531 2563 4602 Presbyteri,
2600 4533 2874 4587 Fortunati
2908 4542 2964 4588 et
2999 4534 3227 4589 Achillei
3253 4535 3438 4591 diaco-

1854 4616 2069 4656 norum.
2106 4604 2205 4674 Qui
2236 4616 2265 4654 a
2291 4604 2447 4674 beato
2471 4603 2679 4674 Algrenazo
2707 4604 3047 4673 Lugdunensi
3082 4605 3337 4674 episcopo
3371 4608 3439 4662 ad

1857 4673 2254 4740 praedicandum
2293 4673 2437 4725 missi
2469 4672 2801 4743 Valentiam,
2824 4689 2946 4729 cum
2988 4672 3282 4728 maximam
3315 4690 3437 4743 par-

1855 4750 1964 4796 tem
1994 4744 2144 4796 istius
2175 4743 2319 4797 urbis
2349 4743 2412 4795 ad
2446 4742 2603 4800 tidem
2633 4745 3043 4809 convertissem,
3085 4758 3117 4797 a
3142 4744 3277 4799 duce
3305 4742 3436 4798 Cor-

1854 4813 1996 4866 nelio
2034 4813 2087 4866 in
2113 4826 2383 4866 carcerem
2418 4814 2572 4877 trusi,
2596 4813 2791 4868 deinde
2827 4813 3110 4868 durissima
3144 4828 3434 4871 nervorum

1852 4880 2209 4949 llagellatione
2254 4881 2551 4937 diutissime
2600 4884 2863 4939 verberati
2908 4893 3053 4936 sunt.
3101 4882 3227 4937 Post
3272 4887 3437 4941 etiam

1853 4951 2106 5021 revinctis
2151 4961 2269 5021 post
2312 4960 2458 5021 terga
2507 4952 2769 5019 manibus,
2818 4953 3034 5007 renibus
3084 4954 3439 5021 cruribusque

1853 5020 2165 5088 confractis,
2210 5020 2353 5076 circa
2401 5020 2638 5077 rotarum
2688 5024 3002 5091 vertiginem
3043 5022 3273 5088 astricti,
3304 5020 3438 5081 finiti

1853 5105 2064 5159 quoque
2104 5091 2460 5146 amaritudine
2503 5095 2774 5161 supposita
2820 5094 2908 5147 die
2956 5110 3018 5147 ac
3068 5103 3224 5149 nocte
3274 5098 3439 5149 conti-

1854 5170 2048 5233 nuagta,
2092 5161 2310 5233 equulei
2339 5166 2666 5233 extensione
2705 5163 2977 5233 suspensi,
3020 5163 3088 5217 ad
3138 5172 3437 5221 extremum

1853 5230 2033 5300 gladio
2052 5231 2350 5286 obtruncati
2376 5243 2519 5286 sunt.
2557 5230 2813 5298 Usuard.,'
2849 5235 2987 5299 Ado,
3017 5234 3209 5289 Petrus
3237 5234 3304 5288 de
3334 5236 3436 5289 Na-

1857 5299 2048 5371 talibus
2091 5310 2145 5355 et
2187 5302 2273 5358 alii
2322 5316 2445 5356 eum
2486 5312 2768 5371 sequentes
2819 5303 3112 5359 Valentiam
3164 5304 3436 5362 civitatem

1856 5370 2123 5438 Hispaniae
2147 5374 2431 5438 scripsere,
2457 5374 2553 5427 sed
2568 5370 2733 5438 falso,
2760 5387 2881 5427 nam
2908 5376 2976 5427 ab
3002 5376 3207 5428 Irenaeo
3240 5388 3346 5428 non
3379 5380 3432 5431 in

1856 5440 2162 5511 llispaniam
2204 5443 2351 5497 missi
2380 5454 2501 5497 sunt
2530 5443 2585 5496 hi
2620 5445 2867 5511 apostoli,
2899 5444 2994 5499 sed
3028 5444 3092 5497 ad
3127 5444 3429 5501 Valenciam

1856 5510 2060 5567 Galliae.
2088 5513 2377 5634 Eglandus
2407 5515 2549 5568 visus
2578 5510 2665 5568 est
2690 5514 2915 5583 probare
2946 5517 3041 5569 hos
3073 5529 3257 5584 passos
3286 5518 3426 5570 circa

1856 5596 2050 5634 annum
2199 5620 2214 5634 .

1854 5596 2050 5636 annum
2088 5586 2214 5637 212.

1859 5722 1908 5777 Μ
1934 5651 1949 5689 ί
1974 5652 2187 5776 t(ivgali.
2224 5653 2297 5709 De
2329 5653 2427 5708 hoc
2454 5654 2853 5711 Silvaucctcnsc
2884 5656 3134 5725 episcopo
3169 5657 3287 5711 vide
3318 5672 3431 5713 xxx

1914 5738 1968 5777 ar
1997 5737 2052 5777 ll.

1914 5728 2052 5779 artii.
