3988 6346
531 249 638 306 837

1243 247 1449 307 BEDE
1490 245 1946 304 VENERABIUS
1983 246 2134 301 OPP.
2178 245 2356 301 PARS
2397 243 2488 300 IV.
2528 274 2596 285 —-
2638 243 3019 302 HISTORICA.

3702 239 3805 296 888

1784 361 2010 416 EDITIO
2049 360 2518 417 COLONIENSIS.

533 458 622 528 qui
665 473 694 511 ³
727 454 881 511 beam
911 454 1114 546 homo
1145 452 1483 546 Pugd'lnem’i
1509 451 1762 546 episcopo
1789 462 1844 508 ⁸⁸
1881 466 2115 523 π¹³τ¹ἲτθ
2146 457 2197 516 Α
2224 477 2462 531 Petrum.
2487 476 2640 546 Apud
2671 476 3051 533 Alexandriam
3075 476 3250 532 natale
3270 475 3442 532 sancti
3471 475 3632 532 Marci
3649 490 3803 532 evan.

534 553 600 602 ad
634 545 1030 616 praedicandum
1058 544 1280 599 verbum
1313 545 1405 598 Dei
1449 545 1622 612 missi,
1670 559 1789 598 cum
1831 545 2115 599 maximam

540 648 744 707 partem
772 635 1094 705 supradictae
1134 635 1279 690 urbis
1327 636 1393 689 ad
1438 635 1597 689 ﬁdem
1647 639 2055 702 convertissent,
2089 653 2118 691 a

533 731 672 784 duce
701 727 947 782 Cornelio
977 725 1030 780 in
1058 739 1328 780 carcerem
1363 725 1518 792 trusi,
1546 726 1668 781 dein
1696 727 1974 782 durissima
1999 744 2121 783 ner-

535 835 724 875 vorum
751 817 1108 888 ﬂagellatione
1139 816 1441 871 diutissime
1469 817 1775 886 verberati,
1815 829 1933 889 post.
1959 820 2120 873 etiam

537 912 728 966 vinctis
759 921 874 977 post
904 919 1110 980 tergum
1135 910 1408 973 manibus,
1431 910 1788 976 cruribusque
1813 911 2118 978 confractis,

535 1007 677 1060 circa
707 1014 942 1058 rotarum
975 1001 1297 1072 vertiginem
1349 1002 1590 1066 astricti,
1643 1003 1878 1071 fuliginis
1914 1020 2125 1074 quoque

537 1095 892 1151 amaritudine
920 1096 1212 1163 supposita,
1239 1094 1333 1148 die
1355 1109 1418 1148 ac
1442 1103 1601 1149 nocte
1627 1096 1929 1150 continuata
1958 1113 2126 1165 equu-

537 1188 606 1242 lei
629 1187 947 1242 extensione
969 1185 1240 1253 suspensi,
1265 1184 1332 1239 ad
1356 1194 1652 1240 extremum
1677 1186 1853 1254 gladio
1876 1201 2126 1243 Consum-

538 1278 667 1332 mati
689 1285 834 1333 sunt.
853 1277 907 1331 In
929 1275 1239 1331 Fontenella
1265 1275 1596 1330 monasterio
1617 1277 1788 1330 sancti
1815 1277 2126 1331 Vulframmi

540 1371 798 1441 episcopi,
829 1371 1072 1440 prmelari
1101 1369 1154 1424 in
1185 1368 1457 1424 miraculis
1488 1368 1628 1433 viri;
1673 1378 1726 1425 ct
1764 1371 1935 1425 sancti
1961 1372 2125 1426 Adel-

543 1461 680 1517 berli
709 1463 946 1530 episcopi
975 1471 1029 1516 et
1053 1462 1324 1529 martyris.

611 1552 672 1604 Β.
707 1551 819 1606 Vlll
846 1551 1086 1605 thaso.
1137 1550 1282 1605 ΜΑιι.
1316 1579 1397 1629 ς-
1436 1549 1679 1619 Lugduni
1723 1551 1907 1606 Galliae
1957 1553 2128 1606 natale

539 1648 711 1702 sancti
742 1647 1058 1710 Alexandri,
1087 1648 1176 1714 qui
1210 1648 1367 1702 tertio
1405 1657 1525 1716 post
1554 1649 1769 1703 beatum
1813 1647 2126 1716 Epipodium

540 1739 628 1792 die
655 1741 942 1806 producuis
974 1754 1004 1793 e
1033 1752 1251 1794 carcere
1273 1777 1288 1801 ,
1319 1739 1494 1807 primo
1523 1740 1593 1794 ita
1638 1739 1865 1794 laniatus
1895 1749 1975 1792 est
2005 1752 2128 1790 cru-

2219 567 2444 638 gelistac.
2492 567 2589 621 llic
2636 566 2932 636 discipulus
2962 571 3034 622 'et
3080 569 3342 636 interpres
3385 565 3622 636 apostoli
3664 566 3799 621 Petri

2225 659 2410 714 Romaa
2437 669 2652 730 rogatus
2679 675 2707 712 a
2739 658 2993 715 fratribus
3020 659 3234 728 scripsit
3257 659 3628 727 Evangelium.
3655 659 3798 724 Quod

2221 766 2341 806 cum
2375 745 2566 805 Petrus
2595 750 2852 814 audisset,
2878 751 3140 819 probavit,
3173 760 3229 806 et
3254 749 3508 806 Ecclesiis
3531 750 3796 818 legendum

2224 858 2318 897 sua
2351 843 2670 897 auctoritate
2717 842 2902 896 edidit.
2944 843 3059 909 Quo
3106 853 3382 908 assumpto
3431 843 3575 896 idem
3608 843 3796 896 Marcus

2223 934 2456 1004 perrexit
2479 934 2529 987 in
2548 933 2865 1005 Egyptum,
2882 944 2935 989 et
2953 935 3154 1002 primus
3177 933 3520 988 Alexandriae
3541 933 3794 987 Christum

2222 1025 2544 1078 annuntians
2564 1065 2578 1088 ,
2610 1025 2888 1078 constituit
2920 1024 3236 1079 Ecclesiam.
3265 1026 3331 1078 At
3361 1033 3642 1093 postquam
3681 1039 3794 1079 eon-

2225 1115 2507 1172 stitutiset
2531 1114 2860 1170 confirmatis
2894 1115 3147 1171 Eeclesiis
3172 1132 3264 1185 per
3302 1118 3549 1193 Libyam,
3586 1117 3795 1171 Marma-

2225 1207 2414 1272 ricam,
2444 1207 2835 1267 Ammouicam.
2877 1206 3234 1275 Pentapolim,
3281 1207 3684 1270 Alexandriam,
3725 1217 3794 1262 at-

2226 1311 2330 1364 que
2355 1294 2642 1366 Egyptum
2674 1295 3002 1360 universam,
3023 1296 3089 1349 ad
3121 1295 3364 1350 ultimum
3389 1303 3570 1349 tentus
3599 1309 3628 1348 a
3657 1309 3797 1364 paga-

2227 1386 2335 1450 nis,
2367 1390 2455 1452 qui
2490 1394 2861 1439 remanserant
2889 1385 3258 1450 Alexandriae,
3299 1387 3389 1455 qui
3423 1387 3662 1441 videntes
3688 1401 3796 1441 eum

2227 1473 2314 1528 die
2341 1483 2527 1528 sancto
2556 1475 2772 1529 Pascha:
2795 1476 2987 1531 missas
3011 1475 3323 1542 facientem,
3348 1477 3612 1532 miserunt
3637 1478 3805 1534 funem-

2229 1567 2280 1620 in
2309 1565 2448 1621 collo
2479 1565 2621 1636 ejus,
2653 1576 2705 1622 et
2746 1568 3030 1624 trahebant
3069 1585 3190 1627 eum
3219 1570 3285 1624 ad
3309 1571 3423 1625 loca
3455 1571 3661 1637 Buculi,
3690 1587 3794 1642 qua:

2230 1664 2383 1708 erant
2406 1656 2556 1724 juxta
2590 1671 2770 1720 mare;
2801 1658 2901 1710 sub
2928 1659 3146 1725 rupibus
3176 1670 3288 1714 erat
3308 1661 3540 1715 ecclesia
3570 1671 3796 1717 constru-

2232 1757 2339 1813 cta,
2372 1759 2426 1802 et
2451 1749 2758 1803 defluebant
2786 1765 2977 1805 carnes
3004 1751 3120 1817 ejus
3162 1751 3216 1805 in
3257 1761 3474 1820 terram,
3505 1762 3561 1809 et
3584 1768 3704 1808 saxa
3729 1756 3796 1809 in-

543 1827 761 1883 delitate
788 1827 1205 1894 verberantium,
1249 1838 1308 1882 ut
1337 1839 1482 1884 crate
1512 1830 1686 1883 soluta
1716 1839 2004 1891 costarum,
2041 1844 2129 1896 pa-
2163 1826 2207 1886 B
2236 1839 2546 1894 ﬁciebantur
2578 1843 2854 1910 sanguine.
2886 1841 3124 1912 Vespere
3162 1853 3338 1899 autem
3375 1844 3519 1900 facto
3561 1847 3800 1901 miserunt

544 1917 749 1973 tefactis
779 1918 1070 1974 visceri-bus
1113 1929 1322 1974 secreta
1363 1920 1556 1972 animae
1602 1918 2000 1990 panderentur,
2034 1920 2128 1972 de-

540 2012 666 2067 ane
687 2015 863 2067 crucis
905 2014 1096 2068 affixus
1128 2015 1366 2084 patibulo
1396 2015 1609 2069 beatum
1651 2016 1894 2083 spiritum
1940 2013 2130 2066 exani-

537 2113 714 2158 matus
740 2105 940 2161 emisit.
973 2104 1119 2160 Passi
1147 2114 1274 2158 sunt
1302 2119 1422 2159 cum
1463 2119 1527 2158 eo
1569 2113 1621 2158 et
1649 2103 1737 2156 alii
1772 2117 1993 2156 numero
2037 2101 2129 2155 tri-

538 2196 684 2266 ginta
714 2207 962 2262 quatuor.
991 2196 1192 2249 Eodem
1217 2195 1304 2249 die
1331 2193 1494 2248 Mileti
1526 2193 1761 2262 episc0pi
1791 2193 2052 2260 depositio
2074 2192 2126 2245 in

540 2286 843 2351 Britannia,
891 2285 981 2354 qui
1015 2285 1206 2338 tertius
1254 2293 1374 2351 post
1406 2283 1763 2352 Augustinum
1796 2283 2124 2351 episcopum,

547 2376 1004 2431 Dorovernensem
1031 2376 1322 2430 Ecclesiam
1347 2377 1602 2445 suscepit,
1624 2391 1782 2444 quam
1806 2374 1944 2430 rexit
1963 2389 2129 2429 annos

545 2471 802 2540 quinque,
831 2471 1072 2540 sepultus
1119 2469 1170 2522 in
1219 2469 1442 2524 ecclesia
1493 2469 1634 2522 beati
1676 2455 1841 2522 Petri.
1889 2469 2000 2522 llac
2044 2467 2131 2521 die

542 2560 800 2627 Ananiae,
829 2561 1070 2624 Azarias,
1101 2557 1342 2623 Misahel,
1373 2559 1580 2613 liberati
1611 2567 1735 2612 sunt
1762 2557 1830 2612 de
1862 2559 2093 2613 camino.

617 2651 680 2706 C.
715 2651 823 2706 \‘ll.
851 2651 986 2706 ΚΜ..
1009 2651 1154 2707 Mm.
1195 2651 1379 2706 Romae
1405 2651 1584 2705 litania
1608 2649 1779 2718 major
1801 2649 1864 2703 ad
1890 2660 2131 2702 sanctum

2234 1947 2356 1986 eum
2391 1932 2777 1998 incarcerem,
2807 1933 2893 1987 ubi
2940 1935 3080 1987 circa
3122 1935 3353 1989 mediam
3398 1946 3611 1991 noctem
3648 1938 3799 2006 primo

2234 2025 2473 2090 angelica
2505 2023 2815 2080 visitatione
2841 2025 3176 2082 confortatus
3203 2035 3303 2094 est,
3333 2027 3530 2083 deinde
3558 2028 3673 2098 ipso
3708 2030 3797 2085 Do-

2233 2117 2378 2170 mino
2405 2115 2507 2172 sibi
2537 2127 2852 2186 apparente,
2885 2119 2949 2172 ad
2997 2120 3238 2175 coelestia
3269 2134 3432 2190 regna
3463 2133 3683 2176 vocatus
3709 2131 3795 2178 est.

2234 2205 2302 2261 At
2350 2221 2504 2261 mane
2552 2208 2680 2262 dum
2733 2209 3038 2264 traheretur
3085 2211 3150 2264 ad
3198 2212 3314 2265 loca
3360 2212 3549 2266 Buculi
3577 2253 3593 2279 ,
3627 2215 3798 2282 gratias

2235 2313 2399 2367 agens
2426 2307 2479 2353 et
2508 2298 2688 2353 dicens
2715 2315 2728 2352 :
2763 2298 3023 2364 Domine,
3059 2300 3110 2355 in
3142 2315 3330 2356 manus
3358 2310 3476 2356 tuas
3504 2302 3798 2358 commendo

2234 2387 2477 2458 spiritum
2509 2404 2715 2444 meum:
2767 2389 3048 2444 defunctus
3091 2377 3210 2456 est,
3242 2401 3296 2445 et
3337 2407 3369 2445 a
3399 2391 3532 2445 viris
3563 2389 3799 2460 religiosis

2237 2479 2476 2547 sepultus
2509 2479 2561 2533 in
2593 2480 2711 2533 loco
2741 2479 2934 2547 lapidis
2963 2480 3130 2534 excisi
3168 2494 3288 2535 cum
3318 2481 3509 2550 gloria.
3542 2483 3801 2537 Ordiaave

2238 2581 2318 2623 rat
2345 2583 2520 2624 autem
2554 2585 2651 2641 pro
2682 2583 2744 2624 se
2771 2569 3113 2626 Alexandria:
3137 2570 3449 2640 episcopum
3475 2572 3756 2628 Anianum.

1799 2741 2028 2796 EDITIO
2072 2740 2572 2796 BOLLANDIANA.

616 2834 709 2887 24.
752 2861 823 2872 -—
852 2833 1121 2892 VIIIKAL.
1169 2834 1436 2906 Depositio
1480 2837 1505 2864 °
1557 2833 1738 2889 Melliti
1787 2833 2025 2901 episcopi
2071 2833 2124 2886 in

544 2925 840 2982 Britannia.

612 3040 804 3096 Florus
835 3041 888 3095 in
916 3039 1162 3106 A.T.L.,
1195 3037 1367 3093 Gallia
1396 3037 1654 3106 Lugduno
1683 3036 1916 3101 civitate,
1950 3035 2126 3104 passio

541 3123 637 3189 SS.
663 3132 1000 3188 bAlexandri
1050 3142 1102 3186 et
1135 3129 1360 3198 Ypipodi
1405 3143 1526 3183 cum
1577 3129 1694 3180 aliis
1745 3128 1957 3195 triginta
1997 3142 2123 3195 qua-

540 3238 663 3282 tuor
696 3245 707 3280 :
737 3240 963 3296 quorum
1009 3223 1311 3279 Alexander
1357 3225 1408 3277 in
1458 3236 1673 3277 crucem
1725 3231 1997 3284 extensus,

543 3320 770 3374 laniatus
813 3318 1124 3373 crudelitate
1151 3317 1555 3370 verberantium
1602 3314 1836 3376 exstitit,
1889 3322 1946 3365 ut
1987 3322 2133 3366 crate

541 3412 711 3464 soluta
744 3419 1031 3476 costarum,
1067 3408 1341 3476 patefactis
1372 3405 1666 3460 visceribus
1698 3412 1906 3458 secreta
1936 3405 2130 3456 anima:

545 3503 921 3568 penderentur,
965 3509 1122 3566 atque
1161 3498 1236 3550 sic
1265 3496 1508 3564 spiritum
1548 3494 1887 3549 exanimatus
1925 3494 2129 3547 emisit.

543 3589 818 3659 Ypipodus
846 3603 974 3644 vero
1007 3598 1117 3642 toto
1142 3601 1236 3641 ore
1265 3586 1548 3655 plumbatis
1572 3587 1870 3648 confracto,
1901 3584 2131 3652 equuleo

545 3689 628 3732 est
664 3691 955 3746 suspensus
985 3686 1038 3730 et
1068 3676 1404 3744 postmodum
1434 3674 1609 3743 gladio
1639 3682 1723 3726 est
1754 3688 2057 3741 percussus.

618 3809 713 3875 ν,
755 3809 822 3863 Et
873 3810 922 3862 in
969 3809 1072 3863 hoc
1117 3807 1205 3863 die
1231 3806 1475 3872 Sidraeb,
1521 3805 1684 3860 Misac
1733 3814 1787 3876 et
1815 3805 2127 3876 Alidenago,

545 3880 636 3948 qui
686 3891 736 3933 ct
766 3880 1018 3944 Ananias,
1059 3879 1288 3938 Asarias.
1325 3879 1503 3931 lllisael
1549 3893 1563 3929 ε
1607 3879 1694 3944 qui
1745 3875 1799 3948 in
1843 3875 2129 3946 Babylonia

547 3946 762 4004 civitate
790 3966 976 4014 magna
1004 3955 1070 4002 tle
1093 3949 1306 4001 camino
1331 3949 1464 4016 ignis
1490 3947 1725 4000 ardentis
1752 3946 1955 4000 liberati
1983 3957 2126 4002 sunt.

550 4023 609 4075 In
639 4021 857 4075 civitate
888 4020 1145 4088 Lugdune
1176 4015 1366 4073 Gallia!
1392 4017 1568 4085 passio
1596 4017 1651 4088 S.
1682 4015 1969 4088 Alexandri
2009 4033 2130 4070 cum

545 4092 666 4146 aliis
717 4105 941 4144 numero
967 4086 1196 4157 ftriginta
1243 4096 1491 4154 quatuor,
1527 4096 1584 4140 et
1621 4086 1885 4157 dedicatio
1930 4096 2132 4157 cryptae

553 4163 641 4216 ubi
671 4176 893 4228 corpora
924 4155 1106 4213 eorum
1141 4161 1498 4225 requiescunt.
1534 4158 1620 4228 ‘Et
1648 4155 1786 4228 alibi
1800 4155 2129 4228 con'tmemo—

549 4231 686 4284 ratio
718 4224 780 4284 S.
802 4229 1035 4298 Georgii.
1071 4229 1152 4292 IL,
1179 4224 1232 4281 ln
1265 4224 1579 4298 Alexandria
1612 4235 1720 4279 nat.
1752 4226 2132 4298 §S.°_Cortittae

547 4301 791 4366 virginis,
825 4295 1072 4362 Victbris,
1101 4298 1288 4351 Zotici.
1313 4297 1366 4350 ln
1400 4298 1574 4366 Africa
1610 4307 1716 4348 nat.
1746 4295 2130 4366 SS.gFaustini,

551 4364 832 4433 Victorini,
867 4370 1083 4423 Valerii.
1137 4370 1200 4421 [Et
1230 4379 1338 4421 nat.
1375 4369 1468 4420 SS.
1501 4364 1526 4402 ά
1560 4364 1871 4419 llecheracd
1902 4375 1954 4418 et
1988 4369 2010 4395 θ
2045 4365 2132 4419 Ul-

519 4500 522 4503 _
552 4442 710 4494 freu'i.
747 4441 888 4493 ldcm
915 4439 1218 4493 Alexander
1245 4452 1364 4491 cum
1394 4437 1553 4491 sociis
1583 4436 1887 4489 tiOminatur
1917 4435 1969 4489 in
1999 4436 2060 4490 Β.

2227 2847 2323 2900 per
2353 2831 2596 2901 Libyam,
2649 2831 3039 2897 Marmaricam,
3072 2829 3502 2900 Ammoniacam,
3553 2833 3800 2902 Pentapo—

2234 2923 2349 2998 lim,
2403 2925 2784 2998 Alexandriam
2824 2936 2986 2995 atque
3007 2925 3299 2996 Egyptum
3343 2929 3694 2992 universam;
3744 2926 3800 2981 ad

2227 2997 2465 3070 ultimum
2494 3023 2669 3069 tentus
2683 3025 2764 3069 est
2778 2997 2812 3068 7a
2842 3017 3082 3085 paganis,
3098 3016 3189 3083 qui
3206 3019 3798 3073 remanserantAlexan—

2226 3105 2375 3161 driae.
2411 3104 2698 3174 (Hactenus
2730 3107 2822 3175 A.)
2877 3105 2980 3172 Qui
3036 3105 3275 3160 videntes
3327 3121 3448 3160 eum
3509 3107 3596 3162 die
3636 3118 3799 3163 sancto

2048 3219 2118 3273 ita
2150 3223 2195 3286 Ο
2229 3194 2446 3250 Paschae
2496 3196 2686 3249 missas
2732 3194 3038 3259 facientem,
3071 3195 3336 3280 miserunt
3376 3193 3562 3252 funem
3593 3197 3800 3282 in.collo

2235 3288 2372 3356 ejus,
2413 3295 2466 3342 et
2508 3286 2792 3340 trahebant
2829 3302 2951 3342 eum
2989 3286 3053 3340 ad
3098 3271 3462 3351 locabucnli,
3506 3304 3624 3358 qua:
3650 3271 3802 3343 verant

2231 3374 2380 3444 juxta
2411 3390 2561 3430 mare
2601 3376 2702 3429 sub
2725 3377 2965 3446 rupibus,
2994 3377 3084 3431 ubi
3114 3385 3232 3432 erat
3257 3377 3481 3432 ecclesia
3513 3387 3799 3433 exstructa.-

2232 3477 2287 3523 et
2325 3468 2630 3523 deﬂuebant
2676 3481 2865 3524 carnes
2892 3468 3009 3538 ejus
3041 3471 3091 3524 in
3124 3479 3346 3536 terram,
3374 3483 3438 3525 ac
3464 3484 3593 3523 saxa
3622 3470 3802 3523 inlicie-

2233 3561 2423 3613 bantur
2468 3558 2746 3629 sanguine.
2819 3558 3052 3628 V’eSpere
3099 3569 3274 3614 autem
3324 3558 3504 3626 facto,
3559 3539 3799 3613 miserunt

2232 3663 2354 3705 cum
2405 3650 2457 3703 in
2486 3663 2756 3704 carcerem
2793 3667 2806 3702 :
2837 3652 2926 3704 ubi
2962 3652 3100 3705 circa
3132 3651 3360 3704 mediam
3411 3660 3620 3705 noctem
3648 3651 3805 3719 primo

2232 3743 2480 3812 Angelica
2508 3741 2812 3798 visitatione
2841 3747 3170 3798 confortatus
3211 3755 3316 3809 est,
3348 3743 3546 3800 deinde
3576 3745 3684 3812 ipso
3710 3743 3803 3797 Do-

2231 3835 2377 3890 mino
2411 3834 2510 3890 sibi
2554 3845 2844 3907 apparente
2886 3837 2954 3892 ad
3000 3838 3236 3892 cmlestia
3288 3852 3452 3906 regna
3484 3844 3718 3892 vocatus.
3747 3835 3803 3890 Et

2231 3943 2389 3983 mane
2419 3929 2542 3984 dum
2585 3929 2887 3983 traheretur
2932 3927 2998 3982 ad
3039 3927 3153 3981 loca
3191 3927 3397 3994 Buculi,
3429 3927 3630 3995 gratias
3655 3940 3803 3995 agens

2231 4029 2286 4074 et
2309 4021 2493 4075 dicens
2518 4036 2532 4074 :
2566 4021 2814 4086 Domine,
2865 4021 2918 4073 in
2947 4032 3132 4072 manus
3161 4029 3277 4072 tuas
3302 4019 3624 4072 commendo
3651 4018 3797 4086 Spiri-

2240 4125 2354 4168 tum
2383 4130 2584 4184 meum,
2615 4125 2803 4170 octavo
2828 4111 3054 4167 Neronis
3079 4127 3219 4164 anno
3248 4110 3538 4166 defunctus
3568 4120 3668 4175 est,
3710 4118 3762 4165 et
3783 4123 3810 4161 a

2232 4207 2360 4260 viris
2405 4207 2666 4275 religiosis
2697 4205 3029 4260 Alexandria:
3075 4204 3346 4272 sepultus,
3377 4203 3433 4256 in
3485 4203 3606 4256 loco
3637 4202 3807 4271 lapidis

2234 4299 2396 4352 excisi
2427 4314 2547 4352 cum
2578 4298 2766 4366 gloria.
2798 4295 3148 4350 Ordinaverat
3171 4303 3346 4347 autem
3377 4307 3473 4361 pro
3503 4308 3563 4348 se
3592 4294 3807 4348 Alexan-

2235 4390 2366 4444 driae
2397 4389 2706 4457 cpise0pum
2735 4388 3035 4442 Annianum
3070 4404 3082 4438 :
3113 4386 3230 4438 aliis
3273 4401 3486 4454 quoque
3512 4386 3670 4455 longe
3695 4387 3808 4438 late-

2236 4493 2342 4546 que
2396 4478 2671 4542 Eeclesiis,
2726 4478 3028 4546 episcopos,
3079 4475 3420 4544 presbyteros
3473 4483 3529 4529 et
3575 4473 3808 4530 diaconos

619 4547 712 4604 25.
739 4576 810 4589 --
842 4547 928 4601 V'll
975 4547 1110 4600 Kac.
1159 4545 1343 4599 Natale
1390 4545 1448 4600 S.
1474 4543 1654 4638 Marcii
1685 4544 2029 4638 evangelista:
2078 4546 2128 4599 in
2162 4579 2210 4638 υ
2237 4543 2476 4624 dederat.

552 4639 870 4697 Alexandria
905 4657 915 4691 :
951 4640 1040 4708 qui
1089 4638 1391 4694 constitutis
1432 4645 1486 4691 et
1523 4635 1850 4690 confirmatis
1877 4636 2132 4690 Ecclesiis

2318 4660 2383 4713 ν.
2421 4661 2504 4726 L.,
2539 4659 2737 4714 Eodem
2768 4658 2856 4714 die
2881 4657 3101 4713 Letania
3132 4655 3321 4726 major.
3355 4656 3441 4723 Βρῖ
3474 4655 3533 4710 In
3561 4654 3806 4728 Syracuse

1971 4745 2180 4802 SMlTlI
2220 4747 2447 4803 NOTAE.
3072 4795 3076 4798 _

630 4862 655 4890 ιι
690 4850 893 4906 Meiliti.
927 4847 1002 4902 De
1035 4847 1154 4907 hoc,
1184 4842 1450 4912 quomodo
1478 4842 1672 4895 missus
1703 4847 1784 4895 est
1810 4839 2135 4912 Britanniam
2248 4844 2516 4910 indigena.
2551 4843 2683 4896 Acta
2713 4842 2848 4907 apud
2881 4841 3210 4895 Bollandum.

559 4937 589 4977 a
623 4925 681 4979 ὃ.
706 4920 986 4988 Gregorio,
1035 4928 1092 4970 ut
1134 4911 1512 4988 S._’Augustit_t_o
1559 4912 1610 4963 in
1664 4911 2002 4988 pﬁrmtbeando
2051 4912 2138 4964 Dei

557 4995 722 5048 verbo
751 4979 1105 5051 sitvsubsidio,
1131 4986 1250 5039 vide
1273 4979 1415 5038 Eccl.
1451 4981 1580 5034 llist.
1618 4997 1653 5043 ι,
1681 4981 1770 5041 ‘29,
1796 4979 1894 5042 50;
1928 4989 1979 5033 et
2008 4996 2142 5051 quo-

561 5065 722 5118 modo
769 5069 954 5127 postea
995 5059 1162 5110 faetus
1202 5065 1284 5127 est
1324 5051 1886 5127 episc0pus_._cjusque
1907 5059 2038 5127 facta
2083 5050 2138 5103 in

558 5119 1064 5204 episcop'atu_usque
1102 5127 1167 5181 ad
1197 5125 1310 5193 ejus
1343 5124 1543 5176 obitum
1571 5120 1694 5174 vide
1735 5120 1871 5172 llist.
1903 5119 2049 5173 Eccl.
2076 5133 2135 5186 tt,

556 5201 612 5263 5;
645 5204 697 5263 4,
719 5205 774 5263 5,
797 5202 852 5262 6,
875 5201 928 5251 7.

597 5240 1171 5325 ’S'Aie’ain,ni1i-i.Anno
1217 5263 1441 5324 septimo
1482 5258 1687 5313 decimo
1732 5255 1938 5322 imperii
1967 5259 2138 5310 Anto-

557 5343 672 5399 nini
704 5341 847 5404 Veri,
876 5351 1017 5391 anno
1061 5336 1191 5387 (.lhr.
1219 5327 1849 5404 17?._Eusebitts.scriliit
1881 5326 1930 5378 in
1961 5341 2138 5392 proue-

564 5395 674 5468 rbio
710 5395 776 5465 ad
804 5395 1048 5478 quintum
1080 5405 1272 5478 librum
1302 5401 1436 5456 llist.
1464 5401 1605 5477 Eccl.
1653 5395 1880 5478 Violenta
1903 5406 2036 5448 mota
2064 5407 2138 5450 est

559 5467 870 5550 persecutio;
912 5480 965 5530 in
1002 5478 1097 5550 hac
1133 5473 1309 5550 eadem
1332 5467 1709 5550 [persecutione
1751 5467 1863 5550 sed‘
1883 5481 2023 5550 anno
2050 5483 2139 5550 lae.

558 5535 760 5620 auem.
783 5535 1055 5620 ραὲεἱευηιί
1075 5541 1308 5620 ιαθάμηί
1327 5538 1496 5620 5132i!
1503 5537 1739 5620 Ρίρρέίέαδ
1762 5535 2136 5620 ίξΑίθπαξὶάενν

562 5603 850 5688 iiiiaiiiiu
891 5617 1123 5688 Aprilis,
1154 5603 1299 5688 alter
1345 5603 1517 5688 hodie.
1557 5603 1876 5688 Alexander
1921 5603 2137 5688 natione

565 5677 782 5749 tirtccus
830 5677 948 5757 fuit,
988 5677 1280 5755 Epipodius
1319 5693 1449 5737 vero
1493 5677 1858 5748 Lugdunensis
1910 5677 2137 5735 civitatis

2317 4923 2340 4951 ε
2372 4913 2606 4966 Corontc.
2644 4913 2718 4965 De
2749 4912 2844 4966 SS.
2875 4913 3081 4967 Corona
3112 4921 3166 4965 et
3195 4910 3412 4965 Victore
3445 4911 3572 4966 vide
3601 4913 3777 4980 pridie.

2318 4981 2345 5019 ἀ
2380 4982 2704 5036 llecheracti.
2747 4983 2844 5046 Qui
2887 4992 2939 5035 et
2979 4982 3336 5035 llecberactus
3379 4989 3433 5033 et
3473 4982 3804 5037 llerheractus

2243 5051 2455 5106 dicitur.
2489 5053 2612 5105 Haec
2643 5055 2936 5106 incorrecta
2967 5054 3242 5104 nominum
3269 5051 3530 5118 scriptura
3561 5069 3673 5107 rem
3705 5052 3804 5105 red-

2242 5120 2319 5175 dit
2355 5121 2630 5192 difficilem
2671 5123 2908 5184 inventu,
2935 5121 3052 5189 quis
3089 5135 3272 5175 revera
3304 5121 3389 5174 hic
3432 5123 3535 5192 sit.
3558 5123 3640 5176 Ex:
3665 5121 3804 5192 pluri-

2244 5193 2344 5244 mis
2384 5191 2773 5260 lllartyrologiis
2824 5202 3000 5244 tamen
3049 5199 3258 5244 constat
3306 5189 3446 5258 quod
3495 5189 3803 5245 sit-sanctus

2244 5260 2495 5329 Anglicus
2529 5279 2540 5312 :
2573 5263 2664 5314 sed
2695 5276 2760 5313 an
2792 5261 2863 5313 sit
2893 5260 3245 5314 Hereberctus
3286 5261 3530 5325 eremita,
3565 5277 3632 5315 an
3662 5263 3803 5314 lluet-

2244 5328 2458 5385 berctus
2482 5332 2647 5386 abbas
2678 5328 3038 5396 Wirensis,an
3057 5331 3385 5399 Ecgberctus
3415 5331 3648 5386 lliiensis
3675 5341 3806 5398 pres~

2244 5401 2419 5470 bytcr,
2467 5416 2533 5454 an
2585 5401 2910 5476 Ecgberctus
2963 5400 3317 5456 Eboracensis
3363 5400 3669 5470 episcopus,
3713 5410 3803 5454 non

2243 5484 2395 5538 teque
2417 5481 2643 5524 constat.

2316 5534 2341 5576 α
2378 5541 2597 5614 (iurent.
2637 5539 2867 5614 Wilfridi
2917 5556 2994 5599 sc.
3049 5542 3285 5614 episcopi
3334 5539 3704 5608 Eboracensis,
3745 5534 3802 5592 de

2243 5627 2347 5683 quo
2387 5613 2520 5669 ibat.
2552 5611 2693 5672 Eccl.
2727 5627 2778 5680 v,
2807 5611 2889 5665 ω.
