3988 6346
518 2858 525 2909 l

557 203 654 264 89!

1276 202 1481 262 BEDE
1521 204 1976 263 VENERABILIS
2013 207 2166 265 OPP.
2210 208 2386 265 PARS
2425 208 2515 264 IV.
2548 238 2617 250 —
2658 207 3039 271 HISTORICA.

3721 217 3810 274 89‘!

1838 319 2067 377 EDITIO
2103 321 2570 377 COLONIENSIS.

556 408 648 479 qui
671 417 791 479 post
817 408 1031 465 beatum
1061 407 1275 464 Petrum
1303 409 1744 480 quadragesimus
1769 412 1969 481 primus
2000 412 2138 468 sedit
2166 417 2217 474 Α
2317 412 2376 465 F.
2405 412 2471 465 IV
2504 411 2636 466 Κλι..
2683 412 3086 480 Mam—Apud
3119 413 3425 470 Ravennam
3457 415 3635 479 natale
3663 426 3801 482 sancu'

560 519 733 559 annos
760 512 892 571 tres,
922 503 1039 558 dies
1069 502 1279 558 decem.
1310 502 1411 557 llic
1450 502 1775 558 Manichzeos
1802 502 1853 557 in
1881 503 2010 557 urbe
2038 503 2142 557 Ro-

560 609 721 649 mana
773 594 1052 650 inveniens
1105 593 1398 657 damnavit,
1440 600 1494 647 et
1532 595 1877 648 constitutum
1911 592 2055 656 fecit,
2085 604 2141 647 ut

556 688 737 745 nullus
765 689 1177 744 Transmarinus
1200 689 1256 743 in
1296 690 1606 744 clericatum
1631 690 2011 758 susciperetur,
2036 689 2137 744 nisi

556 780 791 852 quinque
838 781 1211 848 episc0porum
1267 779 1572 849 designaret
1604 780 2040 849 chirographum.
2081 781 2135 835 ln

552 870 863 928 Nicomedia
908 871 1081 924 natale
1127 871 1297 924 sancti
1346 868 1583 923 Anthimi
1624 869 1856 938 episcopi
1896 878 1951 924 et
1988 885 2137 925 mar-

552 962 702 1031 tyris,
731 964 818 1030 qui
845 961 1217 1030 persecutione
1266 959 1608 1027 Diocletiani,
1638 960 1709 1015 ob
1736 960 2133 1017 confessionem

549 1051 743 1107 Christi
771 1051 1009 1122 martyrii
1054 1052 1279 1121 gloriam
1326 1050 1515 1119 capitis
1567 1051 1976 1107 obtruncatione
2005 1070 2133 1123 pro-

549 1144 780 1199 meruit:
831 1160 989 1214 quem
1040 1154 1290 1214 tanquam
1333 1144 1530 1198 bonum
1568 1153 1834 1213 pastorem
1872 1145 2135 1201 universae

548 1250 686 1304 pene
724 1239 903 1307 gregis
954 1237 1035 1291 sui
1093 1236 1459 1291 multitudines
1498 1245 1694 1290 secuta:
1723 1247 1873 1301 sunt,
1906 1254 2131 1307 quorum

545 1328 683 1383 alios
737 1332 989 1399 praefatus
1045 1339 1299 1401 tyrannus
1345 1330 1521 1399 gladio
1574 1332 1927 1396 obtruncari,
2000 1332 2135 1387 alios

548 1421 761 1490 ignibus
808 1422 1158 1492 conﬂagrari,
1216 1421 1349 1476 alios
1398 1422 1655 1476 naviculis
1705 1422 1985 1489 impositos
2038 1425 2137 1475 im-

544 1511 714 1580 mergi
757 1511 944 1582 pelago
971 1510 1118 1567 fecit.
1149 1511 1419 1582 Scriptum
1458 1520 1541 1567 est
1583 1513 1637 1565 in
1678 1511 1905 1567 llistoria
1950 1512 2135 1569 eccle-

545 1603 782 1656 siastlca.

2250 503 2438 559 Vitalis
2470 506 2743 574 martyris,
2775 506 2865 574 qui
2896 505 2993 560 fuit
3022 516 3175 575 pater
3194 515 3502 563 sanctorum
3526 510 3801 571 Gervasiiel

2248 594 2530 649 PrOthasii.
2568 595 2661 649 Hic
2688 611 2815 664 ergo
2846 595 2940 651 fuit
2967 596 3200 652 militans
3226 610 3279 653 et
3301 601 3620 665 consularis,
3644 614 3694 657 et
3709 620 3808 662 eum

2249 688 2471 743 Paulino
2495 688 2678 757 judice
2708 704 2806 743 suo
2849 689 3154 745 Ravennam
3188 693 3457 761 ingressus
3486 703 3603 759 est;
3631 707 3806 750 etcum

2245 780 2449 836 videret
2480 782 2532 835 in
2561 794 2849 851 conspecut
2878 784 3072 851 iudicis
3117 786 3197 840 sui
3230 787 3595 842 Christianum
3621 792 3808 843 nomine

2246 871 2577 937 Ursicinum,
2631 886 2744 929 arte
2785 874 3088 943 medicum,
3142 880 3354 933 natione
3384 880 3666 947 Ligurum,
3708 892 3807 949 post

2248 963 2414 1017 nimia
2447 972 2709 1018 tormenta
2737 966 3020 1034 capitalem
3051 969 3326 1037 accepisse
3387 972 3722 1035 sententiam,
3761 982 3807 1026 et

2240 1070 2362 1109 cum
2415 1057 2523 1125 jam
2557 1056 2769 1111 videret
2794 1072 2917 1111 eum
2944 1060 3152 1114 venisse
3192 1061 3257 1113 ad
3313 1063 3542 1129 palmam
3571 1072 3623 1116 et
3662 1079 3805 1131 expa-

2239 1147 2400 1203 visse.
2417 1146 2730 1201 exclamavit
2751 1165 2763 1200 :
2787 1146 2925 1213 Noli,
2942 1148 3043 1203 nisi
3066 1147 3159 1221 [F.
3176 1148 3305 1220 noli]
3333 1150 3575 1206 Ursiciue
3603 1154 3803 1217 medice,

2238 1238 2326 1307 qui
2346 1238 2482 1291 alios
2507 1253 2697 1293 curare
2719 1240 3012 1303 consuesti,
3034 1240 3262 1308 teipsum
3294 1252 3507 1295 acterna:
3531 1245 3713 1297 mortis
3735 1247 3804 1311 ja-

2238 1329 2360 1382 culo
2388 1328 2703 1384 vulnerare:
2729 1339 2783 1383 et
2810 1331 2896 1398 qui
2922 1346 3016 1399 per
3040 1333 3313 1398 passiones
3335 1334 3529 1387 nimias
3547 1335 3725 1389 venisti
3748 1336 3802 1387 ad

2241 1417 2491 1487 palmam,
2550 1432 2805 1472 coronam
2849 1434 2875 1471 a
2912 1420 3134 1474 Domino
3165 1422 3261 1475 tibi
3316 1434 3668 1491 praeparatam
3697 1441 3803 1493 per-

2237 1510 2388 1565 dere.
2433 1510 2669 1564 Audiens
2696 1512 2808 1566 haec
2840 1511 3118 1567 Ursicinus
3147 1528 3284 1583 genu
3316 1518 3515 1583 posuit,
3557 1524 3613 1571 et
3638 1517 3804 1584 spicu-

2238 1600 2460 1654 latorem
2510 1610 2567 1653 ut
2616 1600 2821 1667 feriret,
2856 1602 3199 1658 hortabatur:
3244 1618 3408 1675 agens
3462 1607 3800 1675 paenitentiam

1826 1712 2054 1768 EDlTlO
2095 1711 2598 1768 BOLLANDIANA.

542 1824 781 1895 episcopi
820 1839 939 1878 cum
986 1824 1267 1895 innumera
1307 1823 1645 1895 multitudine
1675 1832 1996 1893 martyrum.
2036 1825 2121 1887 V..

2232 1802 2498 1870 pitationis
2530 1819 2746 1869 pavere,
2788 1806 3111 1859 exclamavit
3136 1808 3320 1862 dicens
3348 1826 3359 1861 :
3387 1808 3527 1872 Noli,
3560 1811 3685 1874 noli,
3712 1811 3803 1866 Ur-

544 1892 602 1950 ln
646 1896 859 1950 civitate
888 1896 1093 1948 Tharso
1121 1892 1317 1948 Ciliciae
1362 1897 1539 1947 natale
1567 1894 1621 1947 8.
1654 1892 1901 1948 Castorii.
1934 1896 1987 1949 ln
2032 1896 2125 1949 Ni-

540 1966 780 2019 comedia
808 1965 1008 2019 Antinti
1040 1964 1298 2032 episcopi.
1334 1964 1399 2017 Et
1423 1974 1447 2000 ι
1473 1964 1729 2026 Stephani
1761 1966 2022 2029 episcopi.
2057 1968 2120 2021 A.

545 2033 610 2089 Τ.
647 2034 707 2088 L.
740 2035 825 2097 Β..
874 2034 928 2087 In
976 2034 1281 2089 Nicomedia
1335 2034 1393 2089 S.
1450 2034 1684 2088 Anthimi
1736 2036 1995 2101 episcopi.
2040 2036 2125 2101 8.,

547 2105 807 2170 Stephani
832 2106 1091 2172 episcopi.
1123 2103 1375 2157 Antonini
1401 2105 1719 2172 presbyteri.
1754 2108 1820 2159 A.
1847 2105 1910 2158 Τ.
1944 2105 2009 2159 L.
2040 2106 2125 2170 IL,

542 2184 598 2244 et
627 2176 678 2228 in
711 2174 944 2244 [Egypto
972 2172 1529 2244 depositioVictoris,
1564 2175 1813 2237 Maximi,
1848 2175 2123 2239 Martiani,

544 2241 573 2280 ι’
603 2241 834 2309 Paulini,
854 2244 1104 2297 Germani
1129 2243 1206 2313 [et
1234 2243 1528 2313 Germani].
1547 2244 1631 2309 L.,
1658 2245 1893 2297 Castoris
1922 2255 1975 2297 et
2003 2246 2123 2299 Ste-

543 2313 707 2380 phani
752 2314 1012 2381 episcopi.
1043 2316 1131 2375 A.,
1164 2313 1364 2366 Eodem
1406 2313 1494 2365 die
1543 2314 1801 2366 Noviomo
1835 2316 2119 2381 translatio

540 2380 821 2436 beatorum
852 2387 872 2414 °
900 2384 1175 2437 Mumulini
1218 2391 1269 2435 et
1303 2382 1576 2446 llunonis,
1601 2392 1760 2447 atque
1796 2382 1857 2437 8.
1888 2380 1914 2419 ά
1943 2382 2123 2437 Gode-

540 2452 710 2506 bertte
738 2452 976 2520 virginis.
1004 2453 1093 2514 T.,
1125 2452 1314 2504 eodem
1348 2452 1435 2504 die
1465 2451 1517 2503 in
1548 2452 1767 2505 civitate
1796 2452 2003 2505 TbarSo
2027 2454 2127 2506 Ci-

543 2521 684 2576 licia!
714 2522 891 2576 natale
912 2523 971 2577 S.
996 2521 1253 2574 Castoris.
1278 2520 1343 2575 Τ.
1370 2520 1456 2585 ι..,
1482 2530 1536 2574 et
1564 2522 1615 2575 in
1645 2522 1867 2575 civitate
1891 2522 2123 2576 Militana

539 2591 771 2662 militum
823 2591 1090 2662 llermetis
1127 2601 1179 2662 et
1226 2591 1413 2662 Eppei.
1439 2590 1534 2662 ~T.,
1569 2590 1908 2662 Presbyteri.
1949 2592 2034 2658 B.,
2069 2594 2119 2647 iu

541 2660 694 2717 Lidia
725 2660 943 2727 Genesi,
973 2660 1234 2724 Sodoclis,
1268 2660 1476 2714 Marini.

518 2808 525 2883 ζ
608 2811 700 2868 28.
727 2842 801 2857 -ν
828 2812 893 2867 ιν
921 2812 1053 2867 ΚΑι..
1088 2821 1112 2850 θ
1136 2812 1319 2868 Passio
1347 2812 1406 2868 S.
1444 2810 1464 2850 ί
1493 2812 1674 2867 Vitalis
1705 2813 1974 2883 martyris.

612 2903 804 2959 Florus
850 2905 997 2958 addit
1040 2906 1090 2957 in
1143 2907 1205 2957 A.
1239 2904 1303 2957 Τ.
1338 2904 1421 2970 L.,
1452 2904 1550 2971 Qui
1595 2904 1721 2958 dum
1769 2903 1957 2959 fuisset
2000 2918 2121 2957 cum

542 2996 768 3050 Paulino
806 2996 990 3065 judice
1030 3012 1129 3051 suo
1159 2997 1470 3051 Ravennam
1503 2998 1774 3067 ingressus
1794 3037 1811 3063 ,
1840 3006 1895 3052 et
1916 2997 2124 3051 videret

540 3088 592 3143 in
618 3098 906 3157 conspectu
926 3104 1029 3143 suo
1056 3090 1747 3158 quemdamChristianum,
1778 3091 1992 3145 nomine
2017 3090 2120 3144 Ur-

2237 1892 2406 1946 sicine
2434 1893 2662 1960 medice,
2695 1895 2785 1965 qui
2815 1895 2952 1950 alios
2982 1911 3171 1951 curare
3210 1900 3559 1965 consuevisti,
3594 1902 3799 1967 teipsum

2231 1990 2435 2035 aeterno
2484 1983 2676 2037 mortis
2714 1984 2894 2051 jaculo
2935 1986 3219 2040 vulnerare
3268 1987 3557 2055 (Hactenus
3610 1989 3728 2060 A.);
3757 2000 3803 2044 ct

2231 2073 2321 2140 qui
2369 2088 2463 2141 per
2514 2072 2794 2144 passiones
2845 2078 3035 2131 nimias
3084 2078 3277 2133 venisti
3324 2079 3390 2132 ad
3445 2080 3709 2147 palmam,
3746 2097 3801 2134 ne

2229 2165 2423 2233 perdas
2474 2181 2729 2221 coronam
2776 2183 2806 2222 a
2857 2168 3085 2222 Domino
3135 2169 3227 2222 tibi
3280 2180 3651 2238 praeparatam.
3693 2171 3800 2225 Haec

2230 2256 2455 2311 audiens
2490 2257 2764 2312 Ursicinus
2809 2275 2948 2328 genu
2995 2262 3203 2327 posuit,
3241 2270 3295 2314 et
3335 2262 3710 2329 spiculatorem
3749 2271 3800 2313 ut

2235 2349 2443 2403 veniret
2487 2349 2750 2413 hortatur,
2784 2366 2945 2417 agens
2976 2352 3347 2418 pmnitentiam
3379 2352 3522 2420 quod
3564 2352 3797 2417 expavis-

2228 2446 2311 2492 set
2340 2438 2391 2492 in
2422 2438 2619 2493 Christi
2653 2441 2927 2510 martyrio.
2980 2440 3229 2509 Fecitque
3258 2442 3435 2495 statim
3470 2443 3585 2510 ipse
3632 2441 3798 2496 Vitalis

2228 2547 2425 2599 corpus
2468 2535 2720 2603 martyris
2752 2533 2905 2601 rapi,
2944 2543 2997 2587 et
3034 2534 3173 2587 intra
3206 2533 3596 2588 Ravennatium
3629 2535 3796 2587 urbem

2235 2624 2454 2691 sepeliri
2487 2640 2610 2679 cum
2644 2624 2849 2679 honore
2876 2624 3110 2678 maximo
3137 2642 3148 2676 :
3174 2624 3244 2679 ob
3273 2640 3432 2693 quam
3464 2640 3678 2679 causam
3698 2624 3801 2690 ipse

2235 2712 2492 2766 Paulinus
2523 2729 2646 2768 eum
2674 2714 2841 2767 teneri
2874 2713 3152 2767 mandavit
3182 2733 3193 2766 :
3223 2722 3278 2768 et
3306 2713 3430 2783 quia
3463 2713 3618 2768 idolis
3647 2715 3799 2767 sacri-

2232 2804 2393 2857 ficare
2424 2804 2771 2872 contempsit,
2806 2804 2857 2858 in
2890 2803 3102 2859 foveam
3128 2819 3300 2874 usque
3330 2804 3395 2859 ad
3435 2820 3628 2874 aquam
3662 2804 3793 2873 supi-

2232 2910 2358 2948 num
2393 2893 2520 2949 fecit
2550 2895 2811 2964 detnergi,
2842 2905 2897 2950 et
2925 2904 3063 2949 terra
3093 2910 3154 2949 ae
3183 2896 3448 2963 lapidibus
3484 2897 3655 2951 obrui.

2305 2996 2503 3050 Eodem
2536 2996 2624 3051 die
2654 2997 2847 3051 natalis
2868 2997 2927 3053 S.
2957 3006 2984 3044 κ
3007 2997 3380 3067 ChristOpltori
3413 3009 3571 3055 marl.

2303 3087 2492 3141 Florus
2538 3086 2589 3140 in
2623 3088 2687 3140 Λ.
2719 3096 2774 3142 et
2804 3086 2892 3152 L.,
2925 3087 3123 3141 Eodem
3167 3086 3252 3141 die
3296 3087 3559 3141 Bituricas
3596 3088 3796 3143 civitate

539 3180 767 3235 sicinum
787 3223 802 3250 ,
838 3190 958 3252 post
998 3182 1158 3237 nimia
1195 3192 1455 3238 tormenta
1498 3183 1567 3238 ob
1609 3186 1929 3239 sententiam
1962 3184 2119 3237 deca-
2148 3166 2194 3229 C
2227 3178 2489 3246 depositio
2520 3178 2577 3233 S.
2610 3177 2633 3213 ιι
2661 3176 2857 3232 Eusicii
2888 3176 3125 3246 episcopi
3155 3186 3210 3231 ct
3239 3178 3567 3232 conlessoris
3598 3178 3799 3247 (Hacte-

1950 3292 2157 3349 SMITII
2182 3290 2422 3345 NOTAE.

536 3406 681 3461 dicat
708 3406 780 3461 'S.
828 3406 1173 3461 Anastasium
1219 3408 1633 3477 Origenistarttm
1683 3409 1912 3463 hmresin
1981 3423 2109 3461 con-

542 3478 848 3530 demnasse.
876 3478 1201 3530 Adhortatus
1228 3488 1310 3531 est
1340 3480 1495 3532 Afros
1525 3480 1686 3533 etiam
1713 3518 1726 3539 ,
1757 3490 1811 3533 ttt
1838 3479 1907 3532 de
1935 3479 2109 3531 haere-

543 3547 767 3599 ticorum
799 3555 854 3601 et
879 3547 1341 3601 schismaticorunt
1377 3549 1776 3603 Donatistarum
1824 3550 2029 3602 insidiis
2058 3556 2111 3601 et

543 3615 977 3685 intprobitatibus
1008 3617 1154 3669 nullo
1184 3619 1342 3670 modo
1371 3619 1734 3673 dissimulent.
1767 3619 1861 3673 Via
1902 3632 2113 3685 quoque

542 3684 860 3757 Mamurtina
889 3687 939 3739 in
971 3688 1100 3742 urbe
1137 3687 1303 3740 Roma
1338 3688 1461 3742 fecit
1490 3689 1763 3743 basilicam
1786 3728 1801 3753 ,
1834 3684 1951 3757 qnze
1980 3684 2115 3741 dici-

543 3764 633 3808 tur
680 3756 1055 3811 Crescentiana
1114 3758 1165 3809 in
1222 3759 1444 3823 regione
1496 3762 1768 3819 secunda,
1820 3756 1875 3812 ut
1930 3759 2116 3812 scribit

543 3826 859 3880 Anastasius
892 3827 1325 3882 bibliothecarius
1353 3828 1422 3883 de
1457 3829 1589 3882 Vitis
1620 3830 1949 3895 pontificum.
1977 3829 2117 3881 Mor-

548 3903 673 3967 tuus
702 3906 787 3967 est
812 3911 951 3949 anno
980 3896 1086 3950 402
1106 3940 1120 3963 ,
1152 3909 1206 3953 et
1236 3899 1475 3967 sepultus
1505 3901 1554 3953 itt
1584 3901 1899 3956 cmuteterio
1927 3915 2024 3955 suo
2052 3898 2117 3953 ad

542 3963 739 4020 Ursum
771 3966 1050 4021 Pileatum.

538 4111 758 4176 tyrum,
807 4106 1011 4176 quiﬁco
1048 4116 1319 4176 tempore
1374 4107 1744 4176 persecutione
1795 4106 2110 4162 Diocletiani

542 4174 686 4243 passi
719 4182 863 4243 sunt,
901 4175 1161 4228 Eusebius
1190 4177 1241 4229 in
1279 4174 1420 4230 Eccl.
1456 4177 1616 4243 Hisu,
1644 4192 1758 4242 vttt,
1792 4176 1848 4240 6,
1881 4178 1959 4231 sic
1980 4180 2113 4229 scri-

542 4240 657 4295 bit:
692 4262 708 4293 ι
731 4242 879 4296 Tunc
908 4244 1068 4297 etiam
1097 4246 1383 4300 Antltimus
1414 4240 2117 4301 EcclesimNicomediensis

546 4311 834 4379 episcopus
877 4314 946 4367 ob
990 4314 1382 4370 confessionem
1418 4318 1613 4371 Christi
1662 4319 1711 4371 in
1753 4318 1938 4370 eadem
1982 4320 2113 4371 urbe

542 4381 719 4445 capite
751 4389 1025 4455 truncatus
1052 4396 1155 4437 esu.
1192 4386 1323 4441 lluic
1354 4387 1600 4451 adjuncta
1633 4398 1715 4440 est
1747 4388 1934 4455 ingens
1966 4402 2108 4440 mar-

543 4460 721 4525 tyrnrn
748 4452 1047 4525 multitudo.
1075 4455 1281 4525 Quippe
1328 4456 1527 4510 iisdt-tn'
1560 4457 1749 4510 diebus
1792 4452 1973 4511 nescio
2008 4471 2113 4524 quo

542 4533 671 4574 casu
706 4521 756 4575 in
789 4523 983 4589 palatio
1013 4521 1300 4579 excitatum
1331 4536 1413 4579 est
1444 4526 1769 4580 incendium.
1803 4527 1968 4592 Cujus
1989 4521 2109 4580 cum

540 4598 757 4645 nostros
784 4600 1030 4648 auctores
1073 4594 1237 4649 fuisse
1263 4596 1505 4663 publicus
1536 4612 1719 4649 rumor
1766 4595 1897 4649 falsa
1937 4598 2113 4661 suspi-

539 4666 695 4741 cione
718 4673 988 4741 jactasset,
1020 4667 1277 4741 imperiali
1322 4670 1470 4739 jussu
1501 4682 1757 4741 quotquot
1800 4674 1909 4726 illic
1956 4684 2114 4729 erant

542 4731 635 4814 [lci
667 4735 931 4814 cultores,
970 4731 1253 4814 acervatim
1284 4731 1408 4814 cum
1446 4731 1566 4814 suis
1593 4731 1804 4814 familiis
1826 4782 1841 4805 ,
1874 4743 1963 4797 alii
1998 4746 2115 4814 gla-

538 4802 924 4877 tlio,_ﬂantmis
962 4806 1062 4877 alii
1114 4811 1409 4877 consumpti
1464 4812 1685 4877 periere.
1735 4802 1883 4868 Τυὴο
1935 4802 2114 4869 divina

537 4871 765 4937 quadam
808 4876 1082 4931 alacritate
1122 4879 1314 4932 conciti
1340 4871 1477 4932 'viri'
1506 4881 1662 4935 simul
1712 4889 1769 4937 et
1820 4881 2027 4937 feminae
2062 4885 2115 4938 in

537 4942 1041 5022 artlentem_rogutn
1091 4949 1337 5002 insiliisse
1389 4950 1659 5005 dicuntur.
1714 4951 1858 5006 Alios
1904 4968 2117 5022 quoque

538 5014 956 5091 innumerabiles
988 5019 1198 5091 vinctos
1244 5026 1297 5071 et
1341 5022 1552 5091 scaphis
1582 5022 1894 5091 impositos,
1922 5014 2117 5078 'ear'ni-

536 5084 664 5135 lices
674 5083 746 5158 _in
780 5084 1093 5158 profundum
1124 5103 1271 5141 mare
1299 5083 1594 5158 projecere.
1628 5112 1648 5146 ι

607 5160 631 5185 τ’
664 5152 934 5227 Stephani.
967 5157 1227 5212 Incertum
1260 5152 1339 5212 eSt
1368 5152 1473 5227 q'uo
1502 5160 1619 5215 loco
1662 5162 1746 5214 hic
1793 5170 1846 5215 et
1888 5162 2089 5216 Antoni

537 5234 639 5301 rtus
668 5226 809 5301 pas_s_i_
840 5235 1131 5301 suut,__narn
1160 5231 1209 5281 in
1239 5228 1626 5300 Martyrologiis
1656 5246 1793 5285 nunc
1843 5247 1960 5285 cum
2006 5236 2118 5286 An--

536 5290 706 5371 thimo
748 5293 1133 5371 Nicomediensi
1159 5337 1175 5363 ,
1205 5290 1392 5371 _nunc'
1418 5290 1554 5354 cum"
1583 5303 1807 5356 Castore
1863 5301 2114 5356 Tarsensi

529 5366 843 5439 junguntur.
867 5366 1170 5439 Secundum
1203 5369 1505 5424 Ferrariutn
1551 5372 1600 5426 in
1629 5372 1870 5439 catalogo
1896 5384 2113 5427 sancto-

531 5432 733 5507 ruut__S.
769 5436 1066 5507 Antoninus
1098 5454 1282 5507 passus
1312 5452 1391 5496 est
1422 5441 1577 5497 Lucae
1607 5445 1659 5497 in
1689 5432 1946 5496 'fltttscia.

606 5499 630 5535 ι’
662 5503 746 5577 l_)_.,
782 5504 1013 5573 Paulini,
1042 5499 1304 5577 Germani,
1336 5528 1453 5565 cum
1479 5512 1597 5568 aliis
1625 5530 1734 5568 sex.

532 5639 575 5694 Ο
608 5570 1016 5697 ἷοίιιεὲηηιοιεηί.
1060 5578 1227 5649 llujus
1264 5570 1524 5652 depositio
1560 5587 1863 5641 celebratur
1900 5583 1987 5639 die
2028 5599 2113 5637 xvt

577 5656 605 5695 c
707 5659 748 5697 rt
787 5681 801 5697 .

2286 3402 2313 3441 ἀ
2340 3403 2656 3458 Godeberlw.
2688 3403 2765 3457 De
2798 3402 2900 3457 hoc
2924 3402 3045 3458 vide
3076 3404 3099 3456 t
3131 3402 3349 3468 Aprilis.

2291 3484 2315 3512 ο
2348 3473 2629 3541 Pet-peram
2661 3473 2713 3527 in
2747 3473 2811 3528 Ι).
2838 3483 2891 3527 et
2920 3473 3009 3539 νς..
3049 3474 3227 3527 Passio
3256 3472 3457 3526 Roma.

2295 3543 2315 3582 ί
2353 3544 2553 3598 Vitatis.
2590 3562 2608 3595 ι
2637 3542 2900 3597 Incertum
2950 3555 3159 3611 tempus
3206 3543 3474 3606 passionis
3523 3553 3621 3598 est.
3662 3546 3784 3601 fire-

2224 3614 2446 3668 viarittm
2476 3613 2811 3667 Warmiense
2848 3628 3102 3668 excusnm
3142 3628 3284 3667 anno
3314 3612 3454 3667 1516
3485 3613 3545 3667 8.
3578 3614 3790 3671 Vitalem

2223 3694 2463 3754 tempore
2509 3683 2733 3738 Neronis
2782 3698 2995 3751 passum
3058 3684 3227 3737 fuisse
3276 3693 3544 3754 memorat
3584 3696 3677 3740 :et
3729 3689 3789 3738 ad

2222 3753 2365 3809 idem
2398 3764 2606 3821 tempus
2638 3769 2739 3808 ms.
2777 3754 3083 3807 Bodecense
3115 3753 3428 3824 martyrium
3461 3753 3522 3807 S.
3565 3754 3787 3810 Ursicini

2228 3826 2414 3880 refert.
2442 3824 2628 3878 Omnia
2658 3839 2789 3878 mss.
2815 3826 2916 3878 sub
2940 3824 3163 3878 Paulino
3192 3824 3459 3878 consulari
3490 3838 3791 3880 coronatum

2231 3895 2412 3958 aiunt;
2446 3894 2530 3949 hic
2579 3890 2709 3949 vero
2751 3895 2887 3948 siC.
2933 3895 3222 3949 Suetonius
3254 3893 3507 3948 Paulinus
3558 3896 3691 3955 fuit,
3737 3906 3791 3947 nt

2230 3965 2416 4020 Rnheo
2455 3966 2666 4032 placet,
2697 3964 2786 4033 qui
2832 3980 2975 4017 anno
3005 3964 3075 4017 66
3120 3974 3175 4018 et
3222 3964 3448 4017 Neronis
3502 3964 3566 4017 12
3611 3969 3787 4019 consul

2228 4036 2362 4096 fuit;
2411 4047 2568 4101 atque
2594 4076 2609 4101 ,
2644 4045 2702 4087 ut
2749 4050 2813 4087 ex
2843 4034 3027 4089 Tacito
3065 4042 3324 4104 constat,
3361 4035 3413 4086 in
3448 4035 3590 4088 bello
3615 4038 3749 4104 quod
3771 4076 3787 4099 ,

2227 4106 2482 4159 defuncto
2510 4105 2721 4159 Nerone
2748 4118 2809 4157 ac
2830 4104 3017 4176 Galba,
3048 4102 3189 4176 Otho
3217 4118 3338 4176 cum
3369 4104 3591 4176 Vitellio
3611 4102 3789 4176 gessit,

2228 4177 2509 4229 multarum
2560 4176 2832 4245 copiarum
2883 4173 3089 4238 ductor,
3136 4175 3194 4230 8.
3246 4173 3436 4227 Vitatis
3483 4173 3787 4245 martyrium

2228 4261 2331 4300 non
2357 4245 2582 4299 multum
2614 4243 2680 4297 ah
2710 4243 2935 4311 imperio
2962 4245 3185 4299 Neronis
3212 4254 3353 4298 esset
3380 4243 3783 4299 removendum.
3846 4300 3863 4309 ,

2146 4320 2193 4379 D
2222 4315 2276 4369 Si
2310 4330 2436 4368 vero
2465 4316 2685 4383 epistola
2720 4315 2805 4366 illa
2835 4352 2851 4377 ,
2884 4331 3002 4384 qua:
3031 4316 3197 4383 prima
3253 4314 3370 4366 libri
3410 4316 3628 4381 septimi
3657 4320 3789 4369 inter

2216 4387 2467 4452 epistolas
2516 4385 2575 4439 S.
2621 4384 2885 4438 Ambrosii
2938 4384 3187 4448 refertur,
3237 4398 3359 4436 vere
3410 4384 3470 4437 S.
3519 4385 3791 4439 Ambrosii

2215 4467 2299 4510 est
2324 4496 2339 4519 ,
2369 4471 2473 4524 qua
2521 4455 2726 4509 scilicet
2773 4454 2936 4508 Italiae
2976 4456 3240 4524 episcopis
3270 4462 3333 4524 et
3353 4452 3675 4524 Christianis
3710 4456 3789 4508 di-

2214 4526 2339 4579 vino
2371 4522 2576 4579 monitu
2622 4539 2681 4579 se
2731 4522 3264 4593 invenisse‘corpora
3313 4522 3413 4577 SS.
3448 4523 3689 4579 fiervasii
3730 4536 3786 4579 et

2217 4595 2437 4651 Protasii
2471 4595 3117 4666 significat,_martyrittm
3150 4594 3267 4666 ejus
3306 4599 3371 4645 ad
3423 4608 3627 4648 annum
3662 4596 3785 4659 161.

2214 4664 2551 4721 referendum
2582 4666 2702 4719 erit.
2750 4664 2882 4718 Nam
2913 4666 2963 4717 in
2997 4666 3179 4719 libello
3205 4665 3269 4717 ad
3300 4673 3461 4730 caput
3486 4679 3677 4718 eorum
3709 4666 3786 4719 in-

2216 4746 2405 4802 vento,
2438 4734 2750 4804 parentibus
2796 4734 3057 4789 decenuio
3106 4734 3424 4804 superstites
3483 4733 3687 4797 fuisse,
3732 4747 3786 4789 et

2213 4806 2356 4860 bello
2384 4803 2811 4860 Harcomaunico
2843 4820 2937 4869 pro
2965 4804 3178 4859 Christo
3204 4806 3326 4858 catsi
3362 4803 3636 4858 dicutttur.
3680 4805 3793 4859 Hoc

2214 4891 2342 4930 vero
2371 4875 2568 4931 bellum
2596 4889 2737 4929 anno
2768 4875 2890 4937 171,
2923 4876 3023 4929 sub
3048 4876 3266 4929 Aurelio
3292 4890 3353 4929 ac
3387 4872 3529 4927 Vero
3560 4878 3790 4942 impera-

2215 4946 2416 4999 toribus
2442 4987 2457 5008 .
2486 4954 2694 5011 gestum
2746 4944 2843 4997 fuit
2871 4961 2885 5009 ;
2934 4948 3131 4999 nullius
3162 4946 3263 4998 hoc
3311 4944 3530 4997 nomine
3560 4946 3789 4999 alterius

2212 5015 2335 5139 Belli
2384 5026 2506 5069 ante
2556 5014 2669 5069 hanc
2715 5024 2954 5081 tempora
2987 5018 3193 5085 uspiam
3240 5015 3375 5069 facta
3429 5016 3726 5070 mentione.
3764 5033 3793 5067 l

2256 5100 2483 5139 oceano.

2256 5100 2483 5139 OLLAND.

2283 5165 2308 5201 κ
2335 5156 2707 5223 Christ0pltori.
2740 5154 2841 5218 Qui
2872 5163 3196 5209 memoratur
3220 5163 3273 5210 et
3298 5169 3326 5208 a
3359 5154 3580 5207 Rabano
3605 5195 3620 5216 ,
3652 5164 3709 5221 et
3736 5154 3788 5208 in

2210 5225 2524 5294 quibusdam
2577 5241 2708 5279 mss.
2756 5226 3161 5295 Martyrologiis.
3207 5226 3260 5278 In
3294 5226 3565 5295 quodam"
3588 5228 3793 5292 scripto

2209 5293 2497 5349 carthusire
2530 5293 3115 5351 Bruxellensis'dicitur
3143 5294 3417 5349 translatio
3445 5293 3505 5348 S.
3539 5294 3790 5347 Christo-

2211 5368 2386 5433 pltori.
2436 5366 2558 5420 Dies
2600 5378 2772 5421 autem
2803 5367 2918 5433 ejus
2967 5366 3158 5421 natalis
3201 5378 3451 5421 censetur
3481 5380 3584 5417 xxv
3613 5365 3787 5430 Julii,

2264 5453 2363 5487 tem
2393 5453 2531 5487 atem
2567 5453 2688 5487 vtae
2724 5453 2876 5487 lﬂll'il.

2208 5452 2363 5505 quem
2393 5436 2531 5489 diem
2567 5435 2688 5490 vide
2724 5436 2876 5490 infra.

2279 5504 2307 5542 ιι
2335 5504 2551 5560 Ensicii.
2606 5506 2703 5560 llic
2754 5522 2856 5559 non
2907 5505 3005 5559 fuit
3050 5507 3377 5575 episcopus,
3424 5504 3518 5559 sed
3573 5512 3786 5575 tantum

2210 5577 2486 5646 presbyter
2518 5584 2570 5630 et
2622 5576 2918 5641 confessor,
2947 5588 3000 5629 et
3029 5574 3225 5631 dicitur
3256 5580 3304 5629 lu
3341 5576 3565 5628 Domino
3590 5574 3787 5631 deces-

2211 5649 2347 5704 siSse
2378 5647 2464 5704 die
2491 5661 2634 5703 xxvtt
2658 5648 2917 5703 Novemb.
2948 5646 3224 5704 Ferrarius
3250 5649 3300 5703 in
3328 5647 3591 5716 catalogo.
