3988 6346
202 325 320 387 893

1341 319 1537 378 SECT.
1579 318 1642 375 ll.
1681 348 1753 363 —
1792 313 2354 373 MARTYROLOGIA.

3382 302 3488 379 895‘

1466 430 1696 487 EDITIO
1732 427 2199 487 COLONIENSIS.

199 534 355 605 quod
411 529 730 601 expavisset.

201 630 352 683 idem
404 624 718 687 Ursicinus,
758 619 945 674 Vitalis
995 621 1133 673 intra
1187 618 1571 673 Ravennatium
1612 618 1796 672 urbem

199 733 333 773 eum
362 714 629 784 sepelivit,
661 711 724 765 ad
750 710 984 780 judicem
1019 708 1155 764 ultra
1190 711 1371 764 venire
1402 710 1514 778 ipse
1557 718 1800 762 contem-

201 823 369 862 nens.
400 806 603 860 Teutus
632 810 716 858 est
748 803 926 869 itaque
970 817 997 854 a
1052 801 1273 855 Paulino
1318 802 1607 865 consulari,
1650 801 1718 855 ob
1750 800 1798 854 id

202 899 448 954 maxime
476 896 693 958 factum,
724 894 863 963 quod
899 894 1199 948 Ursicinum
1257 894 1371 947 suis
1412 894 1799 947 exhortationi;

201 995 309 1045 bus
344 990 683 1050 roborasset,
710 995 758 1040 et
802 994 924 1053 post
972 985 1180 1051 equulei
1212 994 1471 1038 tormenta
1501 985 1678 1049 jussus
1719 993 1801 1037 est

200 1082 432 1151 perduci
481 1080 548 1133 ad
590 1079 825 1133 Palmam
862 1076 1039 1146 (locus
1066 1088 1243 1130 autem
1274 1076 1362 1128 ubi
1402 1074 1801 1129 decollabantur

200 1169 529 1236 Christiani,
555 1171 655 1223 hoc
685 1166 915 1222 habebat
940 1166 1276 1231 vocabulum,
1302 1181 1367 1219 eo
1408 1166 1548 1234 quod
1582 1167 1803 1221 arbores

199 1263 403 1331 palmae
432 1262 542 1317 illic
570 1261 798 1329 essent),
824 1271 876 1314 et
902 1258 1038 1313 facta
1068 1257 1244 1323 fovea,
1274 1272 1551 1325 quousque
1595 1257 1801 1310 inveni-

202 1364 357 1410 tctor
376 1368 543 1424 aqua,
574 1353 647 1407 ibi
680 1354 901 1421 supinus
929 1350 1225 1419 depositus,
1259 1360 1309 1404 et
1343 1357 1485 1403 terra
1516 1364 1579 1403 ac
1610 1349 1800 1415 lapidi-

202 1445 308 1499 bus
359 1454 451 1499 est
497 1458 807 1512 oppressus.
859 1440 1200 1496 Alexandriae
1250 1448 1449 1494 sanctae
1508 1439 1803 1493 Theodoro:

204 1535 462 1603 virginis,
492 1534 560 1589 de
579 1549 681 1604 qua
710 1532 897 1587 beatus
922 1531 1237 1586 Ambrosius
1259 1530 1468 1584 scribit:
1499 1545 1615 1599 qua:
1635 1531 1803 1583 sacri-

202 1626 376 1680 ficare
424 1632 813 1688 contemnens,
870 1624 922 1677 in
980 1623 1201 1692 lupanar
1242 1621 1459 1686 tradita,
1520 1622 1654 1674 miro
1710 1620 1801 1674 Dei

202 1717 397 1771 favore
459 1726 541 1770 est
572 1729 776 1784 erepta.
830 1719 1053 1770 Astaute
1091 1716 1286 1783 quippe
1335 1715 1447 1784 jam
1498 1715 1564 1768 ad
1610 1714 1802 1767 ostium

202 1809 361 1863 cella
412 1808 757 1863 multitudine
809 1808 1061 1875 juvenum
1110 1807 1526 1875 impudicorum,
1584 1815 1803 1871 repente

811 526 986 596 thue
1033 526 1346 598 martyrium
1399 527 1795 582 consummavit
1822 529 1870 583 A
1899 535 1953 578 et
1985 534 2289 578 sanctorum
2316 520 2955 592 Aphrodisii,Caralippi,
2975 523 3159 593 Agapii
3186 533 3237 580 et
3264 524 3477 584 Eusebii

1903 628 2219 684 martyrum.

1972 708 2037 762 G.
2071 709 2135 762 lll
2162 705 2297 763 ΚΑι..
2332 708 2729 777 Mam—Apud
2759 708 3026 762 civitatem
3058 706 3353 764 Sanctonas
3395 726 3492 762 na-

1903 799 2010 852 tale
2060 801 2226 853 sancti
2286 799 2533 867 Eutropis
2589 800 2867 869 martyris,
2897 798 2986 867 qui
3029 816 3057 851 a
3099 799 3157 853 B.
3208 799 3483 853 Clemente

1902 894 2155 961 episcopo
2183 892 2416 945 directus
2445 892 2499 945 in
2530 891 2750 954 Gallias,
2784 892 2851 943 ab
2891 890 3077 945 eodem
3123 891 3285 945 etiam
3307 893 3485 961 ponti-

1904 982 2071 1035 ficalis
2099 980 2305 1035 ordinis
2330 982 2496 1049 gratia
2523 992 2892 1047 consecratus,
2925 981 3142 1048 impleto
3175 980 3330 1049 hujus
3361 981 3486 1033 offi-

1904 1074 1968 1126 cii
1995 1072 2204 1137 ordine,
2237 1083 2451 1141 peracta
2484 1072 2535 1125 in
2561 1072 2858 1126 incredulis
2890 1074 3283 1139 prtedicatione,
3315 1073 3488 1127 insur-

1903 1163 2144 1230 gentibus
2168 1162 2405 1231 paganis,
2432 1161 2572 1215 illiso
2593 1162 2763 1229 capite
2780 1164 2949 1216 victor
2966 1162 3231 1218 occubuit.
3252 1164 3489 1233 Denique

1908 1260 2028 1319 post
2068 1252 2231 1305 multa
2276 1266 2537 1305 annorum
2567 1252 2768 1319 spatia,
2802 1268 2921 1306 cum
2953 1252 3222 1308 Palladius
3248 1253 3487 1323 ejusdem

1905 1340 2055 1395 urbis
2084 1342 2389 1408 episc0pus,
2421 1348 2476 1393 et
2518 1355 2636 1393 cum
2670 1356 2734 1394 eo
2764 1342 2851 1394 alii
2885 1343 2979 1396 viri
3028 1343 3121 1397 Dei
3149 1358 3345 1412 corpus
3374 1345 3491 1413 ejus

1907 1434 2125 1487 honoris
2145 1432 2309 1487 debiti
2336 1432 2506 1500 gratia
2525 1435 2574 1486 in
2594 1435 2861 1487 basilicam
2886 1450 3075 1489 novam
3102 1437 3477 1502 transferrent,

1906 1532 2146 1577 reserato
2175 1523 2507 1593 sarcOphago
2537 1526 2878 1593 contemplati
2910 1535 3035 1579 sunt
3056 1527 3359 1582 cicatricem
3388 1544 3489 1582 ca-

1906 1614 2052 1679 pitis,
2100 1628 2203 1682 qua
2252 1614 2303 1667 in
2351 1622 2502 1681 parte
2531 1614 2763 1668 defixum
2812 1614 2980 1669 fuerat
3007 1616 3209 1671 securis
3237 1632 3488 1671 acumen.

1904 1705 2143 1773 Cumque
2166 1704 2408 1773 sequenti
2440 1714 2595 1759 nocte
2625 1707 2937 1760 stravissent
2985 1708 3290 1761 sacerdOtes
3323 1724 3492 1763 mem—

1906 1796 1999 1848 bra
2031 1796 2221 1863 quieti,
2246 1796 2493 1864 apparuit
2518 1797 2595 1851 eis
2619 1812 2711 1865 per
2735 1799 2919 1852 visumv
2935 1800 3150 1854 dicens:
3175 1801 3489 1855 Cicatricem

202 1899 431 1967 quidam
481 1914 546 1953 ex
579 1898 850 1963 fratribus,
882 1899 1141 1969 Didymus
1183 1898 1420 1963 nomine,
1451 1896 1639 1965 plenus
1670 1896 1793 1961 fide,

1919 1900 2061 1953 luam
2094 1887 2439 1954 contemplati
2465 1886 2595 1940 estis
2627 1889 2679 1939 in
2702 1891 2897 1956 capite,
2928 1889 3121 1943 scitote
3139 1905 3222 1943 me
3241 1905 3334 1957 per
3362 1905 3483 1945 eam

202 1990 482 2045 divinitus
528 1990 839 2058 inSpiratus,
864 1998 1078 2058 sumpto
1108 1988 1321 2043 militari
1368 1987 1570 2050 habitu,
1602 1989 1802 2055 primus

203 2082 446 2151 lupanar
488 2082 720 2147 irrupit,
790 2092 843 2135 et
895 2091 1093 2134 sanctte
1145 2080 1335 2149 virgini
1385 2094 1482 2134 cur
1530 2078 1801 2141 venisset,

202 2187 516 2240 exponens,
565 2170 639 2225 illi
687 2171 941 2224 militares
968 2169 1447 2238 imponitexuvias,
1494 2168 1609 2238 ipse
1643 2166 1801 2235 virgi-

203 2265 314 2319 nali
378 2271 533 2317 veste
577 2261 835 2315 induitur.
894 2262 984 2315 Sic
1014 2262 1162 2329 virgo
1208 2274 1442 2329 egressa,
1488 2266 1543 2313 et
1576 2272 1604 2310 a
1661 2257 1805 2311 nullo

206 2353 425 2423 agnita,
459 2352 523 2404 ad
554 2352 821 2404 civitatem
856 2350 1065 2416 fugiens
1084 2350 1274 2403 evasit.
1306 2348 1564 2415 Didymus
1592 2347 1803 2416 praesidi

205 2443 535 2507 exhibitus,
585 2451 640 2495 et
694 2456 853 2495 omne
911 2442 1103 2494 factum
1146 2448 1454 2495 constanter
1500 2454 1803 2509 exponens,

205 2536 582 2591 Christianum
634 2548 693 2589 se
743 2549 865 2589 esse
910 2530 1212 2599 confessus,
1260 2533 1471 2587 absciso
1499 2532 1671 2601 capite
1699 2531 1805 2601 igni

209 2628 455 2681 traditus
479 2633 580 2682 est.
607 2626 762 2681 Beata
784 2640 995 2695 quoque
1020 2624 1191 2692 virgo,
1218 2639 1336 2694 quin
1367 2638 1465 2693 pro
1492 2623 1684 2677 tuenda
1719 2623 1805 2675 in-

211 2717 476 2786 tegritate
524 2731 592 2773 ex
642 2718 881 2785 lupanari
924 2716 1249 2786 profugerat,
1280 2730 1460 2770 amore
1484 2729 1696 2768 corona:
1741 2713 1807 2766 ad

212 2808 460 2862 stadium
490 2821 752 2877 regressa,
780 2806 939 2861 simul
961 2821 1082 2861 cum
1112 2805 1338 2875 Didymo
1362 2818 1633 2872 percussa,
1653 2802 1809 2857 simul

213 2905 487 2953 coronata
516 2906 619 2953 est.
653 2897 710 2952 In
741 2895 1025 2951 Pannoniis
1052 2895 1221 2950 sancti
1252 2893 1507 2949 Pollionis
1538 2892 1808 2961 martyris,

1907 1978 2225 2045 martyrium
2252 1991 2669 2031 consummasse.
2706 1977 2835 2032 Item
2862 1990 3165 2035 sanctorum
3195 1980 3413 2035 Mariani
3432 1990 3486 2036 et

1906 2064 2111 2131 Jacobi,
2142 2080 2366 2134 quorum
2398 2066 2541 2133 prior
2573 2068 2758 2133 lector,
2809 2082 3038 2136 sequens
3084 2070 3340 2125 diaconus
3360 2070 3480 2125 fuit.

1911 2154 2092 2209 Homte
2120 2157 2289 2209 sancti
2312 2156 2448 2210 Cleti
2477 2172 2646 2225 papae,
2680 2158 2768 2225 qui
2793 2158 2981 2211 tertius
3006 2168 3123 2225 post
3148 2160 3360 2213 Petrum
3386 2163 3491 2215 Ito-

1911 2263 2084 2301 mante
2113 2248 2259 2301 urbis
2288 2248 2648 2317 episcopatum
2676 2250 2829 2301 annis
2861 2250 2928 2302 η
2954 2250 3160 2314 habuit,
3198 2260 3253 2304 et
3292 2250 3486 2304 ibidem

1915 2338 2173 2408 martyrio
2196 2349 2481 2393 coronatus
2503 2350 2605 2404 est,
2635 2339 2736 2394 sub
2763 2339 3062 2395 Domitiano
3086 2342 3424 2411 imperatore,
3440 2352 3495 2395 ct

1912 2434 2078 2485 sancti
2115 2431 2325 2485 Maximi
2358 2431 2626 2501 martyris.

1983 2525 2045 2574 A.
2072 2520 2225 2574 Peto.
2258 2521 2387 2575 ΚΑι..
2423 2521 2569 2577 ΜΑιι.
2589 2521 2861 2576 —Rom:e
2888 2524 3055 2577 sancti
3073 2524 3275 2589 Quirini
3295 2524 3491 2579 tribuni

1914 2621 1969 2667 et
1991 2613 2259 2683 martyris,
2294 2615 2393 2667 sub
2440 2612 2670 2679 Traiano
2722 2614 3073 2680 imperatore;
3111 2616 3197 2683 qui
3249 2629 3371 2669 cum
3426 2631 3493 2670 ex

1918 2713 2185 2771 praecepto
2232 2705 2347 2771 ejus
2378 2702 2589 2758 beatum
2618 2704 2978 2759 Alexandrum
3028 2721 3239 2774 papam,
3272 2717 3327 2762 et
3357 2707 3495 2762 Her--

1919 2810 2039 2847 men
2072 2793 2384 2861 praefectum
2442 2794 2497 2848 in
2552 2796 2761 2848 vincula
2788 2797 3129 2865 conjecisset,
3165 2799 3495 2869 haberetque

1920 2888 2078 2941 filiam
2124 2887 2275 2953 cujus
2314 2889 2509 2943 collum
2549 2898 2748 2942 struma
2794 2890 3252 2957 circumdederat,
3297 2892 3494 2947 auditis

1472 3002 1697 3057 EDITIO
1736 2998 2238 3057 BOLLANDIANA.

216 3118 323 3155 nus
359 3098 479 3168 L.),
505 3099 593 3168 qui
636 3106 801 3153 totum
849 3111 1037 3152 aurum
1066 3105 1121 3152 et
1163 3096 1374 3152 divitias
1418 3095 1575 3166 hujus
1620 3097 1803 3151 mundi
1832 3098 1876 3158 C
1915 3094 2386 3168 _‘D;,_Paphu_m
2438 3095 2464 3130 εί
2515 3095 2727 3168 Tychici
2797 3096 3155 3163 apostolorum
3226 3098 3495 3167 discipuli-

217 3202 488 3260 tanquam
516 3200 752 3244 stercora
785 3188 1079 3242 exhorruit.

290 3285 393 3345 A.,
432 3281 630 3334 Eodem
662 3280 748 3334 die
789 3278 1052 3347 depositio
1084 3278 1141 3335 S.
1173 3285 1198 3314 ο
1222 3277 1543 3332 Winwaloei
1585 3279 1801 3333 confes-

218 3352 393 3407 saris.
422 3351 505 3414 L.,
533 3350 1051 3404 Etcommemoratio
1075 3349 1436 3402 translationis
1465 3350 1803 3411 reliquiarum

217 3422 280 3477 8.
313 3420 349 3460 δ
375 3421 645 3476 Lamberti
676 3421 908 3487 episcopi
952 3420 1324 3489 etAmartyris.
1352 3420 1445 3489 Ali.,
1478 3418 1527 3470 in
1568 3419 1802 3489 Alexan-

219 3493 345 3547 dria
398 3492 574 3545 natale
621 3491 680 3544 S.
712 3489 989 3543 Victorini.
1026 3487 1078 3541 ln
1123 3487 1291 3541 Tarso
1336 3487 1531 3542 Cilicia:
1588 3488 1804 3542 lilarinze

222 3578 361 3617 cum
410 3562 531 3613 aliis
558 3575 716 3614 ccxx.
754 3560 807 3613 In
840 3559 1015 3613 Africa
1060 3559 1233 3611 natale
1270 3558 1368 3613 SS.
1396 3559 1589 3612 Malinii
1612 3599 1626 3620 ,
1660 3557 1807 3610 Mau-

222 3632 362 3693 rilli,
392 3631 618 3695 Lucani,
643 3645 761 3683 cum
794 3630 913 3683 aliis
944 3644 1137 3683 cccxx.
1174 3630 1227 3681 In
1252 3628 1521 3681 Pannonia
1553 3632 1573 3659 ε
1602 3628 1812 3682 Eusebii

218 3702 493 3771 episcopi.
528 3700 810 3753 Cornubiae
852 3710 964 3752 nat.
995 3700 1053 3752 S.
1084 3697 1435 3768 Guingualoei
1466 3698 1813 3754 confessoris.

290 3793 394 3848 29.
412 3791 563 3849 —l|l
590 3791 725 3847 Κιι..
763 3792 924 3847 Vacat
952 3792 1127 3846 Baeda.

1914 3164 2199 3242 V._T.ﬁB.,
2226 3165 2290 3242 In
2313 3164 2638 3242 (alexandria.
2684 3168 2954 3242 natale-8.
2982 3164 3495 3242 Germanijreshy.

1914 3234 2034 3289 teri.
2068 3234 2152 3297 B.,
2184 3246 2237 3288 et
2271 3241 2294 3264 "
2325 3236 2560 3288 l’rostoci
2588 3235 2817 3289 diaconi.
2847 3237 2903 3288 V.
2941 3237 2999 3290 L.
3052 3238 3131 3297 Β..
3166 3239 3217 3291 itt
3244 3234 3495 3295 Nicome-

1914 3306 1997 3377 dia
2035 3306 2325 3377 Prudentii,
2360 3306 2609 3377 Martialis
2636 3306 2743 3377 [θη
2790 3305 3077 3377 Martiani].
3116 3308 3199 3369 Β..
3229 3305 3295 3360 Et
3320 3309 3494 3363 Theo-

1912 3374 2056 3427 doraa
2125 3375 2362 3443 virginis.
2420 3378 2482 3428 Α.
2542 3374 2653 3428 ΤΧ
2688 3376 2779 3440 L.,
2840 3376 2893 3429 In
2951 3377 3251 3429 Nicomedia
3324 3380 3495 3433 natale

1913 3444 1970 3518 S_.
2006 3444 2198 3518 Urbani
2224 3456 2277 3518 et
2309 3444 2567 3499 Valentini
2597 3444 2705 3518 [L.,
2734 3445 3252 3518 valentiniaui].:l‘.,
3275 3448 3333 3499 Iit
3354 3449 3491 3502 Mar-

1915 3515 2075 3586 tialis.
2133 3518 2196 3568 Et
2245 3515 2505 3582 depositio
2553 3515 2616 3569 SI
2671 3516 2963 3569 Prudentii.
3013 3515 3110 3582 A.,
3142 3517 3209 3571 Et
3234 3518 3497 3586 depositio

1919 3583 1977 3638 S.
2012 3583 2258 3639 Germani
2293 3587 2522 3653 episcopi
2545 3595 2599 3639 et
2620 3586 2963 3640 confessoris.

1995 3683 2167 3737 '50.—
2185 3682 2223 3735 il
2250 3683 2387 3738 ΚΑΙ..
2413 3683 2575 3736 Vacat
2605 3684 2775 3739 llmda.

2002 3775 2188 3830 Florus
2242 3777 2294 3830 itt
2347 3779 2411 3831 Α.
2444 3776 2507 3831 Τ.
2536 3776 2619 3841 L.,
2650 3777 2830 3831 Romae
2854 3777 3115 3846 depositio
3146 3779 3203 3835 8.
3241 3777 3259 3815 ί
3294 3776 3499 3845 Quirini

1643 3885 1849 3940 SMITH
1886 3886 2113 3944 NOTAE.

299 3984 332 4013 ⁸
362 3975 684 4029 Winwaloei.
727 3976 877 4029 Circa
923 3990 1116 4029 annum
1146 3975 1271 4031 455.
1306 3976 1405 4030 llic
1448 3987 1601 4031 natus
1642 3987 1725 4031 est
1754 3980 1803 4031 in

226 4047 511 4103 Britannia
540 4042 831 4116 Armorira,
857 4045 993 4116 regia
1019 4046 1183 4116 stirpe
1207 4046 1538 4100 nobilitatem
1563 4051 1803 4101 trahens.

223 4117 491 4174 Traditur
527 4115 829 4169 educendos
874 4115 1086 4169 Budoco
1125 4115 1364 4169 cuidam.
1391 4118 1434 4173 A
1471 4116 1527 4170 8.
1578 4117 1807 4171 Patricio

223 4197 399 4244 noctu
431 4194 721 4252 apparente
767 4186 1050 4238 instructus
1092 4185 1155 4238 ad
1199 4185 1427 4241 insulam
1463 4186 1804 4254 Tapepigiam

225 4272 345 4313 una
394 4270 515 4308 cum
548 4256 791 4308 undecim
841 4254 1000 4308 sociis
1049 4257 1308 4320 secessit,
1357 4256 1531 4318 ibique
1581 4257 1809 4311 triennio

231 4328 551 4396 permansit.
576 4327 691 4390 Quo
712 4325 947 4396 expleto,
973 4327 1234 4379 transiens
1263 4342 1406 4380 mare
1434 4325 1804 4382 Landeveneci

235 4394 628 4452 monasterium
659 4394 919 4447 exstruxit
948 4410 961 4446 :
998 4396 1084 4449 ubi
1115 4397 1326 4462 excepit
1360 4397 1683 4450 Gradlonum
1725 4413 1809 4450 re-

230 4481 361 4535 gem
388 4464 727 4535 occiduorum
755 4464 1197 4519 Cornubiensium
1230 4507 1244 4528 ,
1275 4475 1327 4519 et
1357 4467 1621 4521 instruxit.
1668 4465 1807 4518 Tan-

231 4534 364 4590 dem
414 4544 533 4601 post
583 4534 742 4586 vitam
791 4534 1063 4587 miraculis
1114 4537 1322 4603 plenam
1369 4535 1498 4589 obiit
1550 4552 1578 4585 v
1630 4536 1808 4589 Nonas

230 4604 461 4660 Martias
488 4646 501 4665 ,
532 4604 872 4671 sepultusque
915 4613 997 4657 est
1044 4605 1093 4657 in
1141 4606 1364 4658 ecclesia
1412 4606 1578 4669 lignea
1606 4645 1621 4670 ,
1652 4622 1805 4671 quam

235 4678 361 4742 ipse
398 4674 631 4742 jusserat
668 4674 939 4732 construi;
966 4674 1056 4727 sed
1105 4685 1284 4736 postea
1316 4676 1599 4733 translatus
1632 4686 1712 4729 est
1742 4676 1805 4727 ad

237 4746 504 4811 majorem
534 4744 811 4796 ecclesiam
843 4757 890 4795 tv
918 4743 1033 4797 Kal.
1060 4742 1175 4796 Maii
1204 4785 1218 4803 ,
1252 4761 1355 4812 quo
1383 4744 1469 4798 die
1515 4744 1811 4798 celebratur

238 4816 363 4880 ejus
391 4814 680 4884 solettnitas
705 4853 718 4884 ,
753 4829 817 4884 ne
846 4814 1271 4883 Qnadragesima:
1316 4822 1523 4883 tempus
1554 4814 1809 4884 impedia-

239 4892 352 4936 tur.
384 4884 511 4935 ACta
540 4882 675 4947 apud
708 4882 942 4935 liolland.

314 4951 345 4990 δ
371 4952 643 5004 Lamberti.
689 4952 929 5020 Episcopi
960 4952 1315 5019 Trajectensis
1335 4994 1349 5019 ,
1381 4952 1470 5021 qui
1513 4954 1680 5019 primo
1728 4968 1812 5005 se-

240 5022 424 5091 pultus
452 5030 535 5074 est
563 5021 698 5087 apud
720 5021 1040 5086 Traiectum,
1073 5024 1124 5076 in
1154 5023 1372 5076 ecclesia
1401 5023 1455 5079 S.
1484 5023 1647 5085 Petri,
1676 5026 1813 5077 unde

244 5100 371 5160 post
396 5091 674 5144 duodecim
700 5107 867 5143 annos
894 5095 1178 5145 translatus
1200 5102 1302 5159 est,
1330 5108 1448 5147 cum
1477 5096 1605 5147 sede
1632 5094 1815 5146 cathe-

245 5161 462 5232 drali,_a
498 5160 838 5232 B._Iluberto,
874 5163 937 5213 ad
970 5163 1146 5215 villam
1180 5160 1420 5230 Legiam,
1454 5173 1577 5216 tunc
1600 5164 1812 5232 quidem

249 5229 924 5303 ignobilemLotharingim
953 5229 1280 5303 vicum,sed
1296 5234 1550 5303 martyrio
1575 5229 1629 5285 et
1656 5234 1815 5285 mira-

246 5302 386 5353 culis
419 5300 683 5353 Lambcrti
732 5302 1084 5356 rohilitatum.
1114 5302 1239 5369 Ejus
1288 5300 1449 5356 etiam
1480 5304 1815 5369 patrocinan-

247 5370 391 5423 tibus
436 5370 639 5423 meritis
686 5372 1016 5434 postmodum
1056 5381 1411 5425 commutatur
1443 5374 1494 5424 in
1526 5372 1815 5424 celeberri-

248 5453 392 5492 mam
436 5440 701 5492 civitatem
731 5454 850 5507 quae
873 5442 1029 5493 modo
1057 5440 1309 5494 Leodinm
1337 5443 1549 5504 dicitur,
1578 5450 1630 5495 et
1660 5449 1817 5507 caput

248 5518 335 5562 est
376 5509 536 5562 totius
565 5509 777 5562 ditionis
808 5510 1131 5564 Leodiensis.
1163 5511 1284 5564 Dies
1332 5514 1518 5565 natalis
1559 5512 1614 5565 S.
1664 5511 1816 5563 Lam-

250 5579 493 5648 bertiest
511 5593 614 5631 xvn
634 5580 805 5647 Sept.,
828 5596 981 5648 quem
1004 5581 1141 5635 vide.
1169 5581 1405 5635 Molantts
1420 5582 1485 5635 de
1503 5582 1599 5635 SS.
1628 5581 1812 5648 Belgii.

327 5652 349 5679 ε
378 5647 604 5702 Eusebii.
631 5648 780 5704 Passi
808 5647 904 5707 sub
934 5652 1259 5707 Diocletiano
1284 5652 1337 5706 in
1364 5653 1495 5707 urbe
1518 5647 1817 5709 Cibalitana

253 5717 311 5775 in
336 5718 625 5774 Pannonia.

1982 3977 2009 4017 ά
2036 3980 2263 4048 Tyrliici.
2290 3979 2418 4047 Ejus
2450 3981 2698 4048 frequens
2740 3982 2795 4035 fit
2824 3984 3023 4036 mentio
3053 3984 3101 4034 in
3134 3984 3232 4035 SS.
3254 3984 3499 4048 Scriptu-

1912 4052 2007 4104 ris.
2043 4052 2096 4131 in
2123 4050 2378 4131 _Cat_al_ogo
2412 4051 2681 4131 Hippolyti
2714 4054 3239 4131 martyrisstatuitur
3282 4056 3490 4131 episco-

1912 4135 2011 4187 pus
2043 4119 2387 4187 Colophonis.
2413 4119 2582 4173 Gra'ci
2632 4122 2681 4173 iu
2719 4119 3007 4185 ltlenologio
3035 4123 3367 4186 imperatoris
3393 4123 3495 4178 Ba-

1912 4190 2014 4243 silii
2041 4188 2480 4258 Porphyrogeniti
2510 4191 2750 4243 scribunt
2774 4208 2806 4244 n
2845 4192 3149 4244 Decembris
3167 4194 3489 4248 Sosthenem

1914 4260 2141 4325 primum
2168 4260 2329 4313 fuisse
2353 4261 2655 4329 episc0punt
2682 4258 3031 4326 Colophonis,
3052 4270 3104 4315 et
3127 4261 3418 4329 Tychicum
3442 4266 3491 4318 ei

1912 4333 2262 4385 successisse.
2316 4332 2371 4383 ln
2422 4331 2636 4400 syuopsi
2670 4331 2985 4397 praeferente
3017 4347 3208 4385 nomen
3240 4332 3496 4388 Dorothei

1839 4420 1889 4481 ι)
1915 4400 2395 4481 episcopikdicitu'r
2424 4401 2687 4481 T_yciticus
2719 4402 2917 4465 primus
2944 4403 3228 4481 episcopus
3268 4402 3495 4455 Chalce-

1915 4471 2067 4522 donis
2089 4471 2138 4522 in
2166 4471 2429 4540 Bithynia.
2456 4470 2508 4522 In
2534 4486 2631 4523 ms.
2651 4484 2823 4537 grmco
2848 4473 2985 4540 regis
3008 4472 3193 4524 Gallite
3240 4483 3488 4526 narratur

1914 4540 2177 4607 Tychicus
2205 4539 2501 4608 Neapoleos
2531 4541 2581 4592 in
2623 4541 2796 4610 Cypro
2837 4539 3118 4607 episcopus
3147 4542 3493 4594 constitutus.

1918 4610 2186 4664 Usuardns
2217 4620 2414 4681 tamen,
2448 4610 2702 4681 Bcllinus,
2735 4610 3062 4681 blaurolycus
3112 4621 3165 4663 et
3216 4611 3331 4674 alii,
3363 4626 3483 4663 eum

1913 4683 2181 4749 appellant
2209 4680 2488 4735 diaconum
2515 4680 2651 4747 apud
2682 4680 2947 4747 Paphum.
2972 4682 3237 4733 Bonum».

1989 4776 2011 4802 °
2043 4769 2297 4822 Ρνοειοεί.
2349 4770 2402 4822 In
2452 4771 2713 4838 aliquibus
2744 4771 3133 4840 Martyrologiis
3176 4767 3367 4822 dicitur
3398 4768 3483 4823 hic

1915 4838 2234 4893 Nicomediae
2264 4854 2471 4908 passus.

1990 4947 2009 4986 τ
2056 4949 2280 5014 Quirini.
2326 4949 2500 5005 Locus
2526 4951 2872 5020 depositionis
2910 4951 2977 5020 ita
3009 4950 3268 5006 indicatur
3302 4952 3353 5003 in
3385 4965 3487 5002 ms.

1913 5019 2153 5074 Romano
2182 5020 2329 5072 ducis
2358 5019 2661 5089 Altempsii:
2704 5021 2884 5074 Romae
2912 5019 2966 5074 in
2994 5020 3303 5075 cmmeterio
3333 5020 3477 5073 Pro--

1916 5092 2097 5143 textati
2129 5090 2390 5155 depositio
2422 5093 2622 5156 Quirini
2652 5092 2912 5160 episcopi:
2936 5092 3129 5160 quibus
3159 5089 3369 5143 additur
3398 5089 3493 5142 Via

1916 5161 2102 5228 Appia,
2134 5161 2183 5212 in
2208 5175 2308 5214 ms.
2337 5161 2519 5216 codice
2540 5159 2751 5230 Regina:
2771 5159 2994 5215 Sueciaé.
3016 5163 3175 5229 Cujus
3204 5161 3302 5214 loci
3328 5159 3486 5213 fuerit

1917 5231 2196 5297 episc0pus
2242 5230 2513 5295 Quirinus,
2548 5246 2648 5285 nun
2682 5231 2977 5284 indicatur:
3030 5242 3082 5283 et
3134 5231 3305 5283 nullus
3353 5232 3492 5284 inter

1918 5300 2184 5353 itomanos
2214 5300 2492 5369 episcopos
2525 5302 2609 5354 tali
2641 5304 2857 5354 nomine
2902 5301 3139 5370 signatus
3192 5314 3489 5368 comparet.

1920 5370 2028 5421 lmo
2057 5371 2381 5440 forsaualibi
2432 5382 2686 5440 martyrio
2733 5380 3017 5425 coronatus
3062 5379 3165 5433 est,
3199 5383 3249 5423 et
3294 5384 3490 5437 corpus

1920 5440 2138 5493 Romam
2164 5439 2417 5507 delatum,
2449 5442 2499 5493 in
2528 5439 2833 5495 ctemeterio
2860 5442 3162 5496 Przetextati
3210 5440 3289 5493 via
3313 5442 3481 5507 Appia

1918 5510 2211 5578 depositum
2264 5511 2379 5562 fuit.
2436 5511 2569 5564 Infra
2599 5512 2849 5565 scribitur
2884 5530 2895 5564 :
2931 5512 3113 5565 Ruina:
3160 5512 3485 5575 l'rzetextati,

1918 5581 2143 5645 Quirini.
2176 5580 2324 5644 Quod
2361 5582 2458 5633 hoc
2490 5582 2644 5634 modo
2672 5583 2859 5646 corrigi
2911 5584 3149 5638 videtur:
3206 5583 3387 5636 lloum
3436 5582 3490 5634 in

1920 5654 2228 5707 coemeterio
2258 5650 2589 5716 Praetextati,
2620 5652 2843 5718 Quirini.
