3988 6346
452 253 558 312 895
1197 251 1400 308 BEDA‘.’
1442 247 1891 306 VENERABILIS
1931 247 2080 303 OPP.
2124 247 2300 303 PARS
2342 247 2430 302 ιν.
2473 277 2540 286 -
2579 245 2965 306 HISTORICA.
3210 269 3222 287 ι
3628 251 3719 307 596

1695 361 1924 418 EDITIO
1961 358 2430 418 COLONIENSIS.

455 455 912 514 exhortationibus
939 454 1077 510 beati
1110 453 1320 509 llermze
1347 455 1415 509 de
1444 454 1548 510 ﬁde
1571 453 1793 520 Christi,
1836 462 1889 508 et
1913 453 2042 506 visis
2071 457 2120 512 Α
2151 450 2354 506 Dixitei
2383 451 2664 519 Quirinus:
2696 450 2807 520 Ego
2837 449 3157 504 cbristianus
3177 461 3297 503 sum
3329 449 3501 505 lactus
3520 494 3532 515 ,
3553 451 3631 506 vis
3651 469 3727 508 oc.

456 548 648 618 signis,
682 563 800 617 qua:
825 529 1083 601 Dominus
1105 547 1156 600 in
1187 547 1507 616 martyribus
1528 547 1638 600 suis
1668 547 1974 600 Alexandro
1989 554 2044 600 et
2154 542 2355 606 cidere,
2407 544 2487 597 vis
2531 544 2804 612 instigare.
2852 542 2932 595 vis
2961 541 3268 607 incendere,
3299 543 3443 596 aliud
3493 557 3599 597 non
3628 561 3730 599 ero.

459 639 676 694 Hermae
723 642 1092 708 operabatur,
1160 638 1330 704 ipsam
1379 637 1623 692 eamdem
1672 637 1831 690 ﬁliam
1892 652 2042 690 suam
2152 633 2283 688 Nam
2309 647 2496 688 omnes
2521 635 2611 703 qui
2641 642 2791 686 erant
2816 633 3122 697 incarcere,
3141 631 3240 686 feci
3259 632 3374 686 ﬁeri
3399 633 3728 693 christianos.

462 731 656 784 obtulit
683 729 760 784 eis
783 729 849 782 ad
875 729 1190 782 sanandum.
1220 729 1318 781 Cui
1340 727 1471 782 dixit
1491 727 1679 782 beatus
1707 727 2042 782 Alexander:
2153 736 2206 781 et
2230 726 2408 780 dimisi
2439 742 2552 791 eos,
2593 736 2647 780 et
2676 725 2959 778 noluerunt
2986 740 3208 792 usquam
3241 725 3339 778 ire.
3376 725 3550 778 Iratus
3578 728 3729 779 Aure-

462 819 618 875 Tolle
653 818 829 873 hoiam
857 817 926 871 de
954 816 1094 872 collo
1126 833 1269 882 meo,
1299 826 1356 873 et
1384 816 1599 885 impone
1624 817 1696 872 ei.
1739 817 1894 884 Quod
1923 832 2043 873 cum
2155 816 2329 870 lianus
2379 815 2506 869 fecit
2558 816 2606 869 ei
2655 815 2884 883 linguam
2932 814 3161 880 abscidi,
3193 814 3388 868 deinde
3418 815 3472 868 in
3521 817 3733 882 equuleo

462 917 616 981 pater
653 908 911 964 obediens
937 917 1312 977 exequeretur,
1344 907 1524 962 divino
1579 918 1709 962 nutu
1755 918 1937 961 sanata
1965 916 2048 963 est
2153 908 2424 976 suSpendi.
2480 907 2582 974 Qui
2624 909 2750 962 dum
2781 907 3056 962 Aureliani
3108 921 3215 962 non
3267 907 3485 962 cederet
3517 907 3731 976 injuriis,

463 998 990 1055 subito.Vocabatur
1018 1010 1196 1052 autem
1224 1001 1339 1068 ipsa
1364 999 1780 1068 Balbina,atque
1802 1000 1872 1052 ita
1902 1009 2048 1068 pater
2159 999 2318 1066 jussit
2345 1000 2393 1053 ei
2417 1013 2606 1052 manus
2627 1013 2690 1052 ac
2722 998 2886 1066 pedes
2913 998 3176 1063 ahscindi,
3217 1007 3272 1052 et
3311 1001 3390 1053 sic
3418 1014 3547 1052 eum
3576 999 3738 1054 decol-

466 1089 585 1159 eius
614 1104 735 1144 cum
763 1089 1050 1154 universis.
1082 1091 1173 1158 qui
1219 1088 1273 1142 in
1301 1088 1540 1143 custodia
1567 1090 1899 1153 tenebantur.
1931 1104 2049 1142 om-
2158 1094 2284 1158 lari,
2328 1102 2382 1148 et
2427 1093 2647 1148 canibus
2701 1091 2909 1161 projici.
2964 1093 3068 1148 Sed
3097 1092 3374 1145 christiani
3407 1107 3605 1158 corpus
3632 1095 3734 1158 ejus

467 1181 632 1249 nique
659 1179 822 1234 domo
869 1193 964 1233 sua
995 1179 1296 1246 baptizatus
1345 1187 1445 1233 est.
1497 1178 1648 1245 Quod
1679 1187 1736 1231 ut
1789 1180 2054 1235 nuntiavit
2158 1195 2366 1255 raptum
2400 1187 2453 1239 in
2485 1187 2568 1239 via
2613 1185 2802 1252 Appia,
2831 1183 3156 1252 sepelierunt
3189 1183 3242 1236 in
3273 1184 3593 1237 cmmeterio
3616 1182 3740 1236 Pre-

468 1269 972 1325 commentariensis
999 1269 1488 1339 Aurelianojudici,
1513 1271 1699 1337 iratus,
1719 1271 1882 1338 jussit
1909 1273 1972 1326 ad
1996 1288 2054 1328 se
2165 1277 2374 1331 textati.
2408 1276 2461 1331 In
2490 1276 2814 1330 Alexandria
2847 1276 3020 1329 natale
3075 1274 3380 1343 Ephrodisii
3427 1274 3739 1342 presbyteri,

467 1363 663 1416 adduci
694 1361 996 1428 Quirinum,
1022 1371 1075 1416 et
1103 1362 1336 1417 dixitei:
1370 1361 1482 1432 Ego
1513 1372 1563 1417 te
1590 1365 1740 1432 quasi
1784 1365 1947 1418 ﬁlium
1972 1365 2052 1419 di-
2162 1377 2214 1422 et
2245 1367 2470 1420 aliorum
2515 1365 2729 1436 triginta
2757 1384 2768 1417 :
2805 1374 2858 1419 et
2909 1364 3081 1434 vigilia
3115 1365 3482 1433 apostolorum
3535 1362 3744 1430 Philippi

469 1454 604 1518 lexi;
639 1462 693 1508 tu
719 1461 896 1508 autem
923 1452 1139 1507 irrisisti
1174 1467 1282 1520 nte,
1313 1453 1568 1522 deceptus
1612 1455 1680 1508 ab
1726 1456 2050 1512 Alexandro.
2161 1474 2214 1514 et
2241 1459 2444 1514 Jacobi.

1703 1546 1930 1601 EDITIO
1972 1550 2474 1618 BOLLANDIANA.

471 1635 582 1708 [B.,
624 1633 846 1705 Quirici}
891 1634 1127 1703 episcopi
1156 1643 1211 1689 et
1256 1639 1527 1704 martyris.
1558 1635 1758 1692 Eodem
1795 1638 1880 1693 die
1914 1641 2049 1707 apud
2085 1646 2131 1703 Β
2239 1643 2338 1707 1).,
2399 1643 2715 1697 Sanctorum
2771 1651 3060 1711 martyrum
3118 1649 3148 1711 °_
3190 1639 3409 1711 lllariani
3451 1649 3504 1692 ct
3558 1640 3744 1692 Jacobi.

476 1729 658 1782 Asiam
701 1727 879 1796 passio
928 1727 1141 1781 Maximi
1194 1728 1464 1798 martyris,
1511 1729 1600 1797 qui
1635 1739 1874 1798 tempore
1911 1733 2054 1786 Decii
2271 1709 3387 1798 BAlnAlexandrianaialepqrtitltci
3419 1710 3747 1798 'pgresliy-Igrj.

703 1778 870 1830 "7"
1195 1778 1464 1830 ”“””⁴”””ἶ
1517 1778 2054 1846 ’¹”’ὶ’”“⁸““”.”.“’“
2172 1783 2259 1844 V.,
2318 1784 2385 1836 Et
2439 1784 2560 1835 alibi
2619 1783 2905 1836 l’odoniani
2936 1781 3165 1833 diaconi.
3200 1779 3382 1832 llonia:
3419 1778 3748 1839 l’ra-textati;

479 1825 908 1886 Imperatoris,et
931 1819 1125 1886 Optimi
1158 1821 1801 1888 proconsulis,postquam
1834 1823 2062 1878 fustibus
2173 1853 2378 1888 num";
2438 1853 2476 1888 ιι
2560 1853 2846 1888 ηηηηρεηηε
2901 1851 3108 1888 Apum“;
3165 1848 3426 1888 manu...“
3487 1850 3729 1888 unum”,

868 1848 908 1919 ξι
931 1848 1124 1922 vim"?
1159 1848 1801 1922 ι’·υυυηδυιιδθνιζδιιμηιξη·
1834 1848 2062 1922 "iw-"'5
2173 1853 2402 1916 Quirini.
2438 1853 2523 1914 n.,
2559 1853 2846 1904 Iiodociani
2901 1851 3136 1920 diaconi,
3165 1848 3451 1916 Clementi,
3484 1850 3749 1910 Honorati,

481 1923 652 1962 caesus
677 1917 760 1962 est
783 1919 836 1962 et
868 1910 917 1962 in
949 1909 1232 1977 equulcum
1253 1925 1563 1978 suspensus,
1586 1911 1707 1965 inde
1721 1912 1989 1980 depositus
2011 1924 2066 1969 et
2181 1909 2424 1988 lieducﬁ,
2449 1909 2736 1978 Secundini
2766 1922 3025 1990 cpisconi.

482 1997 746 2067 lapidibus
773 1998 994 2053 obrutus
1023 2009 1124 2054 est.

1866 2093 2076 2150 SMITH
2117 2094 2349 2151 NOTAE.

613 2179 841 2235 Mariani
865 2193 913 2236 et
943 2184 1143 2238 Jacobi.
1159 2183 1397 2250 Quorum
1430 2185 1577 2254 prior
1601 2186 1786 2254 lector,
1804 2189 2072 2255 posterior

487 2253 742 2324 diaconus
785 2264 929 2306 erat:
961 2269 1080 2307 cum
1113 2266 1287 2309 autem
1317 2253 1665 2324 jampridem
1701 2253 2067 2313 infestationes

483 2321 726 2375 Deciana:
781 2325 1164 2386 persecutionis
1216 2321 1475 2379 evicisset'
1534 2327 1832 2391 Marianos;
1880 2329 2073 2392 iterum

485 2406 605 2465 cum
633 2392 946 2465 charissimo
974 2392 1177 2465 collega
1209 2403 1384 2448 tentus
1411 2404 1494 2449 est
1541 2398 1680 2465 apud
1735 2397 2072 2453 Cirtheusem

487 2460 762 2535 Coloniam
792 2461 844 2513 in
876 2460 1157 2518 Numidia:
1202 2465 1291 2518 ubi
1321 2476 1443 2534 post
1469 2460 1590 2519 dira'
1609 2468 1894 2535 supplicia,
1923 2469 1991 2521 ita
2018 2479 2073 2522 ut

2179 2199 2356 2243 tanam
2387 2187 2572 2242 urbem
2603 2187 2790 2242 directi
2824 2188 2888 2241 ad
2923 2187 3224 2255 prmsidem,
3257 2188 3327 2241 ibi
3373 2203 3588 2242 rursum
3612 2187 3759 2253 longo

2183 2269 2423 2328 tempore
2453 2259 2706 2312 carcerali
2736 2261 3002 2325 ergastulo
3036 2259 3343 2322 mancipati,
3388 2270 3440 2312 et
3482 2258 3758 2311 novissime

2180 2345 2298 2382 cum
2357 2329 2536 2382 multis
2586 2329 2701 2382 aliis
2765 2329 2940 2396 gladio
2989 2330 3343 2381 consummati
3411 2338 3558 2382 sunt.
3616 2331 3756 2392 Ado,

2181 2399 2416 2454 Usnard.
2468 2398 2616 2452 Passi
2643 2407 2769 2452 sunt
2814 2401 2864 2451 hi
2895 2409 3155 2466 martyres
3187 2409 3303 2466 post
3327 2399 3381 2454 S.
3417 2398 3756 2466 Cyprianum,

2181 2470 2270 2537 qui
2296 2469 2352 2521 S.
2381 2467 2642 2533 Mariano,
2669 2479 2725 2520 ut
2751 2469 2867 2535 ejus
2893 2477 3006 2522 acta
3038 2468 3336 2529 declarant,
3369 2468 3420 2520 in
3448 2470 3650 2522 visione
3675 2483 3758 2533 ap-

489 2529 761 2609 Marianus
790 2544 885 2609 per
913 2547 1150 2609 summos
1181 2529 1359 2609 apices
1389 2536 1641 2609 pollicum
1670 2529 1983 2609 suspensus,
2015 2547 2071 2594 et

488 2601 635 2665 gravi
670 2601 901 2675 pondere
941 2603 1164 2671 pedibus
1188 2601 1413 2660 innexus
1458 2601 1826 2661 crudelissime
1853 2618 2067 2675 torque-

492 2677 658 2734 retur,
685 2669 776 2722 ditt
798 2672 848 2724 in
871 2669 1088 2726 carcere
1111 2679 1362 2729 macerati
1393 2686 1536 2730 sunt.
1571 2676 1769 2732 Deinde
1798 2669 2077 2732 Lambesi-

2181 2538 2405 2608 paruit,
2450 2540 2584 2608 jaur
2617 2547 2739 2592 ante
2791 2548 2991 2607 martyr
3035 2538 3254 2591 cifectus
3300 2555 3444 2590 anno
3485 2539 3624 2602 258,
3683 2540 3760 2589 die

2184 2607 2618 2679 “Septembris
2646 2625 2659 2672 ;
2689 2618 2745 2662 ut
2772 2609 3012 2661 videatur
3043 2609 3231 2679 horum
3277 2610 3591 2679 martyrium
3619 2621 3762 2674 posse

2189 2678 2381 2733 referri
2411 2683 2464 2731 in
2489 2693 2685 2731 annum
2711 2689 3020 2748 sequentem
3044 2677 3169 2732 259.

494 2829 3076 2856 —-——_—_—~—__———_——_—_—

1929 2967 2331 3049 MAIUS.

1753 3121 1981 3177 EDITIO
2018 3120 2483 3178 COLONIENSIS.

2126 3236 2171 3297 C
2201 3234 2536 3301 diaconibus,
2597 3233 2924 3304 presbyteris
2951 3242 3004 3289 et
3037 3235 3300 3304 episcopis
3345 3237 3418 3290 ibi
3445 3239 3763 3305 constitutis,

2188 3339 2436 3380 reversus
2460 3333 2543 3379 est
2570 3323 2636 3378 ad
2690 3326 2896 3388 Asiam,
2926 3333 2979 3378 et
2999 3325 3137 3394 apud
3167 3325 3494 3394 Hierapolim
3527 3329 3764 3384 dormivit

2193 3417 2244 3470 in
2271 3431 2422 3484 pace.
2454 3416 2686 3470 Jacohus
2716 3432 2863 3482 vero,
2900 3419 2990 3486 qui
3021 3427 3077 3472 et
3124 3418 3287 3473 frater
3318 3419 3535 3475 Domini
3567 3423 3763 3493 legitur,

2194 3518 2313 3577 post
2343 3509 2647 3576 passionem
2679 3508 2887 3561 Domini
2939 3509 3117 3562 statim
3150 3510 3218 3562 ab
3243 3513 3505 3578 apostolis
3533 3513 3768 3567 llicroso.

1179 3234 1407 3289 MAlUS.

856 3325 1024 3382 Habet
1047 3327 1154 3379 dies
1183 3340 1329 3387 xxxi,
1361 3325 1560 3378 Lunam
1590 3341 1720 3378 xxx.

573 3418 634 3472 Β.
656 3418 893 3473 ΚΑιΕΝυ.
929 3418 1074 3471 Man.
1095 3415 1418 3470 —Jeremi:e
1447 3415 1741 3483 prophetat.
1800 3417 1864 3470 Et
1907 3417 2087 3473 natale

509 3519 812 3580 sanctorum
839 3507 1200 3576 apostolorum
1220 3507 1444 3574 Philippi
1471 3505 1742 3571 etJacobi,
1761 3507 1851 3560 lilii
1881 3507 2084 3572 Marim,

510 3616 627 3670 quae
658 3600 751 3653 luit
779 3614 931 3654 soror
960 3598 1142 3652 Matris
1171 3597 1401 3653 Domini.
1449 3597 1529 3651 Ex
1571 3599 1760 3666 quibus
1792 3599 2088 3668 Philippus,
2198 3599 2460 3669 lymorum
2487 3599 2766 3666 episcopus
2796 3598 3073 3652 ordinatus
3104 3607 3208 3654 est.
3235 3600 3328 3652 llic
3355 3600 3422 3654 de
3465 3610 3620 3656 utero
3664 3618 3763 3656 ma-

509 3708 629 3748 cum
660 3707 796 3762 pene
825 3691 1097 3762 Scythiam
1140 3693 1205 3744 ad
1260 3690 1419 3746 ﬁdem
1479 3689 1674 3744 Christi
1715 3693 2091 3756 convertisset,
2199 3693 2295 3744 tris
2318 3701 2534 3744 sanctus
2558 3690 2672 3755 fuit,
2703 3691 2880 3743 vinum
2925 3698 2980 3744 et
3004 3691 3230 3744 siceram
3261 3707 3366 3745 non
3394 3692 3545 3757 bibit,
3575 3708 3771 3747 carnem

1728 3782 1955 3835 EDITIO
2000 3780 2500 3836 BULLANDIANA.

583 3873 1028 3930 L—KALENDIS.
1085 3874 1334 3929 Ieremia:
1390 3873 1685 3941 prophetae.
1722 3873 1788 3926 Et
1827 3872 1878 3927 in
1910 3874 2095 3926 lliero-
2197 3871 2437 3939 Cumque
2466 3869 2726 3939 lapidibus
2751 3879 3050 3938 urgeretur,
3094 3885 3189 3936 pro
3209 3870 3409 3925 eisdem
3433 3876 3780 3939 persecutori-

512 3967 619 4037 poli
666 3965 889 4036 Philippi
928 3966 1155 4036 apostoli
1185 3977 1238 4020 et
1265 3965 1448 4021 Jacobi
1478 3965 1705 4035 apostoli
1762 3964 1939 4018 fratris
1992 3965 2095 4018 Do-
2201 3962 2298 4016 bus
2323 3960 2576 4016 exorabat
2625 3961 2841 4014 dicens:
2877 3961 3046 4028 Rogo,
3079 3961 3304 4013 Domine
3334 3960 3474 4016 Deus
3508 3964 3684 4031 Pater,
3707 3966 3782 4017 di—

512 4057 664 4112 mini.
2206 4055 2355 4109 mitte
2380 4057 2458 4110 eis
2483 4057 2581 4110 hoc
2609 4065 2882 4123 peccatum
2903 4072 2917 4118 ;
2940 4069 3042 4108 non
3065 4055 3206 4108 enim
3230 4057 3405 4110 sciunt
3426 4057 3553 4124 quid
3574 4059 3781 4113 faciunt.

591 4149 751 4203 Addit
795 4148 986 4203 Florus
1013 4150 1064 4204 in
1096 4151 1157 4202 A.
1205 4149 1268 4201 Τ.
1303 4147 1388 4210 L.,
1443 4157 1469 4185 ι
1502 4148 1736 4214 Quormn
1787 4147 1984 4216 primus
2045 4147 2095 4200 in
2207 4151 2271 4204 Et
2299 4164 2423 4204 ecce
2463 4164 2595 4202 unus
2626 4163 2692 4202 ex
2721 4151 2850 4216 ipsis
2896 4149 3048 4214 fullo,
3093 4161 3307 4219 arrepto
3338 4151 3497 4216 fuste,
3557 4170 3662 4221 quo
3691 4156 3784 4208 uda

526 4240 649 4294 Asia
692 4241 746 4292 in
773 4240 985 4294 civitate
1030 4240 1297 4308 Hierapoli
1326 4239 1611 4308 provincia:
1640 4238 1880 4309 Phrygiae
1913 4252 2100 4304 passus
2209 4240 2520 4292 vestimenta
2572 4239 2878 4307 extorqueri
2933 4242 3129 4303 solent,
3160 4243 3379 4295 cerebra
3409 4244 3529 4310 ejus
3571 4244 3719 4299 illisit
3740 4255 3789 4300 et

522 4339 627 4399 est,
653 4332 828 4400 ibique
847 4346 966 4386 cum
990 4332 1197 4387 ﬁliabus
1227 4332 1336 4386 suis
1365 4333 1680 4402 requiescit:
1716 4331 1978 4385 secundus
2008 4347 2101 4384 au-
2139 4373 2181 4428 υ
2212 4332 2300 4386 tali
2329 4333 2583 4400 martyrio
2615 4338 3017 4385 consummatus
3045 4342 3144 4396 (εει,
3166 4348 3227 4387 ac
3250 4333 3490 4401 sepultus
3521 4336 3575 4388 in
3606 4335 3786 4390 eodem

527 4436 636 4481 tem
684 4440 750 4479 ex
798 4435 950 4480 utero
999 4427 1183 4480 matris
1230 4439 1340 4481 sua:
1396 4434 1612 4478 sanctus
1646 4424 1760 4477 fuit.
1802 4423 1935 4478 Huic
1987 4431 2109 4492 post
2141 4422 2170 4428 ⁷
2213 4425 2328 4476 loco
2385 4437 2547 4490 prope
2596 4422 2870 4489 templum.
2931 4422 3198 4492 Scriptum
3254 4426 3305 4478 in
3334 4425 3590 4480 ~llistoria
3631 4430 3790 4481 eccle-

527 4516 906 4572 Ascensioncm
931 4515 1126 4570 Christi
1157 4516 1474 4585 episcopalis
1505 4517 1556 4569 in
1602 4513 1980 4584 Hierosolymis
2009 4515 2104 4568 de-
2211 4516 2443 4577 siaslica,
2472 4514 2606 4567 libro
2636 4530 2690 4567 ιι.
2717 4514 2858 4566 Idem
2886 4515 3073 4568 Florus
3103 4517 3152 4568 in
3186 4517 3247 4568 A.
3280 4517 3342 4570 Τ.
3371 4517 3456 4582 L.,
3487 4519 3689 4572 Eodem
3711 4519 3790 4572 die

528 4605 633 4660 lata
660 4614 743 4660 est
770 4605 838 4660 ab
856 4607 1111 4673 apostolis
1131 4606 1317 4660 sedes:
1349 4606 1440 4660 sed
1468 4622 1587 4659 cum
1612 4605 1807 4658 .ludrcis
1837 4605 2102 4658 Christum
2214 4604 2388 4670 passio
2410 4605 2468 4658 S.
2497 4603 2650 4657 .ludu:
2681 4603 3150 4674 llierosolymitani
3179 4607 3414 4674 episcopi
3433 4620 3792 4676 cognomento

533 4699 627 4754 Dei
654 4698 845 4752 Filium
893 4699 1227 4764 prmdicaret,
1259 4697 1325 4751 de
1357 4696 1515 4764 pinna
1559 4697 1740 4765 templi
1772 4697 1838 4748 ab
1869 4697 1997 4763 ipsis
2025 4705 2107 4748 est
2210 4694 2234 4730 1"
2269 4694 2522 4761 Quiriaci,
2543 4681 2639 4764 qui
2663 4709 2844 4763 passus
2867 4707 2949 4750 est
2979 4696 3032 4750 in
3059 4697 3427 4767 Hierosolyma
3456 4700 3559 4753 sub
3588 4701 3792 4755 Juliano

537 4791 897 4860 praecipitatus
949 4799 1005 4844 et
1057 4788 1318 4858 lapidibus
1373 4790 1612 4843 obrutus.
1675 4788 1963 4860 (Hactenus
2018 4788 2102 4855 Α.)
2214 4787 2557 4851 imperatore.
2602 4785 2852 4853 ctpa~sio
2883 4790 3048 4839 Annae
3081 4789 3264 4842 matris
3288 4788 3550 4856 rjos:seil
3584 4800 3641 4844 et
3667 4792 3790 4844 Am-

1893 4880 2098 4934 Sill'l'll
2142 4879 2364 4932 ΝΟΤΛί.

605 4989 630 5015 ιι
659 4979 705 5033 Α
724 4993 938 5047 quorum
965 4976 1028 5029 ad
1055 4977 1322 5047 requiescit
1341 4975 1514 5029 omnia
1543 4974 1739 5047 desunt
1762 4973 1811 5026 in
1844 4977 1905 5047 A_.
2219 4969 2609 5047 episcopalibus
2631 4969 2884 5047 catalogis
2912 4971 3047 5036 apud
3075 4971 3382 5047 Eusebium,
3414 4973 3789 5037 Epiplianiuni,

606 5050 634 5087 ι’
675 5039 922 5112 Ouiriaci.
985 5039 1134 5102 Ilunc
1205 5046 1734 5114 llierosolymitanum
1809 5045 2113 5110 cpiscomnn
2220 5042 2598 5114 Neepliorum,
2635 5039 3124 5114 'l'ltesqihauemqne
3178 5044 3434 5095 habemus
3465 5050 3788 5112 nominatos,

536 5111 726 5182 fuisse,
779 5135 947 5186 usque
997 5118 1061 5169 ad
1114 5118 1228 5171 hmc
1273 5111 1551 5170 novissima
1609 5115 1798 5167 sa-cula
1850 5115 2117 5166 dubitavit
2219 5123 2270 5163 et
2299 5111 2458 5163 certis
2490 5125 2789 5186 comvornm
2823 5113 3140 5186 scriptorum
3169 5115 3593 5186 ﬂt'!.'tljlt|icnr||||]
3655 5111 3793 5169 ποιοζ

541 5207 736 5254 nemo;
786 5182 883 5242 nec
934 5188 1108 5240 adhuc
1134 5196 1277 5241 esset
1304 5187 1806 5254 dubitamlicausa,
1853 5186 1951 5236 nisi
2010 5197 2113 5236 tam
2222 5198 2337 5234 rum
2366 5182 2724 5232 monumentis
2752 5188 2923 5231 Notos.
2961 5182 3099 5250 Ergo
3137 5186 3262 5235 satis
3310 5185 3445 5235 halm
3471 5187 3794 5240 realiurnei

545 5253 931 5326 multascripta
965 5259 1266 5325 legerentur
1295 5257 1360 5309 de
1389 5270 1548 5309 cruce
1594 5253 1760 5319 ipsius
1807 5256 2002 5326 indicio
2033 5271 2118 5306 re-
2221 5253 2582 5326 episcopatum
2615 5265 2854 5326 quaerere
2883 5268 2896 5313 ;
2945 5267 3116 5320 neque
3156 5263 3267 5306 erat
3296 5256 3344 5303 in
3376 5270 3545 5326 qllttltt
3584 5258 3800 5308 vicinior

544 5339 715 5400 perta,
737 5332 803 5383 de
833 5323 949 5397 ejus
974 5323 1383 5400 ordinationein
1411 5326 1712 5392 episcolinm
1746 5341 1839 5391 per
1865 5324 2116 5400 lielcnam
2223 5323 2526 5388 (-ntijectura
2561 5323 2832 5400 inclinaret
2861 5337 3015 5400 quam
3048 5326 3428 5400 Aneonitanns,
3463 5325 3548 5400 ubi
3597 5326 3798 5391 pridem

549 5392 751 5465 'r-urata,
782 5392 953 5468 deque
977 5399 1232 5469 martyrio
1255 5399 1400 5469 obito
1419 5411 1596 5469 coram
1625 5406 1862 5469 apostata
1886 5395 2118 5448 .luliano.
2227 5402 2477 5469 patronus
2521 5392 2812 5469 colebatur.
2861 5393 2970 5469 _l-|_ac
2998 5408 3123 5469 ergo
3167 5408 3290 5469 usus
3322 5395 3582 5469 Baronius
3605 5405 3660 5449 et
3691 5407 3801 5462 post

548 5461 813 5524 V'idchant
841 5461 1033 5524 eruditi
1062 5461 1184 5531 viri,
1217 5485 1246 5522 a
1274 5469 1331 5522 S.
1361 5465 1610 5530 Macario,
1644 5467 1740 5517 sub
1763 5482 1867 5534 quo
1891 5481 2015 5517 crux
2043 5473 2123 5518 est
2229 5464 2511 5517 liaronium
2548 5461 2798 5534 Ugltellus
2825 5461 3040 5534 aliique.
3066 5464 3282 5527 Quoties
3305 5479 3432 5516 vero
3461 5468 3509 5516 in
3540 5461 3799 5534 Martyro-

549 5540 784 5600 invcnta,
818 5556 983 5610 usque
1011 5541 1075 5594 ad
1098 5540 1362 5594 Julianum
1395 5539 1492 5591 sub
1521 5553 1634 5610 quo
1656 5532 1846 5610 passus
1871 5537 2124 5610 Cyr-incus
2230 5534 2384 5610 logiis
2436 5542 2646 5610 notatur
2687 5532 2884 5610 aliquis
2933 5535 3214 5610 episcopus
3265 5545 3486 5610 martyr,
3539 5532 3723 5610 passus
3749 5537 3800 5587 in

553 5603 912 5674 credebatur,-
938 5612 1139 5664 nullum
1166 5625 1285 5666 esse
1315 5603 1557 5677 cuiquam
1589 5603 1742 5661 alteri
1771 5603 2018 5674 episcopo
2045 5606 2124 5658 lo-
2237 5604 2408 5677 aliqua
2435 5603 2718 5670 episc0pali
2742 5604 2976 5668 civitate,
2994 5605 3150 5677 toties
3173 5603 3551 5670 credituripse
3567 5607 3801 5677 ejusdem

493 5735 498 5742 .
553 5696 697 5751 cum,
755 5683 864 5737 sive
916 5683 1195 5750 catholico,
1251 5681 1360 5736 sive
1417 5674 1684 5744 lict-retire,
1718 5695 1873 5747 quam
1904 5695 2033 5747 quos
2062 5693 2123 5730 ex
2235 5674 2466 5729 civitatis
2501 5677 2658 5727 luisse
2681 5678 2979 5744 cpiscopus,
3027 5675 3076 5726 in
3123 5691 3219 5742 qua
3265 5685 3314 5729 ct
3356 5690 3539 5743 passus
3572 5686 3670 5741 est,
3705 5675 3802 5729 nisi
