3988 6346
200 244 315 304 €97

1321 247 1512 304 SECT.
1559 249 1622 302 ll.
1665 279 1733 289 —
1772 251 2342 308 MARTYROLOGIA.

3375 259 3481 315 898

1465 363 1690 418 EDITIO
1729 363 2192 420 COLONIENSIS.

204 456 412 508 nullam
472 458 723 522 comedit,
775 472 1039 527 nunquam
1083 467 1322 512 attonsus
1352 465 1451 520 est,
1485 471 1582 512 nec
1608 461 2007 516 unctusAtur.
2056 459 2206 512 llunc
2260 456 2449 513 scribat
2494 466 2546 511 et
2604 459 2847 526 pharisaei
2895 462 3356 530 prmeipitaveruut
3409 470 3476 523 de

205 556 508 612 unguento,
541 561 638 600 nec.
665 562 788 601 usus
815 547 1037 610 'balneo,
1069 549 1190 603 huic
1216 548 1316 603 soli
1349 548 1548 601 licitum
1577 556 1692 602 erat
1721 549 1800 602 in-

200 634 357 697 gredi
383 644 566 688 sancta
597 645 929 700 sanctorum;
951 639 1208 706 siquident
1241 639 1477 693 vestibus
1507 638 1671 692 laneis
1692 651 1796 691 non

200 725 482 789 utebatur,
500 726 592 779 sed
619 727 792 795 lineis,
811 729 1065 798 solusque
1096 730 1495 800 ingrediebatur
1518 731 1792 799 templum,

201 820 259 862 et
291 811 417 866 fixis
455 816 676 884 genibus
706 832 802 886 pro
827 820 1020 889 populo
1048 820 1435 888 deprecabatur
1487 822 1536 875 itt
1570 831 1794 887 tantum,

200 915 258 958 ut
287 910 618 964 camelorum
646 911 894 967 duritiam
937 914 1052 983 ejus
1078 931 1247 985 genua
1295 915 1520 970 traxisse
1550 915 1795 970 videreu-

1905 549 2061 618 pinna
2093 551 2294 616 templi,
2327 551 2539 602 fullonis
2571 551 2622 603 in
2649 553 2870 606 cerebro
2894 569 3168 619 percussus
3202 557 3337 612 fuste
3381 574 3476 612 oc-

1903 641 2105 693 cubuit.
2131 640 2365 708 Triginta
2397 655 2563 693 annos
2600 641 2974 712 Hierosolyma!
3003 645 3140 699 rexit
3172 649 3475 714 ecclesiam,

1896 731 2053 800 juxta
2105 732 2354 799 templum
2408 731 2666 798 sepultus.
2715 733 2770 786 In
2817 733 3003 786 Galliis
3049 740 3212 790 sancti
3254 739 3477 793 Andeoli

1899 820 2232 884 subdiaconi,
2267 820 2366 873 sub
2396 820 2598 873 Severo
2627 820 2864 885 Carsat'e,
2895 823 3044 891 cujus
3073 837 3221 892 caput
3273 827 3323 879 in
3357 843 3474 881 mo-

1900 913 2024 966 dunt
2068 913 2243 966 erucis
2283 911 2507 965 scissum
2556 927 2676 965 cutn
2711 913 2851 982 ligno
2878 922 2980 967 est.
3037 917 3256 983 Agauno
3297 917 3475 984 passio

1457 1026 1680 1080 EDITIO
1709 1023 2206 1079 BULLANDIANA.

195 1137 378 1190 monis
410 1138 782 1192 incantatoris.
806 1137 1096 1206 (Ilacteuus
1119 1139 1212 1206 A.)
1242 1139 1370 1191 Nam
1395 1139 1631 1192 Julianus
1659 1153 1784 1206 pro—

199 1231 457 1284 ficiscens
485 1229 743 1283 adversus
775 1229 1046 1283 Persicum
1102 1229 1295 1282 bellum
1328 1245 1446 1282 cttm
1485 1229 1784 1298 llierosoly-

191 1323 292 1374 mis
325 1321 588 1381 venisset,
618 1319 794 1373 statim
855 1319 1094 1388 ejusdem
1144 1321 1286 1372 urbis
1331 1321 1635 1386 episcopum
1686 1322 1785 1375 sibi

187 1413 390 1464 adduci
428 1411 698 1478 praecepit,
721 1419 918 1464 etcum
952 1409 1001 1462 in
1025 1411 1144 1463 fidei
1171 1409 1503 1464 confessione
1538 1421 1786 1464 constan-

188 1501 466 1553 tissitnnm
521 1498 851 1563 invenisset,
902 1499 1061 1567 jussit
1125 1501 1173 1554 ei
1235 1516 1448 1554 mantnn
1509 1502 1782 1557 dexteram

184 1593 432 1647 ahscindi
470 1637 485 1660 ,
547 1593 739 1647 deinde
789 1592 990 1664 forcipe
1040 1593 1209 1647 ferrea
1264 1609 1324 1646 os
1380 1595 1495 1661 ejus
1543 1597 1777 1663 aperiri,

183 1685 582 1754 plutnbumque
625 1686 910 1740 remissum
955 1687 1185 1750 infundi,
1213 1697 1268 1741 ttt
1298 1688 1545 1741 interiora
1577 1689 1781 1741 viscera

179 1774 297 1844 ejus
323 1775 664 1830 efflarentnr.
702 1777 901 1830 Etcum
934 1793 1031 1830 nec
1058 1778 1127 1831 ita
1156 1786 1378 1843 taceret,
1403 1779 1558 1846 jussit
1584 1780 1776 1846 graba-

1893 1133 2214 1199 Christiana,
2234 1133 2390 1203 jussit
2417 1149 2535 1188 eam
2565 1136 2851 1202 imperator
2875 1154 2967 1203 per
2996 1140 3212 1206 capillos
3243 1157 3467 1211 snspen-

1893 1237 2007 1277 Sam
2054 1224 2122 1276 ob
2163 1225 2558 1278 confessionem
2617 1227 2811 1280 Christi
2861 1229 3092 1282 nominis
3141 1235 3471 1300 exungulari,

1893 1330 2219 1384 magnasque
2268 1316 2539 1384 lampadas
2567 1315 2823 1369 lateribus
2861 1317 2976 1383 ejus
3023 1320 3273 1387 applicari
3308 1338 3473 1390 usque

1893 1407 2016 1457 dum
2043 1406 2317 1459 deliceret.
2354 1406 2539 1460 Postea
2569 1421 2696 1460 vero
2721 1407 2995 1472 Quiriacus
3022 1420 3255 1475 vocatus,
3283 1413 3332 1464 in
3359 1413 3468 1466 fos-

1891 1511 2002 1549 s:im
2031 1495 2372 1562 serpentibus
2399 1497 2604 1563 plenam
2630 1497 2843 1564 missus,
2875 1501 3034 1551 exivit
3059 1500 3271 1555 illaesos.
3317 1505 3467 1570 Quod

1892 1587 2115 1640 Ammon
2145 1587 2442 1642 incantatur
2465 1587 2672 1654 videns,
2689 1588 2884 1642 Christi
2904 1593 3147 1645 virtutem
3167 1594 3467 1662 confessus,

1885 1679 2058 1731 statim
2101 1678 2280 1747 jussus
2318 1690 2401 1733 est
2433 1679 2704 1734 decollari.
2737 1680 2962 1735 Sanctus
3015 1699 3138 1738 vero
3185 1687 3465 1750 Qniriacus

1889 1771 1941 1825 in
1971 1772 2075 1824 olei
2111 1772 2364 1825 ferventis
2386 1773 2639 1824 cacahum
2669 1773 2883 1839 missus,
2909 1789 3030 1827 cum
3057 1791 3158 1829 non
3187 1779 3460 1843 deficeret,

185 1876 304 1918 tmtt
341 1882 550 1921 cereum
573 1868 774 1930 all'erri,
805 1877 859 1921 et
904 1871 952 1920 in
982 1883 1046 1922 eo
1077 1869 1289 1922 extendi
1320 1879 1561 1922 sanctum
1585 1868 1774 1931 virum,
1815 1871 1854 1928 Β
1881 1863 2040 1930 jussit
2070 1879 2189 1916 eum
2215 1879 2430 1933 'magno
2455 1877 2624 1916 cuneo
2647 1864 2697 1915 in
2725 1878 2906 1928 pectus
2932 1866 3088 1922 ferire
3118 1869 3296 1938 sicque
3322 1873 3464 1926 occi-

182 1967 234 2008 ct
260 1956 548 2010 substerni
581 1957 842 2011 carbones
885 1957 1019 2026 ignis
1060 1968 1112 2011 et
1152 1958 1326 2026 spargi
1357 1972 1518 2026 super
1547 1973 1667 2012 eum
1696 1959 1774 2012 sal

177 2059 228 2101 et
257 2048 503 2114 adipem,
534 2056 588 2101 et
630 2049 847 2116 insuper
876 2049 1038 2117 virgis
1063 2049 1218 2112 czedi,
1250 2060 1305 2102 ut
1331 2059 1514 2104 venter
1553 2060 1604 2103 et
1637 2050 1775 2105 inte~

180 2138 325 2190 riora
359 2140 566 2191 viscera
595 2139 712 2208 ejus
740 2137 1048 2193 laxarentur
1073 2140 1138 2191 ab
1169 2140 1308 2207 igne.
1342 2141 1646 2208 Taliterque
1672 2143 1776 2194 vir-

179 2238 297 2282 tute
324 2229 541 2282 Domini
600 2230 821 2283 necdum
853 2240 1194 2296 consumpto,
1230 2245 1348 2282 cum
1380 2242 1565 2298 postea
1607 2231 1774 2286 inclu-

177 2333 269 2372 sus
297 2327 636 2380 servaretur,
671 2320 814 2374 venit
858 2319 1074 2382 adeum
1111 2325 1258 2373 Anna
1291 2332 1459 2374 mater
1503 2321 1618 2390 ejus
1647 2337 1773 2375 eon-

178 2411 369 2466 solans
414 2422 472 2467 et
521 2410 876 2467 corroborans
917 2426 1059 2466 eum.
1119 2411 1184 2464 Et
1231 2426 1352 2465 cum
1404 2414 1578 2480 agnita
1632 2423 1775 2467 esset

1879 1957 2030 2009 dere.
2064 1955 2150 2020 l..,
2183 1955 2444 2022 Scriptum
2472 1955 2522 2007 in
2557 1956 2804 2022 passione
2837 1956 3018 2024 ipsius.

1951 2089 2043 2154 C.,
2079 2090 2143 2142 Et
2169 2089 2226 2142 S.
2253 2098 2278 2124 ⁸
2312 2089 2634 2155 Sigismundi
2667 2088 2822 2150 regis.
2858 2089 2940 2150 η,
2975 2089 3026 2142 1η
3057 2090 3250 2144 Tolosa
3280 2097 3455 2149 natale

1879 2161 1935 2214 S.
1970 2159 1995 2197 δ
2045 2159 2266 2212 ()rientii
2298 2159 2552 2226 episcopi.
2585 2159 2947 2210 Autissiodoro
2976 2160 3160 2213 Galliae
3193 2163 3455 2227 depositio

1879 2230 1936 2284 S.
1977 2240 1998 2268 ο
2033 2229 2296 2282 Amatoris
2333 2229 2586 2296 episcopi.
2640 2232 2859 2298 Aganno
2909 2232 3084 2296 passio
3131 2232 3455 2298 Sigismnndi

1879 2300 2040 2363 regis.
2071 2299 2354 2351 Cornubiie
2378 2299 2551 2349 natale
2571 2298 2627 2350 S.
2661 2296 2686 2332 ἀ
2718 2296 3353 2357 Conriutiniconfessoris
3377 2314 3458 2358 at-

1880 2385 1982 2438 que
2013 2369 2295 2439 pontificis.
2324 2367 2392 2421 Et
2424 2375 2445 2402 °
2478 2367 2633 2420 Bricii
2666 2368 2921 2435 episc0pi.

1570 2503 1777 2557 SMITII
1816 2502 2048 2557 ΝΟΤᾸΞ.

175 2592 228 2646 id
280 2594 505 2648 aliunde
534 2595 893 2662 prohibeatur,
943 2596 1172 2649 mavime
1212 2596 1423 2664 quando
1452 2596 1502 2650 in
1545 2598 1766 2650 vetustis

171 2668 437 2734 cataiogis
467 2668 703 2730 ejusdem
739 2682 928 2720 nomen
961 2667 1243 2719 invenitur.
1287 2667 1376 2722 Sic
1420 2681 1580 2734 porro
1625 2667 1762 2720 inter

176 2733 212 2806 l_l
225 2735 696 2806 ierosolymitanos
718 2739 993 2804 episcopos
1010 2737 1246 2791 decitnus
1262 2733 1476 2806 quintus
1502 2738 1762 2792 invenitur

170 2803 384 2856 Iudas:
439 2803 510 2858 de
561 2821 666 2872 quo
715 2803 1034 2873 prmsumere
1065 2803 1344 2873 possumus
1369 2807 1506 2874 quod
1536 2811 1615 2859 vel
1650 2807 1762 2872 ipse

171 2875 393 2941 (Lyriani
425 2888 833 2944 cognomentum
876 2876 1183 2943 assumpsit,
1208 2879 1289 2929 vel
1320 2879 1522 2944 accepit
1553 2891 1580 2927 a
1603 2877 1761 2928 Citri-

171 2945 365 2996 snaois
400 2985 414 3004 ,
460 2958 674 3012 propter
727 2947 1038 2999 memoriam
1093 2947 1377 3014 proditoris
1408 2985 1423 3007 ,
1481 2949 1762 3014 gentisque

170 3015 524 3066 exsecrabilis
548 3016 747 3082 oditttn,
779 3032 972 3076 nomen
993 3015 1108 3084 ejus
1136 3017 1404 3083 proprium
1431 3015 1568 3069 ltattd
1591 3017 1758 3069 liben-

175 3094 254 3135 ter
315 3085 716 3150 nsurpantibus.
779 3085 854 3138 De
907 3086 1006 3139 hoc
1060 3087 1125 3139 ita
1167 3087 1352 3140 serihit
1397 3087 1762 3140 Theudoricus

177 3153 326 3204 l'auli
353 3169 366 3206 :
404 3172 420 3202 ‹
461 3153 620 3206 .Iudas
651 3171 780 3210 vero
805 3164 1016 3209 sanctus
1047 3158 1362 3223 patriarcha,
1391 3157 1504 3210 dire
1527 3167 1761 3210 tormen-

176 3232 318 3274 tatus
346 3239 374 3273 a
403 3225 721 3294 .lndzeistet
749 3228 944 3292 saepius
973 3226 1196 3279 diversis
1241 3227 1412 3294 ptenis
1444 3226 1758 3290 lacessitus;

175 3305 400 3364 propter
433 3295 588 3346 fideut
620 3293 814 3348 Christi
841 3295 1052 3348 tandem
1075 3297 1172 3349 sub
1197 3293 1515 3364 imperatore
1532 3297 1625 3348 Adi
1643 3299 1762 3351 iano

170 3363 369 3428 capitis
396 3364 800 3418 obtruncatione
823 3381 1074 3418 coronam
1108 3363 1343 3434 Martyrii
1391 3367 1584 3418 meruit
1622 3369 1761 3419 acci-

173 3447 322 3494 pete.
350 3451 383 3504 ν»
413 3435 563 3498 Quod
596 3435 805 3502 quidem
840 3439 1146 3504 martyrium
1178 3437 1304 3488 satis
1327 3445 1533 3489 certum
1563 3437 1762 3490 videbi-

173 3512 296 3573 tur,
314 3503 358 3553 si
390 3506 695 3556 consuleret
723 3507 878 3556 linem
903 3503 1224 3572 judaizantis
1257 3506 1634 3573 Hierusolytuis
1661 3509 1759 3560 I‘Jc-

165 3571 372 3640 ciesi;t-,
398 3585 551 3639 prottt
572 3573 615 3624 is
639 3571 956 3627 describitur
970 3576 1106 3640 apud
1129 3577 1437 3628 Eusebium:
1469 3571 1758 3631 secundum

166 3639 328 3712 cujus
355 3645 684 3712 Chronicon,
740 3645 953 3697 ultimus
1001 3639 1064 3698 ex
1113 3647 1520 3699 circumcisione
1574 3647 1756 3712 Judas,

170 3711 389 3776 pra-fuit
448 3728 614 3780 usque
665 3716 729 3766 ad
789 3717 1122 3768 eversionem
1189 3731 1345 3783 quam
1400 3718 1467 3768 ab
1525 3711 1760 3770 Adriano

171 3795 460 3853 perpessa,
488 3791 570 3834 est
614 3785 930 3849 Jerusalem,
994 3787 1094 3838 hoc
1121 3794 1203 3838 est
1233 3800 1400 3853 usque
1439 3785 1503 3837 ad
1560 3801 1756 3840 annum

168 3851 390 3902 ('i-t'llcr
444 3852 562 3905 12H.
601 3853 870 3908 Usuardus
900 3868 950 3905 et
994 3855 1109 3908 Ado
1153 3851 1532 3907 transtulerunt
1566 3873 1756 3911 tmmen

169 3934 217 3968 ct
249 3921 484 3984 elogium
518 3922 668 3976 Jndze
695 3925 924 3989 Quiriaci
945 3939 973 3975 a
1010 3926 1179 3989 primo
1204 3925 1325 3976 Maii
1357 3926 1406 3977 itt
1437 3926 1574 3979 diem
1600 3942 1757 3994 quar-

171 4005 304 4043 tam.
334 3994 480 4053 Quos
505 3995 744 4057 sequitur
772 4009 896 4046 usus
928 3994 1176 4046 Romanae
1202 3994 1470 4047 ECCICSlLL’.

246 4069 270 4093 ³
317 4061 658 4130 Sigismundi.
709 4064 803 4129 Qui
854 4063 990 4116 filius
1038 4066 1132 4116 fuit
1177 4064 1483 4117 Gundebadi
1520 4065 1756 4131 llttl’gllll-

166 4128 586 4202 dionmtiregis,
626 4143 678 4186 et
708 4128 909 4200 primus
955 4149 1019 4187 ex
1047 4133 1160 4202 ejus
1186 4146 1341 4201 gente
1381 4132 1467 4200 qui
1497 4128 1752 4187 Christia-

167 4216 292 4272 nam
330 4200 640 4268 religionem
671 4205 955 4270 amplexus
984 4200 1086 4256 est.
1113 4200 1314 4270 Aganni
1364 4203 1587 4256 instituit
1617 4206 1756 4272 psal-

171 4271 664 4340 lentintnichoros.
718 4274 848 4326 Cum
910 4285 1084 4327 autem
1134 4273 1320 4326 Franci
1365 4277 1584 4340 plurima
1620 4271 1753 4328 flere

169 4355 334 4404 regna
395 4339 686 4395 Galliarum
753 4343 1130 4406 devastarent,
1184 4339 1466 4396 multitudo
1521 4347 1748 4397 maxima

171 4387 609 4482 lliirgttttdionunt
639 4427 698 4466 se
729 4411 946 4466 Francis
997 4387 1234 4466 sociavit.
1264 4415 1413 4467 'I'Unc
1450 4413 1749 4482 Sigismun-
1782 4387 1827 4444 θ

169 4493 269 4529 uos
304 4479 491 4532 videns
519 4496 576 4533 se
608 4482 726 4535 ltinc
759 4485 879 4536 inde
918 4484 1275 4549 coangustari,
1311 4479 1558 4537 Versallis
1601 4502 1749 4539 mon-

169 4559 277 4599 tem
313 4551 552 4615 expetiit.
577 4561 632 4604 et
664 4552 893 4605 habitum
922 4553 1164 4605 monachi
1191 4556 1436 4620 sumpsit.
1469 4558 1510 4605 A
1534 4557 1644 4607 suis
1676 4567 1751 4607 ta-

171 4634 292 4690 men
324 4621 590 4690 proditus,
609 4635 795 4689 captus
817 4631 918 4685 est,
943 4634 995 4674 et
1020 4639 1117 4674 una
1145 4638 1263 4676 cum
1287 4623 1508 4690 conjuge
1531 4635 1584 4676 et
1608 4627 1747 4689 filiis,

170 4687 451 4754 tiystaldo,
478 4701 530 4742 et
549 4687 912 4755 Gundebaldo,
939 4692 1003 4743 ad
1029 4696 1199 4745 locum
1229 4694 1315 4746 cui
1351 4687 1498 4746 usus
1523 4687 1750 4748 vocabué

168 4759 283 4830 lunt
339 4769 442 4830 est,
477 4763 799 4826 perductus;
856 4764 1031 4828 ibique
1073 4777 1258 4815 omnes
1300 4765 1349 4816 in
1383 4773 1594 4830 puteum
1626 4776 1748 4817 sunt

170 4827 418 4894 projecti.
472 4831 760 4884 'l‘rans‘acto
809 4827 956 4885 vero,
991 4833 1218 4885 triennio
1260 4827 1406 4887 sacra
1438 4849 1662 4900 corpora
1696 4839 1746 4889 itt

169 4902 493 4965 Agaunense
523 4902 901 4955 monasterium
928 4901 1317 4955 deferebantur.
1368 4904 1502 4955 Ado.
1555 4906 1746 4959 l’assus

167 4977 251 5019 est
310 4969 456 5041 circa
513 4984 706 5024 annum
739 4971 874 5041 524Ἀ
903 4987 1008 5040 quo
1049 4975 1210 5026 frater
1237 4975 1352 5038 ejus
1381 4974 1746 5028 Condcmarus

171 5050 264 5108 rex
334 5038 762 5108 Burgundionum
835 5038 1108 5094 ordinatus
1179 5046 1399 5097 traditur
1470 5047 1520 5097 itt
1596 5045 1744 5099 Marii

169 5107 457 5162 Chronico.

241 5177 267 5251 |_>
293 5179 531 5251 Orientii.
549 5180 793 5250 Episcopi
816 5182 1125 5236 Ausciornm
1155 5182 1204 5236 in
1227 5183 1739 5251 Novempopulania:

171 5248 261 5313 qni
294 5249 414 5322 ideo
437 5251 576 5317 apud
596 5248 896 5305 ToloSanos
932 5255 1158 5307 cechris
1188 5255 1300 5318 fuit,
1333 5248 1452 5322 quia
1477 5248 1594 5306 cum
1627 5257 1744 5308 lto-

172 5332 364 5372 manus
405 5320 690 5386 imperator
719 5323 858 5376 misit
885 5325 1045 5376 duces
1100 5325 1312 5378 Aetium
1352 5320 1414 5376 ct
1462 5325 1738 5378 Littorittnt

1883 2607 2068 2650 orante
2093 2595 2150 2651 S.
2182 2594 2442 2656 Orientio,
2476 2595 2725 2646 I.ittorius
2753 2603 2936 2660 captus
2963 2603 3041 2647 est
3093 2611 3122 2648 a
3177 2596 3457 2655 Tolosanis

1871 2677 1924 2719 et
1953 2666 2182 2726 occisus,
2224 2675 2276 2718 et
2310 2666 2530 2717 liberata
2562 2667 2751 2716 civitas
2788 2668 2924 2715 citca
2968 2682 3056 2718 an.
3099 2665 3220 2721 459.
3257 2668 3310 2720 In
3356 2669 3456 2727 hac

1872 2731 2002 2807 urbe
2031 2736 2094 2788 ad
2124 2734 2248 2807 ejus
2275 2735 2582 2786 memoriam
2611 2744 2786 2807 erecta
2815 2745 2895 2807 est
2920 2735 3141 2802 capella,
3173 2752 3453 2807 qtta2p03t-

1872 2806 2086 2858 modum
2141 2805 2332 2858 tradita
2363 2813 2445 2856 est
2498 2803 2775 2857 monachs
2805 2804 3101 2871 Ctttcigeris
3131 2824 3141 2857 :
3175 2819 3231 2858 ut
3271 2803 3454 2864 autem

1871 2879 2080 2947 antiqua
2105 2873 2219 2947 ejus
2249 2874 2517 2947 veneratio
2551 2873 2715 2940 magis
2743 2874 3082 2947 stabiliretnr,
3112 2877 3301 2943 aliqua:
3327 2878 3445 2947 ejus

1871 2946 2114 3012 reliquia:
2166 2945 2362 2998 Auscio
2417 2945 2606 2997 delafte
2650 2954 2774 2997 sunt
2825 2944 3094 3009 Tolosam,
3128 2958 3176 2998 et
3211 2962 3278 2998 xtt
3329 2944 3452 3002 Julii

1792 3047 1836 3107 ρ
1872 3019 1994 3093 anni
2051 3014 2189 3107 φεῖ-ι
2237 3016 2433 3107 ghla‘t‘ar
2488 3014 2749 3107 religipsis
2791 3015 2997 3107 ﬁancta:
3031 3015 3241 3106 'Crucis,
3270 3028 3450 3107 .at'qtte

1869 3088 1919 3137 in
1976 3085 2194 3138 ecclesia
2239 3085 2296 3139 S.
2347 3085 2568 3138 Orientii
2620 3085 2899 3152 άεροεὶιίυ.
2946 3085 3078 3140 Acta
3143 3087 3284 3153 apttd
3327 3088 3447 3144 Bol-

1865 3155 2076 3208 lantiunt

1937 3235 1957 3261 ο
1989 3225 2263 3279 Amatoris.
2310 3223 2552 3292 EpiscOpi
2610 3225 3027 3289 etc0ufessoris,
3061 3225 3147 3293 qui
3179 3239 3206 3278 a
3251 3227 3438 3294 primis

1863 3297 2015 3348 annis
2047 3297 2234 3349 litteris
2265 3296 2522 3356 eruditus,
2559 3295 2769 3362 Deoque
2809 3295 3056 3358 devotus,
3084 3296 3295 3362 invitus,
3331 3299 3438 3353 imo

1861 3373 2100 3430 coactus,
2134 3382 2350 3418 uxorem
2405 3367 2663 3425 virginem
2723 3365 3056 3433 nobilemque
3109 3366 3295 3420 duxit:
3346 3371 3440 3424 sed

1868 3433 1976 3488 Deo
2005 3434 2120 3502 ejus
2148 3436 2403 3488 voluntati
2431 3445 2719 3495 annuente,
2743 3450 2864 3510 eam
2898 3436 2996 3510 sibi
3015 3436 3445 3510 ’similemrepe-

1862 3509 2022 3568 riens,
2059 3521 2160 3557 non
2194 3509 2363 3557 solum
2397 3521 2500 3557 non
2531 3506 2802 3576 cognovit,
2835 3507 2927 3558 sed
2959 3506 3178 3573 uterque
3232 3509 3445 3575 virgini-

1861 3585 2022 3627 tatem
2057 3577 2218 3638 vovit,
2253 3588 2307 3628 et
2362 3576 2452 3628 Dei
2500 3575 2720 3642 angelus
2761 3591 2987 3630 coronas
3016 3576 3146 3630 duas
3178 3579 3442 3644 capitibus

1859 3661 2041 3697 eorum
2075 3647 2343 3710 imposuit.
2377 3652 2710 3712 Quapropter
2743 3649 2889 3711 virgo
2921 3661 3112 3712 Sponsa
3165 3660 3438 3702 monaste-

1860 3717 1993 3767 rium
2021 3718 2314 3783 puellarum
2345 3717 2580 3782 ingressa
2609 3725 2689 3767 est
2713 3733 2726 3766 :
2755 3719 2972 3769 Amator
2997 3716 3224 3770 clericus
3250 3719 3437 3783 lactus,

1860 3799 1974 3850 post
2005 3797 2224 3838 nturtetn
2251 3787 2414 3838 Eladit
2443 3785 2920 3837 Antissiodoreusis
2949 3788 3202 3854 episcopi,
3239 3787 3435 3843 ibidem

1857 3856 2196 3922 subrogatnr,
2212 3871 2366 3921 quant
2397 3857 2575 3908 sedem
2600 3854 2667 3906 50
2697 3869 2866 3907 annos
2892 3857 3073 3907 tenuit.
3102 3856 3230 3908 Cum
3259 3870 3436 3914 autem

1859 3927 1957 3974 sibi
1993 3935 2214 3977 mortem
2254 3925 2450 3977 instare
2482 3935 2844 3991 cognosceret,
2871 3927 2932 3976 ad
2961 3927 3235 3977 ecclesiam
3281 3943 3434 3982 accc-

1855 3991 1986 4045 dens
2009 3997 2221 4046 missam
2247 3996 2548 4056 celebravit,
2578 4003 2631 4045 et
2662 3997 2906 4061 populum
2939 3996 3255 4046 benedicens
3296 4008 3349 4050 et
3381 3999 3430 4050 itt

1859 4062 2053 4114 throno
2085 4066 2323 4115 residens
2354 4066 2581 4115 animant
2633 4064 2848 4115 el'llavit.
2883 4067 3094 4128 Quievit
3124 4074 3299 4118 antettt
3351 4070 3432 4122 vir

1855 4145 2069 4184 Sanctus
2097 4149 2238 4185 anno
2261 4134 2382 4186 -’i‘2l.
2417 4133 2634 4185 (inimus
2664 4136 2937 4186 Sescxsw.

1925 4202 1947 4239 ά
1979 4199 2284 4255 Conriutiui.
2333 4206 2499 4256 Aliter
2552 4204 2844 4264 (Jotentini,
2879 4203 3114 4270 episcopi
3163 4203 3433 4272 Corisopi-

1856 4273 2017 4342 tensis
2073 4276 2121 4325 in
2181 4274 2451 4326 Britannia
2483 4273 2776 4325 Armorica.
2822 4275 3119 4326 'l‘ranslatio
3148 4277 3261 4342 ejus
3291 4283 3431 4329 cele-

1855 4341 2036 4394 bratur
2059 4343 2157 4395 hoc
2184 4345 2271 4397 die
2304 4344 2353 4395 itt
2388 4345 2619 4395 Ecclesia
2648 4343 3057 4409 Corisopitensi;
3086 4347 3150 4396 de
3174 4341 3432 4410 apostolis

1857 4428 1981 4464 vero
2015 4413 2249 4481 proxima
2281 4415 2364 4466 die
2397 4431 2497 4466 non
2526 4414 2792 4480 impedita.
2826 4417 2890 4466 At
2924 4431 3015 4481 per
3043 4415 3310 4470 dioecesim
3370 4420 3427 4470 lit

1854 4483 1919 4532 tle
1952 4487 2005 4535 S.
2033 4484 2322 4538 Corentino
2368 4486 2610 4552 proxima
2653 4482 2736 4536 die
2764 4498 2865 4536 non
2913 4488 3178 4552 impedita.
3228 4489 3434 4539 Memo-

1855 4562 1998 4604 ratur
2037 4555 2193 4607 etiam
2253 4556 2352 4606 hoc
2395 4555 2479 4607 tlze
2535 4555 2586 4606 itt
2619 4571 2717 4606 ms.
2753 4555 3146 4616 liarberiniano,
3176 4556 3428 4610 Carmeli-

1855 4631 1976 4675 tano
2037 4625 2266 4677 Colonia:
2323 4639 2623 4686 ιιεευιθνίιιος
2680 4639 2775 4676 nec
2825 4641 2923 4676 non
2981 4627 3114 4691 apud
3171 4628 3426 4680 Bellinum

1855 4692 2068 4746 Parisiis
2119 4708 2352 4755 anetum,
2422 4694 2742 4756 Gri-venum,
2800 4695 3083 4759 lilolauuiu,
3134 4697 3423 4757 Canisinm,

1849 4763 2155 4817 Sanssaium
2205 4775 2258 4818 et
2313 4765 2462 4817 alios.
2525 4765 2642 4817 Dies
2673 4767 2858 4819 natalis
2890 4774 2970 4818 est
2999 4779 3068 4817 χιι
3104 4765 3422 4822 Decembris.
3459 4810 3462 4814 ι

1852 4831 2115 4886 necesse.

1921 4910 1946 4936 θ
1974 4904 2148 4958 Ιίτίεἱὶ.
2173 4903 2338 4956 Aliter
2369 4904 2557 4964 Brioci,
2602 4905 2831 4971 episcopi
2862 4906 2909 4957 in
2942 4903 3202 4956 Britannia
3233 4905 3422 4959 Armo-

1850 4971 1978 5024 rica.
2013 4974 2178 5042 Hujus
2208 4985 2320 5026 acta
2349 4975 2511 5026 edidit
2540 4974 2740 5027 Gallice
2770 4977 3015 5027 Alberltts
3047 4976 3093 5026 le
3133 4976 3332 5040 (irand,
3368 4977 3418 5030 itt

1851 5051 2070 5096 traeiatu
2099 5047 2164 5098 de
2198 5045 2325 5097 Vitis
2344 5056 2647 5096 sani-torum
2685 5047 2962 5097 Britannia:
2992 5045 3301 5108 Armoricae,
3323 5048 3416 5099 ad-

1848 5111 1971 5165 ditis
2003 5113 2124 5166 hinc
2156 5116 2278 5168 inde
2306 5116 2570 5167 nonnullis
2600 5131 2612 5165 :
2655 5117 2781 5166 citat
2811 5127 3060 5181 praeterea
3091 5113 3413 5169 Breviartnm

1848 5181 2134 5236 Leonensis
2174 5186 2416 5237 dimeesis
2447 5186 2495 5236 itt
2527 5185 2708 5237 eadem
2746 5185 3005 5237 Britannia
3037 5184 3331 5245 Armorica,
3367 5189 3417 5239 in

1843 5267 1946 5319 qua
1977 5256 2168 5308 asserit
2197 5255 2385 5307 festum
2417 5255 2530 5323 ejus
2561 5257 2816 5308 celebrari
2864 5271 2982 5307 XXIX
3016 5255 3228 5319 Aprilis.
3285 5255 3415 5310 llinc

1846 5325 2022 5376 forsan
2078 5325 2355 5378 Saussains
2417 5323 2678 5377 transtulit
2733 5326 2846 5390 ejus
2904 5327 3091 5377 festum
3163 5326 3225 5377 ad
3272 5325 3411 5381 diem

171 5398 358 5439 contra
392 5388 778 5445 Theodericum
837 5408 1011 5461 regem
1042 5393 1358 5461 Gothorum,
1393 5411 1481 5448 rex
1513 5396 1740 5449 adventu

171 5469 357 5531 eorttnt
387 5463 625 5526 territus,
656 5477 684 5514 a
726 5463 780 5514 S.
808 5461 1042 5516 Ot‘ietttio
1068 5466 1302 5530 poposcit
1331 5466 1658 5531 praesidium,
1687 5475 1741 5518 et

173 5541 296 5602 eum
345 5530 573 5602 legatum
605 5533 670 5584 ad
704 5532 881 5585 hostes
913 5534 1074 5585 misit.
1107 5537 1269 5600 Quom
1320 5530 1526 5602 quidem
1557 5537 1739 5588 Aetius

174 5597 424 5673 benigne,
451 5600 704 5655 tultorius
727 5617 850 5656 vero
882 5597 1146 5657 malevole'
1177 5597 1402 5673 excepit,
1447 5607 1652 5658 minans
1680 5619 1738 5658 se

175 5666 456 5724 Tolosatis:
488 5673 602 5728 urbi
633 5673 851 5728 exitium
883 5675 1143 5730 daturum.
1185 5677 1285 5731 Pro
1312 5666 1533 5733 civitate
1566 5686 1735 5732 tamen

1844 5407 1946 5445 xxx
1975 5396 2191 5460 Aprilis.
2209 5398 2410 5463 Allegat
2430 5394 2566 5446 idem
2589 5394 2830 5448 Albertus
2853 5393 3174 5447 Breviarintn
3197 5395 3415 5448 Coriso-

1842 5463 2064 5529 pitcnse,
2111 5467 2160 5518 itt
2182 5482 2284 5533 quo
2317 5465 2471 5518 tradit
2500 5464 3077 5530 l'csnttnejuSCelchrari
3109 5465 3193 5519 die
3220 5481 3252 5519 tt
3276 5464 3415 5522 Maii.

1841 5534 2106 5587 Atfcstum
2128 5536 2480 5589 translationis
2502 5535 2834 5602 reliquiarum
2860 5537 2923 5586 ad
2951 5534 3211 5602 propriattt
3241 5539 3418 5590 eccle-

1840 5607 1971 5657 siam
2024 5606 2196 5672 agitur
2240 5621 2365 5659 xvm
2397 5607 2655 5660 Octobris.
2690 5605 2843 5658 Juxta
2879 5609 3160 5660 liriocense
3201 5606 3412 5660 Brevia-

1842 5675 1975 5730 rium
2009 5685 2213 5744 tempus
2260 5677 2379 5732 vita:
2427 5676 2596 5744 colligi
2640 5673 2797 5733 debet
2825 5692 2888 5733 cx
2920 5685 3159 5746 tempore
3190 5677 3331 5733 sedis
3360 5685 3416 5732 ct
