3988 6346
518 363 624 420 899

1269 357 1470 413 BED/E
1511 356 1967 416 VENERABILIS
2004 357 2155 414 OPP.
2197 355 2376 412 PARS
2414 356 2504 412 IV.
2529 385 2600 400 -—
2638 356 3016 415 lilSTORiCA.

3664 352 3769 407 900

1773 469 2001 525 EDITIO
2039 467 2499 525 COLONIENSIS.

522 563 689 618 sancti
719 560 1039 631 Sigismundi
1066 559 1229 629 regis,
1249 558 1337 613 ﬁlii
1360 556 1673 613 Gundebadi
1697 559 1839 627 regis
1866 556 2101 629 Burguti-
2125 569 2181 628 Α
2204 570 2419 612 carcere
2438 558 2769 626 quieverunt.

521 655 762 717 dionum,
790 654 878 721 qui
902 667 1021 705 cum
1048 665 1106 705 se
1137 658 1381 704 cerneret
1406 663 1509 703 non
1541 663 1700 718 posse
1728 650 1947 704 Francis
1966 651 2099 706 resi-

522 756 685 809 stere,
712 747 857 799 solus
888 745 1313 813 fugiens,contra
1343 741 1583 810 deposita
1617 741 1854 796 habitum
1881 742 2099 814 religio-

523 835 606 890 nis
632 836 883 903 suscepit,
908 843 961 888 et
983 830 1223 901 jejuniis,
1243 831 1452 900 vigiliis,
1472 830 1558 887 die
1586 842 1846 902 nocteque
1876 846 2095 896 vacans,

523 938 708 995 captus
729 935 811 979 est
830 941 857 978 a
879 924 1098 979 Francis
1124 938 1243 976 cum
1264 937 1429 977 uxore
1453 935 1516 976 ac
1548 922 1686 984 ﬁliis,
1706 922 1758 976 in
1776 930 2099 993 puteumque

521 1019 799 1071 demersus
826 1015 1106 1069 occubuit:
1135 1022 1317 1081 postea
1346 1026 1475 1066 vero
1502 1011 1709 1065 cuidam
1733 1012 1911 1067 abbati
1940 1027 2098 1068 reve-

527 1112 666 1163 latus
697 1117 800 1172 est,
835 1115 888 1160 et
912 1106 978 1159 ab
1005 1120 1069 1158 eo
1100 1114 1406 1158 reverenter
1433 1104 1693 1170 sepultus,
1737 1104 1893 1157 etiam
1924 1105 2098 1159 mira-

520 1198 654 1251 culis
695 1196 903 1248 claruit.
942 1195 1004 1247 Et
1044 1193 1215 1246 natale
1258 1192 1315 1246 S.
1350 1190 1649 1260 Walpnrgze
1681 1190 1918 1259 virginis.
1955 1193 2014 1245 Et
2046 1193 2096 1246 in

524 1285 904 1356 llierosolymis
976 1284 1154 1352 passio
1222 1290 1423 1335 sancta:
1489 1280 1640 1334 ludat
1688 1282 1799 1334 sive
1863 1281 2096 1346 Quiriaci

520 1379 778 1448 episc0pi,
804 1378 887 1431 cui
921 1376 1213 1430 revelatum
1239 1382 1323 1427 est
1344 1373 1541 1441 lignum
1587 1374 1871 1427 Dominicaa
1899 1375 2095 1431 crucis.

593 1470 654 1526 C.
698 1470 765 1525 VI
816 1469 948 1522 Non.
1010 1465 1438 1520 Mein—Natale
1491 1465 1658 1519 sancti
1712 1466 1878 1532 patris
1932 1466 2096 1518 nostri

528 1559 827 1625 Athanasii,
862 1557 1233 1612 Alexandriam
1257 1556 1402 1609 urbis
1423 1555 1655 1623 episcopi
1676 1564 1729 1609 et
1751 1555 2095 1620 confessoris,

519 1655 610 1722 qui
638 1654 830 1708 multas
876 1653 1220 1707 Arrianorum
1250 1664 1537 1720 perpessus
1566 1659 1649 1703 est
1677 1649 1914 1713 insidias,
1968 1663 2095 1717 qua-

520 1749 821 1816 dragesimo
851 1755 903 1800 et
927 1753 1079 1798 sexto
1106 1757 1246 1796 anno
1286 1742 1571 1796 sacerdotii
1605 1743 1707 1807 sui,
1750 1750 1869 1810 post
1901 1742 2096 1795 multos

520 1853 737 1904 agones,
769 1836 1066 1902 multasque
1092 1833 1355 1900 patientiae
1384 1846 1609 1885 coronas
1639 1832 1837 1900 quievit
1864 1832 1915 1885 in
1944 1845 2093 1897 pare.

2273 650 2336 704 D.
2372 649 2415 705 V
2444 650 2576 705 Non.
2630 649 3253 722 Mam—Hierosolymis
3301 645 3543 703 inventio
3581 656 3776 700 sancta:

2197 740 2407 806 Crucis,
2440 741 2507 794 ab
2550 741 2749 797 Helena
2780 743 2983 811 regina,
3012 743 3110 795 sub
3140 739 3481 796 Constantino
3511 735 3774 806 principe,

2197 830 2349 900 cujus
2376 840 2431 886 et
2460 832 2569 902 ipsa
2619 832 2824 887 exstitit
2863 842 3051 887 mater.
3086 832 3268 885 Roma
3298 829 3379 883 via
3417 827 3773 885 Nomentana,

2198 922 2449 977 milliario
2490 922 2741 991 septimo,
2756 923 2937 978 'sancti
2982 921 3271 979 Alexandri
3306 935 3424 974 cum
3460 916 3695 970 Eventio
3731 924 3779 968 et

2198 1010 2469 1066 Tlteodolo
2495 1011 2837 1082 presbyteris,
2868 1013 2967 1067 sub
2995 1011 3228 1080 Trajano
3279 1008 3546 1078 principe,
3602 1005 3779 1073 judice

2200 1101 2874 1171 Aureliano,quiRomante
2899 1101 3150 1156 Ecclesiae
3166 1101 3536 1170 episcopatum
3561 1094 3777 1164 quintus

2200 1204 2320 1263 post
2352 1195 2564 1249 Petrum
2587 1210 2755 1249 annos
2787 1195 2956 1249 tenuit
3000 1194 3210 1255 decem,
3238 1204 3451 1245 menses
3480 1189 3648 1249 duos.
3672 1185 3780 1239 dies

2197 1284 2402 1350 decem,
2423 1285 2702 1338 sanctitate
2720 1282 3171 1353 incomparabilis,
3186 1282 3288 1336 fide
3306 1276 3777 1350 praeclarissimas:

2198 1374 2479 1428 maximam
2512 1382 2716 1443 partem
2762 1384 3070 1429 senatorum
3104 1372 3253 1428 urb'is
3280 1369 3556 1428 convertit
3584 1366 3655 1421 ad
3688 1366 3783 1419 Do-

2198 1470 2422 1537 minum,
2453 1470 2541 1538 qui
2573 1484 2691 1535 post
2718 1470 2923 1524 vincula
2952 1469 3188 1524 carceris
3207 1466 3520 1535 equuleum,
3554 1460 3780 1529 ungulas

2196 1570 2251 1613 et
2295 1561 2463 1629 ignes,
2508 1560 2716 1627 punctis
2743 1559 3079 1614 creberrimis
3111 1572 3204 1628 per
3231 1564 3338 1611 tota
3386 1553 3635 1609 membra
3670 1565 3781 1618 per-

2196 1659 2407 1718 emptus
2452 1658 2556 1706 est.
2612 1651 2906 1716 Sequentes
2938 1663 3068 1703 vero
3124 1655 3244 1716 post
3283 1647 3493 1713 longam
3554 1641 3785 1696 carceris

2196 1740 2571 1794 continentiam
2626 1741 2836 1810 ignibus
2892 1738 3205 1803 examinati,
3256 1736 3325 1791 ad
3374 1736 3631 1789 ultimum
3665 1741 3785 1785 sunt

2197 1830 2464 1883 decollati.
2499 1829 2564 1883 Et
2592 1833 2766 1885 natale
2806 1832 2973 1884 sancti
3005 1829 3285 1883 iuvenalis
3314 1824 3581 1896 episcopi,
3609 1830 3674 1879 et
3691 1821 3784 1876 de-

519 1929 585 1984 Et
610 1929 787 1984 natale
839 1916 1146 1981 sanctorum
1199 1923 1470 1980 Saturnini
1519 1932 1570 1977 et
1619 1922 1889 1992 Neapolis,
1917 1922 2006 1990 qui
2036 1920 2087 1974 in
2126 1917 2167 1973 B
2196 1920 2385 1988 positio
2408 1921 2575 1974 sancti
2599 1920 2825 1991 Philippi
2847 1920 3195 1976 confessoris.

1760 2010 1984 2067 EDITIO
2023 2010 2532 2066 BOLLANDIANA.

585 2110 642 2165 2.
666 2108 825 2162 -——Vl
871 2108 1069 2162 Nonas.
1125 2107 1304 2163 Sancti
1343 2105 1507 2174 patris
1541 2104 1708 2157 nostri
1760 2114 1785 2143 α
1824 2103 2099 2157 Atbanasii

522 2202 758 2271 episcopi
783 2197 1149 2253 Alexandrini.

586 2291 775 2347 Florus
829 2290 970 2342 addit
1028 2289 1081 2340 in
1132 2290 1195 2340 Δ.
1251 2286 1315 2339 Τ.
1366 2285 1454 2350 ι...
1499 2283 1816 2350 Orthodoxi,
1863 2284 1953 2352 qui
2004 2298 2101 2353 pro

515 2383 710 2437 Christi
746 2381 848 2435 ﬁde
875 2382 1034 2432 multa
1067 2391 1346 2447 perpessus
1367 2384 1469 2429 est.

588 2482 687 2536 Ms.
713 2482 776 2536 V.
807 2480 952 2532 addit
978 2487 1031 2531 ct
1058 2479 1321 2531 ordinatio
1347 2494 1395 2531 vr
1422 2475 1687 2530 Kalendas
1713 2474 1949 2530 Januarii
1977 2490 2094 2531 cre—

514 2552 680 2606 ditur.
704 2552 791 2609 N..
815 2548 1155 2603 Alexandria:
1180 2550 1351 2600 natale
1371 2548 1423 2601 S.
1455 2547 1479 2583 ι)
1502 2546 1773 2600 Saturnini
1810 2550 1857 2597 in
1881 2560 2096 2600 carcere

516 2622 842 2689 quiescentis
872 2634 1013 2689 CllllL
1030 2617 1259 2689 Neapoli
1276 2619 1425 2689 socio
1454 2632 1583 2689 suo.
1610 2616 1693 2689 li.,
1723 2616 2091 2689 Ethaturnini

514 2685 637 2744 cum
691 2690 925 2756 Neapoli.
978 2686 1042 2739 Et
1090 2698 1199 2739 nat.
1228 2687 1324 2756 SS.
1369 2685 1671 2748 leestini,
1722 2686 1942 2752 Urbani,
1982 2686 2096 2740 Pri-

518 2774 671 2817 vane.
705 2755 1070 2813 Autissiodoro
1096 2755 1318 2811 nat.SS.
1349 2766 1369 2792 ο
1393 2756 1568 2825 Optati
1594 2757 1847 2825 episcopi,
1878 2755 2097 2811 Metnori

518 2838 574 2885 et
599 2830 839 2887 Santiani
868 2828 1319 2899 presbyterorum.

2272 2099 2326 2154 5.
2367 2130 2438 2140 -
2467 2100 2507 2154 ν
2544 2100 2739 2154 Nonas.
2789 2100 2975 2155 Roma:
3006 2100 3104 2157 SS.
3135 2098 3165 2138 ἀ
3196 2097 3485 2155 Alexandri
3520 2110 3695 2165 papas,
3746 2104 3797 2150 et

2206 2190 2408 2244 Eventii
2455 2201 2509 2245 et
2552 2191 2812 2245 'l‘heodoli
2856 2192 3309 2259 presbyterorum.
3358 2189 3653 2257 (Hactenus
3696 2184 3785 2253 Α.)

2206 2284 2438 2347 Quorum
2472 2283 2674 2349 primus
2706 2292 2825 2351 post
2853 2284 3064 2336 vincula
3096 2292 3149 2337 et
3177 2296 3443 2344 carceres,
3473 2282 3784 2348 equuleum,

2208 2375 2430 2443 ungulas
2456 2383 2509 2427 et
2538 2373 2707 2442 ignes,
2742 2375 2948 2441 punctis
2971 2373 3312 2428 creberrimis
3344 2389 3437 2441 per
3467 2383 3581 2427 t0ta
3612 2389 3783 2425 mem-

2207 2464 2298 2517 bra
2347 2475 2655 2532 peremptus
2684 2474 2767 2518 est
2799 2482 2811 2516 :
2845 2473 3232 2533 sequentes,.et
3275 2464 3378 2532 ipsi
3422 2471 3545 2531 post
3576 2463 3786 2530 longam

2196 2554 2428 2609 carceris
2472 2556 2845 2609 sustinentiam
2892 2555 3101 2623 ignibus
3142 2554 3429 2609 examinati
3462 2564 3516 2607 et
3562 2555 3629 2607 ad
3666 2554 3788 2606 ulti-

2201 2661 2345 2699 mum
2395 2644 2642 2699 decollati
2679 2655 2825 2714 sunt,
2870 2646 2969 2699 sub
3015 2645 3305 2700 Aureliano
3331 2643 3512 2714 judice
3543 2652 3786 2711 tempore

2200 2735 2416 2801 Trajani
2449 2734 2726 2803 principis.
2759 2734 2879 2802 lpso
2907 2734 2995 2788 die
3028 2736 3266 2790 inventio
3295 2746 3495 2789 sanctae
3532 2736 3557 2763 θ
3590 2738 3785 2788 crucis.

2275 2826 2466 2881 Florus
2493 2827 2639 2881 addit
2667 2826 2719 2880 in
2766 2828 2834 2882 Δ.
2867 2826 2929 2881 Τ.
2960 2826 3048 2892 ι..,
3077 2828 3159 2882 Ab
3189 2827 3388 2883 llelena
3413 2828 3790 2883 ducentesimo

1900 2936 2108 2993 SMITII
2148 2936 2381 2992 ΝΟΤᾸΕ.

518 3053 703 3108 mortis
723 3052 781 3106 S.
816 3050 1059 3105 Germani
1085 3051 1316 3120 episcopi
1349 3050 1678 3116 Pari~iensis,
1714 3065 1742 3105 a
1766 3066 1868 3119 quo
1894 3053 2097 3106 littera-

2204 3049 2281 3103 dri
2315 3051 2545 3104 indicant
2586 3050 2728 3119 quod
2769 3052 2955 3107 eodem
2999 3065 3138 3107 anno
3182 3059 3310 3106 nutu
3361 3051 3453 3105 Dei
3500 3053 3784 3112 defunctus

519 3141 632 3177 rum
664 3135 717 3177 et
746 3127 994 3175 virtutum
1024 3125 1212 3176 studiis
1242 3124 1481 3175 eruditus
1518 3124 1729 3185 dicitur,
1760 3124 2037 3194 eidemque
2066 3136 2092 3173 a
2122 3124 2167 3185 C
2204 3121 2786 3194 Trajanusitnperator,
2810 3124 3005 3191 elapsis
3028 3122 3485 3194 tribusmenSIbus
3506 3138 3559 3177 et
3579 3139 3783 3194 septem

522 3194 827 3261 parentibus
856 3194 1085 3256 oblatus,
1135 3194 1358 3245 necdum
1389 3208 1583 3246 annum
1617 3194 1784 3246 aetatis
1829 3193 2094 3247 decimum

520 3268 710 3332 agens:
741 3269 794 3314 ct
824 3272 999 3327 postea
1018 3264 1083 3314 ab
1100 3264 1287 3315 eodem
1309 3266 1356 3315 in
1380 3266 1709 3317 Sacerdotem
1731 3271 2092 3325 consecratus,

518 3349 624 3387 non
647 3332 732 3385 ditt
764 3343 885 3385 ante
915 3332 1028 3399 ejus
1055 3334 1279 3399 obitutn,
1311 3333 1397 3398 qui
1429 3332 1648 3400 contigit
1679 3346 1818 3386 anno
1846 3332 1971 3386 s70.
2006 3334 2096 3388 llis

517 3402 765 3455 admissis
798 3410 976 3468 posset
1001 3403 1159 3453 statui
1191 3401 1248 3454 S.
1304 3401 1546 3454 Briocum
1586 3404 1726 3456 circa
1767 3419 1962 3457 annum
1993 3405 2097 3459 550

518 3483 611 3525 aut
641 3473 798 3537 paulo
839 3470 1010 3525 serius
1038 3481 1216 3521 natttm
1243 3486 1392 3524 esse:
1424 3482 1475 3523 et
1517 3471 1634 3539 quia
1665 3474 1836 3540 attigit
1867 3489 2097 3541 nonage-

520 3545 710 3595 simum
737 3542 905 3591 mtatis
923 3554 1140 3601 annum,
1163 3553 1426 3591 mortuum
1456 3556 1571 3595 esse
1598 3542 1735 3594 circa
1755 3558 1949 3594 annutn
1970 3546 2093 3607 ut),

511 3620 605 3663 aut
625 3612 781 3665 etiam
812 3610 963 3672 paulo
989 3610 1177 3662 serius.
1208 3610 1327 3660 Fuit
1355 3626 1414 3663 ex
1440 3623 1593 3675 gente
1620 3611 1865 3665 Coretica
1896 3613 1947 3664 in
1980 3613 2093 3666 Bri-

512 3682 694 3733 tannia
725 3679 926 3746 majore
955 3679 1227 3749 oriundus.
1255 3680 1531 3733 Saussaius
1560 3690 1613 3732 et
1642 3681 1728 3733 alii
1759 3696 1854 3749 pro
1882 3682 1936 3735 S.
1963 3681 2091 3737 Ger-

516 3766 675 3802 mano
705 3749 988 3801 Pansicnsi
1037 3748 1360 3800 substituunt
1390 3748 1930 3804 Atttissiodorensem.
1978 3754 2098 3807 Bol-

521 3821 709 3871 landus
729 3829 905 3871 autem
928 3817 1140 3887 conjicit
1162 3834 1281 3870 eum
1300 3818 1476 3872 forsan
1493 3821 1915 3875 commendatum
1935 3823 2097 3877 fuisse

513 3890 667 3944 alicui
691 3890 745 3942 S.
770 3889 1037 3941 Germano
1074 3888 1425 3941 lliberniensi.

590 3967 615 3994 ⁸
647 3958 932 4029 Athanasii.
966 3976 984 4008 t
1024 3958 1120 4023 Qui
1154 3962 1343 4029 inultas
1372 3958 1686 4013 Arianorum
1715 3962 2097 4029 perpessusin-

514 4028 780 4092 sidias,ad
799 4028 1137 4081 Conslantern
1166 4027 1455 4081 Galliarum
1482 4027 1770 4099 principem
1792 4027 2096 4099 fugit,unde

512 4114 758 4153 reversus
786 4113 904 4151 cum
938 4099 1147 4161 litteris,
1175 4107 1230 4153 et
1258 4114 1441 4152 rursus
1470 4110 1589 4167 post
1616 4112 1840 4155 mortem
1870 4106 1987 4169 ejus
2017 4104 2094 4155 fu-

510 4182 688 4235 gatus,
714 4183 881 4235 usque
900 4168 971 4239 ad
1007 4169 1271 4239 Joviniani
1297 4170 1573 4235 imperium
1619 4172 1789 4237 latuit,
1819 4188 1846 4224 a
1877 4168 1979 4239 quo
2005 4188 2092 4225 re-

514 4247 664 4305 tcpta
718 4238 983 4301 ecclesia,
1033 4240 1131 4292 sub
1188 4238 1406 4292 Valente
1460 4241 1702 4295 moritur.
1758 4260 1777 4293 ι
1832 4238 1930 4307 Qui
1989 4247 2095 4297 vult

510 4309 571 4379 ξ.
608 4307 881 4379 Athanasii
908 4318 1022 4360 acta
1076 4311 1251 4362 omnia
1302 4312 1637 4379 perscrutari,
1694 4311 1769 4364 illi
1797 4325 1988 4379 praesto
2012 4324 2096 4366 est

522 4377 636 4429 Vita
687 4376 804 4442 ejus
858 4387 980 4430 ante
1023 4381 1310 4431 editionem
1344 4376 1694 4434 Parisiensem
1723 4376 2011 4447 descripta,
2041 4397 2094 4436 et

511 4447 638 4522 alia
662 4448 797 4513 apud
821 4447 1203 4522 _li.olla‘ndianos_
1232 4448 1445 4513 fratres,
1476 4461 1528 4503 et
1557 4453 1734 4506 Uratio
1762 4454 1819 4505 δ.
1852 4454 2089 4522 Gregorii

512 4516 833 4569 Nazianzeni
868 4516 916 4567 in
939 4518 1054 4584 ejus
1085 4518 1315 4573 laudem.

586 4584 612 4624 ι’
655 4585 949 4639 Saturnini.
983 4589 1039 4639 In
1066 4587 1454 4655 antiquioribus
1480 4587 1866 4657 Martyrologiis
1900 4590 2087 4645 horum

510 4656 740 4728 tlttorum
786 4667 1076 4728 martyrum
1128 4660 1369 4726 palaestra
1399 4656 1704 4728 certaminis
1734 4670 1823 4710 aut
1852 4660 2092 4728 assigna-

510 4737 597 4778 tur
626 4726 963 4791 Alexandria,
1002 4738 1094 4778 aut
1132 4729 1342 4781 siletur.
1387 4727 1685 4781 Galesimus
1715 4740 1889 4783 tamen
1931 4726 2088 4784 aliam

511 4796 619 4850 illis
662 4797 984 4864 palo-stram,
1017 4796 1242 4851 Romam
1276 4812 1377 4863 sc.,
1408 4799 1688 4863 indicavit;
1733 4803 1872 4854 unde
1913 4813 2087 4855 autem

511 4866 733 4920 sciverit
758 4866 939 4920 Roma:
981 4882 1187 4934 passos,
1212 4881 1314 4920 non
1344 4870 1587 4935 scripsit;
1624 4870 1878 4924 Baronius
1903 4873 2085 4934 etiam,

510 4942 638 4988 dum
678 4937 945 4990 Galesinio
984 4938 1175 5002 credit,
1206 4937 1361 4991 facile
1386 4940 1671 4992 aberravit.
1724 4940 2001 4996 Bucelinus
2035 4945 2086 4996 itt

511 5006 757 5079 Sacrario
789 5007 1124 5079 benedictino
1144 5009 1336 5079 asserit
1362 5024 1583 5074 corpora
1610 5024 1793 5063 eorum
1814 5015 2090 5079 quiescere

508 5076 566 5128 in
596 5077 919 5130 monasterio
943 5080 1226 5132 Antecensi
1255 5078 1306 5131 in
1332 5078 1571 5131 Bavarta.

586 5150 607 5175 ε
653 5145 849 5210 Optati.
871 5146 1172 5202 Translatio
1194 5150 1381 5201 horum
1402 5158 1705 5203 sanctorum
1730 5149 2077 5207 Autissiodori

508 5214 671 5289 ltodie
714 5227 1058 5289 memoratur.
1086 5221 1189 5289 “Ex
1244 5218 1322 5270 bis
1370 5220 1629 5271 celebrior
1677 5235 1758 5276 est
1802 5222 2086 5289 episc0pus

509 5287 755 5351 Optatos,
779 5286 931 5354 cujus
955 5287 1147 5341 natalis
1178 5298 1260 5342 est
1290 5303 1418 5342 xxxr
1452 5290 1691 5357 Augusti.
1726 5286 1977 5344 Dicuntur
1996 5286 2087 5345 alii

512 5358 769 5408 celebrari
792 5372 840 5409 vn
870 5366 924 5409 et
947 5372 1013 5409 vn
1044 5359 1394 5426 Septembris.

585 5427 608 5460 εί
651 5426 949 5478 Alexandri.
977 5430 1073 5492 Qui
1102 5448 1149 5480 ιιι
1188 5430 1495 5481 l’otnilicatu
1525 5428 1579 5484 S.
1617 5430 1859 5483 Evaristo
1880 5444 2090 5485 succes-

512 5494 600 5546 sit.
635 5494 689 5549 iu
720 5498 973 5565 Catalogo
1014 5512 1338 5550 suttnuornm
1371 5501 1675 5566 pontificum
1724 5510 1931 5554 constat
1970 5502 2091 5554 Ale-

511 5566 772 5619 xandrum
817 5570 972 5620 annis
1023 5582 1186 5630 octo,
1242 5568 1512 5620 IlleltalbllS
1561 5572 1806 5636 duobus,
1854 5570 1941 5623 die
1987 5586 2091 5624 uno

510 5648 786 5709 regnasse,
834 5648 889 5709 et
931 5638 1092 5690 fuisse
1141 5639 1464 5705 temporibus
1497 5639 1710 5709 'l‘rajani
1759 5658 1789 5694 a
1817 5642 2091 5695 consulatu

508 5703 707 5778 Palma:
753 5703 807 5760 et
849 5706 1010 5778 Tulli,
1063 5709 1162 5762 hoc
1196 5703 1297 5769 est,
1349 5709 1415 5761 ab
1457 5703 1614 5763 anno-
1654 5712 1770 5775 l09,
1816 5727 1983 5778 usque
2026 5715 2091 5764 ad

511 5772 779 5829 ALlianum
805 5785 860 5832 et
890 5772 1157 5843 Veterem,
1179 5793 1372 5833 annum
1409 5780 1536 5847 H7;
1563 5789 1617 5836 et
1640 5772 1837 5839 actas.
1862 5772 2091 5838 Alexan-

2118 4497 2168 4553 D

2201 3192 2390 3245 diebus
2415 3204 2533 3259 post
2558 3196 2865 3262 martyrium
2897 3194 2955 3247 S.
2980 3193 3267 3247 Alexandri
3295 3209 3306 3243 :
3334 3208 3505 3258 eaque
3528 3197 3601 3247 de
3630 3192 3785 3250 causa

2201 3262 2315 3314 Ado
2361 3272 2540 3315 monet
2582 3262 2868 3315 Adrianum
2914 3265 3147 3315 nondum
3193 3262 3508 3330 imperasse,
3556 3278 3680 3318 cum
3727 3270 3784 3321 S.

2204 3332 2503 3403 Alexander
2541 3332 2760 3403 ejusque
2795 3332 2926 3403 socii
2968 3333 3611 3400 martyriunrsubierunt.
3650 3337 3786 3403 Ergo

2202 3401 2441 3455 Usuardo
2500 3410 2553 3454 et
2619 3402 2847 3454 Baronio
2912 3416 3190 3470 perperam
3246 3404 3514 3455 intrusum
3592 3401 3784 3459 uotuen

2202 3473 2420 3525 Adriani
2447 3472 2799 3537 imperatoris.
2834 3471 2930 3542 llic
2962 3470 3245 3542 baptizavit
3270 3474 3553 3537 Quirinum
3580 3478 3669 3542 qui
3697 3492 3784 3529 co-

2199 3542 2322 3595 litur
2366 3557 2470 3594 xxx
2511 3542 2704 3604 Martii,
2747 3550 2801 3596 et
2846 3541 3119 3595 Balbinatn
3168 3540 3330 3596 filiam
3358 3543 3474 3609 ej'ts
3505 3540 3630 3611 quae
3662 3562 3786 3600 xxxt

2199 3611 2371 3665 Martii
2402 3614 2721 3664 celebratur.

2272 3680 2530 3756 '_Crut:t's.
2566 3680 2764 3756 Helena
2798 3690 2968 3756 mater
2995 3680 3327 3737 Constantini
3356 3680 3784 3756 Hierosolymam

2198 3750 2371 3817 petiit,
2396 3763 2554 3822 atque
2596 3751 2667 3803 ibi
2713 3755 2885 3805 locum
2932 3755 2981 3805 in
3007 3767 3112 3820 quo
3138 3763 3541 3822 sacrosanctum
3587 3750 3783 3822 corpus

2199 3822 2430 3892 patibulo
2481 3821 2697 3892 afiixuin
2744 3824 3089 3889 pepeudtrat,
3144 3826 3210 3875 ab
3261 3821 3448 3874 incolis
3494 3821 3780 3892 perquirit.

2196 3890 2294 3956 Qui
2342 3890 2540 3943 idcirco
2587 3891 2650 3943 ad
2690 3891 3065 3946 inveniendum
3096 3892 3331 3946 difﬁcilis
3359 3899 3496 3957 erat,
3544 3890 3690 3957 quod
3718 3897 3786 3947 ab

2195 3959 2428 4027 antiquis
2478 3963 2912 4028 persecutoribus
2939 3962 3280 4015 simulacrum
3335 3960 3388 4013 in
3437 3975 3505 4014 eo
3565 3959 3785 4018 Veneris

2198 4029 2373 4083 fuerat
2407 4029 2658 4093 deﬁxum,
2695 4039 2751 4082 ut
2776 4033 2818 4083 si
2849 4033 2965 4098 quis
2994 4032 3417 4085 Christianorum
3453 4030 3507 4083 in
3540 4033 3635 4085 ilio
3670 4040 3784 4087 Ιοιυ

2195 4099 2460 4153 Christum
2484 4099 2708 4153 adorare
2733 4100 3013 4166 voluisset,
3051 4102 3306 4155 Venerem
3338 4103 3619 4157 videretur
3648 4108 3787 4158 ado-

2196 4185 2337 4223 rare.
2393 4171 2455 4223 Et
2486 4172 2556 4223 0h
2587 4169 2687 4239 hoc
2716 4171 3022 4237 infrequens
3069 4180 3123 4224 et
3171 4186 3305 4239 pene
3333 4171 3592 4225 oblivioni
3628 4176 3783 4227 datus

2198 4241 2366 4293 fuerat
2395 4241 2562 4294 locus.
2584 4237 2723 4311 Cum
2757 4254 2886 4311 vero
2920 4237 3394 4311 religion—femina
3438 4248 3785 4311 properasset

2194 4312 2258 4363 ad
2288 4312 2460 4363 locum
2492 4310 2700 4365 caelesti
2730 4309 2832 4362 sibi
2868 4312 3063 4364 indicio
3091 4309 3445 4379 designatum,
3492 4309 3688 4367 cuncta
3717 4333 3782 4368 ex

2194 4383 2515 4453 eo‘profana
2548 4390 2600 4434 et
2642 4382 2836 4448 polluta
2878 4381 3188 4445 deturbatis,
3235 4382 3299 4433 in
3326 4382 3490 4433 altum
3546 4388 3786 4453 purgatis

2198 4449 2498 4515 ruderibus,
2527 4460 2635 4505 tres
2672 4453 2895 4504 confuso
2944 4454 3134 4506 ordine
3179 4452 3378 4519 reperit
3406 4465 3621 4506 cruces.
3655 4449 3786 4509 'Sed

2195 4521 2512 4594 obturbabat
2550 4521 2745 4587 reperti
2787 4524 3024 4594 muneris
3065 4521 3302 4594 laetitiam
3351 4524 3778 4594 uniuscujusque

2194 4591 2365 4643 crucis
2413 4590 2692 4661 indiscreta
2735 4593 3052 4659 proprietas.
3078 4592 3279 4645 Aderat
3304 4592 3521 4657 quidem
3564 4590 3783 4661 separa-

2196 4662 2361 4729 timet
2392 4661 2573 4712 titulus
2604 4659 2711 4723 ille,
2738 4664 2825 4729 qui
2849 4661 3048 4716 Crarcis
3070 4672 3123 4715 et
3150 4662 3350 4715 Latinis
3373 4670 3534 4729 atque
3558 4659 3786 4718 Hebrai-

2194 4744 2272 4781 cis
2292 4728 2479 4802 litteris
2518 4746 2547 4782 a
2588 4728 2767 4783 Pilato,
2798 4731 2971 4785 fuerat
3000 4733 3372 4798 conscriptus:
3410 4728 3505 4783 sed
3541 4748 3643 4787 nec
3672 4736 3786 4802 ipse

2194 4802 2322 4852 satis
2351 4799 2625 4853 evidenter
2646 4802 2895 4854 dominici
2923 4802 3179 4869 prodebat
3200 4802 3348 4868 signa
3378 4802 3623 4868 patibuli.
3649 4799 3786 4856 tica-

2197 4879 2279 4921 tus
2307 4879 2483 4922 autem
2517 4870 2797 4936 Macarius,
2827 4873 3015 4938 prtesul
3058 4870 3202 4924 urbis
3232 4872 3390 4936 illius,
3441 4872 3532 4924 tali
3573 4888 3632 4925 ra
3664 4875 3788 4929 ioue

2193 4938 2577 5010 dubitationem
2598 4939 2732 4992 lianc
2754 4941 3054 5008 explicavit.
3084 4942 3320 4996 Femina:
3341 4940 3483 4996 enim
3512 4944 3786 5010 primariae

2194 5024 2311 5076 qua:
2354 5007 2604 5062 diuturno
2646 5007 2835 5064 morbo
2892 5021 3183 5084 teneretur,
3225 5007 3531 5080 singulatim
3588 5029 3782 5084 qnam-

2192 5093 2295 5147 que
2356 5092 2570 5151 crucem
2634 5094 2755 5133 cum
2818 5083 3125 5137 ardentibus
3195 5083 3437 5151 precibus
3517 5083 3785 5149 admovit,

2194 5161 2352 5222 atque
2396 5150 2467 5201 ita
2507 5164 2699 5203 arcana
2730 5150 2809 5205 vis
2841 5153 3050 5221 cognita
3081 5150 3345 5206 est.’Cum
3374 5152 3516 5206 enim
3548 5157 3783 5222 primum

2193 5217 2307 5271 haec
2336 5233 2463 5292 crux
2511 5222 2749 5292 mulieris
2787 5217 2980 5288 corpus
3021 5225 3350 5292 contigisset,
3384 5217 3602 5292 gravem
3658 5240 3782 5277 mox

2195 5289 2679 5361 repulituiorbum,
2708 5299 2762 5344 et
2802 5293 2944 5345 illam
2982 5289 3222 5361 pristina:
3264 5289 3475 5347 sanitati
3520 5296 3783 5348 restituit.

2193 5358 2387 5432 Bullini
2415 5359 2560 5414 Eccl.
2582 5360 2742 5425 Hist.,
2769 5376 2809 5426 ι,
2830 5361 2860 5413 7
2885 5379 2898 5427 ;
2926 5358 3229 5418 Tlieodoriti
3256 5365 3401 5418 Eccl.
3430 5365 3591 5430 Hist.,
3616 5379 3656 5432 ι,
3686 5365 3786 5429 ίὸς

2195 5429 2480 5502 Sozomen.
2514 5445 2573 5498 ll,
2604 5432 2655 5485 1.
2686 5432 2759 5502 De
2789 5434 3047 5488 struendo
3081 5436 3279 5502 templo
3312 5429 3697 5502 augustissimo
3729 5437 3787 5489 in

2195 5500 2314 5573 loco
2340 5515 2670 5573 quoicruces
2702 5501 2932 5555 inventa:
2962 5513 3106 5569 sunt,
3142 5500 3261 5558 vide
3291 5500 3572 5570 epiStolam
3620 5518 3786 5573 quam

2193 5569 2577 5643 Constantinus
2622 5572 2914 5643 imperator
2958 5574 3186 5628 Macario
3227 5569 3478 5642 epiécopo
3520 5569 3743 5643 scripsit
3770 5615 3785 5635 .

2196 5642 2335 5712 apud
2383 5642 2664 5712 Eusebium
2709 5644 2761 5697 in
2798 5642 2913 5697 Vita
2942 5645 3296 5706 Consmntini,
3331 5659 3407 5708 ιιι,
3440 5645 3493 5711 5,
3541 5659 3594 5700 et
3640 5642 3786 5712 apud

2198 5710 2579 5836 :‘llifggglglulu
2634 5727 2691 5780 ι,
2769 5714 2856 5767 l7.
2920 5716 3047 5770 llaec
3076 5716 3309 5772 inventio
3355 5716 3533 5772 crucis
3585 5710 3791 5771 accidit

2198 5794 2337 5834 anno
2357 5794 2484 5838 ὀξυ.
