3988 6346
258 302 366 369 909

1386 326 1576 385 SEC'I'.
1616 331 1679 387 ll.
1720 362 1788 373 —
1827 332 2358 396 MARTYROLOGIA

3409 367 3510 418 0111

1537 440 1763 495 EDITlO
1786 436 2255 506 'COLONIENSIS.

246 516 592 583 mancipavit,
644 518 852 573 beatum
885 520 1217 592 Januarium,
1251 541 1430 583 senem
1465 532 1834 601 presbyterum
1864 534 1917 597 Α
1944 538 2262 608 presbyteri,
2295 542 2395 597 sub
2426 545 2728 603 Alexandro
2757 551 3094 621 imperatore,

242 609 690 677 comprehensum
722 614 932 669 cuidam
968 616 1467 676 vicario‘Cordiauo
1492 624 1561 677 ad
1613 624 1831 681 audien-

241 701 367 753 dum
401 702 653 768 tradidit;
688 704 775 773 qui
806 706 1020 762 beatum
1071 708 1377 766 .l‘anuarium
1426 714 1688 781 patienter
1735 732 1832 771 au-

237 788 419 853 diens.
470 792 661 856 spiritu
698 795 786 849 Dei
818 796 1148 851 illuminatns
1176 801 1395 855 credere
1425 802 1616 869 carpit;
1670 816 1827 874 quem

238 884 487 947 pristinus
509 883 695 938 beatus
723 887 1003 957 presbyter
1020 902 1143 943 cum
1168 906 1332 947 uxore
1358 893 1558 950 Marine
1586 900 1824 964 nomine,

228 981 292 1026 et
340 972 541 1028 bmilia
596 978 884 1042 promiscui
920 994 1120 1045 sexus,
1176 998 1397 1039 numero
1444 988 1824 1059 quinquaginta

239 1073 368 1127 tres,
398 1074 453 1119 et
476 1081 542 1120 eo
562 1068 786 1134 amplius
810 1071 1109 1138 baptizavit.
1138 1074 1286 1141 Quod
1316 1078 1537 1132 audietis
1562 1080 1825 1144 Julianus,

233 1155 398 1225 jussit
429 1157 480 1211 iu
513 1160 899 1227 scriptionibus
927 1163 1166 1218 damnari
1227 1179 1469 1223 sanctum
1517 1170 1825 1229 Ianuarium

238 1250 634 1319 presbyterum,
660 1262 713 1306 et
742 1253 953 1309 beatum
985 1257 1331 1326 Gordianum,
1363 1278 1585 1319 uxorem
1617 1281 1733 1335 ejus
1759 1268 1825 1321 ad

236 1354 407 1408 aquas
455 1342 652 1395 saliuas
683 1360 897 1401 manere
928 1350 1199 1417 pracepit,
1253 1353 1303 1406 in
1357 1354 1572 1410 servitio
1603 1359 1827 1412 rustico-

242 1447 382 1485 rum.
413 1431 810 1490 Clementianus
837 1450 1015 1493 autem
1040 1442 1283 1498 tribunali
1315 1446 1576 1513 residens,
1610 1450 1825 1505 beatum

240 1520 568 1580 Gordiauum
594 1528 823 1583 vinctum
852 1534 1057 1586 catenis
1082 1534 1181 1588 sibi
1226 1541 1533 1603 prmscnuri
1558 1540 1702 1596 fecit.
1737 1544 1828 1599 Ille

240 1616 291 1671 in
322 1616 664 1673 confessione
702 1621 897 1676 Christi
943 1624 1099 1688 ﬁxus,
1149 1626 1238 1680 diu
1272 1629 1554 1694 plumbatis
1582 1634 1823 1699 caeditur,

234 1710 286 1766 in
337 1711 528 1766 ultimo
580 1715 755 1782 capite
784 1722 1080 1771 truncatur.
1110 1718 1274 1789 Cujus
1304 1736 1501 1788 corpus
1522 1724 1678 1793 jussit
1726 1727 1824 1781 ini-

233 1816 367 1873 quus
388 1800 555 1874 judex
586 1814 709 1859 ante
739 1808 988 1876 templum
1015 1811 1275 1879 Apollinis
1301 1813 1512 1883 jactari,
1535 1826 1594 1871 ut
1622 1832 1650 1871 a
1674 1819 1823 1873 cani-

233 1894 331 1949 bus
364 1898 669 1952 raderetur.
702 1900 851 1966 Quod
883 1911 1408 1977 nocturno’tempore
1429 1908 1714 1964 Christiani
1748 1920 1829 1965 ra-
1862 1918 1912 1979 Β
2011 1908 2072 1975 Ε.
2105 1920 2145 1975 V
2180 1925 2295 1979 Inus

238 1986 467 2055 pientes,
504 1986 753 2043 milliario
782 2007 885 2047 uno
927 1991 1044 2062 plus
1068 1996 1240 2050 minus
1262 1996 1330 2051 ab
1357 2000 1485 2054 urbe
1519 2000 1687 2056 Roma
1720 2019 1815 2071 po-

233 2090 455 2133 suerunt
505 2081 557 2135 in
606 2091 793 2151 crypta
812 2118 839 2149 -,
894 2085 978 2140 tibi
1042 2087 1360 2155 jampridem
1412 2105 1610 2159 corpus
1678 2095 1819 2150 beati

222 2172 485 2243 martyris
534 2173 809 2245 Epimachi
841 2174 1328 2247 sepultum'fuerat.
1366 2182 1461 2239 Hic
1492 2184 1822 2254 ‘Epimachus

236 2260 607 2317 Alexandriam
638 2265 768 2320 abiit
793 2283 912 2321 cum
943 2269 1146 2343 collega
1172 2285 1269 2325 suo
1294 2272 1625 2338 Alexandro.
1648 2278 1817 2331 multo

233 2360 479 2424 tempore
510 2358 560 2411 in
592 2359 818 2415 vinculis
839 2371 894 2416 et
933 2361 987 2415 in
1009 2367 1331 2420 cruciatibus
1365 2370 1598 2424 carceris
1628 2380 1823 2439 tortus,

230 2445 798 2519 ignibuspostmodum
820 2458 1171 2525 consumitur,
1193 2458 1427 2527 reliquiae
1444 2461 1610 2531 ipsius
1627 2463 1820 2521 deinde

228 2539 458 2601 Romam
489 2555 610 2603 sunt
650 2546 1162 2608 translateﬁomaa
1189 2553 1360 2611 natale
1398 2555 1641 2627 Clepudii
1683 2562 1828 2614 senis

3127 559 3215 628 qui
3239 576 3357 617 eum
3389 566 3511 621 fecit

1936 627 2107 725 occ—idi
2137 644 2161 681 a
2194 630 2477 697 Laodiceo,
2498 646 2550 690 et
2568 650 2760 708 Corpus
2778 644 2912 697 trahi
2931 657 3026 711 per
3046 627 3337 721 civitatem,
3354 666 3510 725 atque

1935 717 1988 772 in
2016 717 2262 789 Tyberim
2292 724 2499 792 jactari,
2518 727 2620 781 'die
2647 728 3001 789 Kalendarum
3050 717 3335 797 Maiarum.
3359 717 3510 810 Quod

1932 810 2207 867 inventum
2240 817 2536 883 piscatores
2562 821 2887 891 ievaverunt,
2934 834 2984 883 ‘et
3026 829 3232 890 Calisto
3259 838 3510 910 episcopo

1933 916 2310 965 narraverunt.
2344 911 2439 967 llle
2468 928 2741 985 acceptum
2771 924 3005 978 condivit
3044 945 3160 983 cum
3187 938 3511 993 aromatibus

1932 1006 1984 1050 et
2018 997 2436 1069 linteaminibus,
2469 1014 2522 1060 et
2547 1012 2783 1077 sepelivit
2831 1016 2880 1068 in
2910 1013 3217 1077 cmmetcrio
3246 1026 3504 1098 ejusdem,

1935 1087 2187 1145 milliario
2209 1092 2276 1146 ab
2306 1094 2437 1147 urbe
2465 1099 2621 1154 tertio
2653 1101 2704 1155 in
2735 1118 2938 1171 crypta,
2960 1119 3108 1164 sexto
3142 1087 3319 1169 Iduum
3352 1087 3510 1175 Maia:

1930 1195 2069 1237 rum.
2125 1182 2275 1239 Tunc
2325 1188 2619 1245 decollatus
2645 1205 2731 1247 est
2782 1197 2847 1250 ab
2895 1199 3195 1258 Alexandro
3225 1207 3509 1267 Palmatius

1930 1276 2141 1342 consul,
2168 1291 2287 1332 cum
2315 1295 2487 1336 uxore
2503 1296 2553 1336 et
2583 1285 2799 1347 ﬁliis,et
2825 1289 2939 1344 aliis
2966 1298 3249 1359 promiscui
3268 1315 3427 1355 sexus
3443 1305 3510 1359 de

1930 1364 2091 1420 domo
2124 1383 2217 1423 sua
2260 1373 2609 1444 quadraginta
2664 1375 2887 1440 duobus.
2922 1398 3037 1438 cum
3062 1389 3250 1454 quibus
3281 1403 3333 1447 et
3370 1395 3479 1450 Sim

1935 1457 2129 1525 plicius
2180 1473 2401 1518 senator
2429 1481 2551 1521 com
2586 1485 2771 1534 uxore.
2803 1484 2855 1527 et
2884 1476 3005 1531 filiis
3056 1493 3106 1533 et
3151 1482 3342 1539 familia
3391 1500 3505 1554 sua,

1928 1550 2221 1617 promiscui
2269 1568 2429 1610 sexus
2468 1562 2751 1627 sexaginta
2790 1574 2949 1632 octo;
2999 1580 3052 1624 et
3089 1573 3334 1629 similiter
3385 1550 3504 1635 curn

1929 1655 2098 1694 uxore
2126 1658 2218 1696 sua
2250 1644 2468 1713 Blanda,
2501 1653 2587 1718 qui
2620 1668 2713 1721 per
2739 1656 3034 1713 doctrinam
3058 1664 3240 1719 Calisti
3272 1682 3508 1739 papze,et

1924 1732 2194 1806 Calepodii
2248 1743 2541 1813 presbyteri
2583 1763 2750 1816 nuper
2809 1752 3016 1809 fuerant
3065 1732 3505 1827 baptizatiiltem

1931 1827 2113 1911 Romae
2145 1834 2316 1888 natale
2344 1844 2646 1892 sanctorum
2664 1841 2844 1905 Quarti
2868 1855 2921 1899 et
2950 1847 3151 1912 Quinti.

2342 1926 2789 1988 Mam—Romae
2846 1940 2925 1991 via
2973 1941 3199 2007 Salaria,
3256 1947 3503 2004 miliiario

1932 2010 2183 2066 vicesimo
2204 2016 2456 2081 secundo,
2500 2021 2677 2075 natale
2726 2027 2891 2079 sancti
2940 2030 3194 2097 Anthuni,
3248 2046 3305 2089 et
3334 2041 3508 2103 passio

1927 2104 2101 2156 sancti
2137 2104 2322 2159 Evellii
2355 2110 2483 2173 :nui
2508 2110 2692 2166 videns
2720 2118 3020 2180 passionem
3052 2125 3221 2178 sancti
3256 2127 3505 2196 'l‘orpetis

1932 2196 2208 2261 martyris.
2236 2206 2288 2249 et
2315 2198 2578 2253 mirabilia
2611 2218 2728 2269 quae
2752 2202 2895 2269 fecit,
2922 2210 3139 2266 credidit
3164 2212 3395 2284 Christo,
3420 2220 3508 2287 qui

1931 2295 2089 2339 antea
2121 2288 2467 2345 consiliarius
2488 2291 2711 2348 Neronis
2744 2296 3077 2368 imperatoris
3124 2304 3240 2370 fuit,
3282 2312 3509 2377 qualiter

1932 2379 2219 2434 Christiani
2252 2386 2744 2454 martyriearentur.
2782 2392 2999 2449 Viennae
3052 2401 3222 2453 sancti
3269 2402 3509 2463 Mamerti

1934 2471 2195 2541 episcopi,
2233 2473 2320 2541 qui
2364 2476 2432 2530 ob
2462 2478 2826 2537 imminentem
2860 2484 3065 2543 cladem
3088 2489 3354 2547 solemnes
3386 2500 3511 2549 ante

1934 2564 2305 2620 ascensionem
2336 2566 2550 2624 Domini
2580 2570 2791 2628 litanias
2819 2576 3042 2634 instituit

1470 2667 1712 2722 E’DITIO
1754 2666 2019 2723 BOLLAN
2032 2668 2265 2727 DIANA.

231 2750 330 2805 sub
360 2746 663 2807 Alexandro
706 2752 1064 2822 imperatore;
1098 2756 1187 2825 qui
1232 2772 1355 2812 eum
1402 2756 1529 2811 fecit
1562 2759 1732 2813 occidi
1780 2775 1807 2810 a

231 2841 505 2909 Laodicia,
533 2855 588 2900 et
614 2860 809 2912 corpus
835 2847 971 2900 trahi
1004 2863 1096 2914 per
1116 2850 1407 2914 civitatem,
1440 2858 1602 2917 atque
1637 2852 1689 2905 in
1719 2834 1807 2905 Ti-

229 2938 399 2993 berim
424 2938 611 3007 jactari
638 2939 723 2994 die
749 2939 1104 2996 Kalendarum
1132 2941 1408 2997 Maiarum.
1434 2943 1585 3010 Quod
1610 2944 1809 2999 inven-

229 3039 340 3085 tum
392 3033 685 3098 piscatores
734 3032 1066 3099 levaverunt,
1097 3044 1152 3090 et
1202 3044 1553 3091 narraverunt
1604 3033 1809 3091 Calixto

226 3123 500 3193 episcopo.
532 3125 603 3180 At
632 3121 718 3179 ille
747 3136 1022 3193 acceptum
1053 3125 1301 3180 condidit
1330 3132 1451 3180 cbtn
1481 3127 1807 3181 aromatibus

223 3224 281 3271 et
328 3214 756 3281 linteaminibus,
792 3224 858 3271 et
904 3216 1147 3283 sepelivit
1202 3232 1329 3272 eum
1375 3216 1807 3273 in°cmmeterio

218 3307 470 3376 ejusdem
490 3310 573 3360 via
606 3295 841 3371 Aurelia,
866 3309 1112 3363 milliario
1146 3311 1212 3363 ab
1230 3308 1374 3365 Urbe
1398 3310 1553 3365 terti'o
1576 3324 1649 3374 vi,
1685 3310 1804 3363 ldus

1993 2758 2082 2823 V.,
2118 2759 2185 2815 Et
2214 2762 2483 2832 depositio
2512 2772 2536 2801 ⁸
2565 2767 2666 2822 Job
2696 2771 2985 2842 praphetas.

1993 2850 2163 2905 il.-
2184 2851 2224 2907 V
2253 2852 2396 2911 idus.
2428 2855 2587 2911 Vacat
2619 2848 2794 2915 Baida.

1993 2943 2181 2999 Florus
2222 2947 2274 3001 in
2326 2948 2389 3001 A.
2424 2948 2485 3003 Τ.
2535 2950 2620 3017 L.,
2667 2951 2884 3007 Viennae
2932 2955 3194 3023 depositio
3241 2960 3298 3017 S.
3328 2962 3357 3003 δ
3387 2967 3499 3025 Ma-

1915 3038 2069 3090 merti
2120 3039 2354 3108 episcopi
2406 3050 2460 3096 et
2508 3038 2861 3111 ectil‘essoris,
2907 3048 3060 3118 cujus
3110 3056 3395 3119 praesulatu
3444 3061 3495 3115 in

1925 3128 2126 3184 Vienna
2166 3132 2299 3187 urbe
2350 3141 2686 3189 terraemotus
2725 3141 3087 3205 permaximus
3140 3146 3272 3200 fuit:
3308 3149 3399 3203 sed
3445 3162 3499 3206 et

1918 3220 2100 3277 bestiat
2126 3224 2177 3277 in
2212 3225 2453 3280 homines
2487 3229 2748 3284 irruentes
2770 3232 3121 3291 devorabam.
3149 3237 3299 3294 Unde
3328 3242 3494 3297 isdem

1915 3315 2136 3369 antistes
2186 3318 2477 3371 multorum
2526 3321 2801 3387 consultu,
2852 3325 3157 3381 triduanum
3204 3328 3493 3401 jejunium,

220 3392 373 3456 Maii.
401 3397 552 3455 Tunc
600 3401 899 3455 decollatus
947 3410 1031 3456 est
1076 3404 1141 3457 ab
1174 3402 1477 3458 Alexandro
1520 3401 1813 3459 Palmatius
1841 3379 1887 3444 Ω
1920 3405 2061 3474 quod
2109 3418 2230 3463 ante
2262 3411 2644 3466 Ascensionem
2681 3379 2888 3469 Domini
2929 3379 3222 3473 Galliaruui

226 3492 411 3545 consul
444 3506 565 3545 cum
616 3507 784 3547 uxore
829 3503 881 3547 et
913 3493 1035 3548 ﬁliis
1061 3504 1118 3549 et
1148 3494 1270 3549 aliis
1312 3496 1596 3562 promiscui
1650 3511 1814 3555 serus

214 3585 575 3659 quadraginta
606 3586 839 3650 duobus,
860 3600 980 3641 cum
1010 3588 1201 3657 quibus
1231 3597 1283 3643 et
1308 3589 1619 3658 Simplicius
1638 3606 1806 3646 sena-

228 3687 334 3747 tor,
354 3681 442 3748 qui
469 3695 560 3747 per
581 3680 877 3735 doctrinam
895 3678 1083 3737 Calixti
1111 3700 1259 3751 papae
1280 3695 1332 3740 et
1353 3682 1627 3754 Calepodii
1659 3701 1809 3753 pres-

229 3770 400 3842 byteri
432 3786 601 3839 nuper
624 3770 843 3827 fuerant
872 3773 1145 3841 baptizati.
1169 3774 1441 3845 Scriptum
1472 3777 1524 3830 in
1557 3776 1816 3832 Passione

227 3863 284 3921 S.
311 3864 501 3919 Calixti
535 3877 704 3933 papae.

1922 3497 2176 3564 celebrat,
2204 3500 2512 3571 instituens,
2540 3505 2672 3559 iram
2709 3506 2799 3561 Dei
2836 3509 2886 3561 in
2920 3508 3343 3569 misericordiam
3368 3532 3498 3571 con-

1919 3602 2131 3647 vertere
2160 3596 2471 3662 promeruit.

1998 3704 2080 3768 ν..
2126 3706 2305 3761 Roma
2329 3708 2421 3762 Via
2453 3710 2654 3764 Salaria
2689 3712 2938 3767 milliario
2970 3714 3288 3770 duodecimo
3320 3722 3497 3775 natale

1920 3774 1979 3831 Β.
2013 3783 2033 3809 π
2068 3779 2325 3833 Λη11111111.
2376 3780 2458 3841 D.,
2505 3780 2688 3845 Roma:
2735 3785 2791 3838 S.
2828 3784 3087 3839 Antliimi.
3144 3787 3358 3843 Viennae
3390 3774 3498 3843 Ma;-

1928 3849 2077 3900 uerti
2104 3850 2379 3917 episcopi:
2423 3850 2513 3918 qui
2539 3852 2610 3906 ob
2656 3854 3022 3909 imminentem
3059 3856 3265 3910 cladem
3291 3862 3489 3915 solem—

1646 3944 1855 4016 suirn
1893 3954 2126 4013 morm.

304 4060 331 4087 ⁸
360 4049 482 4105 Job.
513 4049 630 4115 Quo
650 4063 792 4102 anno
817 4058 908 4103 aut
935 4048 1026 4103 die
1050 4048 1245 4103 obierit
1273 4064 1376 4102 non
1408 4049 1538 4103 satis
1567 4059 1796 4104 constat.

228 4121 400 4177 Gnaei
444 4136 563 4173 cum
596 4121 811 4182 reliquis
839 4119 1199 4173 Orientalibus
1246 4120 1521 4173 celebrant
1565 4119 1681 4185 ejus
1715 4122 1800 4173 fe-

230 4205 369 4248 etnm
397 4192 482 4245 die
518 4207 564 4243 VI
600 4192 717 4245 Maii
746 4210 757 4242 :
790 4199 842 4243 at
874 4190 1042 4244 Latini
1078 4191 1252 4244 hodie.
1303 4190 1574 4255 l'hilippus
1623 4190 1801 4245 Labbe

227 4266 292 4317 ad
324 4278 521 4315 annum
556 4263 732 4314 mundi
766 4260 905 4315 9399
932 4270 983 4312 et
1028 4269 1149 4314 ante
1200 4277 1359 4314 teram
1391 4262 1586 4313 Citriin
1617 4262 1800 4328 vulga-

233 4350 344 4387 rem
380 4334 443 4385 ad
476 4347 671 4385 annum
705 4332 841 4387 1635
870 4330 1031 4385 refert
1072 4330 1271 4384 obitum
1304 4332 1620 4398 patriai-clue
1649 4332 1800 4387 .lnse-

228 4406 349 4473 pili;
384 4413 436 4456 et
481 4404 623 4455 addit
656 4403 821 4456 videri
857 4413 977 4455 tunc
1020 4401 1075 4456 S.
1106 4402 1294 4457 Jobunt
1327 4402 1487 4457 fuisse
1517 4418 1544 4455 a
1578 4404 1794 4457 diabolo

162 4470 165 4471 ⁷
230 4470 516 4535 tentatum,
548 4488 716 4527 annos
744 4483 921 4526 uatum
954 4474 1052 4537 70;
1086 4473 1275 4541 quibus
1303 4475 1346 4527 si
1379 4473 1641 4527 addantur
1672 4475 1795 4528 anni

229 4546 357 4605 HO,
385 4544 739 4597 coniiciuntur
768 4546 886 4596 anni
916 4542 1041 4602 2l0.
1071 4554 1123 4596 et
1149 4545 1226 4596 sic
1252 4543 1465 4597 fuerunt
1490 4545 1537 4597 ei
1568 4544 1617 4597 in
1646 4547 1797 4598 annis

230 4616 351 4668 vita:
397 4614 555 4665 etiam
606 4615 723 4667 data
766 4615 1015 4677 duplicia.
1045 4624 1103 4668 ut
1150 4630 1213 4667 ex
1246 4616 1420 4678 capite
1466 4613 1650 4668 ultimo
1678 4615 1795 4670 Jobi

227 4684 535 4737 deducitur:
572 4684 789 4751 proinde
811 4686 985 4739 obitus
1011 4685 1126 4751 ejus
1154 4688 1378 4738 refertur
1402 4702 1427 4737 a
1453 4686 1598 4739 dicto
1622 4687 1800 4741 Labbe

224 4756 293 4810 ad
326 4772 522 4808 annum
555 4756 735 4808 mundi
767 4756 924 4815 355'),
960 4765 1011 4807 et
1040 4764 1161 4808 autc
1193 4772 1351 4808 teram
1377 4756 1575 4810 Christi
1614 4758 1798 4814 vulga-

222 4843 340 4880 rem
372 4825 439 4879 ad
470 4842 667 4878 annum
701 4824 855 4881 1515.
888 4827 1015 4891 Quia
1070 4834 1245 4879 autem
1277 4826 1446 4879 Cra-ci
1490 4842 1612 4880 cum
1658 4826 1796 4883 LXX

225 4897 612 4963 Interpretibns
641 4907 887 4949 asserunt
936 4896 1218 4949 uuiversim
1255 4902 1446 4951 risisse
1475 4912 1642 4950 annos
1668 4898 1796 4961 2111,

222 4969 520 5021 secundum
553 4967 692 5021 hunc
719 4968 977 5021 calrulum
1007 4976 1153 5022 esset
1191 4969 1366 5022 obitus
1398 4970 1513 5032 ejus
1546 4967 1798 5022 1111111111-

223 5040 326 5092 dus
348 5040 412 5091 ad
441 5054 637 5092 annum
669 5038 848 5093 mundi
874 5037 1033 5103 2577,
1062 5049 1117 5093 et
1137 5049 1259 5092 ante
1279 5054 1440 5092 teram
1472 5040 1667 5093 Christi
1695 5041 1800 5094 vul-

221 5125 410 5176 garem
444 5108 509 5161 ad
541 5124 735 5163 annum
780 5108 935 5161 M77.

297 5185 327 5226 b
361 5178 619 5233 Mamerti.
655 5182 826 5233 Prima
874 5179 1128 5233 memoria
1161 5180 1215 5234 S.
1250 5177 1485 5233 Mamerti
1532 5180 1800 5234 invenitur

224 5250 280 5305 in
309 5251 509 5315 titwitt'i
548 5251 769 5315 epistola
801 5252 857 5303 S.
892 5251 1074 5303 llilarii
1126 5265 1293 5319 papas,
1327 5250 1478 5314 cujus
1510 5251 1651 5315 prior
1678 5251 1799 5303 data

222 5333 309 5378 est
339 5337 387 5374 vi
430 5321 547 5373 ldus
595 5320 840 5375 Octobris
890 5320 1083 5375 Basilio
1116 5320 1178 5374 V.
1220 5320 1279 5374 C.
1332 5323 1571 5387 conside,
1621 5320 1670 5373 id
1718 5332 1801 5374 est

223 5407 367 5446 anno
393 5389 517 5445 4115.
550 5391 602 5445 111
638 5392 733 5445 hac
758 5393 1106 5446 committitur
1137 5391 1357 5445 Leontio
1386 5392 1639 5456 episcopo
1668 5392 1800 5445 Are-

230 5464 421 5517 Iatensi
447 5463 799 5532 examinanda
846 5464 897 5516 in
946 5465 1151 5532 synodo
1182 5477 1338 5515 causa
1391 5461 1632 5515 Mamerti
1682 5462 1797 5527 epi-

225 5536 372 5601 scopi
417 5531 755 5596 Viennensis,
776 5533 865 5601 qui
894 5531 1041 5587 ext’ra
1066 5536 1196 5587 lines
1218 5546 1344 5586 suos
1376 5533 1610 5585 indebite
1644 5532 1800 5585 Dien-

228 5606 372 5659 bibus
421 5606 728 5672 episcopum
778 5604 1142 5657 ordinaverat.
1177 5604 1352 5656 Altera
1402 5603 1625 5670 epistola
1672 5602 1793 5656 data

230 5677 315 5723 est
356 5682 494 5729 Ome
538 5686 798 5743 sequente
828 5690 879 5729 vt
928 5675 1041 5728 Kal.
1073 5672 1251 5739 Marb,
1283 5674 1345 5727 ad
1379 5673 1557 5743 viginti
1588 5673 1798 5741 episco-

234 5755 351 5805 nos.
380 5744 443 5793 ιιι
468 5752 559 5813 ρει
588 5744 853 5813 Veranqu
882 5748 1193 5813 episcopum
1246 5755 1522 5799 moneatur
1570 5744 1799 5799 Mamer-

237 5818 340 5879 11111,
372 5818 430 5865 ιιι
459 5808 526 5863 ab
571 5807 990 5871 ordinationibus
1031 5816 1279 5871 indebilis
1311 5815 1603 5880 abstineat;
1640 5823 1800 5883 utque

1908 4050 1996 4116 qui
2030 4048 2308 4102 Diensibus
2339 4063 2368 4102 a
2396 4049 2649 4104 Mamerto
2685 4060 3031 4106 consecratus
3058 4052 3248 4113 fuerat,
3286 4054 3489 4112 Leontii

1915 4119 2247 4174 Arelatensis
2290 4120 2548 4186 episciipi,
2580 4136 2606 4171 a
2635 4136 2740 4187 quo
2768 4124 3068 4175 consecrari
3114 4123 3317 4188 debuit,
3348 4126 3489 4181 arbi-

1912 4190 2012 4244 trio
2040 4190 2401 4243 conﬁrmetur.
2457 4191 2707 4244 Memoria
2734 4187 2912 4245 ~etiam
2958 4203 3037 4244 est
3082 4187 3316 4259 ejusdem
3375 4196 3482 4250 Ma-

1909 4264 2064 4315 merti
2099 4262 2229 4313 inter
2269 4261 2476 4330 triginta
2511 4263 2817 4327 episcopos.
2854 4263 3043 4325 quibus
3078 4265 3304 4318 Lucidus
3336 4284 3485 4331 pres-

1909 4332 2063 4401 byter
2089 4345 2328 4404 errorem
2360 4333 2655 4388 emendans
2687 4334 2921 4387 libellum
2956 4336 3113 4390 misit.
3146 4337 3196 4387 111
3229 4354 3331 4404 quo
3363 4338 3483 4392 lidei

1908 4417 2018 4457 sure
2051 4401 2441 4471 professionem
2469 4404 2761 4458 secundum
2798 4406 2988 4473 synodi
3024 4401 3349 4461 Arelatensis
3380 4421 3489 4461 sta-

1909 4483 2016 4527 tuta
2044 4486 2096 4527 et
2126 4473 2308 4527 Fausti
2341 4473 2585 4527 Reiensis
2610 4474 2845 4542 episcopi
2876 4478 3154 4533 epistolam
3186 4479 3247 4530 ad
3279 4494 3336 4532 se
3368 4479 3491 4533 mis-

1905 4560 2019 4599 sam
2051 4545 2336 4609 depromit.
2376 4546 2597 4598 Exhibet
2654 4547 2749 4598 iSIa
2781 4546 3094 4600 Sirmondus
3129 4560 3271 4601 tonio
3306 4550 3319 4601 Ι
3350 4548 3489 4601 Con-

1901 4617 2147 4687 ciliorum
2178 4617 2363 4669 Galliae
2393 4625 2443 4667 1ι1
2462 4619 2609 4687 circa
2649 4631 2846 4670 annum
2872 4618 2976 4672 475
3005 4632 3148 4687 gi-sta
3181 4619 3484 4672 arbitratur.

1903 4686 2098 4739 Habuit
2127 4698 2302 4740 autem
2338 4689 2394 4740 ὃ.
2426 4686 2714 4739 Mamertus
2752 4702 3116 4742 Surcc~soreiu
3149 4690 3204 4743 S.
3242 4690 3487 4743 l~i-Iiium

1901 4756 1987 4822 qui
2020 4757 2147 4810 vixit
2171 4759 2233 4808 ad
2266 4773 2462 4810 annum
2493 4755 2619 4810 410.
2654 4758 2909 4812 8111111111)
2968 4760 3039 4809 De
3070 4759 3183 4828 ejus
3213 4762 3485 4814 sepultura

1901 4836 1954 4880 et
1987 4829 2330 4881 translatione
2382 4830 2459 4879 sic
2508 4829 2693 4879 scribit
2735 4828 2966 4879 Joannes
3013 4830 3233 4881 (Ilii-nu:
3273 4848 3289 4878 1
3320 4830 3492 4883 Jacuit

1902 4911 2096 4959 corpus
2128 4898 2293 4963 ipsius
2330 4898 2558 4957 primum
2603 4898 2651 4949 111
2691 4898 2905 4950 baSilit-a
2939 4902 3311 4961 Apostolorum
3343 4912 3488 4952 e-xtra

1905 4982 2085 5020 muros
2116 4967 2354 5029 Vieunm,
2386 4967 2452 5019 ad
2484 4966 2727 5019 dextram
2763 4968 2945 5019 altaris
2976 4979 3176 5033 partem
3303 4972 3487 5023 Po~ten

1904 5052 2031 5091 vero
2059 5040 2123 5090 ad
2169 5039 2443 5092 basilicam
2487 5038 2978 5091 Constantinianam
3008 5040 3063 5092 S.
3092 5040 3279 5094 Crucis
3314 5053 3487 5094 trans-

1901 5108 2090 5162 latum.

1977 5191 1997 5218 ε
2033 5179 2279 5232 Antltimi.
2331 5179 2433 5243 Qui
2468 5180 2615 5244 juxta
2655 5177 2961 5232 Usuardum
2996 5188 3114 5239 post
3140 5180 3388 5233 virtutum
3438 5190 3493 5235 ct

1903 5249 2294 5317 przedicationis
2324 5250 2545 5314 insignia
2573 5254 2622 5301 in
2660 5248 2898 5301 Tiberim
2929 5252 3308 5314 prmtfipilttltls,
3344 5265 3389 5303 et
3422 5253 3489 5307 ab

1900 5321 2092 5389 angelo
2124 5320 2246 5373 inde
2275 5332 2515 5387 ereptus,
2546 5333 2638 5370 ora
2654 5329 2795 5371 torio
2825 5321 3097 5373 resﬁtutus
3123 5332 3203 5375 est
3237 5326 3447 5388 proprio
3476 5339 3489 5385 ;

1898 5390 2094 5446 dehinc
2121 5393 2294 5457 capite
2339 5392 2551 5458 punitus
2594 5390 2771 5441 victor
2818 5390 3064 5456 migravit
3090 5396 3152 5444 ad
3196 5396 3381 5449 caelos.
3436 5394 3492 5447 In

1902 5462 2114 5514 Barouii
2140 5462 2515 5531 Martyrologio
2563 5461 2777 5531 additur
2815 5472 3118 5527 persecutio
3155 5465 3486 5517 liioctetiani.

1899 5532 2202 5586 Secundum
2246 5529 2487 5586 Adonem
2526 5539 2580 5583 et
2625 5529 2917 5585 Nothi-ium
2956 5549 3141 5593 passus
3165 5546 3245 5588 est
3280 5534 3369 5588 Via
3393 5537 3490 5587 Sa-

1901 5602 2027 5656 laria
2062 5604 2312 5657 milliario
2343 5602 2601 5665 vigesimo
2626 5605 2900 5654 secundo:
2932 5602 3067 5657 Cum
3100 5618 3275 5658 autem
3308 5622 3335 5657 a
3368 5606 3489 5659 Dio-

1898 5674 2131 5729 cletiano
2164 5676 2483 5741 imperatore
2532 5672 2783 5725 Pinianus
2813 5674 2966 5729 Asiae
2999 5679 3281 5743 proi-onsul
3308 5677 3488 5730 decla-

1901 5752 2047 5800 ratus
2077 5753 2242 5809 esset,
2291 5746 2452 5798 etiam
2482 5752 2765 5813 antequam
2813 5744 2933 5799 illnc
2970 5746 3404 5812 proﬁcisceretur
3434 5748 3484 5801 in

1899 5814 2228 5870 Christianos
2255 5816 2619 5870 desaviebat:
2672 5824 2727 5868 at
2770 5814 3077 5872 inﬁrmitate
3120 5820 3268 5887 gravi
3297 5832 3483 5874 corre-
