3988 6346
222 418 322 475 915

1363 412 1551 469 SECT.
1597 412 1654 466 ll.
1695 442 1761 453 —-
1803 409 2358 468 MARTYllULOGlA.

3377 404 3486 462 9M

1508 525 1730 581 EDITIO
1770 524 2234 581 COLONIENSIS.

221 628 368 685 idolis
395 626 712 691 immolare,
742 624 918 693 capite
969 625 1094 678 caesi
1129 633 1276 678 sunt.
1309 623 1543 688 Quorum
1571 635 1797 689 corpora
1825 625 1879 685 Α
1909 619 2076 674 latriae
2129 621 2396 686 sordibus,
2451 621 2732 677 ecclesiam
2787 619 2955 674 beata:
3003 633 3216 689 semper
3262 618 3484 688 virginis

221 722 380 791 rapuit
411 717 701 788 Auspicius
725 761 738 785 ,
771 715 1062 785 discipulus
1091 731 1274 770 eorum
1304 757 1320 781 ,
1343 716 1573 769 nutritor
1599 722 1799 768 sanctae

218 811 428 880 virginis
485 809 796 872 Domitillae,
851 815 907 862 et
959 805 1011 861 in
1042 818 1227 878 crypta
1259 806 1500 860 arenaria
1531 803 1798 874 sepelivit.

216 904 334 960 ltem
383 904 463 953 via
521 899 760 964 Aurelia,
817 897 1062 952 milliario
1112 896 1369 959 secundo,
1397 895 1572 950 natale
1629 893 1802 948 sancti

219 994 470 1052 Pancratii
502 992 790 1061 martyris;
821 990 911 1057 qui
941 1005 1061 1044 cum
1087 999 1230 1044 esset
1263 1003 1523 1042 annorum
1547 996 1804 1055 quatuor-

222 1087 405 1148 decim,
431 1086 534 1138 sub
564 1081 897 1136 Diocletiano
929 1079 1245 1150 martyrium
1287 1079 1475 1147 capitis
1521 1079 1801 1132 obtrunca-

226 1181 356 1235 tione
378 1176 700 1242 complevit,
733 1175 887 1244 cujus
937 1174 1289 1228 reverendum
1314 1187 1508 1241 corpus
1537 1171 1801 1226 Octavilla

216 1269 430 1328 illustris
465 1268 668 1322 femina
711 1267 919 1321 occulte
951 1277 1108 1321 noctu
1151 1265 1419 1320 sublatum
1469 1263 1803 1318 aromatibus

219 1362 481 1418 conditum
535 1359 815 1427 sepelivit.
869 1359 1067 1413 Eodem
1124 1360 1210 1412 die
1237 1359 1295 1416 Β.
1345 1357 1583 1434 Dionysii
1629 1356 1800 1426 patrtti

216 1453 442 1520 ejusdem
479 1452 542 1504 Β.
581 1450 875 1514 Pancratii,
907 1449 1060 1517 cuius
1083 1449 1262 1504 studio
1293 1449 1434 1503 idem
1487 1449 1800 1503 Pancratius

220 1551 268 1598 et
310 1542 637 1612 baptizatus,
663 1541 791 1595 etin
820 1543 1009 1594 timore
1060 1542 1149 1595 Dei
1182 1541 1533 1605 confortatus,
1565 1541 1629 1594 ad
1660 1555 1803 1594 mar-

217 1638 398 1710 tyrium
448 1638 726 1690 animatus
767 1645 869 1690 est.
922 1635 1074 1704 Apud
1129 1633 1360 1704 Cyprum
1415 1635 1586 1690 sancti
1635 1635 1801 1704 patris

221 1733 374 1784 nostri
418 1731 703 1800 Epiphanii
730 1729 1014 1783 Salamina:
1037 1729 1297 1796 episcopi.

276 1822 334 1877 G.
370 1820 430 1876 lll
465 1821 588 1875 Inus
618 1821 765 1875 ΜΔΙΙ.
794 1849 864 1859 -
887 1819 1069 1872 Natale
1096 1826 1293 1872 sancta:
1347 1817 1530 1872 Mariae
1561 1817 1625 1870 ad
1659 1832 1800 1872 mar-

217 1923 366 1983 tyres.
414 1912 596 1968 Phoca
659 1913 980 1981 itnperatore
1006 1911 1192 1965 beatus
1244 1909 1548 1964 Bonifacius
1582 1925 1715 1978 papa
1746 1911 1797 1965 itt

1907 711 2110 778 Mariae,
2143 723 2194 767 et
2222 716 2458 768 omnium
2489 725 2780 785 martyrum
2825 712 3114 777 dedicavit,
3145 712 3294 781 cujus
3327 711 3488 768 dedi-

1907 805 2134 860 cationis
2162 805 2518 860 sacratissima
2550 806 2668 860 dies
2719 807 2890 876 agitur
2940 804 3124 859 Romae
3169 803 3331 859 tertio
3361 803 3484 862 ldus

1907 896 2049 951 Maii.
2083 897 2203 965 Ipso
2228 897 2315 951 die
2366 898 2532 950 sancti
2593 897 2819 953 Servatii
2871 897 3104 966 episcopi
3155 895 3484 963 Tungrensis

1908 987 2182 1054 Ecclesiae,
2214 988 2300 1056 qui
2335 998 2571 1056 tempore
2591 1004 2695 1057 quo
2727 987 2898 1041 Hunni
2938 986 3278 1041 Germaniam
3304 997 3485 1042 vasta-

1907 1081 2056 1150 bant,
2088 1096 2154 1135 ne
2183 1081 2411 1135 civitatis
2433 1090 2591 1150 atque
2635 1083 2886 1136 Ecclesiae
2932 1097 3041 1136 sua:
3093 1081 3298 1135 videret
3341 1081 3490 1136 exci-

1907 1173 2074 1241 dium,
2105 1173 2318 1228 Domini
2365 1173 2691 1228 revelatione
2732 1177 3111 1239 commonitus,
3161 1175 3368 1230 transiit
3417 1175 3482 1228 ad

1905 1265 2080 1320 vicum
2108 1265 2554 1334 Trajectensium,
2581 1267 2756 1333 ibique
2781 1267 3082 1330 defunctus,
3110 1279 3269 1337 atque
3299 1269 3349 1322 iu
3377 1283 3487 1323 me-

1905 1354 1993 1409 dio
2027 1355 2221 1423 publici
2255 1357 2464 1424 aggeris
2494 1365 2572 1411 est
2602 1359 2856 1425 sepultus.
2911 1357 2992 1413 0b
3049 1359 3201 1428 cujus
3230 1362 3484 1414 meritum

1907 1447 2211 1502 hominibus
2260 1450 2774 1517 demonstrandum,
2827 1468 2946 1506 cum
2997 1462 3237 1520 tempore
3289 1453 3478 1507 hiemis

1904 1543 2160 1595 omniain
2191 1543 2421 1598 circuitu
2451 1544 2535 1597 nix
2566 1545 2817 1611 repleret,
2869 1561 3134 1614 nunquam
3177 1549 3481 1613 sepulcrum

1906 1632 2023 1702 ejus
2046 1635 2256 1700 operuit
2280 1635 2367 1687 nix
2394 1647 2493 1688 nec
2537 1634 2737 1703 pluvia,
2781 1636 2952 1690 donec
2981 1651 3009 1688 a
3040 1651 3348 1692 successore
3386 1651 3484 1690 suo

1905 1735 2091 1780 sancto
2122 1725 2359 1780 llluuulfo
2391 1729 2644 1795 episc0po
2677 1730 2931 1798 templum
2977 1744 3225 1797 magnum
3275 1729 3326 1784 in
3370 1728 3485 1798 ejus

1904 1817 2110 1872 honore
2141 1827 2507 1872 constructum
2539 1828 2641 1874 est.
2679 1820 2745 1872 Et
2796 1821 2968 1876 natale
3016 1821 3182 1875 sancti
3239 1820 3481 1890 Gaogolfi

1905 1917 2177 1986 martyris,
2209 1924 2265 1969 et
2292 1916 2458 1969 sancti
2485 1915 2660 1969 Onesii
2687 1915 3030 1970 confessoris.

213 2005 368 2059 veteri
403 2006 550 2072 fano,
580 2004 726 2074 quod
749 2004 1024 2059 Pantheon
1048 2001 1360 2069 vocabatur,
1402 2002 1598 2057 ablatis
1627 2001 1798 2057 idolo-
1827 1998 1877 2058 B
1975 2005 2043 2060 A.
2069 2006 2221 2061 Puto.
2244 2006 2364 2062 lous
2390 2007 2808 2064 Mam—Sancti
2836 2008 2999 2077 patris
3018 2009 3184 2064 nostri
3214 2005 3480 2078 Pacomiij;

1503 2112 1734 2168 EDITIO
1772 2113 2273 2171 BOLLANDIANA.

275 2209 357 2266 l3.
384 2239 456 2250 —
485 2208 552 2263 111
583 2207 729 2264 lous.
763 2208 1035 2263 Dedicatio
1059 2206 1116 2263 S.
1148 2208 1176 2237 ⁸
1203 2206 1382 2264 Maria:
1412 2207 1480 2262 ad
1511 2207 1792 2280 Martyres.

216 2299 405 2358 Eodem
435 2302 525 2356 die
560 2301 622 2357 S.
649 2299 900 2356 Servatii.

276 2393 456 2448 Florus
508 2397 562 2447 in
622 2395 688 2447 A.
722 2392 783 2448 Τ.
847 2392 933 2461 L.,
993 2392 1243 2462 Trajecto
1300 2393 1465 2448 Portu
1513 2394 1690 2449 natale
1736 2395 1794 2451 S.

217 2491 242 2531 δ
267 2486 486 2544 Servatii
517 2488 784 2556 episcopi.
833 2488 929 2542 llic
958 2487 1084 2542 dum
1136 2487 1202 2542 ad
1234 2487 1296 2542 Β.
1334 2487 1481 2543 Petri
1527 2488 1797 2558 apostolo.

214 2595 318 2636 rum
347 2583 602 2650 principis
637 2581 940 2650 sepulcrum
969 2596 1063 2649 pro
1086 2581 1362 2650 ereptione
1393 2583 1570 2650 populi
1601 2580 1797 2636 Gallia-

216 2689 318 2729 rum
352 2675 578 2729 Domino
609 2675 955 2746 supplicaret,
1015 2691 1081 2729 ne
1107 2676 1172 2729 ab
1202 2675 1408 2730 Hunnis
1435 2684 1790 2745 vastarentur,

215 2767 275 2825 ab
301 2771 410 2839 ipso
459 2771 734 2839 apostolo,
784 2778 845 2824 ut
890 2770 1076 2838 fertur,
1128 2770 1332 2837 accepit
1373 2783 1687 2832 responsum
1736 2770 1790 2824 in

219 2863 318 2917 visu
342 2873 395 2917 et
422 2864 598 2932 ipsum
634 2865 740 2918 cito
789 2877 1016 2931 corpore
1066 2863 1442 2931 migraturum,
1493 2871 1547 2915 et
1590 2861 1789 2915 nullam

221 2953 491 3010 Galliarum
542 2956 733 3010 urbem
789 2964 982 3023 praeter
1030 2953 1389 3018 Metensium,
1444 2965 1662 3024 propter
1705 2957 1783 3024 pi-

217 3064 362 3118 gnora
388 3049 444 3105 Β.
471 3049 733 3122 Stephani
781 3048 1026 3119 Martyris
1075 3047 1147 3103 ibi
1202 3047 1500 3112 recondita,
1551 3047 1788 3104 liberan-

214 3141 339 3200 dam.

275 3234 324 3288 In
348 3234 630 3288 Palmstina
666 3245 686 3272 ε
716 3233 939 3298 Taraco,
972 3233 1130 3288 Probi
1158 3241 1214 3289 et
1241 3233 1531 3288 Andronici
1568 3233 1787 3302 (Hacte-

215 3341 298 3380 nus
322 3325 430 3399 A.),
475 3326 564 3398 qui
608 3326 707 3381 sub
755 3327 985 3379 Maximo
1034 3325 1262 3396 praeside
1310 3334 1428 3394 post
1478 3325 1628 3395 plura
1675 3333 1785 3380 tor-

215 3431 372 3472 menta
400 3419 452 3474 in
479 3417 938 3488 amphitheatrum
969 3419 1212 3486 projecti,
1243 3431 1363 3472 cum
1395 3432 1422 3470 a
1456 3416 1642 3474 bestiis
1675 3431 1782 3472 non

216 3507 548 3575 laderentur,
584 3509 774 3580 gladiis
803 3519 928 3564 sttnt
952 3509 1214 3578 deputati.

276 3599 429 3666 Idem,
457 3603 771 3664 ntvidetur,
811 3601 904 3656 sed
951 3601 1003 3654 in
1052 3601 1168 3656 solo
1189 3601 1252 3656 T.
1282 3619 1294 3655 :
1337 3601 1457 3671 Ipso
1487 3601 1573 3656 die
1605 3601 1783 3670 passio

217 3689 265 3743 S.
292 3689 315 3727 α
346 3691 494 3747 Mucii
529 3693 829 3763 presbyteri
859 3708 873 3746 :
924 3691 1014 3762 qui
1049 3706 1235 3761 passus
1258 3701 1342 3746 est
1373 3692 1423 3745 in
1477 3693 1782 3762 Amphipoli

218 3781 429 3852 civitate,
460 3788 558 3839 suh
591 3785 842 3839 Laodicio
867 3793 920 3840 et
949 3784 1178 3839 Maximo
1219 3787 1650 3853 proconsulibus.
1683 3787 1784 3855 Qui

215 3873 373 3942 imus
401 3892 479 3936 est
506 3880 681 3950 primo
709 3879 960 3948 suspendi
1007 3889 1062 3934 et
1105 3880 1420 3951 exungulari
1457 3895 1590 3948 pene
1619 3895 1786 3948 usque

1810 3553 1857 3618 C

1900 2209 1966 2265 ad
1989 2223 2108 2264 ossa
2137 2227 2148 2262 :
2179 2209 2374 2264 deinde
2400 2210 2596 2263 missus
2622 2217 2706 2262 est
2729 2209 2782 2263 in
2813 2210 3083 2265 caminum
3115 2210 3251 2280 ignis
3281 2211 3479 2268 arden-

1900 2301 2007 2357 tis:
2039 2302 2165 2356 inde
2191 2303 2389 2356 virtute
2437 2301 2644 2354 Domini
2692 2300 2889 2356 illazsus
2939 2303 3148 2369 exiens,
3197 2304 3300 2358 sub
3347 2304 3484 2359 duas

1897 2401 2043 2448 rotas
2068 2392 2316 2456 mittitur,
2350 2401 2408 2445 ut
2438 2393 2716 2446 volventes
2743 2391 3043 2446 dividerent
3065 2393 3303 2447 membra
3320 2394 3436 2464 ejus
3461 2411 3477 2449 :

1896 2485 2090 2556 quibus
2120 2485 2329 2550 solutis,
2358 2484 2646 2538 novissime
2672 2482 2848 2552 gladio
2878 2483 3102 2538 traditus
3127 2493 3229 2538 est.

1969 2575 2057 2630 14.
2087 2605 2155 2618 --
2180 2576 2220 2630 ll
2248 2576 2384 2631 Inus.
2411 2576 2592 2631 Sancti
2627 2576 2798 2630 Patris
2828 2578 2994 2631 nostri
3028 2577 3356 2643 °Pachomii,
3383 2578 3476 2647 qui

1895 2687 2016 2728 cum
2039 2681 2182 2728 esset
2210 2672 2362 2726 factis
2382 2672 2692 2741 apostolicae
2717 2673 2900 2742 gratiae
2930 2672 3170 2742 insignis,
3198 2674 3476 2730 fundator-

1894 2780 1998 2834 que
2045 2763 2258 2836 IEgypti
2311 2764 2704 2829 coenobiorum,
2755 2766 2969 2832 scripsit
3027 2767 3473 2822 monasteriorum

1892 2856 2124 2926 regulas,
2177 2870 2309 2924 quas
2333 2857 2524 2925 angelo
2544 2856 2780 2910 dictante
2807 2856 3063 2911 didicerat
3091 2874 3105 2911 :
3142 2857 3301 2912 simul
3325 2869 3379 2912 et
3405 2858 3473 2915 de

1892 2957 2135 3018 tempore
2163 2948 2424 3002 Paschali.
2478 2947 2596 3017 Ipso
2638 2947 2725 3002 die
2754 2948 2806 3002 in
2832 2948 2986 3019 Syria
3018 2949 3205 3003 natalis
3237 2949 3258 2987 ῐ
3293 2949 3475 3006 Victo-

1891 3039 1965 3094 ris
1996 3052 2049 3094 et
2078 3038 2302 3094 Coronae
2330 3041 2429 3094 sub
2463 3039 3104 3108 Antonino'imperatore,
3154 3040 3290 3095 duce
3315 3042 3475 3096 Alex-

1829 3155 1832 3158 ·
1889 3131 2092 3187 andria:
2141 3132 2478 3188 Sebastiano.
2537 3130 2822 3202 (Hactenus
2865 3131 2958 3200 A.)
3000 3132 3130 3187 Erat
3173 3145 3350 3187 autem
3385 3131 3477 3188 Vi-

1888 3236 2006 3284 ctor
2035 3225 2189 3281 miles
2219 3241 2246 3279 a
2288 3227 2491 3292 Cilicia,
2537 3228 2622 3282 cui
2667 3229 3008 3282 Sebastianus
3056 3229 3108 3283 in
3139 3229 3478 3286 confessione

1887 3321 2011 3376 fidei
2043 3319 2304 3390 confringi
2337 3321 2532 3390 digitos
2561 3333 2614 3375 et
2655 3323 2774 3374 velli
2822 3321 2978 3390 jussit
3019 3338 3046 3375 a
3079 3334 3219 3378 cute.
3272 3323 3476 3380 Deinde
3550 3297 3560 3316 ‘

1887 3412 2036 3469 illum
2064 3413 2222 3482 jussit
2248 3414 2300 3466 in
2330 3414 2597 3467 caminum
2644 3412 2778 3482 ignis
2809 3413 2967 3479 mitti,
3021 3415 3108 3469 ubi
3143 3417 3318 3470 triduo
3350 3431 3474 3486 per-

1891 3521 2116 3563 manens
2147 3521 2250 3561 non
2279 3516 2362 3561 est
2393 3506 2574 3561 laesus.
2627 3504 2832 3561 Deinde
2865 3521 3125 3561 venenum
3154 3506 3340 3562 bibere
3360 3505 3474 3578 jus-

1891 3614 2002 3664 sus,
2029 3614 2133 3652 non
2165 3607 2250 3653 est
2279 3609 2540 3661 mortuus,
2575 3598 2668 3652 sed
2699 3597 2990 3652 veneficum
3020 3597 3202 3667 potius
3223 3599 3286 3652 ad
3314 3601 3474 3656 fidem

1894 3700 2178 3755 convertit.
2221 3700 2423 3756 Deinde
2450 3699 2661 3769 jussum
2691 3708 2773 3753 est
2819 3712 3014 3754 nervos
3043 3699 3284 3766 corporis
3315 3698 3480 3767 ipsius

1899 3789 2012 3844 tolli
2039 3809 2052 3844 :
2085 3791 2274 3845 deinde
2301 3791 2477 3844 oleum
2523 3789 2744 3844 bulliens
2785 3789 2922 3843 mitti
2948 3790 2997 3842 itt
3029 3789 3286 3857 pudendis
3340 3790 3475 3857 ejus.

1896 3890 1924 3928 α
1958 3882 2083 3936 Post
2126 3882 2237 3935 haec
2277 3883 2435 3950 jussit
2483 3881 2733 3938 ardentes
2785 3881 3058 3950 lampades
3103 3896 3363 3950 suspenso
3410 3881 3476 3936 ad

1575 3992 1778 4047 SMlTll
1845 3993 2072 4048 ΝΟΤᾸΞ.

281 4089 305 4118 ⁸
332 4084 528 4142 Μανίαν.
567 4086 826 4140 Duronius
857 4086 907 4139 in
941 4085 1312 4156 alartyrologio
1351 4085 1450 4156 hoc
1473 4085 1632 4138 modo
1662 4102 1776 4140 rem

220 4159 459 4221 explicat:
513 4160 698 4211 Romae
739 4156 1008 4211 Dedicatio
1061 4155 1303 4211 ecclesia:
1358 4155 1569 4211 Sancta:
1600 4157 1776 4211 Maria:

221 4226 275 4278 ad
306 4227 574 4301 Martyres,
609 4242 768 4297 quam
805 4229 862 4282 ll.
912 4228 1216 4301 Bonifacius
1268 4228 1405 4294 Papa
1446 4227 1546 4301 _IV_,
1589 4244 1783 4292 expur-

218 4307 324 4362 ςδιο
351 4297 569 4353 deorum
622 4302 856 4352 omnium
905 4300 1070 4353 veteri
1127 4300 1270 4364 fano,
1319 4299 1457 4365 quod
1507 4297 1781 4353 Pantheon

218 4370 504 4434 vocabatur,
558 4373 610 4424 in
654 4371 909 4423 honorem
962 4370 1022 4424 Β.
1054 4385 1265 4438 semper
1322 4370 1550 4438 Virginis
1607 4371 1784 4424 Mariae

220 4447 266 4490 el
297 4446 525 4498 omnium
554 4443 844 4511 Martyrum
872 4441 1160 4508 dedicavit,
1191 4453 1430 4510 tempore
1458 4442 1650 4496 Phoca:
1683 4441 1784 4495 lm-

221 4515 480 4576 peratoriis.

281 4581 302 4616 δ
331 4585 563 4639 Servatii.
600 4583 1195 4652 EpisconiTungrensis
1217 4594 1270 4639 et
1298 4585 1645 4638 confessoris.
1679 4585 1781 4650 Qui

1892 4090 2054 4140 scitae.
2107 4086 2346 4156 Denique
2381 4087 2678 4153 triumphus
2711 4087 2765 4141 S.
2812 4087 3040 4142 Servatii
3077 4086 3327 4142 recolitur
3369 4086 3479 4146 Do-

1893 4159 2086 4212 minica
2120 4161 2284 4222 prima
2316 4159 2462 4213 Julii.
2497 4160 2753 4214 Momms
2777 4158 2844 4211 de
2873 4158 3082 4213 Sanctis
3116 4159 3294 4227 Belgii.

1972 4241 1992 4269 ε
2028 4229 2239 4282 'I'uraco.
2281 4229 2352 4283 De
2382 4230 2462 4281 his
2493 4232 2612 4284 vide
2640 4231 2771 4282 infra
2801 4245 2814 4283 l
2842 4231 3102 4283 Octobris.

1966 4299 1992 4337 =1
2023 4300 2199 4354 Mucii.
2237 4301 2327 4353 llic
2368 4301 2645 4373 presbyter
2691 4301 2786 4353 fuit
2817 4301 3261 4368 Atnphipolitanat
3291 4302 3479 4359 Eccle-

1892 4371 1985 4426 εἰει-ι
2007 4413 2020 4433 ,
2072 4382 2320 4436 parentes
2344 4371 2539 4425 habuit
2568 4373 2918 4438 Enphratium
2949 4384 3001 4426 et
3038 4374 3366 4427 l'lttstathiatn
3412 4389 3480 4430 ex

1891 4445 2056 4497 veleri
2088 4442 2254 4497 Roma
2284 4445 2560 4500 oriundos.
2611 4445 2915 4511 Amphipoli
2949 4453 3124 4498 autem
3161 4445 3340 4498 multis
3369 4461 3482 4513 pte-

1894 4515 1975 4567 nis
2007 4512 2234 4567 alflictus
2266 4527 2378 4579 est;
2426 4531 2544 4568 cum
2575 4526 2750 4568 autem
2783 4518 3060 4570 universus
3092 4517 3314 4584 populus
3345 4512 3479 4569 eon-

1895 4585 2156 4640 clamaret
2204 4601 2326 4640 eum
2359 4587 2730 4640 dimittendum
2761 4603 2899 4648 esse,
2947 4587 3264 4640 amandatus
3295 4596 3376 4640 est
3411 4586 3480 4642 ad

219 4663 383 4707 contra
403 4634 1776 4727 Euphratempseudoeiiiscopumsententiamsuam
1814 4634 2270 4724 “Philippesium
2322 4659 2372 4710 in
2430 4658 2716 4712 Perinthon
2769 4634 2952 4712 urbem
3003 4658 3282 4720 Thraciae,
3353 4634 3474 4727 qua;

223 4728 424 4793 protulit
472 4731 526 4781 in
555 4729 782 4782 cont-ilio
819 4726 1109 4793 Agrippino
1138 4741 1282 4780 anno
1328 4725 1431 4780 546
1482 4727 1775 4780 celebrato.

224 4791 420 4871 Multum
449 4812 624 4854 autem
653 4798 792 4852 inter
822 4791 1320 4871 Galliteepiscopns
1351 4797 1592 4871 laudatur
1614 4798 1784 4871 a_Su|-

224 4864 339 4930 pilio
361 4871 557 4926 Severo
610 4879 791 4923 noster
819 4864 1112 4930 Servatins,
1148 4864 1236 4930 qui
1271 4869 1496 4921 Arimini
1527 4868 1685 4922 minis
1731 4879 1783 4922 et

225 4937 470 4994 terriculis
500 4944 816 4995 Arianorum
861 4956 962 4993 non
993 4940 1178 5003 cessit,
1207 4941 1302 4993 sed
1331 4952 1513 4993 contra
1539 4955 1634 4993 eos
1660 4939 1780 4994 fidei

226 5008 558 5070 professiones
581 5012 766 5066 edidit.
802 5010 906 5065 Sed
939 5021 990 5064 et
1017 5011 1337 5064 Athanasius
1383 5012 1641 5078 praeclare
1667 5009 1784 5079 ejus

225 5082 465 5153 meminit.
496 5083 829 5153 Magnentius
856 5083 1058 5153 legatus
1079 5082 1387 5136 mittebatur
1409 5097 1436 5135 a
1469 5082 1785 5135 Constantio

225 5147 645 5224 ad__Ctitistanteitt
674 5147 928 5208 fratrem;
949 5151 998 5206 ls
1027 5163 1287 5222 tyrannus
1317 5155 1664 5206 Constantem
1695 5167 1785 5206 oc-

225 5218 356 5284 cidit,
386 5235 437 5277 et
461 5226 764 5280 Occidentis
790 5218 1072 5295 imperium
1105 5239 1249 5278 anno
1279 5225 1383 5279 550
1414 5224 1781 5292 Augustoduni

228 5299 499 5360 occupavit.
550 5296 845 5354 Accusatus
900 5306 981 5350 est
1028 5297 1210 5348 statim
1264 5295 1588 5349 Athanasius
1638 5295 1782 5364 quod

228 5371 333 5438 cum
375 5366 669 5438 Magnentio
717 5367 887 5434 egerit
938 5367 1004 5421 de
1053 5365 1420 5438 interficiendo
1467 5366 1780 5438 Constante.

228 5425 361 5506 Unde
386 5425 900 5494 adeonstanti'num
947 5437 1246 5506 apologiam
1292 5435 1546 5506 scripsit:
1605 5438 1654 5489 itt
1683 5453 1782 5504 qua

226 5510 351 5578 inter
393 5518 550 5565 testes
579 5511 898 5566 innocentia:
923 5524 1032 5562 sna'
1066 5509 1294 5576 primum
1325 5509 1565 5561 nominat
1592 5508 1784 5564 Serva—

231 5575 345 5650 ljjlm
386 5581 720 5650 episcopum,
770 5581 859 5650 qui
909 5581 972 5632 ad
1021 5575 1366 5633 constantem
1415 5578 1704 5648 aliquando
1754 5596 1782 5633 a

233 5633 804 5721 Illait'entioiprolegato‘
845 5652 1036 5704 missus
1072 5650 1265 5703 fuerat.
1316 5633 1520 5704 Natalis
1555 5652 1782 5721 Servatii

231 5704 372 5786 hodie
400 5704 754 5786 celebratur);
773 5704 902 5776 dies
934 5721 1303 5775 translationis
1333 5704 1578 5785 septimo
1597 5720 1739 5774 Junii
1767 5739 1780 5785 ;

231 5772 406 5865 {attain
452 5772 893 5865 γίδίξιίῇίῖὲς-ἀῲίιί
930 5772 1116 5844 inme
1146 5772 1354 5865 pandit
1371 5772 1468 5865 ite
1483 5772 1781 5865 causa;

231 5853 438 5927 oscidio,
462 5861 641 5916 incidit
667 5853 721 5915 in
751 5853 894 5912 diem
926 5857 1369 5918 Annuutiatibnis
1403 5862 1634 5927 Domini,
1687 5863 1784 5917 sed

231 5925 568 5996 transponitur
603 5932 659 5990 in
700 5929 1207 5990 diem'Dominicutn
1249 5942 1371 6004 post
1415 5925 1634 5990 octavas
1674 5930 1779 5988 Pal

1889 4743 2028 4781 nunc
2075 4729 2326 4782 lluraclea
2369 4730 2583 4794 dicitur,
2624 4740 2783 4797 atque
2834 4729 2958 4783 inde
3004 4729 3332 4799 Byzantium,
3387 4728 3476 4783 ttbi

1885 4799 2056 4866 capite
2088 4800 2270 4867 plexos
2299 4811 2400 4853 est.
2433 4803 2626 4853 Postea
2660 4796 2926 4854 exstructa
2959 4796 3091 4852 illi'a
3120 4796 3472 4855 Constantino

1888 4884 2081 4936 magno
2113 4869 2227 4923 :ede
2257 4870 2719 4939 splendidissima,
2774 4875 2824 4922 in
2855 4870 2996 4923 illam
3034 4871 3328 4923 translatus
3373 4879 3478 4926 est.

1889 4940 2080 4994 Passus
2131 4953 2212 4993 est
2261 4944 2360 4994 sub
2403 4941 2754 4997 Diocletiano.
2809 4939 2983 4996 Graeci
3035 4956 3155 4995 cum
3189 4941 3371 4996 colunt
3420 4956 3476 4997 ιι

1887 5011 2030 5064 Maii.
2063 5012 2393 5074 liOLLANDUS,
2425 5014 2512 5068 die
2540 5029 2592 5067 χι
2624 5013 2763 5066 Maii.

1959 5087 1983 5109 ’³
2017 5082 2299 5135 Pnchomii.
2365 5085 2698 5139 Sozomeuus
2750 5086 2804 5138 in
2833 5083 2964 5137 Hist.
3028 5082 3171 5137 Eccl.
3231 5082 3334 5152 (III,
3387 5080 3484 5152 15)

1885 5153 2071 5208 scribit
2115 5155 2457 5209 Pachomium
2495 5156 2655 5210 fuisse
2674 5155 3103 5210 Tabennensium
3130 5154 3181 5207 in
3206 5152 3484 5209 Thebaide

1887 5227 2272 5279 monachorum
2321 5237 2597 5283 auctorem
2635 5236 2687 5280 et
2733 5226 3118 5290 institutorem,
3173 5223 3328 5278 initio
3357 5224 3475 5292 qui-

1885 5297 2007 5350 dem
2039 5297 2208 5350 solum
2255 5297 2304 5350 in
2333 5303 2585 5365 spelunca
2633 5297 3062 5366 philosophatum
3097 5310 3237 5360 esse,
3293 5303 3475 5363 postea

1887 5382 2013 5423 vero
2042 5369 2288 5438 angelum
2330 5371 2378 5424 ei
2422 5378 2765 5438 apparentem
2813 5371 3084 5438 monuisse
3130 5378 3184 5420 ut
3227 5366 3474 5435 juniores

1888 5441 2178 5494 monachos
2205 5437 2521 5510 colligeret;
2575 5454 2736 5508 porro
2763 5441 2993 5494 tabulam
3025 5437 3240 5510 dedisse
3278 5438 3326 5510 ei
3357 5449 3479 5510 qua

1886 5510 2176 5564 etiamnum
2209 5507 2511 5565 cuSIoditur
2542 5507 2584 5564 a7
2621 5511 2916 5566 monachis.
2978 5511 3107 5578 Ejus
3137 5508 3269 5564 Acta
3299 5507 3482 5564 decla-

1889 5592 2008 5635 rant
2039 5597 2158 5636 eum
2185 5583 2492 5637 defunctum
2527 5596 2670 5646 esse,
2727 5583 2945 5650 quando
2979 5582 3035 5637 S.
3074 5582 3398 5635 Athanasius
3427 5579 3481 5634 in

1890 5653 2182 5708 Ecclesiam
2215 5668 2364 5706 suam
2393 5668 2640 5709 reversus
2669 5666 2771 5719 est,
2801 5668 2944 5708 anno
2975 5669 3052 5708 sc.
3082 5653 3209 5708 549.

1887 5794 1936 5849 Μ
1965 5725 2256 5808 ς.1”ἰεῑοι’ὶδ.
2314 5725 2569 5797 Martyres
2623 5725 2672 5778 hi
2724 5739 2884 5794 supra
2927 5727 3178 5782 coluntur
3222 5738 3316 5778 vttt
3359 5721 3483 5778 Kal.

1937 5809 2030 5849 an.

1965 5870 1989 5909 ε
2022 5868 2190 5922 Verba
2226 5870 2465 5934 posthac
2497 5884 2665 5940 usque
2699 5871 2762 5924 ad
2796 5871 2962 5940 capite
3001 5867 3245 5940 suspendi
3276 5881 3386 5922 om.
3415 5865 3481 5923 Ι..
