3988 6346
479 351 582 409 915
1202 352 1402 407 ΒΕΞΛιΕ
1450 350 1892 408 VENERA-BILIS
1931 349 2054 408 OPP

2170 351 2297 406 ARS
2336 352 2424 407 ιν.
2450 378 2521 394 -ο
2558 351 2937 411 HISTORICA.

2884 148 2917 177 κ

1753 470 1979 526 EDITIO
2018 468 2481 525 COLONENSIS.

491 566 580 637 qui
610 581 729 621 cum
754 575 894 621 esset
925 565 1076 620 factis
1108 566 1417 635 apostolicae
1444 566 1627 635 gratiae
1673 566 1911 635 insignis,
1944 565 2063 618 t‘nn-
2093 565 2148 625 Α
2175 564 2412 616 victoriae
2438 561 2688 629 perennis
2723 562 3049 630 triumphum
3076 563 3291 621 meruit.

486 658 747 726 daturque
779 654 992 726 Egypti
1027 657 1410 723 cmnobiorum,
1436 659 1650 725 scripsit
1679 659 2063 712 monachorum

489 751 724 819 regulas,
759 766 889 817 quas
932 751 1132 816 Angelo
1158 751 1394 804 dictante
1423 750 1701 811 didicerat,
1744 750 1898 803 simul
1920 762 1971 804 et
1998 749 2071 804 de

490 854 728 912 tempore
749 842 1006 898 Paschali.
1034 842 1087 896 In
1106 841 1257 912 Syria
1286 845 1460 897 natale
1488 843 1717 897 Victoris
1742 854 1793 898 et
1818 844 2059 911 Coronae,

488 932 589 986 sub
645 933 915 987 Antonino
973 932 1339 999 imperatore,
1389 936 1524 989 duce
1582 936 1916 989 Alexandriae
1968 935 2066 991 Se-

486 1023 749 1078 basliattti.
785 1024 910 1079 Erat
950 1039 1126 1080 autem
1163 1025 1347 1081 Victor
1375 1028 1528 1081 miles
1556 1042 1581 1080 a
1615 1027 1816 1096 Cilicia,
1849 1028 1933 1083 cui
1966 1028 2064 1084 Se-

481 1115 756 1172 bastianus
805 1119 855 1173 in
914 1120 1252 1175 confessione
1299 1122 1419 1178 fidei
1469 1122 1730 1191 confringi
1760 1124 1977 1191 digitos,
2009 1131 2063 1177 et

482 1208 843 1277 eveflijusssit,
877 1210 1069 1266 deinde
1130 1213 1274 1265 illum
1331 1215 1380 1266 in
1432 1214 1696 1267 caminum
1733 1214 1868 1283 ignis
1900 1214 2057 1275 mitti,

480 1301 569 1355 ubi
604 1304 776 1355 triduo
810 1319 1151 1371 permanens,
1187 1320 1289 1359 non
1323 1316 1403 1359 est
1434 1305 1588 1360 laesus
1622 1324 1636 1359 :
1679 1308 1872 1361 deinde
1894 1322 2062 1360 vene-

478 1408 604 1447 num
633 1393 813 1449 bibere
840 1396 1038 1463 juSSus,
1075 1401 1177 1449 n'ou
1212 1406 1294 1451 est
1325 1408 1597 1461 mortuus,
1631 1397 1725 1451 sed
1762 1398 2059 1452 Veneticum

481 1488 659 1551 potius
687 1487 752 1540 ad
786 1487 944 1542 ﬁdem
977 1490 1259 1542 convertit.
1292 1488 1492 1543 Deinde
1516 1487 1725 1559 jussum
1758 1497 1839 1542 est
1871 1502 2061 1541 nervos

481 1579 727 1647 corporis
776 1580 891 1647 ejus
922 1581 1056 1645 tolli,
1087 1580 1278 1635 deinde
1326 1581 1500 1635 oleum
1555 1580 1781 1635 bulliens
1828 1581 1961 1634 mitti
2009 1580 2062 1634 in

479 1670 741 1741 pudendis
786 1671 923 1742 ejus,
977 1683 1096 1742 post
1128 1673 1226 1729 hoc
1276 1673 1436 1742 jussit
1492 1672 1769 1740 lampades
1812 1672 2069 1728 ardentes-

480 1778 747 1832 suspenso
796 1766 859 1817 ad
909 1765 1074 1819 latera
1125 1766 1421 1835 applicari:
1459 1772 1577 1833 post
1624 1764 1725 1818 hoc
1771 1774 1977 1819 acetum
2008 1772 2077 1819 et-

483 1853 689 1907 calcem
719 1854 873 1907 simul
905 1855 1140 1919 misceri,
1163 1866 1214 1909 et
1241 1853 1354 1909 dari
1384 1856 1469 1919 ei;
1500 1854 1692 1933 deinde
1720 1855 1901 1909 oculos
1920 1854 2057 1920 erui,

2248 657 2305 710 Β.
2365 656 2483 711 lous
2536 657 2985 713 Metu—Natale
3026 668 3332 713 sanctorum
3386 658 3764 715 confessorum

2172 746 2427 816 Torquati
2488 759 2541 803 et
2597 749 2864 813 Iseloutis,
2919 750 3170 814 Secundi,
3226 750 3491 818 ludaletii,
3531 750 3764 812 Cacilii,

2172 840 2341 901 Esitii,
2380 840 2632 904 Eufrasii,
2663 844 2755 911 qui
2814 842 2999 897 Boium
3028 846 3282 898 asauctis
3326 845 3586 907 apostolis
3640 844 3763 910 epi-

2169 934 2317 999 scopi
2366 932 2637 998 ordinati,
2693 934 2757 987 ad
2814 935 3209 1003 praedicandum
3267 935 3486 989 verbum
3542 936 3636 989 Dei
3697 933 3767 989 ad

2170 1022 2475 1093 Hispanias,
2495 1034 2617 1078 tunc
2633 1026 2809 1079 adhuc
2826 1028 3013 1094 gentili
3028 1041 3213 1081 errore
3233 1028 3552 1096 implicatas,
3568 1026 3763 1081 directi

2169 1125 2315 1169 sunt.
2364 1116 2607 1186 Cumque
2637 1119 2700 1170 ad
2732 1118 3006 1173 civitatem
3038 1120 3344 1173 Accitanam
3374 1119 3678 1182 venissent,
3712 1128 3767 1171 et

2170 1219 2389 1275 propter
2442 1210 2676 1264 laborem
2731 1211 2945 1266 itineris
2991 1212 3259 1267 modicum
3313 1212 3681 1279 quiescentes,
3712 1219 3767 1263 et

2167 1314 2327 1353 causa
2359 1300 2533 1355 victus
2557 1304 2769 1355 emendi
2802 1302 3096 1370 discipulos
3136 1302 3186 1355 in
3242 1302 3426 1359 urbem
3463 1301 3763 1364 misissent,

2168 1404 2290 1443 mox
2337 1406 2660 1460 paganorum
2714 1394 3020 1459 multitudo,
3052 1396 3137 1463 qui
3174 1404 3297 1448 tunc
3347 1394 3487 1453 forte
3514 1396 3622 1447 diis
3654 1396 3764 1448 suis

2168 1478 2301 1534 festa
2341 1482 2705 1549 celebrabant,
2738 1500 2830 1538 eos
2862 1500 3032 1554 usque
3081 1485 3144 1538 ad
3204 1484 3422 1541 ﬂuvium
3477 1496 3765 1554 persecuta

2165 1582 2283 1637 est;
2326 1576 2377 1628 in
2427 1590 2537 1643 quo
2560 1590 2697 1644 pons
2745 1576 2896 1631 mine
2952 1578 3331 1643 magnitudinis
3379 1588 3434 1631 et
3491 1577 3763 1629 ﬁrmitatis

2169 1679 2504 1734 exstructus,
2562 1671 2961 1725 transeuntibus
3018 1677 3243 1732 sanctis,
3300 1670 3392 1724 Dei
3442 1678 3577 1724 nutu
3632 1684 3755 1723 cum

2165 1763 2312 1815 omni
2347 1762 2741 1832 insequentium
2769 1764 3111 1819 multitudine
3145 1764 3379 1817 funditus
3409 1764 3643 1817 corruit.
3685 1761 3760 1816 Ad

2164 1855 2303 1924 quod
2341 1856 2657 1911 miraculum
2686 1858 2867 1912 caueri
2901 1859 3092 1922 territi,
3130 1866 3186 1912 et
3228 1856 3511 1927 cujusdam
3552 1872 3763 1927 magna:

477 1946 674 1999 deinde
697 1947 877 2000 triduo
900 1948 1074 2001 visum
1109 1947 1197 2020 (η
1228 1946 1459 2018 jussum]
1488 1948 1661 2017 capite
1709 1947 1981 2013 suspendi,
2013 1957 2067 2001 et
2096 1942 2147 2002 Β
2170 1946 2450 2002 senatricis
2500 1947 2738 2017 luparia,
2761 1965 2881 2017 quin
2910 1949 3173 2005 divinitus
3198 1949 3451 2016 inspirata
3480 1962 3577 2002 eos
3613 1949 3760 2002 uerti-

477 2042 601 2092 dtnn
627 2039 798 2092 adhuc
817 2040 1154 2108 suiSpirasset,
1173 2042 1332 2109 jussit
1349 2042 1469 2095 eum
1489 2041 1770 2095 excoriari.
1797 2040 1945 2094 Tunc
1966 2039 2066 2095 Co-

473 2144 627 2197 rona,
654 2144 773 2183 cum
806 2141 949 2185 esset
980 2147 1113 2185 uxor
1142 2132 1323 2185 militis
1349 2132 1647 2201 Cujttsdam,
1675 2132 1835 2200 coepit
1860 2130 2062 2186 beatili-

471 2237 597 2278 care
625 2232 865 2276 sanctum
898 2222 1165 2277 Victorem
1196 2238 1291 2291 pro
1326 2224 1494 2292 gloria
1544 2225 1804 2293 martyrii.
1842 2224 1907 2277 Et
1933 2224 2071 2281 dum:

472 2317 576 2372 hoc
602 2315 822 2381 faceret,
850 2318 981 2371 vidit
1005 2318 1135 2371 duas
1160 2331 1386 2371 coronas
1415 2318 1483 2371 tle
1516 2317 1653 2372 caelo
1676 2318 1872 2385 lapsas,
1899 2332 2073 2374 unam-

477 2410 703 2471 Victori,
730 2419 781 2464 et
812 2411 1033 2466 alteram
1065 2412 1162 2464 sibi
1196 2411 1433 2465 missam.
1467 2412 1708 2481 Cumque
1731 2421 1787 2466 et
1810 2413 2058 2469 hoccon-

475 2500 578 2554 ctis
605 2501 943 2557 audientibus
964 2512 1369 2572 protestaretur,
1403 2512 1549 2558 tenta
1589 2514 1670 2558 est
1697 2520 1725 2557 a
1757 2505 1912 2569 duce,
1936 2505 2053 2575 jus-

470 2608 586 2648 sum
620 2607 702 2649 est
750 2596 882 2651 duas
909 2598 1131 2653 arbores
1164 2598 1354 2666 palma:
1392 2600 1608 2654 curvari
1641 2600 1963 2666 adinvieem,
2002 2610 2071 2654 et.

471 2688 744 2743 canabinis
768 2689 980 2745 funibus
1005 2692 1151 2758 ligari
1182 2691 1453 2745 Coronam
1474 2694 1526 2745 in
1557 2704 1781 2761 utraque
1804 2692 2055 2749 inanibus

468 2790 522 2837 et
556 2782 795 2849 pedibus,
830 2792 881 2835 et
912 2782 989 2837 sic
1015 2783 1235 2837 arbores
1266 2784 1487 2839 dimitti.
1518 2785 1667 2852 Quod
1708 2786 1833 2840 dum
1878 2785 2049 2852 ﬁeret,

465 2869 638 2927 divisa
668 2884 749 2927 est
778 2874 984 2928 Corona
1018 2876 1070 2931 in
1099 2874 1234 2929 duas
1260 2884 1473 2944 partes;
1505 2886 1620 2931 erat
1663 2889 1842 2931 autem
1875 2892 2055 2932 anno-

468 2968 587 3019 rdm
618 2966 879 3021 sedecim.
910 2966 1059 3023 Tunc
1085 2955 1300 3039 quoque
1326 2968 1505 3023 Victor
1529 2968 1845 3031 decolletur,
1865 2979 1919 3023 et
1938 2970 2055 3038 ipse

2168 2056 2271 2109 «ηε
2318 2042 2617 2109 suscipiens
2647 2043 2898 2109 credidit,
2956 2044 3257 2110 exemplum
3311 2042 3507 2111 secuti,
3556 2044 3760 2096 relictis

2170 2136 2331 2197 idolis
2345 2136 2563 2191 Christo
2588 2136 3204 2195 Domiaoicrediderunt.
3232 2137 3348 2192 P05!
3376 2137 3494 2193 haec
3525 2136 3759 2191 diversis

2169 2229 2388 2284 urbibus
2418 2230 2867 2298 evangelizantes,
2899 2240 2953 2285 et
3006 2231 3314 2285 innumeras
3368 2229 3753 2284 multitudines

2166 2319 2371 2377 Christi
2401 2321 2891 2393 ﬁdeisubjugantes
2939 2322 3249 2395 Torquatus
3285 2322 3450 2387 Accii,
3488 2332 3546 2376 et
3580 2322 3754 2379 lsefon

2173 2414 2374 2486 Vergii,
2401 2415 2679 2475 Secundus
2730 2417 2938 2483 Abulaz,
2984 2416 3279 2471 Indalecius
3314 2415 3457 2479 Urci,
3502 2416 3753 2470 Cmcilius

2165 2508 2423 2564 Heliberri
2445 2551 2460 2575 ,
2487 2508 2691 2567 Esicius
2715 2509 2980 2573 Carcesae,
3014 2508 3287 2564 Eulrasius
3318 2508 3567 2578 Eliturgi,
3595 2509 3748 2575 quie-

2163 2610 2375 2657 verunt.
2410 2602 2558 2670 Apud
2613 2602 2839 2657 insulam
2891 2600 3109 2663 Chium.
3142 2599 3315 2657 natale
3359 2605 3532 2653 sancti
3564 2598 3750 2655 lsidori

2159 2696 2434 2763 martyris.
2468 2695 2618 2763 Apud
2647 2696 2999 2749 Damosacum
3028 2694 3203 2759 passio
3247 2701 3557 2753 sanctorum
3611 2690 3751 2746 Petri

2161 2797 2225 2843 et
2245 2786 2496 2851 Andreas,
2526 2788 2671 2841 Pauli
2702 2798 2756 2841 et
2789 2784 3073 2852 Dionysiae.

2232 2877 2295 2931 C.
2332 2876 2472 2932 XVII
2505 2876 2641 2932 KAL.
2681 2877 2827 2935 Matt.
2850 2904 2916 2919 ——
2942 2874 3093 2945 Apud
3122 2873 3375 2929 Isauriam
3428 2871 3609 2926 natale
3632 2885 3748 2926 sane

2161 2972 2637 3041 ctorumAquilini
2656 2979 2712 3027 et
2736 2969 3050 3035 Victoriani,
3101 2983 3326 3038 quorum
3355 2977 3509 3037 gesta
3557 2966 3728 3021 haben

1722 3080 1948 3135 EDITIO
1989 3081 2490 3139 BOLLANDIANA.

467 3174 634 3231 latera
678 3176 953 3245 applicari.
1009 3174 1133 3231 Post
1156 3174 1258 3230 hoc
1298 3185 1504 3230 acetum
1547 3185 1601 3230 et
1631 3177 1833 3231 calcent
1884 3178 2039 3231 simul
2076 3179 2121 3242 C
2156 3178 2457 3234 Mediolano
2490 3178 2737 3244 Victoris,
2767 3178 2981 3241 Felicis,
3004 3168 3289 3232 bRustici.
3311 3174 3377 3233 Et
3410 3177 3597 3232 natale
3618 3191 3745 3233 sau-

465 3270 677 3326 misceri
700 3279 756 3325 et
776 3271 894 3325 dari
920 3271 968 3326 ei
994 3271 1044 3324 in
1069 3286 1163 3326 ore
1190 3289 1203 3326 :
1238 3270 1433 3326 deinde
1460 3272 1644 3325 oculos
1673 3272 1787 3325 erui
1813 3288 1827 3327 :
1859 3271 2056 3327 deinde

460 3364 643 3417 triduo
668 3364 873 3432 jussum
905 3363 1080 3427 capite
1110 3363 1388 3432 suspendi,
1443 3373 1495 3417 et
1525 3364 1649 3417 dum
1684 3362 1859 3418 adhuc
1881 3365 2054 3433 spira-

460 3463 564 3520 ret,
593 3454 749 3523 jussit
779 3469 901 3508 eum
932 3455 1216 3509 excoriari.
1271 3454 1420 3509 Tunc
1460 3454 1692 3520 Corona,
1743 3471 1863 3510 cum
1911 3467 2057 3513 esset

463 3561 601 3601 uxor
627 3546 904 3615 cujusdam
932 3545 1134 3611 militis,
1166 3548 1328 3617 coepit
1355 3548 1659 3603 beaiilicare
1689 3548 1747 3603 S.
1782 3548 2055 3604 Victorem

461 3654 560 3711 pro
587 3639 754 3709 gloria
790 3641 1051 3712 martyrii.
1105 3641 1157 3695 ld
1186 3642 1310 3696 dum
1343 3641 1540 3696 faceret
1568 3643 1698 3697 vidit
1738 3643 1871 3697 duas
1892 3657 2055 3698 coro-

462 3750 560 3789 nas
583 3733 652 3789 de
692 3735 831 3790 caelo
871 3734 1077 3806 lapsas,
1127 3751 1283 3789 unam
1334 3734 1532 3790 Victori
1577 3745 1631 3792 et
1682 3737 1903 3792 alteram
1955 3738 2052 3792 sibi

461 3828 709 3883 missam.
758 3825 999 3897 Cumque
1051 3836 1106 3882 et
1157 3829 1255 3882 hoc
1293 3829 1498 3882 cunctis
1549 3828 2053 3898 audientibus-pro-

460 3930 774 3986 testaretur,
803 3929 948 3974 tenta
979 3931 1059 3974 est
1092 3935 1121 3973 a
1148 3919 1349 3989 judice,
1382 3930 1431 3973 et
1457 3920 1663 3989 jussum
1694 3931 1776 3974 est
1804 3921 1938 3975 duas
1965 3936 2051 3975 ar-

463 4013 624 4067 bores
653 4012 841 4081 palmze
865 4014 1075 4066 curvari
1107 4014 1171 4066 ad
1219 4014 1472 4080 invicem,
1523 4024 1577 4069 et
1606 4016 1881 4069 canabinis
1910 4014 2051 4069 luni~

458 4106 560 4159 bus
592 4106 741 4175 ligari
772 4106 1036 4159 Coronam
1088 4105 1140 4159 in
1186 4116 1417 4175 utraque
1461 4124 1619 4162 manu
1650 4119 1703 4162 et
1732 4109 1867 4177 pede
1899 4117 2050 4164 utro-

459 4213 587 4269 que,
618 4208 672 4253 et
701 4200 778 4253 sic
808 4201 1032 4254 arbores
1062 4200 1277 4267 dimitti.
1330 4200 1478 4269 Quod
1523 4202 1647 4253 dum
1680 4201 1855 4264 lierel,
1884 4201 2052 4256 divisa

459 4302 543 4347 est
570 4293 780 4346 Corona
807 4294 857 4347 in
890 4294 1024 4347 duas
1065 4306 1240 4360 partes
1271 4311 1284 4347 :
1328 4305 1442 4348 erat
1471 4306 1646 4349 autem
1678 4310 1938 4348 annorum
1964 4311 2051 4349 se-

461 4383 661 4439 decim.
697 4385 846 4439 Tunc
873 4401 1087 4455 quoque
1112 4386 1295 4439 Victor
1322 4388 1638 4454 decollatus,
1674 4399 1725 4442 et
1752 4388 1865 4457 ipse
1886 4387 2052 4444 victo-

458 4477 553 4533 riae
585 4479 836 4546 perennis
869 4480 1192 4548 triumphum
1237 4480 1555 4549 promeruit.

532 4591 622 4655 V.,
654 4592 851 4647 Eodem
885 4593 970 4648 die
1002 4593 1059 4649 S.
1093 4605 1117 4630 ι·
1150 4593 1409 4648 Bonifacii
1452 4597 1503 4647 in
1537 4595 1835 4661 Apennino.
1869 4594 1955 4660 8.,
1993 4593 2047 4647 lu

2159 3250 2905 3321 ciorumquadringentorum
2934 3259 3157 3318 quatuor
3187 3260 3485 3317 martyrum
3512 3248 3603 3317 qui
3622 3264 3742 3307 cum

2162 3324 2223 3381 S.
2256 3322 2416 3394 Cyrio
2448 3324 2588 3392 passi
2618 3332 2762 3376 sunt.

2238 3418 2320 3474 l5.
2345 3449 2417 3459 —
2442 3418 2635 3472 lamus.
2664 3416 2827 3469 Vacat
2859 3413 3031 3470 Baeda.

2233 3513 2422 3568 Florus
2445 3512 2495 3566 in
2530 3515 2593 3573 A,
2618 3509 2680 3565 Τ.
2709 3510 2795 3575 ι...
2820 3508 2972 3577 Apud
3006 3512 3026 3538 ο
3056 3508 3408 3575 Lampsacum
3445 3508 3628 3577 passio
3649 3506 3741 3561 SS.

2160 3606 2323 3673 Petri,
2358 3605 2531 3668 Pauli,
2562 3603 2820 3667 Andreas,
2853 3612 2905 3655 et
2935 3600 3199 3671 Dionysia:
3232 3602 3491 3670 virginis:
3517 3618 3737 3671 quorum

2158 3698 2350 3755 Petrus
2375 3706 2498 3769 post
2528 3696 2741 3750 diversa
2793 3704 3055 3753 tormenta
3099 3693 3278 3763 gladio
3309 3703 3389 3747 est
3434 3709 3740 3761 percus~us,

2160 3792 2401 3851 Andreas
2432 3800 2487 3844 ct
2515 3790 2708 3844 Paulus
2747 3788 3009 3855 lapidibus
3038 3787 3243 3850 obruti,
3276 3786 3532 3857 Dionysia
3570 3787 3741 3857 gladio

2158 3885 2428 3955 deputata.
2463 3882 2524 3936 Β.
2553 3882 2722 3936 solum
2753 3881 2926 3935 locum
2954 3890 3007 3935 et
3033 3881 3247 3932 nomina
3274 3880 3454 3933 habet.

2228 4000 2318 4066 D.,
2351 3998 2538 4054 Natale
2565 4007 2868 4053 sanctorum
2898 3996 3287 4055 confessorum.
3315 3994 3595 4062 Torquati,
3621 3992 3739 4050 Cte-

2158 4072 2451 4140 siphontis,
2490 4068 2744 4132 Secundi,
2789 4067 3048 4140 lndaletii,
3094 4066 3311 4129 Cecilii,
3357 4068 3552 4140 Esicii,
3586 4066 3612 4104 ⁴
3642 4068 3741 4120 Ευ-

2157 4139 2376 4213 βιπυεζί.
2427 4141 2509 4213 Β..
2546 4141 2599 4193 ln
2635 4141 2885 4213 °Sirmio
2918 4139 3333 4213 TiniottieiLeL
3359 4139 3519 4213 alibi_
3539 4150 3738 4213 septem

2156 4206 2437 4281 virginum.
2468 4211 2524 4265 In
2558 4212 2803 4266 Sardinia
2832 4211 2850 4249 ι’
2882 4210 3158 4277 Simplicii.
3206 4209 3262 4261 Β.
3293 4207 3353 4281 V_.
3384 4214 3447 4281 Α.
3482 4211 3547 4261 Τ.
3567 4210 3660 4281 _L.,
3688 4206 3741 4262 In

2160 4278 2319 4340 Porto
2355 4286 2593 4337 llornano
2618 4286 2787 4336 natale
2814 4282 2908 4336 SS.
2941 4280 3289 4345 Prmstabilis,
3318 4279 3535 4339 Felicis,
3566 4278 3741 4333 Victo.

2156 4356 2250 4419 ris,
2282 4356 2463 4418 Cirici,
2492 4354 2748 4418 Januarii,
2779 4351 2982 4408 Geruli.
3010 4353 3081 4408 Ex
3115 4352 3195 4404 his
3222 4350 3404 4404 Victor
3428 4361 3511 4404 est
3544 4353 3597 4403 in
3630 4351 3739 4403 solo

2159 4427 2222 4482 V.
2258 4428 2486 4480 Gerulus
2517 4429 2567 4480 in
2598 4432 2714 4480 soto
2747 4427 2803 4477 Β.
2839 4426 3039 4478 Ciricus
3070 4425 3121 4475 in
3160 4422 3218 4476 V.
3253 4433 3307 4477 et
3331 4422 3391 4477 L.
3423 4422 3528 4477 Sed
3563 4424 3615 4475 in
3648 4421 3743 4474 hoc

2160 4499 2413 4555 ultimus:
2444 4500 2530 4567 qui
2567 4499 2619 4550 in
2654 4498 2711 4551 Β,
2748 4496 2968 4567 Cyrinus
2993 4494 3205 4550 dicitur.

2230 4591 2319 4646 16.
2345 4621 2414 4633 --
2439 4590 2581 4645 XVII
2607 4589 2749 4645 ΚΜ..
2778 4589 2944 4646 Junii.
2984 4588 3144 4643 Vacat
3174 4584 3352 4642 Baeda.

1854 4689 2061 4744 SMITH
2100 4686 2331 4744 ΝΟΤΑἘ.

533 4792 559 4821 ι
587 4784 867 4851 Bonifacit‘.
898 4788 1147 4856 Episcopi
1176 4785 1385 4841 Ferenti
1417 4786 1467 4839 in
1495 4786 1709 4851 Tuscia,
1738 4785 1850 4854 qui,
1882 4795 1937 4837 ut
1963 4801 2049 4840 re-

463 4858 565 4911 fert
597 4859 653 4911 ll.
692 4858 982 4927 Gregorius
1014 4860 1066 4911 in
1104 4860 1235 4910 libro
1264 4859 1435 4925 primo
1471 4858 1830 4926 Dialogorum,
1858 4874 1885 4909 a
1921 4872 2050 4925 pue-

460 4929 583 4983 ritia
610 4932 889 4982 sanctitate
921 4941 971 4981 ct
1002 4929 1274 4984 miraculis
1299 4929 1513 4982 CIul‘ttil.
1546 4929 1821 4983 Claruissc
1850 4930 1909 4981 S.
1950 4929 2048 4981 Βο-

463 5000 715 5054 nilacinm
769 5002 909 5053 circa
963 5012 1195 5065 tempora
1246 4999 1440 5054 Justini
1492 5001 1835 5069 imperatoris
1888 4998 2050 5053 docet

463 5073 721 5126 Baronins
748 5091 758 5124 :
786 5082 839 5125 et
885 5072 1158 5125 Ferrarius
1201 5073 1309 5138 ait,
1347 5075 1455 5125 lere
1499 5074 1558 5127 δ.
1602 5069 1844 5139 Gregorii
1902 5086 2047 5137 papa}

468 5155 787 5209 tempestate
816 5144 1034 5197 vixisse.

532 5223 561 5261 ι)
599 5216 812 5267 Rustici.
840 5216 1212 5284 Adjungnntnr
1245 5216 1299 5268 in
1329 5215 1430 5268 hoc
1453 5222 1508 5267 et
1533 5214 1583 5267 in
1617 5212 1885 5280 plerisque
1908 5226 2040 5267 mss.

465 5288 686 5340 trecenti
720 5301 812 5341 seu
840 5287 1209 5354 quadringenti
1242 5296 1490 5353 quatuor,
1515 5285 1604 5351 qui
1628 5298 1747 5337 cum
1768 5284 1825 5337 S.
1850 5284 2045 5354 (lyrica

463 5360 603 5425 passi
637 5368 780 5419 sunt,
812 5351 1360 5425 tanqnaiuvilictorum
1411 5365 1707 5425 martyrum
1740 5355 1868 5425 socii
1912 5351 2039 5406 luis-

463 5424 602 5481 sent.
634 5430 824 5481 Verum
856 5430 903 5481 in
924 5424 1310 5494 antiquissimo
1341 5442 1439 5479 ms.
1470 5424 1851 5493 Eplernacensi
1872 5467 1888 5490 ,
1926 5433 2043 5491 post

467 5499 663 5551 relatos
694 5513 956 5569 martyres
988 5500 1407 5552 Meiliolanenses
1433 5536 1447 5561 ,
1483 5501 1730 5550 tIlt'llllItIl'
1774 5496 1900 5569 alibi
1936 5505 2043 5547 trc-

462 5569 601 5623 ccnli
635 5567 857 5637 quatuor
892 5586 1153 5639 martyres
1178 5611 1192 5631 ,
1234 5569 1321 5621 nni
1350 5584 1469 5621 cum
1500 5570 1692 5638 Cyr-icit
1724 5567 2038 5639 passisunt.

460 5640 564 5694 Sed
597 5641 647 5691 hi
678 5648 912 5708 suntqui
944 5637 1095 5693 'larsi
1130 5644 1179 5692 in
1210 5639 1391 5709 Cilicia
1419 5681 1434 5699 ,
1464 5637 1556 5692 aut
1595 5650 1649 5691 ut
1680 5640 1766 5691 alii
1804 5637 2035 5703 habent,

464 5711 763 5765 Aulim-hia:
798 5728 934 5778 passu
968 5721 1093 5763 sunt
1123 5725 1243 5763 cum
1279 5712 1335 5764 ὃ.
1369 5711 1584 5781 Cyrtco,
1620 5726 1709 5762 seu
1742 5709 1965 5781 Quirico
1989 5717 2041 5761 et

464 5781 637 5835 Inlitta
669 5793 836 5835 matre
865 5783 1003 5850 ejus,
1032 5798 1117 5835 xv:
1143 5781 1305 5838 Junii.
1342 5778 1431 5840 Ad.
1452 5782 1593 5838 hunc
1621 5782 1763 5837 enim
1788 5782 1930 5837 diem
1955 5778 2037 5832 in-

463 5852 541 5907 l‘ra
571 5852 627 5911 S.
656 5854 878 5926 Cyricus
904 5852 1118 5909 colitur.

2239 4792 2261 4819 ο
2298 4782 2656 4849 Lampsacum.
2693 4778 2815 4835 Haec
2846 4789 2965 4833 acta
2998 4787 3121 4832 sunt
3149 4777 3310 4830 Decio
3338 4773 3685 4849 imperatore.

2234 4851 2261 4890 ἀ
2291 4846 2592 4922 Euphrasii,
2613 4852 2713 4918 Qui
2740 4853 2921 4922 limine
2944 4865 2970 4901 a
2996 4850 3192 4922 sanctis
3216 4846 3729 4922 apostolisepiscopi

2159 4919 2409 4985 ordinati,
2442 4932 2494 4975 et
2522 4926 2585 4973 ad
2623 4921 3014 4990 przedicandum
3047 4920 3264 4975 verbum
3301 4919 3392 4971 Dei
3431 4919 3497 4970 ad
3534 4919 3729 4990 Hispa-

2159 5000 2294 5062 nias,
2320 5004 2444 5047 tunc
2462 4987 2642 5061 gentili
2672 5010 2851 5047 errori-
2875 4992 3178 5053 implicitas,
3204 4992 3387 5042 directi
3414 4987 3733 5062 sunt.Cum-

2158 5083 2260 5136 que
2282 5060 2528 5118 diversis
2578 5066 2795 5136 urbibus
2824 5064 3314 5136 eiangclizzissent,
3344 5072 3397 5111 et
3427 5060 3736 5136 innumeras

2156 5132 2529 5193 litultitudtncs
2572 5134 2767 5190 Christi
2819 5134 2938 5187 fidei
2984 5137 3357 5199 subjugassent
3384 5172 3399 5195 ,
3440 5132 3736 5197 Torquatus

2154 5211 2302 5275 Acci,
2334 5207 2621 5273 Ctesiphon
2660 5208 2853 5270 Vergii,
2888 5206 3163 5275 Secuodm
3200 5202 3733 5275 AlmlteLlndaiecius

2153 5272 2300 5344 Urci,
2326 5272 2573 5333 Crcilius
2620 5277 2815 5335 ISIiber-i
2838 5319 2850 5335 ,
2885 5276 3089 5329 Esicius
3119 5273 3371 5328 Corcesi.
3402 5272 3732 5339 Euphrasius

2153 5351 2373 5419 Eliturgi
2407 5352 2742 5419 quieverunt.
2770 5347 2999 5403 Usuaril.
3025 5376 3094 5387 —
3117 5347 3387 5398 Adventus
3417 5344 3738 5419 horumepi-

2153 5415 2436 5489 scaporum
2470 5420 2520 5473 in
2550 5421 2854 5489 Hispaniam
2888 5420 3187 5471 celebratur
3217 5425 3272 5469 et
3305 5430 3317 5468 t
3352 5424 3404 5467 et
3434 5431 3462 5467 v
3502 5415 3583 5489 lia
3608 5417 3643 5489 i.

2231 5487 2262 5523 ⁸-
2286 5493 2497 5547 Sirmio.
2542 5487 2741 5547 Auctor
2789 5491 2958 5544 Bwtla:
3003 5489 3327 5557 supposititii
3384 5501 3479 5539 eos
3504 5487 3735 5540 celebrat

2155 5581 2244 5620 XVI
2278 5564 2412 5617 Μειιὶ⁴

2228 5637 2247 5675 ί
2282 5633 2558 5703 Simplicii.
2584 5632 2836 5701 Sequenti
2860 5631 2944 5685 die
2971 5647 3055 5685 XVI
3084 5628 3355 5703 Maiiapud
3382 5628 3595 5680 [ladani
3620 5634 3735 5698 snp-

2151 5701 2449 5776 posititinin
2485 5706 2570 5758 hic
2594 5716 2814 5759 Vocatur
2853 5708 3154 5771 presbyter.
3204 5701 3482 5776 Ferrarius
3529 5710 3652 5745 vero
3685 5707 3731 5742 in

2147 5768 2400 5847 Catalogo
2430 5777 2523 5848 SS.
2563 5776 2725 5831 Italia:
2760 5768 2870 5848 hoc
2898 5768 3557 5848 actorumcompendium
3612 5778 3733 5848 pro-

2150 5850 2300 5925 μιοῇ
2334 5840 2363 5903 ἴ
2386 5867 2407 5902 ί
2443 5846 2751 5919 Simplicius
2782 5847 3069 5919 episcopus
3103 5840 3445 5906 Pliausauiai,
3471 5852 3589 5897 (tua:
3609 5840 3731 5890 civi-
