3988 6346
177 290 272 346 921
1306 286 1500 344 SEGT.
1544 289 1608 346 ll.
1651 318 1717 330 --
1756 289 2322 348 MARTYROLOGIA.

3329 292 3436 349 922

1462 376 1692 433 EDITIO
1733 377 2197 438 COLONIENSIS.

180 471 348 542 virgo,
381 467 531 538 atque
561 465 915 532 sanctissima,
965 465 1278 521 duodecima
1331 465 1600 520 Kalendas
1643 471 1750 522 An-
1776 470 2096 533 AClIristus
2141 471 2304 527 Filius
2357 472 2471 529 Dei.
2533 473 2596 529 Et
2646 488 2765 529 cum
2817 475 2930 530 inec
2977 474 3222 543 dixisset,
3253 473 3439 543 gladio

178 565 338 636 gusti,
373 572 428 618 et
458 564 568 631 ipsa
589 575 708 616 cum
739 574 924 615 sorore
965 560 1121 630 juxta
1170 569 1374 631 patrem
1407 571 1644 616 sanctum
1676 577 1759 618 se-

181 659 348 727 pulta.
367 656 487 724 Ipso
517 655 602 709 die
626 653 768 710 beati
787 653 1064 720 Pudentis,
1082 655 1249 722 patris
1270 669 1451 710 earum
1476 656 1757 722 virginum.

182 750 314 804 Item
344 748 528 801 Romae
556 746 729 800 natale
757 754 1060 800 sanctorum
1089 744 1344 800 Calocerii
1398 757 1450 800 ct
1479 746 1755 811 Partcmii,

182 845 370 901 uxoris
389 844 534 899 Decii
561 841 894 912 imperatoris
912 841 1298 904 cunuchorum,
1324 842 1409 908 qui
1434 857 1549 895 cum
1581 849 1762 896 essent

181 957 316 998 unus
345 940 660 1009 praepositus
687 936 901 1001 cubilis,
950 935 1083 990 alter
1135 925 1488 1004 primicerius,
1520 936 1762 989 nolentes

183 1029 340 1084 idolis
391 1028 719 1092 sacriﬁcare,
751 1041 779 1079 a
814 1025 973 1079 Decio
1000 1024 1160 1078 occisi
1215 1033 1358 1078 sunt.
1409 1024 1641 1091 Corpora
1673 1039 1763 1078 eo-

185 1124 464 1194 rumjuxta
495 1124 630 1177 viam
646 1121 868 1192 Appiam
899 1130 1021 1175 sunt
1049 1119 1241 1189 posita.
1260 1118 1531 1188 Depositio
1573 1118 1760 1184 domui

186 1216 489 1272 Alchuvini.

260 1311 328 1365 G.
375 1308 492 1364 XIII
533 1308 666 1364 ΚΑι..
699 1307 957 1363 Jonn.-—
983 1305 1164 1361 Romae
1212 1306 1295 1360 via
1339 1305 1544 1360 Salaria
1594 1306 1764 1359 natale

187 1408 390 1455 sancta:
411 1399 624 1454 Basillte
649 1397 868 1465 virginis
889 1407 942 1453 et
964 1397 1215 1467 martyris
1243 1395 1472 1460 Christi;
1504 1411 1621 1464 quae
1643 1411 1761 1449 cum

182 1503 329 1550 esset
352 1508 416 1549 ex
445 1508 642 1565 genere
664 1493 831 1562 regio,
863 1500 915 1546 et
944 1491 1169 1546 haberet
1191 1504 1442 1558 sponsum
1467 1487 1766 1542 illustrissi-

186 1602 335 1642 mum
387 1587 602 1642 nomine
632 1586 964 1654 Pompeium,
996 1599 1088 1652 per
1117 1583 1324 1638 beatam
1367 1581 1677 1660 Eugeniam,
1705 1589 1759 1635 et

185 1685 408 1733 sanctos
427 1677 520 1733 Dei
544 1676 793 1731 Prothum
817 1675 1178 1730 etlaciuctum
1211 1688 1465 1730 conversa
1489 1673 1553 1726 ad
1580 1671 1759 1737 ﬁdem,

179 1779 436 1826 accusata
468 1777 550 1825 est
578 1784 606 1821 a
637 1771 861 1838 praelato
891 1783 1090 1840 sponso
1120 1783 1239 1834 suo,
1272 1768 1412 1836 quod
1441 1775 1580 1820 esset
1610 1763 1760 1818 Chri-

1869 565 2296 618 transverberata
2325 575 2427 620 est.
2468 567 2521 620 In
2547 565 2732 621 Galliis
2775 568 2991 623 civitate
3021 568 3308 635 Nemauso,
3333 583 3421 623 na-

1867 655 1971 710 tale
2002 657 2258 721 Baudclii,
2283 659 2370 728 qui
2400 675 2428 712 a
2461 661 2678 728 paganis
2737 661 2956 715 deorum
2985 643 3202 716 suorum
3233 663 3437 717 sacriﬁ-

1865 749 1944 804 cia
1974 749 2372 803 celebrantibus
2393 753 2833 820 comprehensus,
2853 767 2974 806 cum
3000 753 3301 807 sacriﬁcare
3322 754 3441 807 nol-

1867 841 1956 908 let,
1991 842 2116 895 etin
2142 842 2244 896 iide
2268 841 2458 896 Christi
2486 843 2775 897 immobilis
2817 846 2952 898 inter
2979 849 3202 900 verbera
3246 855 3300 899 et
3326 855 3436 900 tor-

1867 944 2045 990 menta
2077 935 2406 1004 persisteret,
2448 940 2685 1009 martyrii
2731 942 2957 1009 palmam
3007 942 3239 1011 pretiosa
3268 951 3439 996 morte

1866 1031 2121 1098 percepit.

1937 1143 2002 1197 A.
2033 1141 2127 1198 XII
2155 1142 2291 1198 ΚΑι..
2340 1143 2501 1199 Jusn.
2529 1144 2674 1198 —ln
2725 1146 3034 1202 Mauritania
3089 1147 3437 1214 Cmsariense,

1868 1234 2043 1288 natale
2092 1245 2394 1288 salictorum
2443 1235 2727 1300 Timothei,
2787 1236 2920 1291 Polii
2971 1248 3023 1293 et
3058 1239 3298 1310 Eutychii
3329 1239 3445 1292 dia-

1869 1331 2016 1395 coni,
2049 1329 2139 1399 qui
2171 1331 2308 1398 apud
2363 1332 2633 1400 prmfatam
2682 1335 2950 1402 regionem
2983 1336 3197 1389 verbum
3236 1335 3440 1389 Domini

1879 1422 2315 1486 disseminantes,
2376 1425 2572 1490 pariter
2626 1426 2868 1478 coronari
2935 1438 3262 1482 meruerunt.
3315 1427 3442 1481 Item

1868 1515 2006 1584 apud
2039 1513 2335 1568 Cmsaream
2365 1515 2716 1584 Cappadocia:
2768 1518 2940 1572 natale
2967 1532 3267 1572 sanctorum
3301 1519 3442 1572 Poli-

1873 1606 1996 1671 veti,
2033 1606 2274 1669 Victorii,
2311 1606 2516 1660 Donati.
2549 1607 2604 1660 In
2634 1607 2810 1661 Africa
2859 1609 2999 1662 Casti
3044 1623 3097 1664 et
3125 1609 3324 1664 Aimilii
3353 1611 3441 1679 qui

1870 1712 1962 1765 per
2016 1697 2190 1763 ignem
2245 1697 2509 1764 passionis
2552 1701 2862 1769 martyrium
2917 1709 3442 1756 consummaverunt.

1870 1787 2065 1842 Scribit
2092 1788 2385 1858 Cyprianus
2409 1789 2459 1842 in
2488 1789 2626 1842 libro
2655 1790 2721 1843 de
2752 1790 2958 1858 Lapsis.
2995 1792 3144 1862 Apud
3176 1791 3444 1848 Corsicam

179 1861 384 1953 “i393:
440 1861 682 1953 βθοΐενίε
737 1861 992 1921 οοηῑῖηυοσ
1035 1860 1308 1915 θ³¹¹ίθ¹¹¹¹8
1339 1861 1630 1931 Augustus,
1676 1857 1764 1927 (ιυὶ
1794 1839 1841 1899 Β
1874 1879 2046 1933 natale
2095 1839 2297 1932 sancite
2322 1879 2493 1943 Iuliae,
2545 1897 2664 1950 qua:
2705 1839 2879 1935 crucis
2907 1839 3166 1953 supplicio
3196 1894 3444 1942 coronata

180 1962 314 2008 tunc
340 1951 538 2007 Christi
570 1954 983 2023 persequebatur
1019 1953 1330 2018 Ecclesiam,
1378 1963 1433 2006 ut
1489 1962 1578 2006 aut
1605 1966 1766 2021 spon-

187 2057 315 2098 sum
348 2045 631 2111 reciperet,
656 2054 746 2098 aut
774 2045 947 2114 gladio
966 2045 1228 2100 interiret.
1247 2045 1514 2101 Conventa
1545 2046 1613 2100 de
1640 2045 1764 2107 hoc,

189 2137 476 2206 reapondit
504 2151 563 2191 se
591 2151 768 2207 regem
800 2153 984 2208 regum
1019 2152 1270 2208 sponsum
1320 2139 1536 2200 habere,
1570 2137 1655 2206 qui
1687 2142 1768 2190 est

1871 1981 1954 2025 est
1986 1987 1999 2023 :
2037 1980 2089 2024 et
2136 1972 2304 2025 sancti
2345 1970 2582 2027 Valentis
2615 1973 2865 2044 martyris
2911 1983 2966 2029 et
3007 1975 3290 2045 pontiﬁcis,
3323 1991 3444 2032 cum

1874 2061 2040 2115 tribus
2065 2061 2259 2129 pueris.

1465 2226 1689 2282 EDITIO
1729 2211 2235 2278 BULLANDIANA.

253 2319 346 2375 20.
372 2348 443 2360 —
474 2316 584 2373 Xlll
640 2316 770 2372 ΚΑι..
821 2317 984 2373 Vacat
1025 2319 1197 2372 Baeda.

258 2415 350 2478 V.,
370 2413 425 2467 In
451 2412 623 2466 Africa
647 2411 803 2472 Victi,
829 2413 1116 2476 Maurellte,
1141 2411 1340 2478 Quinti,
1366 2411 1598 2473 Primoli,
1620 2410 1771 2466 Salu-

184 2486 300 2545 stii,
336 2484 630 2538 Fortunati.
664 2483 745 2544 Β..
768 2482 819 2535 In
847 2483 1022 2536 Africa
1056 2484 1229 2535 natale
1261 2492 1558 2534 sanctarum
1594 2482 1770 2532 Victu-

181 2558 308 2618 rim,
340 2554 687 2617 Marcellosa‘,
717 2553 903 2607 Falsas.
934 2554 997 2606 Et
1031 2554 1154 2606 alibi
1194 2552 1452 2620 depositio
1489 2562 1511 2590 α
1561 2551 1773 2604 Vallesii

181 2638 238 2682 et
307 2623 538 2680 Fanstuli
595 2623 848 2692 episcopi.
915 2623 976 2676 D.
1013 2665 1028 2686 ,
1095 2623 1274 2675 Romae
1330 2625 1412 2673 via
1455 2622 1654 2676 Salaria
1713 2621 1768 2674 8.

186 2697 406 2752 Basillae
444 2696 662 2764 virginis
702 2705 755 2747 et
805 2695 1088 2764 martyris.
1118 2695 1179 2764 Β.
1214 2694 1278 2746 A.
1312 2693 1374 2745 Τ.
1422 2693 1481 2764 L.
1519 2733 1533 2755 ,
1587 2693 1766 2764 limine

183 2767 369 2822 natale
395 2765 453 2820 S.
482 2767 510 2807 ιι
536 2762 793 2818 Basilissze
821 2774 872 2818 et
890 2762 1048 2834 Aurel
1080 2762 1166 2834 lC.
1195 2774 1374 2834 minet
1400 2763 1607 2834 auten]
1646 2767 1666 2794 ε
1711 2763 1769 2816 ln

183 2836 364 2891 Gallia
413 2836 673 2889 Nemanso
725 2836 977 2900 civitate,
1028 2832 1342 2887 rBIandii.
1397 2833 1458 2886 Τ.
1489 2873 1502 2893 ,
1557 2833 1764 2885 Bautlii.

186 2909 246 2961 Β.
276 2947 294 2972 ,
351 2905 572 2960 Bmddl.
619 2905 680 2958 L.
709 2945 724 2972 ,
754 2905 918 2958 Bautii
962 2906 1227 2974 martyris.
1281 2905 1345 2957 A.
1393 2902 1453 2957 Τ.
1487 2903 1544 2957 L.
1575 2945 1588 2970 ,
1633 2903 1764 2957 Cum

182 2977 352 3032 sociis
383 2981 516 3029 Suis.
717 2981 720 2984 ’

251 3066 348 3121 Si.
379 3093 451 3108 -—
477 3066 566 3122 XII
605 3066 742 3120 ΚΑι..
766 3066 930 3120 Vacat
954 3066 1127 3120 Baeda.

259 3159 453 3216 Florus
483 3160 534 3214 in
562 3159 626 3214 Τ.
658 3168 711 3214 et
749 3159 806 3212 L.
840 3200 857 3226 ,
899 3158 955 3212 In
989 3158 1254 3213 territorio
1281 3156 1602 3213 Heburrensi
1638 3174 1758 3226 pas-

1874 2323 2068 2375 corpus
2116 2304 2428 2361 arctissimis
2476 2305 2699 2361 vinculis
2766 2307 3112 2378 alligaverunt
3178 2313 3447 2382 tantisque

1874 2415 2067 2467 corpus
2098 2402 2406 2453 vulneribus
2448 2399 2753 2467 aﬁ‘ecerunt,
2807 2413 2862 2456 ut
2894 2404 3130 2459 membra
3171 2408 3444 2464 vermibus

1878 2498 2170 2559 pascerent.
2210 2489 2228 2527 ί
2275 2488 2427 2542 llisce
2465 2487 2720 2558 adjiciunt
2761 2500 2817 2545 ut
2859 2495 2926 2544 ab
2963 2504 3081 2548 ortu
3104 2495 3233 2550 Solis
3280 2511 3445 2567 usque

1875 2583 1940 2638 ad
1992 2596 2238 2637 occasum
2291 2581 2572 2636 exercendi
2626 2597 2785 2637 causa
2830 2599 3014 2639 rursus
3046 2587 3097 2640 in
3146 2589 3444 2658 graviorem

1877 2673 2139 2728 culturam
2211 2672 2432 2738 ptrnalis
2504 2686 2756 2726 numerus
2811 2673 3133 2730 adderetur:
3180 2677 3275 2732 sed
3325 2677 3442 2735 istis

1868 2763 2110 2817 omnibus
2139 2761 2384 2826 invictus,
2419 2760 2529 2815 Deo
2556 2761 2793 2832 spiritum
2825 2763 3069 2818 reddidit.

1941 2875 2028 2939 V.,
2085 2873 2264 2928 Romae
2295 2883 2319 2919 κ
2347 2872 2628 2935 Basilissae,
2673 2872 2848 2941 Aurei,
2879 2872 2908 2910 ιι
2951 2872 3191 2930 Gervasii
3228 2885 3281 2932 et
3307 2877 3441 2933 Pro-

1865 2945 2004 3001 tasii.
2042 2947 2101 3000 D.
2136 2985 2150 3009 ,
2201 2942 2564 3016 Mattritauia,_
2589 2943 2612 3016 l_
2641 2942 2902 3016 Timothei
2941 2949 3232 3016 presbyteri
3256 2956 3310 3002 et
3335 2949 3439 3003 Eu-

1870 3018 1990 3078 tycii
2023 3017 2249 3068 diaconi.
2288 3017 2343 3068 D.
2381 3057 2392 3071 .
2443 3014 2496 3067 In
2541 3013 2713 3068 Africa
2759 3018 2932 3070 natale
2980 3017 3072 3071 SS.
3102 3013 3270 3083 ’V.cti,
3299 3020 3437 3073 Mar-

1870 3089 2058 3151 cellus,
2115 3086 2341 3152 Quinti,
2405 3085 2660 3148 Primuli,
2722 3086 2950 3153 Saltttii,
3021 3088 3314 3144 Fortunati.
3388 3089 3443 3145 In

1873 3160 1886 3208 Ι
1929 3158 2190 3210 Britannia
2243 3155 2413 3209 natale
2452 3153 2714 3208 'l‘imothei
2744 3155 2971 3211 dia‘coni.
3014 3157 3067 3212 In
3097 3160 3441 3215 Autisiodoro

184 3254 266 3308 sio
322 3252 383 3307 S-
417 3253 440 3282 °
472 3250 672 3314 Mamii.
717 3250 802 3319 qui
849 3263 1037 3318 passus
1067 3260 1147 3304 est
1194 3265 1221 3302 θ
1261 3250 1479 3314 “ulmis.
1509 3266 1664 3320 quem
1696 3251 1763 3306 οι)
1794 3259 1836 3321 C
1871 3226 3435 3321 993³⁸1⁸Ῑὲἓίίβέρν³ιέίῗιηῑῖξῗὲἏξθξίςζἓ.’.,Τ·η.ξῖ.ῑ,ΣΕΡῘἾἯΡΕἾ

183 3343 312 3400 Filii
365 3343 457 3397 Dei
503 3341 889 3396 confessionem
929 3349 1205 3395 extensum
1256 3341 1456 3395 funium
1516 3341 1761 3406 vinculis,

182 3437 465 3508 plagarum
511 3435 702 3490 ictibus
766 3433 1133 3489 verberabant.
1206 3435 1543 3489 Postmodum
1601 3442 1765 3488 totum

1874 3302 1957 3352 nia
1986 3299 2155 3352 natale
2185 3297 2280 3371 S_S.
2308 3297 2330 3332 ¹ί
2364 3294 2637 3349 Polientici
2663 3296 2892 3371 diaconi,
2922 3294 3188 3356 Timothei
3209 3310 3263 3356 et
3279 3298 3439 3371 Victi,

1876 3371 1961 3439 qui
1988 3371 2038 3422 in
2065 3382 2164 3422 una
2194 3368 2282 3421 die
2310 3377 2616 3421 meruerunt
2642 3370 2906 3422 coronari.

1606 3529 1810 3584 SMITH
1849 3526 2074 3584 ΝΟΤιΕ.

187 3626 342 3683 Pauli
375 3623 453 3679 hit
489 3623 680 3679 dicitur
703 3625 752 3676 in
780 3623 1046 3694 plerisque
1064 3623 1474 3695 Martyrologiis.
1502 3624 1768 3680 Antonius

187 3697 476 3755 Gallonius
514 3697 723 3765 quidem
753 3705 957 3762 censet,
1005 3696 1142 3764 quod
1174 3696 1240 3750 ab
1285 3699 1387 3750 isto
1433 3699 1641 3750 seniore
1670 3698 1771 3750 Pn-

184 3770 354 3824 dente
387 3783 418 3818 a
450 3768 505 3821 S.
551 3765 714 3818 Paulo
762 3776 1054 3820 memorato
1102 3767 1424 3831 processerit
1465 3769 1620 3832 alter,
1676 3765 1768 3835 qui

190 3841 321 3894 ideo
367 3838 541 3889 solum
569 3838 774 3889 dicatur
820 3852 848 3889 a
889 3839 945 3889 S.
997 3836 1160 3890 Paulo
1214 3839 1432 3890 edoctus
1483 3848 1536 3889 et
1565 3838 1766 3891 amicus

186 3908 576 3977 apostolorum,
613 3906 749 3974 quod
782 3906 965 3960 horum
999 3909 1267 3961 memoria:
1311 3907 1646 3975 singulariter
1670 3906 1764 3960 de—

189 3989 352 4032 votus
399 3978 586 4042 luerit;
635 3989 687 4030 et
717 3977 1048 4044 disciplinam
1091 3993 1245 4044 quam
1291 3977 1424 4031 alter
1465 3977 1522 4031 S.
1558 3978 1765 4031 Pudens

189 4063 328 4102 avus
352 4049 434 4100 vel
463 4057 676 4111 patruus
700 4046 815 4115 cjus
843 4063 868 4098 a
905 4047 1064 4100 Paulo
1093 4048 1358 4106 hauserat,
1394 4062 1485 4114 per
1513 4048 1766 4101 domesti-

182 4134 308 4172 cam
341 4117 678 4171 traditionem
707 4119 949 4171 servarit.
975 4118 1235 4186 Quidquid
1281 4126 1456 4170 autem
1503 4118 1570 4170 sit
1611 4117 1678 4172 tle
1707 4131 1767 4171 ea

189 4188 574 4257 explicatione,
609 4202 726 4253 qum
767 4188 894 4240 satis
926 4190 1154 4241 violenta
1194 4198 1430 4255 apparet,
1467 4187 1552 4242 hic
1579 4190 1635 4244 S.
1666 4189 1768 4242 Pu-

186 4260 332 4313 dens
349 4269 501 4325 pater
523 4259 620 4312 SS.
652 4257 991 4311 Pudentiante
1019 4267 1073 4311 et
1103 4259 1352 4312 Praxedis
1375 4258 1556 4312 ﬂoruit
1577 4260 1771 4313 saeculo

188 4331 391 4384 Christi
423 4329 674 4388 secundo,
729 4339 966 4395 tempore
995 4329 1050 4382 S.
1113 4329 1185 4381 Pii
1239 4330 1469 4396 episcopi
1525 4329 1766 4392 Romani,

188 4403 282 4470 qui
315 4401 384 4451 ab
426 4413 566 4452 anno
597 4397 697 4452 Mli
745 4397 982 4470 Viearius
1031 4399 1215 4468 Hygini
1249 4401 1510 4465 pontiﬁcis
1562 4399 1677 4465 fuit,
1709 4414 1770 4451 ac.

189 4468 382 4538 postea
423 4471 645 4536 ipsemet
686 4468 920 4536 pontifex
971 4484 1269 4536 supremus,
1318 4471 1537 4522 Aniceto
1584 4484 1771 4523 succe-

185 4544 325 4594 dens
352 4555 496 4592 anno
526 4538 648 4603 I54,
679 4541 988 4607 vixitusque
1014 4540 1078 4592 ad
1105 4554 1299 4593 annmn
1333 4540 1454 4593 161.
1490 4540 1583 4593 Hic
1607 4541 1768 4607 ipsius

193 4610 456 4663 Pudentis
509 4615 726 4663 dmnum
775 4610 1107 4663 consecravit
1159 4611 1257 4662 sub
1287 4609 1437 4662 titulo
1492 4611 1766 4663 Pastoris:

186 4681 297 4745 hic,
321 4696 390 4734 eo
414 4689 643 4744 mortuo,
668 4681 889 4733 liliarum
911 4692 1092 4749 rogatu
1117 4680 1480 4749 baptisterium
1505 4683 1555 4734 in
1585 4681 1770 4735 eadem

186 4754 490 4804 censtituit.

263 4832 289 4859 ι
328 4821 558 4875 I’allesii.
595 4821 657 4873 Et
690 4819 949 4884 Faustuli,
981 4823 1082 4885 vel,
1113 4835 1166 4876 ut
1191 4823 1278 4877 alii
1313 4822 1531 4888 habent,
1559 4823 1768 4877 Fausti-

187 4895 261 4944 ni.
300 4892 529 4945 Difﬁcile
585 4901 666 4944 est
710 4892 902 4958 aliquid
933 4893 1000 4945 de
1045 4893 1187 4946 hisce
1234 4893 1432 4946 sanctis
1461 4894 1769 4958 decernere,

188 4979 319 5018 com
370 4977 468 5015 nec
499 4964 641 5014 locus
673 4970 763 5013 :tul
788 4965 938 5016 sedes
968 4963 1229 5017 indicetur
1277 4963 1614 5031 episcopalis,
1674 4979 1771 5019 nec

187 5043 408 5098 tempus
453 5047 557 5100 quo
611 5031 864 5086 vixerint.
915 5031 1271 5087 Florentinius
1313 5035 1496 5087 oculos
1546 5035 1773 5101 conjecit

188 5105 244 5156 in
275 5103 611 5166 Faustinum,
637 5103 704 5156 de
747 5118 850 5170 quo
893 5103 1108 5171 scripsit
1153 5103 1207 5157 S.
1241 5102 1539 5173 Cyprianus
1584 5104 1632 5157 in
1662 5105 1773 5172 epi-

188 5173 330 5225 stola
384 5174 448 5225 ad
506 5174 869 5240 Stephanum,
920 5188 1039 5227 eum
1096 5174 1336 5241 laudans,
1378 5173 1517 5243 quod
1567 5176 1774 5228 steterit

187 5254 380 5297 contra
430 5243 745 5296 Marcianum
799 5243 1162 5297 Arelatensem
1210 5248 1544 5313 episcopum,
1597 5248 1774 5312 quise

191 5315 492 5368 bovatiano
520 5315 834 5382 adjunxerat
861 5331 873 5366 :
907 5328 1010 5367 non
1043 5329 1201 5369 ausus
1223 5325 1306 5368 est
1347 5323 1522 5369 tamen
1552 5315 1602 5368 in
1626 5327 1774 5369 certo

184 5399 458 5441 asserere.

263 5454 295 5495 δ
327 5453 558 5510 Basilina.
585 5454 676 5508 Vel
703 5453 983 5519 Basilissae,
1013 5470 1132 5525 quae
1159 5472 1276 5510 cum
1305 5462 1448 5510 esset
1486 5469 1548 5508 ex
1578 5470 1775 5524 genere

193 5529 347 5596 regio
389 5536 442 5579 et
489 5526 704 5579 haberet
757 5541 1010 5594 sponsum
1057 5527 1494 5588 illustrissimum,
1529 5536 1773 5580 accusata

190 5599 263 5650 ab
317 5599 508 5650 eodem
552 5597 690 5663 quod
743 5597 1038 5650 Christiana
1080 5608 1247 5662 esset,
1303 5598 1574 5651 decretum
1634 5609 1711 5650 cst
1743 5613 1772 5651 a

192 5667 448 5720 Gallieno
475 5673 728 5736 Augusto,
749 5677 805 5720 ut
834 5677 924 5722 aut
963 5683 1213 5735 sponsum
1247 5672 1524 5735 reciperet,
1551 5677 1642 5720 aut
1666 5668 1776 5736 gla-

193 5741 288 5793 dio
329 5738 588 5792 interiret.
635 5739 902 5792 Conventa
951 5740 1017 5793 de
1063 5739 1238 5793 hocet
1281 5755 1506 5792 renuens
1549 5753 1775 5792 consen-

191 5824 313 5864 sum
337 5805 597 5879 pmbére,
611 5809 782 5878 gladio
805 5810 1230 5867 transverberata
1247 5817 1349 5866 est.
1369 5809 1504 5877 Δύο,
1522 5808 1771 5877 υευθτάοι

1873 3621 1959 3691 qni
1990 3627 2280 3691 sequuntur
2304 3619 2460 3674 ﬁdem
2484 3619 2738 3674 Actorum
2764 3618 2818 3674 S.
2855 3618 3120 3690 Eugeniae.
3169 3623 3444 3689 Papebro-

1874 3689 2028 3767 chius
2054 3689 2226 3746 autem
2259 3689 2312 3744 in
2345 3694 2487 3767 Actis
2514 3701 2811 3767 sanctorum
2849 3689 3033 3767 probat
3068 3694 3154 3746 illa
3184 3695 3240 3748 S.
3275 3695 3447 3767 Euge.

1873 3764 1974 3816 nia:
2000 3764 2126 3816 Acta
2157 3763 2424 3816 contemni
2454 3762 2650 3815 debere
2698 3772 2941 3828 tanquam
2969 3762 3191 3829 fabulas,
3223 3762 3452 3822 adeo'nt

1870 3848 1934 3886 ex
1968 3834 2070 3886 illis
2102 3832 2170 3886 de
2194 3833 2439 3885 Basilissa
2471 3832 2647 3885 haberi
2695 3832 2822 3883 nihil
2851 3832 2980 3885 certi
3014 3834 3211 3898 possit:
3255 3846 3309 3888 et
3337 3839 3452 3891 ani-

1870 3905 2204 3956 madvertetis
2239 3902 2320 3954 via
2368 3900 2569 3956 Salaria
2613 3901 2878 3954 exstitisse
2923 3903 3184 3968 quoddam
3241 3906 3447 3961 Basilius

1872 3973 2254 4044 cminetcrium,
2277 4043 2281 4044 ί
2309 3972 2453 4044 hinc
2473 3971 3102 4044 veterisliieronytniani
3134 3973 3444 4044 Martyrolo-

1870 4043 1939 4111 gii
1988 4043 2286 4108 huiusmodi
2337 4042 2614 4095 lectionem
2642 4039 2740 4094 sibi
2771 4039 2991 4111 videtur
3015 4041 3209 4098 elicere
3234 4039 3303 4096 τ’(
3345 4048 3446 4100 lio-

1874 4109 2083 4187 mmvia
2107 4113 2390 4187 Salariaiu
2422 4113 2624 4166 Basillte
2656 4109 3038 4184 (Subintellige
3067 4116 3375 4172 cmmeterio
3401 4117 3439 4187 ),

1874 4184 2157 4248 Basilis‘saa,
2186 4183 2364 4237 Aurel.
2379 4202 2397 4234 ι

1946 4271 1962 4284 ν
1997 4256 2056 4308 Β.
2089 4294 2104 4316 .
2133 4253 2330 4308 Nustim
2360 4252 2580 4307 Nemani
2610 4268 2702 4322 pro
2728 4254 2790 4308 In
2823 4253 2997 4310 Gallia
3026 4253 3306 4312 Nemanso.

1947 4324 1972 4361 ἀ
2002 4325 2230 4378 Blandii.
2261 4325 2349 4377 Vel
2379 4325 2632 4386 Bandelii,
2673 4343 2693 4377 ‹
2728 4326 2816 4395 qui
2857 4327 3292 4394 comprehensus,
3321 4345 3445 4387 cum

1874 4395 2170 4450 sacriﬁcare
2201 4397 2386 4460 nollet,
2410 4403 2463 4450 et
2492 4397 2543 4448 in
2575 4395 2679 4450 ﬁde
2717 4397 3004 4452 immobilis
3059 4397 3196 4452 inter
3226 4402 3444 4456 verbera

1875 4477 1925 4522 et
1958 4475 2214 4521 tormenta
2263 4467 2585 4537 persisteret,
2633 4468 2872 4537 martyrii
2923 4483 3175 4522 coronam
3210 4473 3438 4537 pretiosa

1803 4513 1850 4572 θ
1876 4548 2045 4607 morte
2073 4513 2324 4607 suscepit.
2365 4555 2383 4586 ι
2422 4513 2678 4598 Uscana”
2709 4513 2842 4591 Atio.

1952 4613 1973 4638 θ
2004 4606 2210 4661 Manlii.
2233 4606 2478 4660 Illolanus
2507 4611 2558 4659 in
2589 4623 2696 4661 suis
2737 4611 2804 4661 ad
2837 4609 3128 4667 Usuardum
3159 4610 3440 4665 additioni-

1876 4680 1972 4733 bus
2019 4679 2206 4732 stribit
2257 4679 2590 4733 S.i\|antium
2639 4680 2687 4730 in
2759 4680 3022 4733 Lusitania
3069 4679 3186 4732 villa
3235 4681 3442 4735 Miliana

1877 4765 2088 4818 passum
2119 4765 2130 4801 :
2183 4749 2381 4800 notavit
2410 4751 2772 4820 tamenquod
2801 4751 2865 4802 de
2903 4764 2969 4803 eo
3013 4749 3145 4820 dixit
3171 4750 3342 4803 littera
3373 4753 3440 4820 ρ,

1877 4830 1934 4874 ut
1960 4820 2220 4885 signiticet
2243 4834 2304 4874 ea
2338 4818 2518 4872 haberi
2547 4833 2608 4873 ex
2638 4820 2863 4886 quodam
2913 4819 3265 4873 Ecclesiarmn
3313 4818 3449 4876 Mar-

1877 4893 2140 4962 tyrologio
2169 4890 2410 4962 confuse,
2457 4905 2578 4962 cum
2607 4890 2810 4944 Scilicet
2841 4890 3015 4962 dicere
3068 4906 3170 4962 non
3197 4901 3441 4962 poterat,

1875 4960 2022 5029 cujus
2054 4961 2262 5028 proprie
2296 4960 2348 5012 id
2375 4961 2624 5015 Ecclesia:
2663 4972 2825 5014 esset.
2876 4960 3162 5012 Eborcnsis
3193 4961 3444 5030 Ecclesia,

1879 5035 1928 5085 in
1957 5030 2110 5100 cujus
2140 5030 2380 5084 districto
2433 5045 2516 5083 res
2547 5031 2784 5100 contigit,
2832 5030 3020 5084 festum
3047 5030 3106 5084 S.
3155 5031 3328 5085 Manlii
3359 5049 3446 5086 sn-

1880 5105 2053 5156 lcmne
2105 5101 2375 5155 celebrare
2419 5101 2641 5165 solebat,
2697 5111 2748 5153 et
2789 5105 3076 5155 etiamnum
3118 5103 3346 5156 celebrat
3375 5103 3439 5157 :21

1877 5173 2014 5226 Maii.
2061 5171 2324 5226 BOLLAND.

2009 5245 2176 5297 Verba
2217 5242 2351 5295 hisce
2411 5243 2732 5314 adjiciunt...
2759 5243 3030 5298 adderetur
3078 5243 3272 5314 desunt
3300 5241 3352 5298 in
3381 5241 3446 5303 L.

1948 5315 1972 5353 ⁸
1997 5315 2273 5368 Basiliam.
2302 5315 2429 5379 Qua:
2450 5331 2566 5367 cum
2592 5318 2767 5366 Aureo
2796 5315 2959 5381 pridie
2984 5313 3194 5367 colitur.
3499 5320 3506 5327 '

1949 5381 1972 5414 ¹¹
2005 5384 2232 5439 Gervasii
2263 5397 2306 5438 et
2335 5385 2570 5437 l’rotasii.
2602 5385 2670 5436 De
2694 5384 2774 5436 his
2796 5385 2914 5439 vide
2935 5386 3073 5438 diem
3103 5385 3168 5437 10
3189 5383 3351 5439 Junii.

1956 5455 1971 5493 ί
2012 5455 2276 5509 Timothei.
2312 5455 2454 5508 Passi
2498 5455 2550 5508 in
2581 5454 2890 5510 Mauritania
2918 5453 3257 5522 Caesariensi,
3300 5455 3449 5525 juxta

1877 5527 2137 5582 Adonem.

1951 5599 1964 5648 i
2000 5598 2287 5653 Britannia.
2326 5596 2572 5668 Dubitare
2601 5597 2789 5651 merito
2819 5599 2936 5665 quis
2982 5606 3179 5668 posset,
3223 5612 3290 5652 an
3337 5599 3450 5656 Bri-

1880 5669 2060 5726 tannia
2087 5684 2151 5722 ex
2185 5667 2492 5720 Mauritania
2523 5668 2655 5721 iacta
2704 5684 2806 5722 non
2834 5670 2924 5723 sit.
2986 5667 2991 5668 ν
3203 5733 3206 5736 ,
3353 5735 3358 5738 _
3408 5725 3416 5738 ,

1951 5737 1975 5777 ιι
2013 5739 2302 5793 Poiientici.
2337 5739 2487 5804 Quod
2521 5758 2547 5792 ει
2573 5739 2854 5796 festinante
2901 5741 3213 5799 amanue‘osi
3258 5735 3450 5795 scribis

1881 5818 1964 5867 tur
1989 5825 2083 5880 pro
2113 5807 2264 5876 Pelii,
2298 5805 2526 5865 Euticliil
2555 5809 2783 5867 diaconlt
