3988 6346
577 337 684 395 927

1346 337 1551 394 BEDE
1591 338 2042 395 VENERABILIS
2081 341 2232 396 UPP.
2277 339 2451 395 PARS
2491 341 2578 396 IV.
2619 369 2689 382 --
2732 338 3118 395 HISTORICA.

3757 341 3847 396 928

1854 453 2084 510 EDITIO
2125 452 2598 510 COLONIENSIS.

578 552 764 600 contra
809 556 957 597 mare
1008 541 1372 598 Britannicum
1430 544 1668 600 condita.
1719 546 1872 616 Apud
1926 546 2162 602 Athenas
2191 557 2244 616 Α
2341 545 2407 603 G.
2445 545 2507 600 Vl
2561 543 2697 616 Κλι..
2729 545 2891 600 Junu.
2915 575 2984 585 —
3012 545 3164 616 Apud
3193 544 3412 602 Alesiam
3451 545 3725 603 civitatem
3748 549 3845 606 Do-

582 637 721 692 beati
749 635 999 705 Quadrati
1051 635 1322 705 episcopi,
1365 635 1612 707 discipuli
1655 639 2037 707 apostolorum.
2069 639 2164 695 Hic

582 731 828 796 ﬁrmavit,
858 742 914 784 ut
962 729 1104 783 nulla
1147 744 1268 783 esca
1318 745 1346 783 a
1395 730 1716 787 Christianis
1771 732 2162 800 repudiaretur,

580 839 699 892 qua:
731 821 1000 876 rationalis
1030 831 1083 874 ct
1110 821 1336 876 humana
1377 833 1477 878 est.
1507 823 1638 877 Item
1679 824 1932 892 Quadrati
1961 836 2159 895 marty-

581 917 676 978 ris,
712 916 760 968 in
802 915 953 983 cujus
1001 913 1342 968 solemnitate
1371 917 1540 970 sancti
1577 917 1854 986 Augustini
1887 931 2163 972 sermones

581 1007 745 1063 habiti
769 1009 1132 1063 inveniuntur.
1155 1008 1341 1066 Roma:
1360 1010 1634 1065 beatorum
1656 1021 1946 1083 martyrum
1975 1012 2163 1067 Sinmi-

581 1102 664 1155 trii
702 1105 1017 1173 presbyteri,
1039 1115 1094 1159 et
1115 1108 1340 1160 aliorum
1372 1105 1559 1177 viginti
1579 1107 1976 1170 duorttm,quos
1995 1104 2160 1159 Anto-

579 1195 734 1248 ninus
791 1196 1077 1264 imperator
1126 1199 1305 1268 gladio
1359 1214 1455 1267 pro
1506 1198 1721 1252 Christo
1773 1197 1962 1265 punire
2009 1195 2156 1266 fecit,

575 1309 800 1363 quorum
833 1310 1056 1366 corpora
1090 1300 1241 1352 beata
1273 1297 1527 1352 Praxedis
1559 1295 1803 1364 sepelivit
1843 1304 2023 1349 noctu.
2046 1294 2159 1348 Tu-

575 1386 709 1441 derti
747 1388 954 1444 Tuscia:
985 1392 1160 1446 natale
1194 1402 1498 1446 sanctorum
1551 1389 1890 1453 Felicissimi,
1923 1389 2155 1454 lleradii,

577 1479 804 1534 Paulini.
854 1482 905 1534 ln
939 1484 1208 1536 territorio
1260 1482 1709 1545 Autisiodorensi,
1767 1481 1943 1550 passio
1988 1482 2156 1534 sancti

574 1568 737 1626 Prisci
783 1574 1049 1642 martyris,
1083 1590 1202 1628 cum
1233 1574 1434 1644 ingenti
1467 1573 1826 1627 multitudine.
1863 1573 1916 1626 In
1952 1572 2157 1626 Britan-

577 1662 678 1716 nils
732 1666 896 1716 sancti
953 1666 1228 1734 Augustini
1285 1666 1518 1734 episcopi
1571 1673 1622 1719 et
1676 1664 2020 1730 confessoris,
2069 1664 2156 1732 qui

575 1754 770 1806 missus
809 1769 836 1806 a
881 1755 940 1811 Β.
981 1771 1112 1824 papa
1155 1758 1414 1828 Gregorio
1440 1799 1454 1821 ,
1509 1757 1710 1822 printus
1758 1755 1904 1825 genti
1965 1754 2156 1825 Anglo-

573 1858 688 1897 rum
727 1845 922 1899 Christi
959 1848 1303 1918 l'Ivangelium
1340 1849 1664 1916 prtedicavit,
1697 1857 1853 1916 atque
1908 1847 2013 1901 illic
2047 1848 2154 1900 vir-

2273 646 2635 692 rostorensem
2685 638 2860 691 natale
2888 638 3063 691 sancti
3093 635 3241 702 Julii,
3273 639 3358 706 qui
3406 647 3653 707 tempore
3682 655 3848 708 perae-

2267 728 2494 782 cutiouis
2533 742 2654 782 cum
2701 736 2845 782 esset
2865 739 3150 783 veteranus
3191 728 3434 783 eremitaa
3481 730 3687 784 militiae
3711 747 3843 787 com-

2266 820 2565 888 prehensus
2609 818 2677 872 ab
2705 818 3042 884 offlcialibus,
3095 828 3148 873 et
3195 819 3423 874 Maximo
3456 822 3669 886 praesidi
3699 823 3836 876 obla-

2269 919 2373 976 tus,
2409 911 2595 985 nolens
2624 907 2925 963 sacriﬁcare
2968 909 3144 972 idolis,
3199 909 3408 978 capitali
3451 912 3714 965 sententia
3759 929 3838 983 pu-

2267 1002 2408 1055 nitus
2435 1008 2537 1056 est.
2566 999 2810 1070 Cumque
2837 1001 3126 1055 duceretur
3151 1003 3215 1054 ad
3249 1001 3422 1055 locum
3446 1002 3612 1057 credis
3635 1004 3834 1072 implen-

2264 1095 2368 1159 das,
2429 1093 2634 1148 Esicius
2685 1093 2900 1164 quidam
2949 1095 3103 1148 miles
3151 1109 3272 1148 cum
3316 1104 3371 1148 et
3418 1095 3532 1163 ipse
3582 1095 3652 1149 ob
3693 1095 3828 1152 ﬁdem

2264 1182 2458 1239 Christi
2488 1184 2910 1251 comprehensus
2941 1185 3292 1249 detineretur,
3325 1187 3548 1254 rogabat
3586 1203 3719 1254 eum,
3749 1189 3827 1244 di-

2264 1289 2426 1330 cens:
2466 1294 2483 1326 ι
2512 1275 2712 1329 Mentor
2759 1285 2874 1330 esto
2903 1278 3028 1337 mei,
3063 1291 3183 1328 nam
3213 1287 3268 1329 et
3298 1292 3400 1347 ego
3444 1279 3730 1347 subsequar
3764 1291 3823 1345 te,

2265 1370 2490 1438 primum
2539 1368 2697 1422 etiam
2729 1367 2899 1421 saluta
2953 1367 3308 1422 Passicratem
3360 1379 3414 1422 et
3461 1368 3820 1440 Valentionem,

2263 1461 2352 1528 qui
2383 1475 2479 1512 nos
2520 1459 2628 1527 jam
2675 1474 2770 1527 per
2803 1460 2992 1511 bonam
3026 1459 3421 1513 confessionem
3466 1474 3824 1527 prrecesserunt

2263 1555 2325 1608 ad
2355 1554 2662 1607 Dominum.
2696 1571 2712 1604 ι
2751 1552 2920 1607 Julius
2971 1569 3097 1606 vero
3136 1557 3382 1608 osculans
3410 1554 3644 1608 Esicium
3675 1558 3821 1610 dixit:

2268 1668 2285 1700 ι
2309 1648 2515 1714 Frater,
2544 1648 2731 1701 festina
2763 1647 2972 1710 venire;
2996 1648 3238 1702 mandata
3264 1651 3402 1702 enim
3431 1659 3519 1702 tua
3537 1649 3644 1718 jam
3667 1650 3824 1706 audie-

2263 1755 2385 1799 runt
2429 1761 2560 1813 quos
2601 1744 2858 1796 salutasti.
2896 1763 2914 1795 ι
2949 1743 3039 1797 Sic
3068 1754 3291 1810 accepto
3332 1745 3513 1798 Orario
3548 1745 3708 1815 ligans
3740 1746 3821 1801 sibi

2263 1839 2467 1905 oculos,
2505 1838 2741 1907 martyrii
2773 1837 2998 1905 palmam
3028 1835 3206 1904 gladio
3239 1837 3476 1890 credente
3507 1839 3754 1906 percepit.
3778 1837 3825 1892 In

575 1934 773 2004 tutibus
812 1946 864 1989 et
905 1939 1175 1993 miraculis
1213 1940 1480 2010 gloriosus
1521 1939 1740 2009 quievit.
1786 1939 2005 1993 Vienna:
2040 1955 2133 2024 pas

2267 1932 2453 1987 Galliis
2483 1933 2698 1986 civitate
2730 1931 3007 1996 Arausica,
3057 1930 3226 1985 sancti
3271 1930 3488 1999 Eutropi
3533 1930 3831 2000 episcopiet

569 2022 651 2078 sio
701 2027 869 2080 sancti
919 2027 1189 2085 Zachariae
1218 2071 1231 2096 ,
1290 2028 1510 2085 secundi
1559 2029 1802 2100 ejusdem
1837 2028 1983 2084 urbis
2038 2022 2154 2097 epi-

568 2129 735 2186 scopi.

2265 2026 2612 2081 confessoris.

2337 2122 2398 2173 Α.
2454 2117 2495 2172 V
2527 2118 2660 2172 KAL.
2693 2116 2854 2171 JUNII.
2884 2146 2952 2157 —
2980 2115 3166 2173 Natale
3213 2116 3384 2171 sancti
3413 2117 3640 2173 Joannis
3674 2132 3830 2188 papa,

1850 2235 2074 2292 EDITIO
2113 2232 2614 2292 BOLLANDIANA.

637 2324 728 2384 27.
761 2357 832 2368 -
863 2327 928 2383 Vl
957 2329 1094 2384 ΚΑι..
1127 2329 1296 2385 Vacat
1327 2331 1506 2385 Baeda.

642 2418 828 2475 Florus
877 2422 926 2477 in
978 2426 1042 2478 A.
1099 2424 1164 2478 Τ.
1217 2425 1312 2490 L.,
1357 2424 1543 2479 Passio
1589 2425 1647 2481 S.
1680 2431 1706 2460 ⁸
1737 2423 1894 2490 Julii,
1928 2424 2019 2493 qui
2052 2423 2154 2479 sub

569 2510 796 2566 Maximo
828 2515 1052 2582 praeside
1080 2517 1269 2587 capitis
1295 2519 1669 2587 amputatione
1694 2519 1982 2588 complevit
2010 2532 2152 2572 mar-

567 2605 780 2675 tyrium.

641 2697 703 2774 V._
731 2698 795 2752 Τ.
921 2699 1056 2774 ,_ln_
1079 2701 1399 2774 Alexandria
1450 2701 1680 2772 Aquilini
1734 2701 1879 2774 [B.,
1924 2701 2142 2774 Aquili]

565 2768 894 2841 presbyteri,
946 2772 972 2810 b
1018 2768 1288 2841 Evangelii
1329 2782 1383 2826 et
1432 2768 1657 2826 aliorum
1710 2768 2139 2841 q'uatttordecim:

569 2842 633 2914 A.
761 2841 820 2895 L.
842 2881 856 2904 ,
895 2839 1283 2914 lnAfricaSS.
1319 2844 1568 2897 Martialis
1598 2854 1652 2897 et
1681 2839 1869 2897 Litiani
1901 2843 2011 2914 μ...
2041 2845 2144 2898 Lu-

562 2910 752 2981 ciani].
807 2915 869 2966 Α.
922 2911 1024 2975 Τ.,
1074 2913 1252 2967 Roma:
1305 2917 1482 2970 natale
1513 2914 1570 2969 S.
1609 2927 1628 2953 ο
1662 2910 2032 2980 Οιιςιιιιὶ.Ἀ.,
2086 2917 2138 2970 ln

563 2979 1085 3046 Pago'Atrebatensi
1140 2988 1416 3040 translatio
1467 2988 1706 3054 corporis
1735 2986 1790 3040 S.
1827 2988 1854 3026 (ἱ
1885 2979 2131 3053 Ragnulll

560 3054 832 3123 martyris.
888 3055 981 3116 Β..
1036 3054 1088 3106 ltt
1139 3055 1321 3110 Tomis
1374 3057 1568 3120 llelize,
1623 3057 1876 3118 Lttciaui,
1935 3057 2140 3112 Eutrici

563 3123 821 3204 episcopi.
856 3125 950 3188 D.,
985 3125 1166 3181 Mesia
1198 3130 1409 3183 civitate
1443 3129 1815 3182 Dorosterensi
1842 3127 1964 3182 Julii
1997 3144 2140 3182 utar-

563 3203 712 3264 tytis.

627 3282 720 3338 28.
753 3313 822 3326 ——
859 3285 894 3340 V
928 3285 1065 3342 ΚΑι..
1099 3287 1336 3344 Parisius
1374 3297 1396 3327 ο
1431 3287 1684 3345 Germani
1715 3290 2067 3346 confessoris.

2335 2327 2528 2382 Florus
2571 2326 2717 2381 addit
2748 2327 2801 2381 in
2833 2327 2898 2384 Τ.
2932 2335 2986 2383 et
3019 2327 3079 2382 L.
3100 2368 3115 2393 ,
3147 2328 3247 2394 Qui
3283 2337 3442 2383 tantae
3470 2329 3685 2385 virtutis
3712 2332 3829 2401 fuit,

2263 2432 2320 2475 tit
2362 2421 2499 2476 sicut
2530 2423 2580 2475 in
2613 2421 2788 2477 Gestis
2818 2421 2935 2491 ejus
2983 2421 3195 2491 legitur,
3241 2437 3428 2477 causas
3478 2425 3829 2482 infirmitatem

2261 2515 2360 2566 hoc
2391 2523 2536 2568 esset
2579 2524 2765 2568 sancto
2806 2515 2920 2568 viro
2961 2529 3150 2568 curare
3181 2515 3320 2583 quod
3355 2526 3409 2568 et
3440 2525 3682 2586 tangere.
3713 2518 3828 2585 Vel,

2257 2608 2396 2675 quod
2431 2606 2654 2662 habetur
2684 2609 2734 2660 in
2765 2611 2828 2661 A.
2861 2625 2873 2660 :
2905 2605 3003 2674 Qui
3035 2608 3222 2662 beatus
3255 2608 3496 2677 ejusdem
3544 2611 3694 2665 urbis
3734 2613 3831 2682 epi-

2256 2715 2450 2769 scopus
2473 2744 2486 2767 ,
2516 2712 2726 2769 quantae
2757 2702 3052 2756 sanctitatis
3075 2743 3089 2766 ,
3117 2705 3410 2771 qua'ntique
3436 2705 3621 2758 meriti
3655 2706 3826 2774 fuerit,

2255 2796 2446 2864 quibus
2489 2793 2647 2850 etiam
2695 2794 2950 2849 claruerit
2991 2794 3297 2863 miraculis,
3351 2793 3682 2851 Fortunatus
3731 2798 3827 2867 epi-

2253 2903 2445 2956 sc0pus
2479 2887 2656 2943 veraci
2686 2888 2828 2958 stylo
2858 2886 3099 2958 digessit.

2328 3005 2446 3074 Ipso
2477 3004 2565 3058 die
2590 3003 2854 3072 depositio
2877 3002 2934 3057 S.
2967 3001 2988 3039 ί
3018 3001 3238 3057 Joannis
3267 3017 3417 3071 papte
3444 3021 3459 3058 :
3488 3019 3653 3074 quem
3675 3046 3690 3072 ,
3719 3007 3828 3074 quia

2254 3101 2586 3154 orthodoxus
2616 3107 2770 3162 erat,
2803 3106 2856 3151 et
2882 3113 2910 3150 a
2939 3095 3151 3151 JuStino
3179 3098 3508 3166 imperatore
3537 3099 3826 3154 orthodoxe

2251 3189 2777 3256 Constantinopolim
2825 3187 3045 3242 veniens
3085 3187 3316 3257 gloriose
3362 3201 3653 3258 susceptus
3690 3198 3822 3256 erat,

2250 3283 2624 3340 Theodericus
2651 3298 2745 3338 rex
2772 3283 3001 3338 Arianus
3032 3292 3388 3338 revertentem
3418 3285 3472 3337 in
3505 3284 3824 3354 Ravennam,

2028 3381 2193 3437 MITll
2237 3378 2464 3435 ΝΟΤᾸΕ.

1984 3384 2193 3438 SMITll
2237 3384 2464 3435 NOTAE.

555 3471 853 3546 Antoninus
897 3483 952 3528 et
997 3477 1165 3528 tenuit
1195 3475 1574 3546 Symmetrium
1607 3492 1728 3531 cum
1761 3478 1940 3532 sociis.
1989 3478 2134 3543 Quos
2165 3479 2211 3540 C
2245 3482 2422 3546 exstat
2450 3472 2590 3546 apud
2621 3471 2836 3546 Suriunt
2854 3479 2918 3546 _et
2945 3470 3259 3546 ﬁollandum
3294 3486 3472 3529 xxvm
3505 3472 3666 3542 Maii,
3694 3484 3747 3531 et
3772 3475 3821 3533 in

553 3542 668 3616 sine
719 3545 822 3616 ulla
875 3546 1144 3600 auditione
1195 3542 1369 3616 gladio
1412 3549 1580 3614 puniri
1623 3548 1891 3602 mandavit
1939 3550 1991 3602 in
2018 3542 2127 3602 leo-

554 3611 673 3665 dem
707 3615 877 3667 titulo.
915 3617 1148 3681 Quorum
1182 3611 1691 3684 c'orporail’ruxedis
1735 3621 1882 3686 virgo
1927 3622 1976 3672 itt
2010 3634 2123 3674 cre-

559 3688 778 3753 meterio
813 3686 1066 3741 Priscillae
1098 3690 1362 3753 sepelivit.
1402 3690 1568 3743 Pta'rn.
1603 3691 1667 3744 de
1699 3691 1904 3744 ΝΑτΑι..

625 3757 649 3783 ⁸
680 3752 828 3828 Julii.
867 3759 918 3810 ltt
955 3759 1126 3812 Mrt‘sia
1161 3760 1376 3814 civitate
1409 3759 1804 3814 Dorostorensi.
1840 3762 1940 3828 Qui
1989 3770 2122 3814 tem-

555 3839 682 3892 pore
713 3827 998 3881 Alexandri
1035 3832 1401 3897 imperatoris,
1435 3847 1554 3885 cum
1585 3841 1726 3885 esset
1758 3827 2044 3884 veteranus
2076 3841 2128 3884 et

551 3897 791 3967 emerita)
824 3900 1024 3954 rnilitim
1047 3943 1060 3964 ,
1095 3903 1515 3964 cotttpreltensus
1548 3913 1630 3956 est
1659 3905 1725 3955 ab
1770 3902 2123 3967 of'lirialibtts,

453 3975 462 3985 ‘
553 3976 605 4018 et
635 3966 863 4021 Maximo
898 3972 1108 4037 pra‘sitli
1145 3973 1374 4039 oblatus,
1407 3989 1510 4040 quo
1541 3986 1802 4040 praesente
1834 3989 1954 4026 cunt
1983 3966 2126 4026 ldola

550 4050 940 4106 exsectat'etttr,
975 4053 1026 4094 et
1054 4043 1252 4096 Christi
1288 4059 1479 4096 nomen
1513 4045 1946 4097 constantissime
1991 4061 2119 4097 cott-

553 4105 817 4182 ﬁteretur,
852 4105 1063 4175 capitali
1097 4114 1361 4167 sententia
1396 4120 1612 4182 punitus
1643 4127 1742 4169 est.
1780 4115 1980 4168 BARON.

618 4181 644 4255 ξ’
818 4183 876 4235 Y.
910 4195 958 4255 et
995 4185 1053 4236 Β.
1089 4195 1288 4238 tantum
1335 4181 1479 4253 legit.
1518 4184 1804 4255 Evangelii.

622 4252 643 4321 ἒ
681 4250 893 4305 Castuli.
925 4254 1021 4320 Qui
1055 4256 1248 4308 colitur
1278 4250 1432 4321 supra
1467 4256 1554 4310 die
1589 4250 1710 4309 xxvi
1746 4256 1943 4310 Martii.

618 4319 641 4355 ἀ
677 4319 962 4396 {fugant/ia
990 4327 1158 4380 Patris
1200 4327 1255 4380 S.
1309 4319 1570 4396 Iliadulplti
1617 4327 1850 4394 episcopi
1908 4327 2126 4381 Atreba-

553 4392 739 4467 tensis,
769 4393 921 4462 cujus
954 4398 1231 4450 translatio
1259 4392 1663 4467 quidem-hodie
1694 4392 1998 4454 annotatur,
2029 4397 2126 4452 sed

550 4463 726 4535 pa~sio
758 4481 874 4535 ejus
907 4468 1120 4532 ponitur
1149 4463 1335 4534 qninio
1371 4470 1489 4522 fdus
1523 4470 1857 4522 Novembris.
1891 4469 2128 4535 Quiescit

544 4534 782 4586 Atrebati
817 4551 864 4588 ιιι
899 4538 955 4590 S.
994 4537 1206 4592 V'edasli
1239 4542 1578 4592 lllfinllxitll‘lf).
1626 4541 1875 4592 Mutamus
1897 4534 1962 4592 de
1985 4541 2125 4592 San-

546 4606 646 4657 ctis
683 4605 867 4672 lielgii.

646 4705 652 4718 ι
681 4673 943 4732 Germani.
980 4679 1256 4734 Territort.
1292 4680 1792 4748 Attgnslmtnnensis
1826 4682 2088 4752 indigena:
2111 4724 2125 4745 ,

541 4762 602 4798 et
659 4759 808 4821 patre
863 4752 1170 4804 Eleutherio
1216 4763 1269 4804 et
1316 4764 1485 4806 matre
1534 4753 1780 4804 Eusebia.
1813 4752 2126 4821 Senipilione

2241 3545 2441 3601 sarculo
2473 3559 2486 3595 ι
2519 3545 2776 3598 Actorum
2807 3541 2910 3598 SS.
2942 3541 3434 3598 Benedictinorum.

2312 3617 2329 3654 τ
2367 3614 2600 3668 Joannis.
2635 3613 2856 3667 Natione
2885 3614 3043 3668 'l‘usci
3069 3655 3083 3676 ,
3112 3629 3176 3666 ex
3206 3623 3355 3684 patre
3381 3615 3726 3682 Constantio,
3753 3633 3827 3675 se-

2234 3687 2310 3740 dit
2359 3701 2526 3738 annos
2555 3687 2758 3757 duos,
2792 3699 3005 3757 menses
3050 3685 3372 3757 octo_,_dies
3413 3687 3758 3757 quindecim,
3797 3702 3827 3746 a

2233 3757 2513 3811 consulatu
2550 3755 2791 3826 Maximi,
2826 3754 2874 3808 id
2911 3766 2993 3809 est
3032 3771 3122 3808 an.
3159 3755 3264 3808 525
3308 3770 3478 3826 usque
3523 3760 3591 3813 ad
3635 3754 3821 3816 consu-

2235 3829 2397 3882 latum
2431 3827 2672 3896 Olybrii,
2708 3825 2760 3879 id
2803 3835 2884 3880 est
2915 3841 3112 3880 annum
3144 3826 3271 3882 5‘26.
3307 3825 3402 3882 ilic
3434 3841 3664 3884 vocatus
3692 3842 3771 3885 est
3795 3845 3821 3885 a

2240 3915 2363 3967 rege
2394 3897 2733 3952 Ttieodorico
2766 3896 3074 3950 Ravennam
3098 3915 3112 3951 ε
3140 3913 3299 3966 quem
3334 3913 3423 3951 rex
3460 3916 3662 3968 rogans
3689 3902 3822 3956 misit

2236 3972 2287 4023 itt
2341 3971 2606 4038 legatione
2655 3968 3176 4043 Constantinottolim
3225 3969 3287 4043 ad
3323 3968 3616 4043 _Jus_tinum
3649 3977 3817 4043 Augu-

2232 4051 2372 4095 stum
2395 4082 2409 4105 ,
2441 4043 2528 4108 qui
2557 4054 2768 4092 summo
2797 4053 2985 4094 amore
3012 4039 3288 4108 religionis
3311 4039 3637 4096 Christiana:
3664 4039 3818 4098 voluit

2233 4112 2516 4166 haereticos
2547 4112 2853 4164 extricare:
2891 4125 3011 4163 nam
3057 4124 3270 4164 summo
3313 4111 3529 4167 fervore
3569 4115 3818 4170 ecclesias

2234 4184 2550 4235 Arianorum
2607 4182 2656 4234 in
2707 4181 2995 4236 catholicas
3046 4181 3330 4236 dedicavit.
3396 4180 3606 4238 Exinde
3661 4186 3820 4240 iratus

2231 4253 2602 4308 Theudoricus
2658 4252 2829 4304 voluit
2877 4261 3043 4323 totam
3095 4251 3297 4307 Italiam
3350 4255 3531 4323 gladio
3583 4267 3812 4313 vastare.

2232 4324 2379 4377 Tunc
2410 4325 2641 4378 Joannes
2671 4322 2994 4394 venerabilis
3041 4338 3172 4391 papa
3219 4322 3472 4394 egressus
3516 4342 3644 4382 cum
3695 4329 3815 4382 fletu

2237 4396 2565 4469 ambulavit,
2597 4404 2651 4448 et
2680 4393 2777 4447 viri
2811 4392 3045 4469 religiosi
3075 4392 3427 4469 eacons'ules,
3464 4396 3815 4464 Theodorus,

2231 4466 2602 4533 importunus,
2658 4467 2912 4537 Agapitus
2963 4474 3015 4519 et
3064 4466 3201 4537 alius
3253 4469 3560 4537 Agapitus.
3597 4473 3700 4524 hoc
3730 4485 3813 4524 ac-

2231 4539 2490 4605 cipientcs
2535 4539 2585 4588 in
2635 4535 2944 4588 mandatum
2992 4536 3272 4605 legationis
3292 4535 3324 4603 ,θ
3363 4535 3421 4591 ut
3468 4540 3817 4596 redderentur

2231 4611 2474 4662 ecclesia:
2508 4605 2768 4660 Ita-reticis
2800 4609 2849 4659 in
2885 4618 3040 4679 parte
3065 4606 3427 4673 Grazciarum,
3463 4611 3608 4679 quod
3640 4613 3685 4666 si
3717 4626 3814 4666 non

2234 4681 2387 4733 fuerit
2419 4681 2611 4732 factum
2638 4719 2652 4742 ,
2687 4692 2910 4749 omnem
2934 4676 3134 4732 Italiam
3182 4680 3360 4748 gladio
3405 4676 3684 4749 perderet.
3726 4685 3813 4737 Ju-

2233 4756 2405 4803 stiuus
2436 4761 2651 4812 autem,
2698 4765 2817 4800 cum
2867 4748 2914 4802 ei
2954 4750 3115 4802 simul
3165 4762 3219 4803 et
3266 4753 3613 4808 senatoribus
3663 4753 3816 4809 tantis

543 4818 795 4898 tiiagistrti
825 4823 1058 4874 moribus
1091 4824 1327 4876 honestis
1359 4822 1752 4898 ittstttutnsesl.
1783 4828 1818 4875 Α
1848 4818 2119 4898 S._'Agrip-
2152 4839 2205 4898 Ι)
2234 4823 2380 4874 urbis
2431 4823 2610 4873 Romae
2657 4821 2998 4898 occurrisset,
3027 4836 3238 4898 omnem
3281 4825 3552 4878 concessit
3575 4827 3814 4898 petitio-

546 4889 664 4962 tino
695 4889 952 4944 1Ednen~i
986 4895 1235 4962 episcopo
1267 4894 1522 4946 diaconus
1572 4894 1776 4960 primo,
1826 4894 1949 4948 dein
1985 4889 2119 4962 ipost

542 4961 824 5033 trienniqu
876 4965 1154 5033 presbyter
1200 4965 1470 5017 ordinatus
1523 4975 1601 5017 est
1633 5005 1646 5028 ,
1691 4973 1742 5017 rt
1791 4980 1818 5018 a
1873 4961 2121 5032 pontifice

543 5028 790 5104 [Set-tario
821 5028 953 5088 abba
1001 5028 1063 5087 ad
1095 5035 1151 5089 S.
1206 5036 1612 5104 Syuiporiauutn
1659 5028 2114 5091 merito—ascitus.

542 5100 914 5175 'ljlieodeberto
972 5110 1079 5175 regi
1139 5100 1364 5160 mortem
1406 5108 1681 5173 'prtedixit.
1738 5106 1972 5161 Eusebio
2026 5111 2123 5159 νει-

542 5172 744 5226 risiac'te
794 5172 1324 5244 civitatisicpiscopo
1376 5172 1701 5243 decedente,
1755 5179 2012 5231 successit
2064 5177 2118 5232 in

542 5245 722 5296 sedent
756 5259 877 5299 ante
916 5249 1202 5302 concilium
1251 5249 1545 5302 Parisieuse
1589 5263 1683 5313 ιιι,
1727 5262 1867 5302 anno
1900 5248 2003 5301 557
2033 5265 2121 5304 ce-

542 5314 838 5388 lebratum.
891 5319 972 5372 cui
1027 5322 1084 5372 ὃ.
1143 5319 1440 5371 Germanus
1493 5319 1829 5388 subscripsit.
1886 5321 2122 5374 Felicem

541 5383 963 5459 Bituricensent,
997 5388 1276 5456 Syagrium
1310 5389 1636 5444 {Edueusem
1683 5383 1993 5459 episcopum
2036 5407 2124 5445 or-

538 5460 757 5529 dinavit.
813 5458 1008 5529 Regem
1059 5460 1430 5514 Chartbertutn
1483 5458 2002 5526 excomtnunictht,
2058 5477 2123 5517 eo

534 5528 676 5596 qttod
713 5528 1060 5585 Marcovefam
1094 5531 1411 5595 Merolledis,
1445 5547 1563 5599 quat
1598 5547 1731 5584 uxor
1762 5531 1881 5600 ejus
1913 5533 2120 5602 fuerat,

535 5614 776 5655 sol-orem
821 5603 1067 5672 conjugio
1099 5603 1386 5666 Copulavit.
1425 5607 1578 5656 Anno
1612 5602 1716 5656 576
1747 5602 1860 5656 fere
1893 5613 2114 5669 octoge-

536 5675 720 5726 narius
750 5677 916 5740 obiit,
946 5677 1290 5742 sepultusque
1320 5685 1400 5728 est
1427 5675 1476 5726 in
1511 5674 1710 5741 templo
1739 5675 1794 5728 S.
1832 5673 2118 5741 Vi..ccutii,

533 5745 672 5808 quod
704 5750 770 5797 ab
799 5760 864 5799 eo
908 5749 1101 5798 dieitur
1149 5746 1206 5797 S.
1243 5743 1494 5799 Germani
1541 5745 1610 5799 de
1660 5743 1851 5801 Pratis.
1900 5746 2122 5802 GHINIUS

529 5813 822 5885 Ssaansts,
854 5825 909 5873 et
941 5815 1054 5873 Vita
1081 5815 1198 5886 ejus
1230 5829 1321 5885 per
1351 5813 1703 5873 Fertunatum
1733 5819 1967 5889 Scripta,
2002 5827 2125 5886 quas

2234 4907 2351 4944 nem
2373 4932 2387 4956 ,
2413 4901 2465 4944 et
2488 4901 2704 4960 propter
2729 4892 3039 4958 sanguinem
3069 4891 3428 4948 Romanorum
3456 4897 3691 4949 reddidit
3718 4897 3814 4950 bat-

2235 4963 2413 5016 reticis
2449 4963 2718 5034 ecclesias
2765 4962 3056 5015 secundum
3099 4965 3419 5019 voluntatem
3468 4966 3814 5034 Theoderici,

2234 5049 2298 5086 ne
2329 5033 2658 5105 Christiani,
2695 5035 2924 5105 maxime
2954 5034 3263 5088 sacerdotes
3285 5076 3299 5099 ,
3331 5037 3395 5088 ad
3426 5036 3667 5105 gladium
3700 5033 3816 5094 mite

2236 5114 2493 5177 terentur.
2529 5103 2679 5177 Tunc
2712 5119 2867 5177 vero,
2899 5103 3109 5177 Joanne
3138 5115 3193 5159 et
3226 5107 3354 5160 viris
3385 5103 3685 5163 illustribus
3729 5127 3816 5177 po-

2231 5177 2346 5227 sitis
2394 5173 2890 5242 Constantinopoli,
2937 5174 3306 5231 Theudoricus
3354 5182 3522 5233 tenuit
3567 5183 3706 5234 duos
3731 5173 3818 5235 se-

2235 5255 2480 5318 natores,
2528 5247 2764 5299 Boetium
2807 5256 2862 5298 et
2899 5245 3302 5314 Symmachum,
3329 5250 3612 5318 gladioque
3660 5254 3818 5306 inter-

2232 5319 2381 5371 emit.
2437 5317 2725 5370 Venientcs
2792 5332 2918 5370 vero
2971 5319 3259 5384 supradicti
3307 5321 3406 5374 viri
3449 5317 3572 5375 cum
3614 5322 3820 5377 Joanne

2239 5404 2518 5457 episcopo,
2551 5387 2782 5456 suscepti
2815 5397 2940 5441 sunt
2967 5403 2996 5442 a
3027 5403 3149 5457 rege
3181 5391 3520 5445 Theoderico
3548 5407 3671 5447 cum
3699 5394 3820 5448 dolo

2238 5470 2292 5515 et
2320 5459 2706 5532 grandiodio;
2741 5473 2874 5524 quos
2907 5459 3084 5532 gladio
3115 5461 3278 5516 voluit
3311 5463 3501 5532 punire
3531 5481 3545 5524 ;
3580 5467 3677 5518 sed
3713 5479 3819 5520 me-

2229 5529 2379 5585 tuens
2428 5531 2849 5600 indignationem
2904 5529 3099 5584 Justini
3150 5548 3258 5588 non
3312 5529 3473 5600 fecit,
3532 5549 3715 5590 tamen
3766 5537 3818 5590 in

2226 5604 2468 5656 custodia
2517 5615 2704 5655 omnes
2745 5601 3024 5654 cruciavit.
3061 5601 3185 5656 Post
3217 5604 3526 5660 defunctum
3557 5606 3818 5662 Joannem

2227 5673 2634 5742 quadragesimo
2665 5673 2752 5726 die
2782 5672 2959 5726 subito
2983 5673 3347 5730 Theodericus
3373 5675 3580 5732 interiit
3600 5718 3616 5743 ,
3646 5694 3677 5731 a
3713 5679 3821 5733 Deo

2233 5760 2562 5820 pt-rcussus_._
2589 5743 3243 5820 Catalogi__Romanorutn
3304 5750 3614 5817 pontificum
3677 5749 3814 5820 apud

2233 5814 2692 5883 Papebrochium,
2731 5813 2901 5884 Aprili
2933 5825 3062 5871 tom.
3096 5820 3136 5870 Ιι

3670 5963 3710 5980 ο-
