3988 6346
126 295 241 354 929

1240 295 1434 354 SECT.
1477 297 1541 352 11.
1583 325 1652 337 —
1695 295 2262 354 MARTYROLOGIA.

3297 295 3404 352 950

425 445 440 460 ,
1367 391 1598 447 EDITIO
1640 389 2121 447 COLONIENSIS.

124 498 237 552 quo
269 491 513 552 tempore
543 481 910 539 Theodoricus
940 497 1036 539 rex
1085 481 1219 538 duos
1270 494 1548 541 senatores
1590 501 1724 553 prm-
1751 488 1800 562 Α
1831 482 2101 536 Restituti.
2141 481 2228 536 Via
2273 481 2563 553 Tyburtina
2608 488 2811 551 septem
2857 495 3252 549 germanorum.
3281 479 3414 536 Tre-

125 575 326 639 claros.
360 584 413 631 et
434 575 684 632 consules
714 575 1092 647 Symmachum
1124 586 1176 631 et
1216 576 1459 632 Boetium
1488 576 1678 632 occidit
1704 593 1716 642 ;

124 668 214 737 qui
249 668 596 735 nonagesimo
625 678 813 723 octavo
843 668 930 724 die
971 677 1252 737 postquam
1301 684 1432 738 papa
1487 669 1720 724 Joannes

125 759 354 825 interiit,
390 761 568 815 subito
623 761 906 818 defunctus
965 773 1067 818 est.
1133 765 1300 829 Quem
1359 765 1476 832 quia
1531 764 1712 818 ortho-

125 852 302 908 doxus
358 863 517 920 erat,
573 864 628 908 et
687 871 716 908 a
773 854 981 910 Justino
1041 857 1362 925 imperatore
1424 857 1722 911 orthodoxe

124 946 653 1014 Censtantinopolim
686 946 928 1014 veniens,
962 947 1192 1016 gloriose
1217 957 1494 1017 susceptus
1531 949 1720 1016 fuerat,

125 1033 501 1090 Theudoricus
559 1051 652 1092 rex
711 1035 940 1092 Ariaiius
997 1050 1354 1095 revertentem
1412 1039 1720 1094 Ravennam

125 1129 177 1183 in
204 1131 455 1184 custodia
487 1132 794 1196 tentum,ad
814 1142 1036 1188 mortem
1070 1150 1238 1204 usque
1267 1151 1384 1189 cum
1412 1136 1531 1189 aliis
1573 1152 1725 1206 aeque

123 1223 410 1278 catholicis
466 1225 594 1278 viris
644 1225 904 1294 perduxit.
962 1225 1128 1296 llujns
1207 1228 1452 1282 meminit
1507 1239 1726 1284 sanctus

123 1312 421 1384 Gregorius
451 1316 503 1370 in
536 1316 670 1371 libro
706 1317 1062 1387 Dialogorum.
1099 1317 1262 1387 Cujus
1301 1334 1496 1387 corpus
1551 1331 1726 1372 trans-

124 1407 316 1472 latum,
365 1409 637 1477 sepultum
666 1417 748 1464 est
771 1409 822 1464 in
851 1409 1066 1465 basilica
1097 1411 1262 1465 sancti
1294 1410 1438 1465 Petri
1467 1413 1722 1482 apostoli,

123 1503 310 1570 quinta
394 1500 621 1556 Kalend.
681 1501 963 1568 Januarii,
1024 1502 1225 1558 Olihrio
1281 1505 1520 1560 consule.
1573 1507 1724 1574 Apud

124 1589 398 1647 Parisium
425 1594 592 1647 sancti
624 1591 874 1648 Germani
899 1595 1133 1664 episc0pi
1163 1602 1218 1650 et
1258 1597 1606 1663 confessoris,
1633 1597 1725 1667 qui

125 1696 244 1752 post
303 1685 616 1739 innumeras
661 1685 888 1743 virtutes
934 1689 1308 1758 octogenarius
1361 1691 1606 1760 migravit
1659 1693 1724 1748 ad

124 1777 439 1834 Dominum.
502 1779 556 1832 In
600 1779 844 1836 Sardinia
895 1792 1199 1837 sanctorum
1246 1782 1472 1853 Emilii,
1502 1783 1715 1855 Felicis,

121 1867 349 1932 Priami,
387 1869 628 1923 Luciani.

191 1962 252 2016 Β.
294 1960 362 2015 IV
405 1961 540 2017 ΚΑι..
589 1960 752 2018 Juuii.
790 1995 862 2007 —
915 1963 1098 2019 Romae
1150 1965 1230 2019 via
1287 1965 1500 2021 Aurelia
1546 1967 1714 2022 sancti

1825 576 1968 630 veris
2017 574 2153 628 beati
2180 575 2448 630 Maximini
2501 573 2735 644 episcopi
2760 582 2814 628 et
2860 573 3205 640 confessoris,
3247 587 3276 627 a
3308 587 3414 643 quo

1826 665 2152 720 Athanasius
2185 668 2606 736 persecutionem
2652 666 2950 722 Constantii
2985 667 3214 738 fugiens,
3247 667 3416 720 hono-

1827 757 1973 812 riﬁce
2030 769 2307 828 susceptus
2370 768 2468 813 est.
2531 759 2657 813 lteni
2733 759 2910 828 passio
2961 759 3126 812 sancti
3180 757 3415 812 Cononis

1827 850 2097 920 martyris,
2131 861 2180 902 et
2234 851 2322 903 lilii
2352 851 2470 919 ejus
2512 851 2612 904 sub
2643 852 2932 905 Aureliano
2984 851 3328 919 imperatore,
3361 849 3413 903 in

1828 943 2008 998 Iconio
2039 943 2272 1009 civitate,
2307 944 2595 1010 provinciae
2621 945 2854 1007 lsanrim,
2883 943 3065 1012 judice
3094 943 3414 998 Domitiano.

1827 1037 1921 1092 Hic
1965 1053 2086 1091 cum
2117 1051 2257 1092 esset
2294 1036 2397 1091 ﬁde
2432 1039 2740 1106 praeclarus,
2793 1037 3060 1090 exhibitus
3086 1035 3249 1105 judici
3295 1051 3415 1090 cum

1829 1130 1940 1183 ﬁlio
1981 1147 2080 1184 suo
2111 1146 2230 1184 auio
2256 1147 2372 1185 rtini
2407 1130 2710 1194 duodecim,
2740 1130 2994 1198 Spiritum
3045 1142 3285 1182 sanetum
3319 1127 3416 1182 lia-

1830 1223 1997 1277 bitare
2051 1225 2102 1277 in
2164 1223 2452 1278 seoveraci
2513 1223 2851 1277 confessione
2916 1223 3415 1277 manil‘estaverunt.

1828 1315 1955 1371 Inde
2014 1316 2272 1371 frixurani
2305 1321 2442 1386 p-issi
2481 1329 2645 1383 sunt,
2695 1329 2746 1372 et
2798 1318 2920 1371 inde
2970 1321 3210 1384 suspeini
3246 1317 3419 1371 valido

1828 1410 1951 1481 igne
1989 1411 2088 1466 sub
2139 1413 2215 1464 eis
2263 1412 2528 1477 adhibito,
2564 1412 2759 1466 malleo
2807 1411 2870 1464 ad
2921 1425 3214 1464 extremum
3250 1411 3421 1478 ligneo

1831 1504 2074 1556 manibus
2104 1519 2286 1557 eorum
2336 1507 2604 1564 contritis,
2635 1505 2684 1557 in
2720 1505 2871 1557 laude
2901 1502 3282 1572 omnipotentis
3331 1501 3419 1554 Dei

1829 1597 2077 1666 spiritum
2135 1600 2451 1651 emiserunt.
2496 1599 2695 1650 l‘lodeni
2751 1598 2836 1650 die
2893 1600 3064 1651 natale
3114 1607 3418 1650 sanctorum

1830 1689 2033 1753 Sisiiiii,
2083 1691 2326 1761 Martyrii
2359 1701 2518 1759 atque
2566 1691 2880 1756 Alexandri,
2915 1691 3000 1759 qui
3034 1692 3084 1743 in
3136 1688 3422 1758 Augaunize

1833 1785 2069 1850 partibus
2118 1785 2566 1854 persequentibus
2617 1784 2902 1853 gentilibus
2963 1783 3128 1849 viris,
3182 1783 3420 1854 martyrii

1749 1853 1798 1915 Β
1826 1888 2078 1928 coronam
2112 1877 2287 1943 adepti
2327 1887 2468 1930 sunt.

1898 1966 1957 2019 C.
2018 1967 2081 2021 Ill
2124 1967 2257 2023 KAL.
2304 1967 2466 2022 Jusii.
2500 1997 2566 2008 —
2597 1967 2779 2022 Itonia:
2841 1969 2920 2021 via
2976 1968 3192 2022 Aurelia
3247 1965 3424 2022 natale

1363 2056 1589 2113 EDITIO
1629 2059 2137 2116 BOLLANDIANA.

127 2150 177 2205 in
203 2151 457 2206 custodia
489 2159 691 2207 teritum
721 2151 786 2206 ad
817 2162 1044 2209 mortem
1077 2169 1247 2223 usque
1272 2168 1395 2208 cum
1421 2155 1542 2210 aliis
1572 2173 1722 2227 reque

127 2242 423 2298 catholicis
455 2245 722 2314 perduxit.
758 2244 926 2314 llujiis
958 2246 1202 2300 meminit
1239 2245 1301 2302 S.
1347 2247 1638 2318 Gregorius
1672 2251 1722 2303 in

128 2337 265 2392 libro
319 2337 706 2407 Dialogorum:
752 2338 903 2408 cujus
944 2353 1137 2406 corpus
1181 2338 1492 2394 translatum
1522 2341 1589 2395 de
1621 2342 1728 2395 Ra-

126 2448 300 2486 venna
333 2434 606 2503 sepultum
639 2444 721 2490 est
770 2437 820 2490 iii
863 2435 1078 2491 basilica
1126 2435 1186 2491 S.
1219 2436 1364 2492 Petri
1399 2452 1431 2490 ν
1461 2437 1726 2492 Kalendas

125 2523 273 2590 Julii,
301 2524 526 2596 Olybrio
556 2528 794 2582 consule.

195 2619 368 2693 Deest
399 2621 678 2674 character
711 2624 967 2693 temporis
1012 2624 1064 2677 in
1099 2622 1162 2680 V.
1193 2634 1246 2679 et
1275 2623 1375 2691 L.,
1409 2623 1577 2678 solius
1620 2625 1727 2679 diei

126 2689 174 2740 in
225 2690 347 2764 Τ..
403 2702 571 2746 ιοιιιιιι
621 2689 848 2763 elogium
905 2695 1132 2764 ipsaque
1183 2689 1446 2751 memoria
1501 2695 1728 2751 Joiinnis

124 2773 278 2828 papa:
316 2762 368 2815 in
402 2763 468 2816 A.

198 2831 290 2893 8.,
323 2831 383 2886 In
419 2835 668 2888 Sardinia
716 2835 891 2890 Emilii
914 2879 926 2902 ,
966 2837 1190 2900 Felicis,
1225 2837 1452 2904 Priami,
1488 2838 1726 2893 Lticiani.

193 2921 294 2976 29.
327 2953 401 2964 —
435 2926 498 2980 ιν
532 2926 668 2981 ΚΜ..
698 2927 752 2982 In
783 2928 1020 2984 Treviris
1053 2935 1078 2963 ⁸
1108 2930 1377 2985 Maximini
1409 2933 1642 3002 episc0pi
1673 2941 1728 2986 et

129 3015 488 3071 confessoris.

193 3107 367 3164 Addit
400 3109 588 3166 Florus
619 3113 670 3167 in
705 3113 769 3168 A.
804 3112 866 3168 Τ.
904 3113 1001 3181 L.,
1035 3114 1133 3182 Qui
1185 3131 1412 3188 magnus
1441 3118 1730 3171 advocatus

133 3204 334 3272 pepulo
367 3217 467 3258 suo
493 3204 700 3274 magnis
730 3221 787 3260 se
821 3207 1106 3262 virtutibus
1135 3209 1442 3263 declaravit.
1471 3210 1534 3263 Et
1560 3208 1731 3278 primo

127 3294 246 3351 loco
278 3313 296 3350 :
333 3297 490 3367 Apud
534 3301 830 3354 thsaream
878 3301 1055 3370 passio
1098 3302 1156 3357 S.
1203 3302 1384 3374 Cyrilli
1435 3304 1734 3374 (hucusque

1835 2157 1897 2211 L.
1925 2157 1944 2226 )
1972 2198 1985 2220 ,
2015 2157 2102 2224 qui
2131 2155 2199 2208 ob
2229 2155 2423 2209 Christi
2459 2156 2614 2210 iidem
2664 2155 2848 2209 mortis
2887 2153 3208 2211 detrimenta
3253 2157 3418 2213 libere

1839 2251 2095 2319 suscepit.

1914 2362 1968 2415 Β.
2000 2360 2063 2414 Τ.
2091 2402 2105 2423 ,
2140 2358 2324 2413 Romae
2353 2360 2543 2413 natalis
2572 2359 2629 2413 S.
2662 2363 2689 2400 li
2723 2359 2990 2414 Restituti.
3020 2361 3078 2412 Β.
3104 2401 3117 2422 ,
3153 2360 3213 2414 Et
3247 2360 3426 2417 natale

1839 2445 2043 2494 septem
2078 2439 2099 2467 ο
2129 2447 2528 2499 germanorum.
2567 2431 2652 2492 V.,
2687 2431 2852 2483 Itonia
2884 2433 2966 2483 via
3001 2432 3214 2484 Aurelia
3251 2433 3423 2485 ltesti-

1843 2514 1969 2558 tutre
1999 2521 2012 2557 :
2042 2516 2246 2569 septem
2275 2518 2648 2571 germanorum
2681 2519 2694 2554 :
2727 2513 2778 2554 et
2801 2502 3064 2554 dedicatio
3093 2503 3424 2556 S.'Cleiiien-

1839 2578 1924 2628 tis.
1977 2576 2067 2639 8.,
2117 2577 2169 2626 In
2221 2575 2396 2626 Al'rii-a
2443 2585 2551 2626 nat.
2583 2573 2680 2627 SS.
2718 2574 2876 2626 Primi
2903 2615 2917 2634 ,
2952 2574 3216 2636 Accidite,
3251 2575 3423 2627 Passi-

1838 2647 2010 2707 nioni,
2057 2656 2108 2697 ct
2151 2646 2376 2697 aliorum
2409 2645 2434 2684 d
2467 2644 2842 2712 quinquaginta
2879 2646 3054 2696 trium.
3091 2647 3141 2698 In
3176 2646 3416 2699 Caesarea

1836 2717 2182 2788 Cappadocia:
2231 2728 2340 2769 nat.
2379 2719 2433 2768 δ.
2481 2715 2663 2785 Cyiilli
2687 2754 2702 2777 ,
2738 2714 2990 2780 l’riiiioli,
3019 2724 3074 2770 et
3109 2714 3346 2770 Venusti.

1907 2830 1997 2883 50.
2025 2861 2096 2872 -—-
2126 2829 2186 2884 IlI
2220 2829 2352 2884 ΚΑι..
2387 2829 2551 2882 Vacat
2585 2829 2755 2883 Bzeda.

1913 2948 2015 3009 D.,
2072 2946 2168 3000 Via
2226 2946 2435 3000 Aurelia
2494 2945 2545 2998 in
2602 2944 2910 2998 cmmeterio
2945 2943 3192 2998 °Felicis
3249 2958 3418 3012 papae.

1843 3017 2101 3072 Turribus
2139 3018 2399 3070 Sardinizr
2443 3015 2632 3070 Gabini
2664 3026 2717 3069 et
2768 3014 3018 3083 Crispuli.
3072 3016 3165 3079 B.,
3212 3015 3265 3069 In
3296 3017 3422 3070 Sar-

1839 3089 1980 3141 dinia
2025 3090 2199 3142 natale
2254 3088 2351 3142 SS.
2391 3086 2410 3125 ῐ
2441 3086 2670 3150 Gabini,
2721 3085 2967 3156 Crispoli.
3009 3085 3092 3151 νη
3143 3087 3423 3142 Antiochia

1840 3161 2100 3228 Palatini,
2132 3161 2220 3229 qui
2254 3159 2414 3212 multa
2466 3166 2728 3212 tormenta
2773 3171 2960 3229 passus
2989 3167 3091 3229 est.
3129 3165 3152 3200 ε
3187 3159 3418 3224 Gavisii,

1841 3231 2119 3301 Scrispuli.
2151 3227 2232 3284 VA.
2280 3229 2344 3284 T.
2369 3269 2383 3294 ,
2407 3230 2613 3301 "Romze
2661 3229 2762 3284 SS.
2797 3227 2822 3264 ιι
2853 3228 3094 3301 Processi
3143 3239 3194 3301 et
3241 3229 3423 3283 Marti—

1843 3298 2004 3356 ιιὶειιιὶζ
2059 3303 2122 3356 Α.
2154 3301 2216 3356 Τ.
2250 3301 2352 3368 L.,
2403 3300 2458 3354 in
2509 3301 2748 3370 Aquileia
2799 3299 2976 3356 natale
3024 3299 3122 3353 SS.
3163 3298 3177 3336 ί
3212 3301 3416 3363 Cantii,

1537 3392 1742 3449 SMITH
1783 3392 2010 3448 ΝΟΤᾹΞ.

196 3489 220 3516 ³
267 3482 576 3540 Maximini.
618 3485 860 3541 Interfuit
897 3486 984 3542 hic
1038 3488 1262 3542 concilio
1313 3489 1727 3555 Agrippinensi,
1760 3489 1805 3552 ρ
1839 3487 1991 3542 licem
2020 3504 2032 3551 ;
2067 3496 2120 3542 et
2152 3487 2221 3541 ita
2254 3486 2378 3540 anni
2411 3486 2444 3540 5
2466 3531 2480 3554 ,
2517 3500 2728 3541 nienses
2765 3485 2819 3539 Η
2848 3525 2862 3550 ,
2897 3484 3011 3537 dies
3051 3482 3157 3545 25.
3205 3496 3419 3550 possent

125 3555 413 3609 celebrato
446 3567 564 3624 post
594 3559 927 3611 consulatum
965 3559 1197 3612 Amantii
1244 3566 1295 3613 et
1344 3559 1515 3613 Albini
1545 3601 1557 3622 ,
1589 3575 1728 3612 anno

122 3627 243 3680 346.
298 3625 372 3680 De
415 3629 603 3682 eodem
648 3629 863 3699 llieron.
910 3631 960 3682 in
1007 3631 1500 3699 Clirnnico,aitqiie
1547 3631 1614 3682 ab
1664 3645 1728 3684 eo

125 3707 438 3764 susceptum
487 3699 719 3766 hospitio
767 3698 824 3753 S.
878 3700 1264 3765 Athanasium,
1313 3698 1431 3754 cum
1479 3701 1726 3755 Treveris

122 3773 396 3841 exsulari-et
429 3809 442 3830 .
495 3773 582 3838 qui
635 3771 831 3824 ibidem
891 3771 1086 3825 mansit
1139 3774 1344 3841 integro
1404 3773 1615 3825 biennio
1668 3780 1722 3826 et

125 3839 405 3908 mensibus
432 3852 682 3908 quatuor,
721 3849 776 3894 ut
806 3841 988 3894 scribit
1015 3839 1384 3896 Tlieodoreliis
1417 3845 1549 3896 llist.
1579 3859 1634 3906 tt,
1673 3843 1717 3895 l.

124 3907 375 3962 Praesens
428 3910 524 3963 fuit
570 3907 708 3966 idem
755 3911 1078 3968 Maximinus
1121 3914 1350 3967 concilio
1399 3914 1714 3966 Sardiceno.

213 3982 546 4035 Athanasius
569 3997 689 4035 cum
721 3994 968 4037 recenset
997 3987 1274 4053 episcopos
1303 3985 1590 4038 Galliarum
1621 3985 1711 4053 qui

124 4051 248 4124 illuc
280 4064 686 4124 convenerunt,
725 4056 894 4122 primo
927 4051 1044 4108 loco
1072 4059 1221 4124 ponit
1264 4056 1603 4108 Maximinum
1640 4051 1704 4107 in

123 4122 353 4193 Apolog.
382 4139 415 4176 II
436 4165 450 4187 ,
481 4126 582 4176 col.
613 4123 735 4178 425.
768 4125 1006 4179 Mortuus
1033 4122 1113 4180 eSt
1141 4127 1378 4193 ejusdem
1409 4126 1708 4180 Constantii

123 4192 246 4260 imp.
309 4196 666 4260 temporibus,
717 4205 774 4248 nt
816 4206 1032 4250 censtat
1061 4212 1123 4251 ex
1156 4192 1344 4251 eodem
1378 4199 1670 4250 Athanasio
1692 4239 1706 4260 ,

122 4262 170 4316 in
219 4265 455 4334 Apolog.
508 4267 571 4319 ad
617 4267 898 4320 Constant.
954 4267 1144 4321 Passus
1190 4277 1246 4322 et
1294 4270 1404 4336 ipse
1438 4269 1616 4334 gravia
1645 4270 1712 4321 ab

121 4335 314 4406 eodem
361 4336 720 4403 imperatore,
769 4351 834 4392 eo
883 4339 1022 4406 quod
1058 4339 1262 4393 faveret
1307 4335 1626 4404 catholicis,
1660 4346 1714 4393 et

79 4405 463 4477 simpugnaret
514 4408 834 4471 biereticos,
890 4405 947 4462 ut
999 4409 1192 4464 diﬂuse
1245 4409 1431 4463 scribit
1486 4409 1711 4477 Nicepli.

93 4474 387 4548 'llistJix,
425 4479 510 4530 1:2.
545 4477 598 4531 In
648 4479 840 4532 tabulis
889 4481 1264 4548 episcoporum
1315 4474 1709 4536 Trevirensiuni

121 4547 412 4620 ascribitur
479 4549 795 4604 Maximinus
851 4547 1142 4618 vigesimus
1196 4562 1377 4606 sextus
1436 4554 1716 4620 episcopus

119 4621 254 4685 apud
313 4618 570 4674 Democh.

191 4693 218 4729 δ
251 4687 518 4742 Restituti.
558 4692 649 4746 ilic
681 4704 928 4748 narratur
962 4709 1151 4760 passus
1192 4708 1309 4748 esse
1357 4695 1456 4745 sub
1501 4692 1716 4748 Diocle-

123 4766 291 4833 tiano,
325 4761 723 4832 damnatusque
754 4768 822 4817 ab
848 4765 1278 4833 llerniogeniano
1308 4765 1556 4826 pra‘l'eeto
1585 4781 1716 4830 pne-

120 4831 288 4895 tnrio,
323 4833 391 4886 de
420 4847 527 4899 quo
558 4831 778 4890 consule
810 4846 1009 4889 tomuin
1042 4831 1333 4890 Secundum
1370 4836 1576 4890 Daronii
1612 4841 1716 4888 An-

120 4902 348 4964 nalium,
366 4918 508 4956 anno
539 4903 669 4959 501.

190 4980 214 5008 ο
251 4972 651 5030 Germanorum.
688 4979 925 5043 Quorum
962 4980 1281 5045 martyrium
1330 4979 1407 5031 via
1439 4978 1716 5032 Tiburtina

119 5054 555 5099 consummatum
591 5049 724 5100 infra
759 5050 1060 5103 celebratur
1093 5051 1178 5102 die
1210 5066 1354 5103 xxvii
1384 5049 1544 5103 Junii.

188 5118 215 5157 ἃ
240 5116 664 5191 Quinquaginta.
681 5119 1054 5191 illieronytnus
1085 5122 1137 5172 iii
1168 5121 1542 5191 Martyrologio
1563 5135 1660 5175 suo
1683 5135 1716 5175 a

121 5180 572 5260 Dacherio'edito
607 5190 768 5244 habet
797 5180 1010 5244 ceiiiuui
1047 5180 1426 5260 quinquaginta
1455 5180 1642 5245 Trium.

196 5265 220 5334 τ
255 5254 474 5334 Feiicis.
529 5261 753 5334 Natioiie
809 5262 1033 5314 Romani
1067 5254 1129 5315 ex
1181 5254 1330 5334 patre
1359 5263 1713 5334 Constantio,

120 5329 211 5404 ἤδη
243 5329 386 5404 βείω
416 5333 883 5404 θιιιιοεηψιίιιῳιθ,
920 5347 1132 5386 menses
1175 5333 1459 5398 undecim,
1493 5333 1608 5386 dies
1641 5335 1716 5385 vi-

121 5399 255 5462 ginti
285 5401 541 5472 quinque.
561 5401 696 5472 Fuit
729 5399 1062 5472 teinpuribus
1092 5404 1294 5456 Claudii
1324 5421 1368 5457 ei
1407 5404 1710 5466 Aureliani,

124 5480 154 5515 a
207 5471 491 5524 consulatu
541 5471 748 5526 Claudii
798 5471 853 5526 et
899 5475 1147 5536 l’att-rtii,
1180 5491 1345 5541 usque
1375 5479 1438 5527 ad
1471 5474 1714 5527 consula-

125 5543 238 5615 tum
275 5541 544 5615 Aureliani
572 5554 625 5615 e_t
650 5545 960 5611 Capitolini.
997 5544 1231 5598 Fuerunt
1262 5555 1438 5615 autem
1466 5545 1714 5599 consules

122 5612 256 5676 imp.
295 5612 545 5666 Aurelius
576 5613 830 5669 Claudius
861 5631 896 5670 ll
929 5626 982 5670 et
1009 5615 1235 5670 Ovinius
1278 5613 1542 5670 Paternus
1573 5630 1715 5672 anno

123 5674 274 5761 29$};
329 5683 424 5761 sed
475 5701 632 5761 quem
687 5687 1194 5761 totunigoccupavit
1244 5698 1438 5756 praeter
1482 5688 1716 5756 quinque

126 5749 347 5834 ultimos
373 5749 518 5834 dies,
553 5749 1118 5834 decessonDionysi'us
1152 5749 1256 5834 ;Aut'
1303 5761 1390 5834 v_el_
1427 5749 1549 5834 inde
1595 5749 1715 5834 pes-

125 5832 312 5879 semus
343 5827 602 5895 suspicari
634 5828 776 5885 illius
809 5827 987 5886 forsan
1029 5830 1284 5886 vicarium
1316 5831 1481 5888 fuisse
1513 5831 1570 5886 S.
1609 5829 1712 5886 Ρο-

1840 3558 2020 3612 haberi
2075 3573 2239 3628 usque
2285 3558 2348 3610 ad
2381 3573 2490 3611 xxx
2524 3557 2675 3620 Maii,
2713 3572 2818 3624 quo
2867 3556 2953 3608 die
3008 3555 3292 3623 inscriptus
3339 3567 3422 3611 est

1837 3630 2069 3699 antiquis
2116 3627 2522 3699 M’artyrologiis.
2579 3628 2759 3682 Ultimi
2801 3627 3052 3681 consules
3086 3629 3194 3693 imp
3249 3629 3416 3684 Aure-

1837 3701 2012 3754 lianus
2044 3715 2080 3754 ll
2111 3709 2162 3754 et
2191 3700 2251 3756 C.
2283 3699 2457 3754 Julius
2485 3699 2814 3767 Capitolinus
2849 3700 3060 3750 fuerunt
3092 3714 3232 3750 anno
3262 3699 3370 3754 276
3397 3740 3412 3762 ,

1835 3773 1972 3826 ultra
2005 3787 2163 3841 quem
2212 3788 2408 3825 annutn
2441 3771 2574 3824 vixit
2618 3771 2675 3824 ὃ.
2711 3771 2856 3841 Felix
2904 3786 2963 3841 iis
2989 3785 3070 3830 ,ue
3109 3769 3182 3841 _ad
3233 3770 3422 3835 prmia-

1837 3851 1944 3896 tuni
1993 3837 2092 3895 xxx
2127 3843 2244 3895 Maii
2298 3842 2420 3895 anni
2470 3841 2759 3910 sequentis.
2809 3839 3045 3907 Catalogi
3109 3837 3420 3896 Pontiﬁcum

1831 3914 1968 3982 apud
2005 3915 2445 3979 l’ilp"bl'0C|lillm.

1905 3985 1923 4022 ί
1953 3983 2158 4036 Gabini.
2194 3984 2254 4036 lli
2279 3984 2418 4050 pa~si
2443 3991 2566 4036 sunt
2594 3984 2692 4034 sub
2715 3982 2972 4034 Adriano.
3004 3981 3219 4032 Piitatnr
3239 3988 3413 4036 autem

1822 4055 1934 4108 hac
1954 4069 2072 4109 esse
2093 4055 2207 4106 dies
2232 4049 2614 4116 translationis,
2639 4070 2757 4106 nam
2772 4059 2885 4104 dies
2911 4049 3096 4103 iiatatis
3119 4052 3290 4105 aaitnr
3308 4067 3415 4106 xxv

1820 4125 2088 4186 Octobris,
2123 4125 2260 4177 unde
2293 4134 2346 4176 et
2378 4125 2526 4176 Sardi
2564 4140 2801 4177 mensem
2835 4123 3116 4175 υνιυιιηειιι
3144 4122 3411 4176 Gabinum

1820 4207 2034 4251 vocant.
2066 4198 2156 4248 l'Ist
2185 4195 2344 4248 etiam
2376 4195 2600 4248 celebris
2630 4194 2766 4261 apud
2795 4208 2886 4247 eos
2916 4192 3031 4246 dies
3063 4193 3414 4248 dedicationis

1821 4267 1936 4336 ejus
1965 4268 2225 4324 ecclesias.
2253 4267 2406 4319 facta:
2435 4282 2502 4332 qu
2523 4275 2620 4318 irta
2648 4265 2764 4318 Maii
2795 4280 2937 4336 anno
2961 4263 3087 4316 517.
3116 4265 3408 4332 Gregorius

1822 4335 1876 4392 in
1915 4339 2141 4406 Regis”.
2173 4337 2305 4389 libro
2329 4337 2576 4401 s-ptiiiio,
2611 4347 2768 4403 epist.
2795 4335 2848 4398 7,
2879 4338 3113 4388 meminit
3147 4349 3411 4392 monaste-

1823 4410 1884 4463 rii
1920 4423 2134 4463 lltllllille
2164 4409 2260 4462 SS.
2299 4407 2506 4460 Gabinii
2539 4419 2592 4460 et
2626 4407 2838 4459 Luxorii
2876 4411 2923 4458 in
2957 4407 3226 4459 Sadinia.

1897 4492 1918 4524 κ
1954 4478 2165 4532 Gurisii.
2205 4480 2261 4532 l‘lt
2299 4479 2576 4543 Scrispttli.
2612 4479 2824 4531 Rectius
2853 4478 3040 4531 Gabini
3071 4488 3124 4532 et
3151 4477 3405 4542 Crisiiuli.

1897 4549 1922 4586 ιι
1961 4549 2215 4605 l’wcessi.
2250 4547 2309 4603 lli
2344 4552 2607 4615 praecipue
2654 4552 2786 4602 inl'ra
2833 4552 3077 4602 coluntur
3123 4564 3172 4601 Vl
3223 4547 3397 4603 Νιιιιιις

1822 4620 1982 4683 Julii,
2016 4625 2172 4676 etiam
2201 4624 2286 4673 (Ιίιὲ
2314 4623 2579 4689 sequenti.

1902 4693 1916 4730 ί
1952 4693 2140 4747 Canlii.
2172 4693 2416 4745 Cantiant
2443 4707 2493 4746 et
2518 4691 2850 4746 Cantianillzr
2878 4691 3114 4761 germani
3147 4702 3409 4760 martyres

1823 4767 1960 4835 apud
1999 4766 2294 4834 Aquileiam
2332 4765 2469 4827 passi
2500 4774 2623 4816 sunt
2655 4766 2756 4816 sub
2792 4764 3120 4835 Dioclqti_.itio
3151 4777 3204 4814 et
3237 4762 3400 4835 Maxi-

1824 4833 2000 4889 niiano
2037 4833 2445 4902 imperatoribus
2466 4875 2479 4896 ,
2513 4836 2794 4904 agi-ritibus
2827 4833 3060 4886 Dulcicio
3093 4834 3316 4898 praeside
3347 4842 3400 4884 et

1823 4907 2060 4961 Sisinnio
2089 4904 2304 4959 comite.
2338 4905 2396 4957 Hi
2427 4906 2495 4959 de
2523 4921 2719 4973 genere
2745 4904 2922 4958 Carini
2950 4905 3289 4971 imperatoris
3321 4919 3408 4956 tir-

1825 4978 1905 5030 bis
1939 4979 2121 5031 Itonia:
2152 4980 2294 5029 cives
2327 4980 2748 5043 perSecutioiioin
2782 4977 3065 5041 fugientes,
3097 4975 3400 5042 Aquileiam

1825 5051 2148 5102 devenerunt
2183 5065 2198 5100 :
2233 5047 2321 5100 tibi
2356 5047 2568 5099 cuidam
2604 5049 2764 5101 Proto
2795 5061 2957 5098 sacra:
2993 5044 3282 5112 Scripturai
3312 5046 3408 5097 dii-

1828 5137 1844 5170 (
1863 5121 1960 5173 tori
1985 5135 2102 5172 sese
2125 5120 2504 5186 adjuuxerunt.
2533 5120 2761 5188 Cognito
2787 5126 2960 5170 autem
2990 5117 3128 5184 quod
3148 5118 3228 5188 ibi
3257 5114 3406 5168 Citri-

1833 5201 1971 5242 stum
2001 5191 2208 5256 publice
2238 5195 2569 5257 nuntiarent,
2599 5187 2946 5255 imperatores
2977 5187 3157 5239 comiti
3189 5199 3241 5240 et
3273 5201 3409 5255 prte-

1827 5264 1925 5314 sidi
1961 5262 2332 5314 aueioritatetn
2363 5261 2621 5314 dederunt
2643 5303 2658 5325 ,
2691 5267 2748 5313 ut
2775 5259 2820 5312 si
2851 5259 3152 5312 sacrificare
3184 5259 3412 5327 nollent,

1827 5342 1999 5402 Capite
2034 5342 2371 5399 punirentur.
2405 5332 2553 5398 Quod
2584 5346 2702 5385 cum
2756 5331 2814 5382 Β.
2866 5339 3134 5402 martyres
3169 5330 3408 5402 audivis-

1827 5401 1979 5466 sent,
2013 5421 2114 5456 una
2143 5421 2262 5456 enin
2298 5403 2487 5468 Proto,
2535 5417 2758 5455 ascenso
2803 5401 3078 5464 vehiculo,
3113 5401 3414 5468 Aquileiam

1825 5475 2025 5539 egressi
2059 5475 2350 5544 fugiebant.
2381 5474 2530 5538 Quos
2563 5488 2737 5544 tamen
2766 5471 3027 5524 Sisinnius
3056 5482 3106 5524 et
3138 5471 3412 5544 Dulcicius

1829 5543 2174 5615 insequentes
2209 5548 2273 5598 ad
2321 5548 2498 5612 Aquas
2549 5543 2808 5597 Gradatas
2849 5543 3404 5615 ceinprelienderuiit,

1828 5625 1884 5671 et
1910 5613 2180 5672 in‘eodeui
2219 5618 2334 5670 loco
2366 5616 2720 5669 decollarunl.
2754 5617 2985 5682 Corpora
3019 5629 3204 5667 eorum
3235 5629 3266 5667 a
3303 5613 3410 5668 Ze-

1826 5703 1968 5741 none
2001 5689 2312 5756 presbytero
2341 5686 2563 5740 colleeta
2588 5729 2600 5747 ,
2634 5685 2772 5753 apud
2806 5685 2973 5753 ipsam
3013 5686 3286 5740 civitatein
3321 5695 3409 5739 ιιιο

1820 5760 2023 5812 mutata
2070 5767 2217 5813 sunt.
2265 5757 2478 5811 Psrnus
2527 5769 2597 5810 Dl
2639 5760 2848 5812 NATAL.
2881 5756 3136 5812 Coluntur
3184 5757 3271 5812 die
3321 5770 3410 5810 se-

1820 5829 2003 5898 quanti
2030 5829 2100 5885 ab
2131 5829 2374 5885 Usuardo
2397 5867 2411 5893 ,
2443 5827 2661 5897 Adone,
2692 5837 2796 5885 etc.
