3988 6346
176 278 267 335 ειη

1286 285 1481 338 SECT.
1529 287 1589 341 ll.
1632 317 1697 327 -—
1740 285 2302 342 .\l.\liT\'£’iUl.UCl.\.

3338 289 3441 343 ate
3518 264 3523 269 ’

1462 400 1689 453 κωτιυ
1730 397 2200 453 CCLONIENSIS.

178 490 262 541 tia:
310 485 555 554 spiritum
602 485 824 553 habuit,
872 496 955 543 ter
1006 490 1183 559 quinis
1252 491 1405 545 annis
1465 490 1832 551 Veroman-A
1863 491 2025 558 genti.
2068 489 2366 545 Novissime
2415 503 2543 545 vero
2590 489 2759 543 sancti
2814 497 3078 561 martyres
3107 504 3137 544 a
3187 489 3439 559 praedicto

175 579 422 633 densium
475 577 623 631 urbis
668 579 1031 647 episcopatum
1082 581 1286 645 tenuit,
1338 582 1401 634 ad
1459 593 1760 635 extremum

178 670 235 724 ad
268 669 506 725 cmlestia
554 670 806 737 migrans.
854 668 1003 724 Tunc
1056 674 1118 723 ad
1172 671 1520 727 Suessionum
1574 673 1759 727 urbem

177 777 369 826 corpus
396 760 514 828 ejus
546 762 865 815 translatum
906 773 1010 827 est,
1045 763 1221 831 ibique
1264 764 1529 832 sepultum
1581 763 1763 817 multis

178 856 429 907 vii-tutum
483 852 650 905 titulis
698 853 912 906 claruit.
976 853 1277 921 Andegavis
1328 854 1499 907 Sancti
1572 853 1762 908 Licinii

173 944 411 1009 episcopi
446 950 500 995 et
541 940 891 995 confessori»
946 942 1144 996 Eodem
1194 943 1280 996 die
1311 944 1480 997 sancti
1531 940 1763 996 Carilefli

176 1032 526 1097 confessoris,
560 1043 614 1087 et
643 1033 811 1086 saucii
841 1032 1064 1086 Naboris
1090 1033 1432 1087 confessoris.
1461 1033 1519 1086 In
1561 1032 1765 1086 Tliarso

175 1122 373 1177 Cilicim
416 1133 713 1191 martyrum
745 1122 929 1191 viginti
958 1124 1057 1176 sub
1083 1121 1362 1191 Simplicio
1385 1123 1586 1192 judice.

240 1214 303 1269 F.
358 1215 394 1268 ν
438 1216 560 1270 lous
590 1217 751 1272 Jusit.
777 1243 846 1255 -
882 1216 1059 1267 Itonia:
1089 1217 1140 1269 in
1174 1224 1353 1268 monte
1399 1215 1561 1267 Cailio
1591 1212 1765 1267 natale

176 1316 480 1358 sanctorum
539 1318 833 1375 martyrum
887 1304 1047 1356 l’rinii
1099 1315 1154 1357 et
1213 1304 1490 1365 Feliciatii,
1524 1304 1612 1370 qui
1665 1302 1766 1356 sub

175 1387 507 1448 Diiieletiziiio
543 1404 597 1447 et
645 1395 964 1448 Maximiano
998 1394 1410 1459 imperatoribus
1442 1409 1539 1463 pro
1567 1394 1765 1447 Christi

175 1488 391 1539 nomine
433 1486 596 1537 inulta
640 1494 897 1537 tormenta
961 1486 1100 1549 passi
1143 1494 1285 1537 sont.
1342 1486 1471 1538 Nam
1518 1484 1767 1538 Promoto

174 1577 387 1643 praesidi
422 1576 519 1641 ipsi
568 1575 881 1644 nequissimi
932 1576 1279 1643 imperatores
1333 1575 1396 1627 :id
1440 1575 1765 1642 puniendum

170 1684 264 1721 eos
297 1668 652 1720 tradiderunt.
707 1668 804 1733 Qui
847 1682 967 1719 cuni
1002 1667 1203 1721 \iderel
1259 1682 1358 1720 eos
1409 1667 1556 1720 nullo
1611 1666 1768 1721 modo

175 1773 334 1827 posse
363 1773 390 1809 a
423 1757 621 1810 Christi
669 1757 1009 1811 confessione
1058 1758 1332 1819 converti,
1380 1757 1646 1824 separavit
1675 1772 1768 1810 eos

1862 580 2057 636 comite
2106 581 2349 635 decollati
2423 592 2577 645 sunt;
2634 596 2863 649 quorum
2918 597 3140 652 corpora
3201 590 3361 639 noctu
3410 600 3443 641 a

1861 669 2175 724 Clir'stianis
2230 670 2472 723 fidelibus
2528 682 2698 740 rapta,
2752 672 2955 741 sepulta
3009 681 3135 726 sunt
3174 674 3239 727 ad
3284 688 3443 728 arcus

1864 761 2227 815 Nuinentanos
2276 762 2411 814 intra
2463 762 2823 814 liarenarium.
2878 762 2933 815 In
2989 760 3173 816 Calliis
3224 762 3444 819 civitate

1864 852 2073 922 Agino,
2120 850 2238 905 loco
2291 849 2646 918 Pompt'iaCO,
2702 851 2877 918 passio
2920 851 3087 905 sancti
3147 852 3445 916 Vincentii,

1865 938 2037 993 levitas
2068 947 2123 993 et
2153 940 2421 1009 martyris.
2452 938 2505 992 lii
2528 938 2706 995 Scotia
2742 940 2913 994 sancti
2939 940 3214 995 Columba:
3237 942 3449 997 confes-

1864 1034 2025 1084 soris.

1937 1126 2003 1180 G.
2034 1125 2099 1180 ιν
2126 1124 2250 1181 lous
2278 1124 2444 1181 Jusit.
2467 1155 2537 1165 --
2566 1125 2747 1180 Romae
2773 1126 2854 1181 via
2904 1126 3141 1190 Aurelia,
3192 1126 3445 1182 milliario

1863 1219 2025 1272 tertio
2054 1216 2282 1279 decimo,
2334 1218 2508 1270 natale
2553 1218 2721 1271 sancti
2753 1218 2995 1273 Basilidis
3027 1218 3290 1289 martyris.
3322 1217 3450 1273 Tri-

1869 1309 2020 1376 podis
2051 1319 2103 1362 et
2125 1308 2385 1361 Manilalis
2414 1309 2512 1361 sub
2544 1308 2828 1362 Aureliano
2852 1309 3194 1375 imperatore,
3229 1307 3450 1363 Plataiie

1867 1400 2114 1467 praeside,
2157 1408 2212 1452 et
2239 1399 2466 1452 aliorum
2504 1398 2687 1468 viginti
2738 1410 3049 1468 martyrum.
3106 1397 3303 1452 Eodem
3361 1399 3450 1453 die

1869 1489 2010 1542 beati
2039 1487 2270 1542 Getliulii
2304 1488 2586 1558 martyris,
2622 1489 2949 1556 temporibus
2972 1488 3185 1542 Adriani
3212 1490 3448 1554 impera-

1868 1579 2021 1644 toris,
2054 1578 2151 1633 sub
2192 1579 2373 1647 judice
2405 1578 2609 1632 Licinio
2641 1596 2652 1630 :
2684 1592 2805 1632 nam
2853 1593 2972 1631 cum
3027 1589 3167 1633 esset
3191 1576 3452 1633 Christia-

1872 1671 2144 1737 nissimus,
2168 1684 2221 1726 et
2250 1672 2411 1724 multa
2445 1670 2581 1724 bona
2611 1686 2775 1739 opera
2826 1670 3061 1733 fecisset,
3092 1672 3321 1727 traditus
3366 1682 3451 1728 est

1869 1762 2071 1818 Cereali
2104 1763 2298 1817 vicario
2327 1762 2393 1815 ad
2419 1761 2778 1831 puniendum;
2809 1763 2902 1816 sed
2928 1772 3141 1817 sanctus
3172 1762 3450 1818 Getliulius

172 1849 501 1913 abiiivicetn,
534 1858 585 1902 et
620 1849 860 1916 primitus
910 1847 1231 1902 Feliciaiiiim
1282 1849 1545 1917 octoginta
1595 1864 1765 1901 annos
1799 1849 1839 1906 Β
1867 1868 1996 1906 sana
2028 1853 2401 1921 przedicalione
2429 1853 2696 1907 convertit
2743 1854 2807 1905 ad
2859 1854 3016 1907 (idem
3045 1855 3263 1919 Christi,
3306 1856 3449 1910 sicut

176 1939 493 2003 habentem,
533 1940 692 2008 jussit
723 1940 1007 2009 plumbatis
1057 1943 1224 2003 tuiidi,
1259 1952 1437 2011 postea
1470 1957 1593 1996 vero
1622 1942 1770 1995 misit

175 2046 300 2086 eum
334 2032 389 2085 in
418 2047 717 2096 carcerem,
747 2040 801 2085 et
821 2047 1000 2100 neque
1039 2034 1239 2097 cibum,
1268 2047 1440 2101 iieqtie
1485 2048 1677 2098 aquam
1718 2033 1766 2085 ei

179 2121 394 2174 sinebat
422 2122 660 2190 praebere
693 2122 862 2176 tribus
893 2123 1113 2187 diebus;
1142 2123 1333 2176 deinde
1366 2121 1599 2176 l’rimutn
1629 2122 1773 2175 sitni-

178 2216 302 2271 liter
354 2217 513 2287 jussit
566 2218 797 2272 fustibus
837 2218 991 2284 caedi,
1047 2218 1239 2272 deliine
1291 2233 1420 2272 vero
1471 2217 1522 2271 in
1565 2217 1769 2283 amphi-

178 2308 395 2361 theatro
426 2318 642 2362 sanctos
697 2319 961 2376 martyres
1011 2307 1256 2363 leonibus
1308 2310 1443 2362 tradi
1479 2309 1766 2375 praecepit;

179 2400 278 2454 sed
310 2400 460 2453 nullo
491 2400 649 2454 modo
676 2400 741 2453 ab
767 2401 845 2452 eis
875 2399 981 2452 laesi
1021 2408 1164 2453 sunt.
1196 2398 1347 2464 Quod
1380 2398 1617 2453 videntes
1661 2406 1769 2451 tur-

178 2492 263 2545 bae
294 2492 640 2546 crediderunt
691 2493 745 2546 in
795 2492 1063 2546 Christum
1102 2492 1218 2561 plus
1246 2508 1400 2561 quam
1430 2493 1575 2545 mille
1618 2492 1772 2560 quin-

1871 1944 1996 2000 l'ecit
2046 1947 2349 1999 Amantium
2422 1945 2696 1999 tribunum
2753 1945 2973 2000 fratrem
3029 1948 3163 2015 ejus.
3222 1949 3451 2004 Sanctus

1874 2049 1998 2088 vero
2054 2034 2239 2089 Sixttis
2290 2050 2423 2105 papa
2485 2036 2771 2103 baptizavit
2818 2037 3110 2097 Cerealem.
3155 2049 3205 2092 et
3255 2040 3450 2094 ciinlir-

1873 2124 2035 2177 mavit
2068 2125 2118 2177 in
2144 2123 2271 2177 (ide.
2305 2123 2494 2178 Postea
2526 2139 2651 2179 vero
2679 2140 2798 2179 cum
2850 2126 3083 2180 audisset
3113 2126 3213 2182 hoc
3255 2127 3449 2183 factum

1873 2214 2163 2281 praedictus
2218 2214 2533 2283 imperator,
2588 2216 2805 2268 tradidit
2855 2227 3093 2270 sanctum
3143 2217 3449 2274 Getbulium

1874 2305 2077 2360 Licinio
2135 2304 2387 2372 praefecto
2443 2320 2562 2371 suo,
2594 2314 2652 2359 ut
2701 2321 2825 2360 eum
2874 2321 2993 2361 cum
3038 2309 3197 2363 sociis
3242 2311 3372 2372 suis.
3405 2312 3449 2365 si

1873 2398 2038 2452 nollet
2065 2398 2367 2451 sacrilicare
2394 2397 2579 2463 idolis,
2613 2399 2852 2453 mitteret
2901 2398 2952 2452 in
2996 2401 3263 2454 caminum
3314 2401 3451 2470 ignis

1871 2488 2165 2543 ardentem.
2206 2487 2357 2556 Quod
2409 2503 2530 2543 cum
2574 2490 2775 2543 factum
2831 2487 3038 2559 fuisset,
3094 2492 3240 2546 nullo
3290 2495 3453 2551 modo

1435 2602 1666 2659 EDITlU
1710 2596 2212 2655 BULLANDIANA.

178 2698 312 2754 latio
337 2698 396 2752 S.
419 2705 443 2733 α
463 2694 751 2751 Audomari
777 2694 1010 2766 episcopi
1036 2694 1292 2751 secunda.
1327 2694 1417 2758 B.,
1443 2693 1500 2747 lii
1525 2693 1768 2749 Sardinia

179 2770 368 2824 natale
396 2767 422 2806 δ
440 2768 758 2822 Salustiani.

254 2863 311 2917 9.
335 2890 408 2903 —-
433 2860 477 2913 ν
509 2859 629 2916 lous
657 2860 817 2917 iuuit.
847 2858 1034 2915 Natale
1065 2857 1161 2915 SS.
1187 2856 1350 2914 Primi
1381 2867 1437 2914 et
1462 2870 1482 2898 ε
1509 2856 1761 2913 Feliciani

178 2962 509 3024 martyrum.

256 3045 538 3112 Adjertum
566 3050 676 3096 erat
708 3050 898 3112 postea
924 3041 988 3097 ad
1011 3056 1112 3098 ms.
1144 3040 1228 3106 D.,
1256 3040 1322 3094 In
1351 3040 1539 3095 Cilinio
1568 3049 1769 3112 monte;

1946 2688 2037 2753 νη
2069 2688 2193 2742 alibi
2219 2697 2245 2725 ο
2267 2687 2503 2742 Januarii
2526 2730 2540 2752 ,
2580 2690 2885 2745 Alexandri.
2943 2690 3025 2753 8.,
3056 2691 3241 2745 Romae
3270 2696 3447 2759 passio

1874 2768 2176 2813 sanctorum
2200 2759 2425 2813 militum
2444 2776 2663 2813 muni-ro
2691 2777 2778 2812 xv.
2813 2761 2867 2815 In
2888 2762 3207 2816 Alexandria
3231 2764 3443 2818 Maximi

1875 2831 2194 2902 presbyteri,
2229 2832 2451 2884 Amandi
2479 2840 2533 2884 et
2559 2830 2822 2886 Januarii.

1946 2942 2033 2996 10.
2060 2971 2129 2981 -
2152 2940 2217 2996 IV
2248 2941 2383 2995 lius.
2423 2941 2583 2995 νείκη
2609 2941 2791 2996 Baeda.

1947 3033 2031 3096 0.,
2062 3032 2247 3086 Romae
2274 3032 2358 3087 via
2389 3032 2599 3086 Aurelia
2629 3038 2649 3078 τ
2679 3032 2937 3097 Basilidis,
2967 3031 3214 3100 Tripodis
3240 3046 3295 3089 et
3319 3037 3453 3091 alio-

180 3114 235 3169 iu
274 3117 315 3168 A
339 3103 493 3174 vero,
528 3116 579 3166 in
612 3103 775 3166 morite
817 3113 976 3167 Cazlio
1012 3103 1224 3166 [lemma
1259 3113 1484 3165 Additur
1514 3112 1565 3165 in
1592 3113 1673 3175 8.,
1708 3109 1772 3162 Et
1804 3115 1846 3175 C
1876 3118 2030 3175 Tum.
2064 3103 2146 3166 Β..
2178 3103 2361 3175 Romi?
2394 3103 2919 3175 n‘til'tltttnrliasilidis,
2959 3103 3167 3173 Rogati,
3202 3107 3444 3159 Martiani

178 3185 213 3224 4
249 3183 509 3239 Vincentii
541 3194 719 3250 nium;
768 3185 820 3238 in
864 3182 926 3238 L.
954 3194 1158 3247 autem,
1194 3182 1371 3236 Roma:
1412 3183 1496 3235 via
1536 3181 1769 3235 Numen-

180 3266 339 3310 tm.

264 3346 463 3399 Florus
491 3346 545 3399 in
572 3342 636 3399 A.
665 3343 753 3411 T.,
774 3343 981 3412 Aginno
1010 3344 1185 3410 passio
1211 3342 1269 3398 S.
1291 3340 1318 3379 ⁸
1342 3341 1598 3397 \‘incentii
1630 3356 1772 3395 mar-

183 3438 349 3510 tyris,
382 3437 473 3508 qui
502 3437 727 3492 leviticzn
757 3437 910 3492 stola:
939 3436 1175 3491 candore
1205 3436 1431 3502 micans,
1470 3449 1565 3502 pro
1590 3448 1774 3488 amore

181 3530 389 3585 Christi
419 3529 734 3599 martyrium
766 3531 1015 3598 adeptus,
1043 3528 1251 3598 magnis
1279 3528 1581 3597 saepissime
1608 3524 1775 3580 virtue

180 3621 330 3675 tibus
358 3619 544 3689 fulget.

1880 3183 1931 3225 et
1968 3174 2191 3226 aliorum
2232 3172 2434 3239 viginti.
2492 3173 2575 3233 V.,
2611 3174 2791 3226 Roma:
2825 3176 2905 3225 via
2942 3172 3150 3227 Aurelia
3197 3178 3446 3231 milliario

1881 3244 2090 3297 decimo
2138 3243 2316 3303 tertio,
2371 3243 2569 3304 Basilii,
2600 3251 2625 3287 8
2654 3243 2870 3313 Aurisii,
2924 3242 3133 3313 Rogati,
3183 3247 3445 3301 Januarii.

1877 3313 1960 3376 L.,
2004 3314 2186 3366 Roma:
2215 3315 2296 3364 via
2332 3313 2539 3366 Aurelia
2587 3315 2760 3381 passio
2807 3312 2907 3368 SS.
2941 3314 3154 3381 Rogati,
3203 3315 3443 3370 Januarii

1876 3400 1999 3437 cum
2052 3383 2211 3437 sociis
2241 3382 2515 3436 tredecim.
2562 3388 2624 3436 A.
2680 3383 2769 3448 'l‘.,
2819 3383 2999 3436 ltomre
3028 3387 3202 3440 natale
3258 3388 3446 3439 ttasili-

1874 3454 1978 3518 dis,
2026 3454 2209 3522 Rogati
2241 3463 2292 3507 et
2326 3453 2573 3506 Victoris.
2607 3452 2668 3507 Τ.
2706 3454 2788 3515 Β..
2826 3454 2878 3506 lii
2913 3452 3215 3507 Nicomedia
3266 3462 3442 3509 natale

1874 3525 1928 3578 S.
1948 3524 2264 3605 _Zacbarim.
2292 3522 2372 3589 8.,
2402 3523 2455 3576 In
2487 3524 2860 3578 Autissiodoro
2885 3522 3151 3593 depositio
3175 3524 3199 3561 ⁸·
3223 3525 3449 3582 Censori

1873 3608 2134 3664 episcopi.

1605 3705 1813 3762 SMITH
1852 3706 2080 3764 NOTAE.

261 3806 291 3835 ι
321 3798 628 3854 Audomari.
655 3798 893 3854 Molanus
915 3798 967 3851 in
990 3797 1352 3853 additionibus
1377 3797 1442 3851 ad
1470 3795 1765 3852 Usuardum

182 3871 253 3927 de
285 3871 391 3925 hac
412 3870 785 3924 Translatione
814 3869 893 3923 sic
923 3870 1113 3923 scribit
1138 3885 1153 3922 :
1186 3885 1205 3919 ‹
1240 3866 1565 3922 Monasterio
1591 3866 1766 3921 Sitbiu

183 3943 381 3998 relatio
425 3942 482 3994 S.
512 3939 803 3995 Audomari
851 3939 1085 4007 episcopi
1129 3940 1341 4007 quando
1385 3937 1440 3991 S.
1478 3937 1772 4006 Folqiiiutts

182 4027 392 4079 corpus
444 4010 561 4080 ejus
589 4011 792 4080 fugato
824 4008 1044 4080 llugone
1073 4007 1267 4080 abbate
1316 4007 1384 4061 de
1434 4007 1728 4080 ίιίειζοιιεοιι
1755 4049 1770 4072 ,

184 4027 392 4079 corpus
444 4027 561 4080 ejus
613 4026 661 4061 Ill
705 4026 792 4062 ato
824 4026 1044 4077 uugone
1073 4026 1267 4061 aunate
1316 4026 1384 4061 oe
1434 4026 1770 4072 bisnOtll‘Cll,

184 4082 377 4138 retulit
405 4097 546 4135 anno
578 4026 702 4141 84.38,
755 4087 809 4132 et
856 4081 907 4131 in
941 4078 1114 4134 Sitliiu
1142 4078 1294 4144 juxta
1323 4091 1517 4145 corpus
1551 4076 1613 4130 Β.
1644 4076 1770 4130 Ber-

186 4154 289 4207 tiiii
322 4152 423 4206 sub
454 4161 593 4204 terra
628 4148 949 4204 recondidit.
992 4148 1087 4205 Ubi
1122 4163 1216 4216 per
1248 4148 1445 4201 inultos
1476 4161 1645 4200 annos
1673 4148 1770 4199 liii-

186 4225 369 4276 mines
400 4221 617 4288 quidem
648 4220 833 4284 latuit;
868 4228 921 4273 at
954 4220 1224 4274 revelatus
1253 4227 1358 4287 est,
1391 4218 1479 4271 tibi
1511 4218 1771 4271 Dominus

186 4291 385 4346 voluit.
422 4309 440 4343 ι

264 4361 296 4401 δ
327 4360 640 4415 Salustiaiii.
694 4358 971 4413 Ferrarius
1014 4358 1067 4411 iii
1112 4358 1356 4426 catalogo
1387 4355 1617 4426 generali
1649 4371 1770 4411 eum

191 4443 392 4487 censet
422 4433 559 4485 inter
586 4432 922 4483 Calaritanos
951 4429 1231 4496 episc0pos
1262 4427 1675 4483 numerandum.

269 4513 294 4539 ε
328 4500 604 4555 Feliciaiii.
653 4501 763 4555 Siib
797 4499 1121 4552 Itiocletiano
1163 4508 1217 4552 et
1248 4499 1493 4552 Maxiniia
1520 4514 1568 4550 to
1599 4498 1770 4564 impe-

193 4574 495 4628 ratoribiis.
553 4572 612 4623 lli
661 4570 876 4638 gloriosi
924 4578 1206 4637 martyres,
1241 4586 1380 4621 nunc
1410 4568 1567 4638 simul
1599 4572 1771 4636 paria,

194 4658 343 4696 nunc
385 4637 693 4711 Singillatim
725 4640 935 4711 diversa
962 4680 977 4704 ,
1027 4648 1083 4691 et
1127 4639 1390 4711 exquisita
1442 4637 1775 4711 perferentes

193 4708 495 4777 tormenti,
530 4715 743 4765 tandem
794 4724 824 4762 a
873 4710 1120 4761 l’romoto
1170 4709 1394 4773 praeside
1438 4708 1776 4761 Niimentano

190 4784 381 4851 gladio
411 4782 765 4834 animadversi
810 4789 953 4832 sntit.
1008 4777 1242 4843 Usuano,
1275 4782 1409 4833 Aoo.
1462 4778 1777 4851 Theodorus

195 4849 335 4918 papa
370 4854 746 4918 pra'dictoruin
778 4857 1070 4918 martyrum
1110 4864 1336 4917 corpora
1379 4864 1497 4916 quae
1538 4860 1689 4903 erant
1723 4849 1776 4900 in

192 4924 451 4975 aretiario
502 4924 581 4973 via
633 4922 1002 4982 Nomentana,
1057 4918 1332 4982 elevavit,
1384 4928 1441 4972 et
1487 4918 1538 4973 iti
1590 4922 1777 4972 urbem

195 4992 524 5054 transtulit,
580 4989 982 5057 γθουιιάιύὶιψιθ
1035 4988 1089 5041 iii
1141 4988 1364 5042 basilica
1414 4989 1471 5042 S.
1525 4988 1778 5055 Stephani

197 5062 617 5132 protomartyris
655 5063 927 5128 multaque
973 5058 1113 5113 dona
1157 5059 1367 5114 obtulit.
1422 5059 1683 5113 Baronius
1725 5060 1779 5113 in

194 5143 364 5185 nOllS.

276 5202 303 5239 ἀ
343 5201 617 5254 Vinceiitii.
669 5200 875 5267 Agiiino
905 5200 1025 5253 loco
1056 5198 1381 5265 Pompeiano
1424 5198 1590 5268 passi.
1647 5201 1777 5253 Atio.

195 5272 279 5328 De
327 5273 603 5325 miraeolis
651 5272 716 5324 ad
763 5269 880 5339 ejus
925 5272 1229 5336 sepulcrum
1273 5269 1585 5339 editisiagit
1617 5268 1777 5339 Ci'eg.

198 5345 409 5397 Turon.
445 5343 539 5395 lio.
568 5344 633 5395 de
667 5340 843 5395 Gloria
876 5352 1165 5410 martyrum
1210 5353 1331 5407 cap.
1365 5338 1490 5404 105,
1522 5338 1613 5410 iet
1648 5338 1782 5410 Ilist.

199 5428 297 5479 vn,
329 5411 421 5466 δῦ.
478 5411 612 5465 lliiic
642 5420 827 5464 sancto
857 5409 1077 5479 martyri
1110 5411 1293 5465 Patres
1346 5411 1397 5464 in
1428 5409 1656 5464 concilio
1684 5409 1785 5463 Ca-

196 5483 469 5537 biloneiisi
501 5482 832 5551 congregati,
861 5494 955 5547 pro
979 5481 1083 5533 vita
1107 5480 1401 5535 Chlodovei
1431 5480 1572 5550 regis
1600 5494 1786 5546 preces

198 5555 538 5619 obtulerunt,
569 5565 623 5605 ut
653 5562 859 5605 constat
890 5565 954 5604 ex
982 5553 1099 5617 ejus
1126 5552 1319 5620 synodi
1350 5552 1483 5605 actis
1510 5566 1560 5604 c.
1589 5552 1639 5604 l.

275 5638 296 5660 ε
330 5625 596 5677 Januarii.
634 5622 695 5677 lli
727 5624 779 5675 iii
807 5621 1124 5675 Alexandria
1154 5624 1292 5688 passi
1323 5632 1447 5676 sunt
1474 5636 1594 5676 cum
1621 5620 1785 5675 Maxi-

198 5711 288 5748 mi:
320 5706 374 5750 et
406 5695 667 5747 Aniaiido.
705 5692 974 5762 Martyrol.
1009 5690 1344 5761 Hieronymi.

1801 4398 1851 4455 D

1952 3794 1970 3834 τ
2006 3795 2277 3870 Basilidis.
2301 3795 2377 3870 _E_t
2402 3795 2672 3870 'l'ripodi’s,
2706 3804 2946 3870 tempore
2976 3796 3251 3854 Aureliani
3279 3798 3453 3870 impe-

1876 3867 2069 3921 ratoris
2097 3866 2237 3933 apud
2266 3866 2532 3920 civitatem
2564 3866 2904 3921 Aurelianam
2937 3870 3263 3922 claruerunt.
3304 3866 3437 3924 Cirin

1878 3935 2308 4005 enimpBasilides
2354 3943 2500 4005 esset
2538 3934 2784 3989 ofﬁcialis
2827 3938 3062 3993 Platonis
3109 3939 3345 4005 prafecti
3390 3942 3444 3994 in

1880 4004 2123 4073 partibus
2150 4005 2404 4064 (trientis,
2432 4004 2678 4073 Christus
2709 4009 2757 4058 ei
2788 4008 3065 4073 apparuit,
3109 4016 3165 4061 et
3197 4009 3443 4063 ministe-

1879 4072 2015 4147 rium
2064 4075 2278 4147 gentilis
2330 4086 2386 4127 ut
2433 4072 2756 4147 relinqueret
2804 4072 3112 4141 maiida~it;
3174 4079 3449 4147 navigavit

1881 4146 2045 4216 igitur
2074 4144 2337 4201 Basilides
2366 4159 2485 4216 cum
2515 4146 2674 4198 sociis
2706 4145 2758 4199 in
2789 4146 2991 4200 Italiam
3023 4147 3089 4199 ad
3123 4144 3331 4212 portum
3362 4151 3447 4203 ci~

1881 4214 2059 4269 vitatis
2109 4216 2360 4269 Aurelitn.
2414 4214 2556 4285 Cum
2608 4225 2788 4268 autem
2838 4215 3167 4270 audivissent
3218 4221 3452 4285 qualiter

1882 4286 2199 4340 Aurelianus
2226 4284 2559 4340 Christianos
2587 4286 3021 4354 persequebatur,
3065 4287 3130 4339 ad
3175 4284 3448 4344 civitatein

1883 4362 1959 4411 ire
1990 4357 2265 4410 timebant.
2322 4356 2514 4410 lterum
2544 4366 2721 4409 autem
2767 4357 2844 4409 eis
2874 4355 3122 4410 Christus
3161 4361 3403 4425 apparuit
3434 4401 3452 4426 ,

1878 4438 1934 4482 et
1962 4442 2055 4481 eos
2084 4429 2207 4480 cibo
2247 4426 2464 4488 refecit;
2516 4435 2571 4478 et
2620 4434 2898 4494 postquam
2946 4427 3312 4482 comedissent
3351 4431 3453 4483 ob-

1878 4499 2232 4551 dormierunt.
2267 4498 2416 4550 Mane
2438 4510 2566 4550 vero
2587 4510 2646 4548 se
2667 4500 2960 4551 excitantes
2984 4499 3048 4548 ad
3075 4501 3244 4560 ipsum
3274 4499 3450 4552 locum

1878 4569 1967 4621 tibi
1999 4570 2065 4621 de
2093 4568 2213 4621 navi
2245 4568 2488 4621 exierant
2517 4581 2577 4618 se
2606 4567 2944 4620 invenerunt.
2977 4568 3204 4621 Oraiites
3230 4568 3353 4620 dein
3384 4570 3451 4623 ad

1877 4636 2151 4692 Christum
2177 4646 2234 4691 ut
2258 4653 2440 4691 eorum
2465 4635 2669 4689 animas
2692 4642 2740 4689 in
2766 4652 2897 4705 pace
2918 4639 3241 4705 susciperet,
3262 4638 3452 4693 eadem

1878 4710 2007 4762 liora
2041 4710 2291 4776 spiritum
2322 4710 2634 4761 emiserunt.
2669 4706 2834 4760 Perii.
2868 4723 2931 4761 DE
2962 4707 3167 4761 ΝΑτΑι..

1957 4787 1982 4825 s
2017 4779 2232 4831 Aurisii.
2286 4778 2401 4837 Hic,
2433 4778 2520 4844 qui
2553 4778 2749 4830 dicitur
2778 4789 2831 4831 et
2857 4778 3102 4837 Arcesius,
3137 4788 3187 4830 et
3220 4777 3456 4843 Rogatus

1877 4848 2027 4918 juxta
2063 4849 2476 4918 Hieronymum,
2529 4856 2585 4901 et
2632 4847 2843 4901 [taedam
2875 4848 3040 4915 viilg.,
3070 4857 3126 4901 et
3158 4848 3374 4911 Earum,
3407 4850 3463 4902 in.

1882 4918 2055 4972 Africa
2090 4918 2230 4986 passi
2258 4927 2402 4971 sunt.

1952 4986 1977 5025 ί)
2009 4984 2243 5041 Censori.
2274 4990 2373 5054 Qui
2422 4986 2558 5040 sedit
2590 5001 2757 5041 annos
2785 4986 2876 5047 38.
2926 5001 3140 5042 menses
3170 4984 3222 5051 ὅ,
3258 4986 3373 5041 dies
3395 4986 3449 5041 ϐ.

1885 5060 1978 5113 Hic
2024 5071 2108 5112 eSt
2155 5061 2307 5124 cujus
2349 5059 2680 5126 temporibus
2715 5056 3058 5110 Constantius
3111 5067 3294 5111 orator
3350 5059 3454 5109 ob-

1884 5138 2035 5184 tentu
2081 5129 2141 5183 S.
2191 5130 2445 5181 Patientis
2488 5127 2855 5195 Lugdunensis
2885 5130 3120 5195 episcopi
3166 5129 3338 5181 Vitam
3389 5127 3456 5180 Β.

1884 5198 2134 5254 Germani
2160 5200 2324 5252 edidit
2353 5200 2605 5267 oiiiniqtie
2634 5198 2901 5267 diligentia
2931 5198 3255 5252 elaboratam
3281 5197 3453 5251 eidem

1887 5269 2223 5338 postmodum
2275 5271 2526 5337 episcopo
2574 5266 2834 5338 Censorio
2881 5267 3178 5322 habendam
3238 5268 3454 5338 direxit.

1886 5336 2137 5405 Sepultus
2166 5350 2248 5393 est
2296 5336 2348 5392 in
2393 5340 2619 5393 ecclesia
2648 5340 2706 5391 ὃ.
2752 5336 3005 5392 Germani
3036 5341 3291 5405 episcopi.
3337 5337 3461 5391 Fuit

1886 5421 2064 5464 autem
2111 5412 2435 5475 temporibus
2470 5407 2938 5480 Felii-is,_Gelasii,
2989 5410 3272 5471 Anastasii,
3304 5412 3465 5480 Sym-

1888 5483 2086 5545 machi,
2136 5493 2294 5547 atque
2346 5478 2639 5533 Ηιιτιηὴεόςυ
2692 5478 3056 5532 Romanorum
3110 5478 3461 5545 liOﬂllliCttlll;

1890 5553 2276 5617 imperantibus
2309 5550 2589 5603 Anastasio
2612 5559 2666 5602 et
2693 5548 2904 5603 Justiiio
2926 5551 3154 5603 seniore.
3186 5550 3320 5603 llist.
3348 5551 3463 5613 epi-

1890 5637 2174 5690 scoporiiiit
2217 5621 2761 5675 Autissiodureiisium
2812 5620 2949 5688 apud
3004 5619 3229 5689 Philippi
3283 5621 3464 5674 Labbe

1894 5696 2028 5748 Bibl.
2067 5697 2280 5745 i‘ovaiit.
