3988 6346
514 365 619 421 945

1270 364 1468 419 ΒΕΟᾸΞ
1516 360 1955 417 \‘LNERABILIS
1995 357 2140 413 Ol‘P.
2188 353 2361 411 PARS
2398 352 2487 409 ιν.
2524 382 2575 394 -
2633 352 3018 410 HISTORICA.

3662 353 3762 408 9H

1785 472 2014 526 EDlTlU
2054 466 2525 523 COLONIENSIS.

509 567 578 620 ab
608 568 726 636 igne
757 565 863 619 laesi
896 574 1037 619 sunt.
1068 564 1215 617 Tunc
1242 564 1485 629 fustibus,
1510 565 1649 618 illiso
1669 564 1858 631 capite,
1884 570 2082 628 marty-
2117 566 2165 622 Α
2197 557 2337 610 venti
2366 556 2485 610 oleo
2524 556 2808 625 superfusi,
2865 553 2932 608 ad
2965 554 3203 608 ultimum
3234 554 3406 624 capite
3437 560 3765 611 truncantur.

510 657 648 709 rium
693 657 1125 719 compleverunt;
1175 669 1400 722 quorum
1431 669 1652 721 corpora
1686 651 1897 721 collegit
1933 650 2087 704 beata

515 746 883 813 Siuipliurosa,
915 759 1049 796 uxor
1074 742 1306 797 Gethuiii
1340 745 1612 813 martyris,
1652 750 1706 796 et
1735 740 1981 809 sepelivit
2033 737 2085 792 in

513 838 720 905 praedio
745 850 864 889 suo.
892 834 944 886 ln
969 833 1143 887 Africa
1171 833 1496 901 Aresirngati
1525 842 1579 888 et
1607 833 1827 886 aliorum
1869 829 2087 899 quinde-

515 925 638 978 cim.
685 923 737 976 In
784 924 1049 991 Hispaniis
1078 922 1342 991 Clirispuli
1386 924 1638 976 restituti.
1681 922 1736 976 In
1785 920 2086 977 Nicomedia

514 1017 683 1070 sancti
739 1015 1029 1069 Zacharic.
1076 1014 1131 1068 lu
1163 1014 1527 1070 Autissiodoro
1568 1013 1831 1083 depositio
1868 1010 2088 1066 Censori

518 1104 775 1173 episcopi.

588 1186 749 1248 Aplll
784 1192 900 1249 Inus
926 1193 1087 1249 Jumt.
1122 1224 1193 1235 -—
1242 1193 1427 1248 Natale
1457 1193 1625 1247 sancti
1665 1191 1920 1246 Barnaba:
1960 1204 2092 1259 apo-

516 1285 640 1339 stoli
659 1286 801 1354 :qui,
822 1298 938 1337 cum
962 1293 1104 1337 esset
1120 1283 1365 1353 Cyprius,
1397 1298 1515 1336 cum
1532 1281 1938 1349 Paulogeutium
1963 1293 2092 1347 apo-

515 1376 685 1429 stolus
735 1376 1007 1427 ordinatus
1057 1384 1158 1427 est.
1212 1373 1304 1427 llic
1345 1382 1523 1439 postea
1574 1379 1789 1438 propter
1832 1369 2090 1423 Joannem

511 1465 865 1533 discipulum,
916 1465 1002 1532 qui
1043 1471 1098 1516 et
1134 1462 1339 1515 Marcus
1383 1460 1690 1523 vocabatur,
1738 1468 2016 1527 separatus
2062 1472 2091 1510 a

516 1557 710 1619 l'aulo,
746 1554 1090 1609 nihilominus
1119 1553 1448 1621 Evangelica:
1486 1552 1873 1621 pr;cdicationis
1916 1549 2095 1618 injun-

511 1657 653 1697 ctum
685 1645 784 1698 sibi
816 1659 949 1712 opus
976 1641 1411 1709 cxercuit.Cujus
1428 1655 1644 1707 corpus,
1671 1639 2095 1710 tempore'Zeno-

514 1740 597 1793 nis
629 1734 986 1805 imperatoris,
1030 1736 1149 1802 ipso
1189 1732 1456 1786 revelaute
1501 1739 1769 1799 repertum
1800 1738 1903 1784 est.
1944 1727 2095 1797 Apud

515 1829 827 1884 Corinthum
878 1826 1047 1881 sancti
1079 1824 1370 1880 Sosthenes
1393 1864 1407 1887 ,
1441 1820 1685 1889 disripuli
1728 1820 1900 1873 sancti
1950 1818 2095 1872 Pauli

2264 647 2321 699 Β.
2356 646 2503 700 Pntn.
2540 646 2658 700 lous
2685 647 2849 701 JUNII.
2876 674 2946 687 —-
2976 644 3160 698 Romae
3189 644 3270 698 via
3297 645 3542 709 Aurelia,
3585 644 3767 699 millia-

2193 736 2271 790 rio
2295 736 2504 808 quinto,
2531 734 2705 805 passio
2750 747 3061 797 sanctorum,
3102 744 3435 804 martyrum,
3496 734 3766 802 Basilidis,

2195 826 2399 895 Cyrini,
2432 826 2653 880 Naboris
2678 836 2729 879 et
2758 824 2994 889 Nazarii;
3044 840 3266 895 quorum
3296 824 3563 878 Naborem
3593 836 3647 878 et
3670 824 3767 879 Na-

2192 917 2429 981 zarinni,
2477 918 2633 970 simul
2678 931 2799 970 cum
2847 916 3113 985 Gorgonio
3160 924 3393 986 martyre
3442 916 3767 973 transtulita

2199 1005 2366 1059 Roma
2414 1005 2466 1060 in
2494 1004 2713 1059 Galliam
2742 1005 3143 1074 Grodegandus,
3192 1006 3441 1084 metensis
3465 1008 3772 1077 episcopus,

2197 1098 2534 1163 permittente
2566 1096 2726 1150 Paulo
2754 1112 2884 1165 papa
2911 1097 3175 1163 Romano,
3207 1112 3346 1151 anno
3372 1098 3672 1154 Dominica:
3692 1099 3771 1153 ln-

2192 1187 2513 1241 earnationis
2529 1187 2999 1256 septingentesimo
3021 1191 3351 1259 sexagesimo
3368 1192 3579 1259 quinto,
3603 1203 3657 1247 et
3678 1193 3773 1248 coi-

2194 1276 2387 1329 locavit
2435 1276 2718 1345 prmdictus
2748 1278 3028 1347 episcopus
3076 1291 3317 1335 sanctum
3357 1280 3692 1350 Gargonium
3723 1284 3769 1337 in

2194 1368 2518 1418 monasterio
2546 1366 2687 1433 quod
2732 1366 2926 1421 dicitur
2958 1368 3184 1434 Gorzia;
3233 1380 3476 1424 sanctum
3516 1386 3651 1425 vero
3676 1371 3772 1425 Na—

2197 1457 2376 1509 bnrcm
2408 1456 2459 1508 in
2485 1460 2807 1512 monasterio
2850 1464 2991 1530 quod
3038 1462 3233 1516 dicitur
3271 1462 3417 1517 Nova
3442 1464 3582 1517 cella
3616 1480 3630 1515 :
3660 1479 3770 1517 san-

2198 1557 2338 1599 etum
2365 1561 2577 1616 queque
2615 1549 2894 1606 Nazarium
2929 1553 2979 1606 in
3011 1555 3361 1618 monasterio,
3390 1555 3534 1622 quod
3585 1556 3772 1609 dicitur

2203 1639 2516 1705 Loreshain,
2559 1640 2642 1694 ubi
2675 1642 2819 1710 signa
2850 1655 2901 1696 et
2929 1644 3181 1697 miracula
3213 1645 3261 1697 in
3284 1645 3510 1699 sanitate
3541 1644 3773 1698 inﬁrmo-

2202 1746 2314 1784 rum
2353 1740 2406 1785 et
2436 1731 2687 1786 debilium
2710 1734 2903 1803 sacpius
2929 1737 3079 1787 tiunt.
3130 1734 3410 1789 Mediolani
3441 1738 3622 1789 natale
3660 1750 3773 1789 san-

2199 1830 2404 1875 ctorum
2454 1834 2741 1892 martyrum
2787 1824 2990 1877 Nazarii
3043 1832 3097 1879 et
3145 1824 3281 1878 Celsi
3331 1825 3503 1892 pueri.
3552 1825 3775 1880 Sanetus

515 1919 765 1985 apostoli.
824 1918 879 1971 In
917 1915 1155 1986 Aquileia
1206 1913 1380 1967 natale
1426 1922 1734 1965 sanctorum
1779 1919 2092 1979 martyrum,
2132 1917 2173 1975 Β
2201 1926 2424 1977 namque
2450 1910 2703 1966 Nazarius
2731 1928 2760 1965 a
2804 1913 2958 1966 beato
2983 1914 3257 1968 Clemente
3283 1914 3579 1969 instructus
3601 1926 3656 1969 et
3683 1916 3775 1969 ba-

519 2010 710 2065 Felicis
737 2018 791 2063 et
817 2006 1110 2069 Fortunati,
1159 2004 1256 2058 sub
1301 2003 1670 2071 persecutione
1695 2000 2006 2054 Diocletiani
2036 2010 2089 2054 et

518 2100 820 2155 Maximiani
853 2100 1258 2167 imperatorum,
1294 2093 1518 2163 pra-side
1555 2092 1811 2147 Eusimio.
1844 2091 1941 2157 Qui
1970 2104 2089 2145 cum

515 2202 695 2248 essent
732 2191 968 2262 germani
1014 2188 1226 2253 fratres,
1267 2186 1369 2240 (ide
1410 2184 1604 2239 Christi
1647 2184 1934 2248 ferventes,
1977 2183 2091 2251 pri-

522 2301 665 2340 mum
724 2286 775 2338 in
825 2282 1052 2351 equuleo
1101 2278 1341 2347 suspensi
1387 2284 1549 2339 sunt,
1600 2274 1909 2329 ardentibus
1961 2275 2093 2326 latn-

516 2376 744 2444 padibns
791 2374 929 2426 circa
975 2374 1140 2424 latera
1191 2369 1479 2437 appositis,
1525 2366 1619 2421 sed
1661 2380 1782 2419 mox
1829 2364 2097 2433 psallenti-

523 2469 621 2520 bus
666 2463 987 2533 martyribus
1040 2459 1349 2521 exstinctis;
1407 2458 1529 2512 inde
1562 2471 1654 2527 per
1706 2463 1942 2509 ventrem
1993 2454 2097 2511 fcr-

2198 2002 2424 2070 pt‘zitus
2443 2013 2542 2067 est,
2576 2018 2731 2071 quem
2764 2004 3021 2057 Anolinus
3062 2005 3163 2058 sub
3185 2004 3502 2059 Nemniante
3527 2020 3776 2074 persecu-

2200 2094 2357 2149 tionis
2382 2096 2527 2150 rabie
2554 2096 2643 2150 tliu
2670 2096 2924 2151 amictum
2956 2097 3008 2151 in
3036 2112 3249 2153 carcere
3270 2112 3386 2151 cum
3409 2097 3572 2153 Celso
3596 2114 3776 2167 puero,

2200 2200 2355 2248 quem
2382 2186 2494 2253 ipse
2517 2188 2795 2253 nutrierat,
2823 2187 2997 2255 gladio
3024 2187 3183 2243 ferire
3202 2185 3381 2258 jussit,
3404 2202 3637 2259 quorum
3660 2203 3779 2245 oor-

2202 2292 2330 2346 pora
2355 2277 2633 2333 Christiani
2682 2281 2836 2334 furati
2867 2281 3193 2349 sepelierunt
3239 2282 3291 2336 in
3324 2282 3559 2351 prapriis
3588 2280 3778 2347 hortis,

2206 2383 2338 2437 quos
2360 2369 2543 2424 beatus
2568 2370 2875 2425 Ambrosius
2907 2370 3130 2425 Domino
3158 2372 3432 2428 revelante
3460 2373 3686 2443 reperit.
3714 2373 3776 2426 Et

2205 2458 2469 2529 depositio
2496 2462 2665 2516 sancti
2690 2461 2862 2517 Odolii
2893 2462 3216 2532 presbyteri.

1748 2543 1974 2602 EDITIO
2013 2545 2517 2607 BOLLANDJANA.

591 2645 679 2701 ﬂ.
713 2673 780 2684 —
809 2643 871 2695 lll
907 2640 1047 2698 lous.
1082 2647 1107 2675 ⁸
1140 2640 1394 2695 Barnabte
1420 2640 1667 2709 apostoli.

595 2732 781 2785 Florus
813 2730 864 2783 in
893 2729 957 2782 Α.
993 2727 1279 2796 prtesignat
1310 2724 1373 2778 In
1432 2724 1605 2790 India,
1639 2735 1693 2780 et
1725 2735 1833 2781 tum
1884 2726 1953 2782 ibi
1987 2736 2095 2783 tum

521 2826 574 2877 in
598 2821 662 2877 Τ.
695 2836 757 2875 ac
784 2820 845 2873 L.
876 2819 1144 2887 subjungit
1176 2835 1186 2869 :
1220 2814 1319 2882 Qui
1350 2817 1572 2884 pretium
1604 2818 1714 2886 agri
1745 2819 1827 2871 sui
1858 2828 1982 2874 ante
2006 2834 2096 2889 pe-

524 2914 619 2965 dcs
649 2909 1012 2979 apostolorum
1044 2906 1344 2968 attulit,'ac
1373 2905 1565 2959 deinde
1604 2922 1721 2960 cum
1757 2908 1920 2962 Paulo
1960 2924 2093 2979 gen-

524 3001 656 3054 tium
706 2998 980 3068 apostolus
1032 2996 1311 3050 ordinatus
1349 3003 1429 3048 est
1483 2993 1786 3063 (Hactenus
1834 2997 1938 3065 ι..)
1990 2998 2093 3054 Sed

529 3100 712 3160 postea
748 3096 963 3158 prepter
991 3085 1251 3141 Joannem
1283 3084 1631 3153 discipulum,
1682 3088 1772 3152 qui
1807 3096 1860 3141 et
1890 3087 2098 3143 Marcus

534 3180 842 3242 vocabatur,
877 3185 1153 3245 separatus
1197 3189 1224 3225 a
1258 3173 1442 3239 Paulo,
1498 3174 1842 3229 nihilominus
1873 3191 2101 3247 evange-

529 3275 645 3329 lica:
674 3270 1063 3342 prtedicationis
1088 3268 1379 3337 injunctum
1409 3268 1509 3321 sibi
1536 3281 1671 3336 opus
1697 3270 1958 3325 exercuit.

604 3364 691 3424 υ..
725 3360 787 3415 Et
815 3358 839 3395 δ
868 3357 1144 3413 Sosthenis
1174 3356 1414 3422 discipuli
1451 3357 1616 3412 Pauli.
1664 3358 1753 3422 V.,
1784 3357 1964 3412 Roma!
2010 3374 2105 3412 na-

532 3432 637 3487 tale
666 3433 726 3486 S.
748 3431 974 3483 Basilius.
1007 3429 1069 3480 Et
1095 3429 1269 3481 natale
1295 3427 1352 3481 S.
1376 3426 1586 3494 Crispili
1613 3437 1665 3480 et
1690 3429 1915 3482 Onul'rii.
1944 3430 2029 3492 13.,
2051 3429 2111 3492 in

535 3501 772 3572 Aquileia
790 3497 1029 3565 Emeriti,
1045 3497 1245 3565 llereti,
1262 3497 1562 3552 Victuriaui.
1576 3497 1759 3554 Romae
1774 3500 2032 3569 depositio
2049 3501 2104 3555 S.

2205 2644 2437 2718 Babillaj.
2486 2649 2549 2702 Et
2577 2646 2673 2704 SS.
2721 2647 2951 2718 Crispuli
2996 2659 3049 2705 et
3100 2649 3371 2705 Restituti.
3432 2650 3577 2706 Alibi
3612 2651 3782 2708 natale

2329 2729 2351 2755 ο
2375 2717 2597 2772 Naboris
2626 2728 2678 2774 et
2704 2717 2916 2775 Felicis.
2950 2722 3016 2775 Et
3052 2721 3111 2777 S.
3144 2722 3171 2758 ά
3201 2721 3499 2791 Onupltrii.

2273 2827 2361 2883 12.
2384 2859 2453 2870 -—
2483 2828 2523 2884 11
2555 2829 2689 2896 lous,
2736 2831 2920 2888 Natale
2950 2832 3045 2890 SS.
3079 2843 3101 2871 ε
3146 2834 3420 2903 Basilidis,
3448 2834 3644 2902 Cirini,
3674 2833 3776 2891 Na-

2201 2919 2349 2975 boris
2373 2929 2429 2975 et
2458 2921 2689 2976 Nazarii.

2273 3053 2431 3130 Add_it
2455 3054 2521 3115 γ,
2566 3055 2732 3130 εει-νϐ..
2767 3062 2787 3101 f
2805 3056 3059 3130 Tripodis
3086 3069 3135 3113 et
3180 3058 3457 3128 ﬂagitatis.
3493 3060 3579 3125 L.,
3612 3063 3781 3130 prmi-

2202 3134 2323 3198 gnat
2370 3123 2563 3179 Romte.
2617 3127 2703 3190 D.,
2739 3123 2924 3195 primo
2945 3135 3082 3193 loco,
3112 3140 3167 3184 et
3211 3123 3398 3184 eodem
3449 3123 3779 3198 quocmera

2206 3195 2373 3248 Baeda:
2400 3198 2730 3260 charactere,
2761 3198 2839 3250 sic
2858 3198 3083 3251 habebat
3111 3208 3171 3253 :8
3191 3195 3703 3255 MediolaniNazarii
3729 3213 3779 3258 et

2205 3265 2341 3317 Celsi
2375 3266 2519 3331 pueri
2555 3266 2786 3319 inventio
2815 3284 2826 3319 :
2881 3272 3018 3336 quod
3051 3283 3154 3322 non
3198 3270 3456 3322 audemus
3488 3272 3775 3327 admittere

2208 3349 2271 3387 ex
2305 3349 2411 3404 uno
2451 3336 2566 3387 solo
2609 3350 2709 3387 ms.
2760 3347 3004 3404 tanquam
3052 3338 3241 3392 Beedte.
3292 3340 3381 3404 Α..
3410 3340 3478 3393 Ει
3508 3345 3783 3396 translatio

2216 3406 2274 3457 S.
2310 3403 2337 3438 ιι
2372 3404 2676 3470 Leodegarii
2720 3403 2951 3473 episcopi
2997 3418 3049 3461 et
3091 3407 3151 3461 S.
3185 3407 3199 3445 ί
3228 3403 3401 3463 Odulii
3430 3412 3778 3467 confessoris.

2219 3475 2299 3537 8.,
2335 3478 2349 3524 t'
2388 3474 2534 3540 alibi,
2569 3474 2769 3543 Zabiui,
2804 3477 3023 3543 Aurelii,
3057 3478 3335 3534 Secundze.

1987 3611 2147 3666 MITII
2184 3607 2412 3667 NOTAE.

1987 3611 2147 3666 MITII
2184 3611 2412 3667 NOTAE.

616 3718 642 3746 ι
668 3704 941 3780 Barnabnr.
976 3703 1098 3780 Erat
1134 3703 1378 3780 inicimus
1429 3718 1491 3760 ex
1524 3706 1849 3780 septuaginta
1882 3611 2117 3776 disscipu—
2148 3718 2193 3780 ς,
2226 3704 2569 3780 translatione
2584 3705 2648 3780 in
2680 3705 2903 3761 Galliam
2936 3723 3036 3760 una
3084 3723 3203 3762 cum
3236 3708 3292 3763 S.
3325 3708 3623 3780 Gorgonin,
3654 3711 3787 3769 facta

548 3779 637 3843 lis,
671 3787 731 3830 ut
758 3773 943 3847 scribit
990 3774 1184 3847 Euseb.
1219 3776 1270 3827 in
1322 3776 1454 3847 llist.
1484 3773 1672 3847 inii.
1718 3773 1885 3847 Cujus
1926 3773 2118 3845 corpus

550 3858 793 3917 tempore
831 3844 1063 3898 Zenonis
1095 3845 1445 3917 imperatoris,
1480 3846 1594 3915 ipso
1616 3844 1905 3917 revelante,
1936 3844 2118 3917 reper-

548 3913 799 3979 tum‘est,
834 3930 933 3968 uua
965 3930 1085 3969 cum
1114 3913 1296 3971 codice
1323 3913 1599 3986 Evangelii
1646 3916 1703 3973 S.
1746 3918 1973 3973 Mattluei
1997 3913 2121 3985 'ejus

552 4003 708 4045 manu
736 3985 1022 4051 descripto.
1054 3986 1189 4047 Anu.
1223 3988 1419 4039 nanos.

621 4058 649 4098 δ
682 4056 965 4112 Sostltenis.
1000 4056 1095 4111 llic
1134 4056 1323 4110 colitur
1342 4056 1509 4111 etiam
1558 4055 1646 4112 die
1691 4071 1855 4111 xxvtu
1894 4056 2123 4111 Novem-

553 4128 683 4185 bris.

627 4212 650 4240 ο
682 4194 905 4267 Nahoris
931 4205 986 4267 et
1011 4194 1221 4267 Felicis.
1245 4194 1316 4267 ,Hi
1339 4196 1481 4267 passi
1503 4204 1626 4251 sunt
1652 4195 1929 4252 Mediolani
1959 4205 2013 4252 et
2031 4210 2122 4250 co.

552 4272 730 4325 luntur
761 4266 891 4319 intra
921 4265 1010 4320 die
1042 4278 1113 4318 sit
1153 4264 1296 4319 Julii.

633 4336 661 4375 ἀ
704 4336 979 4402 vituplirii.
1011 4335 1184 4390 Graeci
1215 4346 1267 4389 et
1319 4334 1577 4390 Baronius
1603 4351 1721 4391 eum
1750 4336 1838 4391 die
1882 4336 2121 4403 sequenti

562 4408 766 4463 colunt.
800 4405 970 4459 Graeci
1003 4407 1055 4459 in
1086 4404 1379 4474 Menologio
1402 4407 1469 4460 de
1497 4407 1683 4461 eodem
1710 4415 1873 4469 agunt
1903 4406 1984 4459 his
2010 4421 2125 4460 ver-

565 4480 650 4534 bis
681 4496 693 4531 :
732 4494 751 4529 t
785 4475 967 4531 Sancti
1001 4475 1164 4544 patris
1208 4475 1375 4530 nostri
1405 4477 1663 4543 Onnphrii
1708 4475 1944 4545 Egyptii
1973 4492 1986 4528 :
2034 4476 2123 4543 qui

560 4564 684 4606 cum
711 4556 854 4602 esset
882 4547 934 4600 in
964 4546 1209 4600 ccenobio
1232 4545 1285 4599 in
1314 4547 1445 4601 urbe
1466 4546 1771 4615 llermopoli
1820 4545 2121 4600 Thebarum

561 4631 617 4677 et
657 4618 863 4674 audiret
890 4616 959 4671 de
991 4616 1117 4670 Elia:
1147 4616 1419 4683 propheta:
1446 4617 1575 4682 vita,
1606 4631 1856 4684 egressus
1881 4616 2125 4669 coenobio

563 4688 817 4745 habitavit
845 4701 1082 4741 eremum
1114 4700 1281 4739 annos
1310 4685 1601 4753 sexaginta,
1631 4686 1898 4739 hominem
1922 4686 2139 4738 nullum'

567 4761 772 4813 videns.
809 4776 827 4808 ι
886 4756 1169 4825 Postquam
1214 4754 1426 4821 obierit,
1457 4769 1581 4809 eum
1631 4769 1851 4826 magnus
1882 4754 2129 4824 Paphnu-

567 4832 669 4884 tius
696 4827 954 4895 sepelivit.

645 4908 669 4936 ο
709 4893 970 4959 Basilidis,
1004 4905 1107 4948 etc.
1145 4894 1245 4958 Qui
1291 4893 1390 4948 sub
1420 4896 1788 4963 persecutione
1820 4894 2128 4950 Diocletiani

570 4968 753 5023 Roma:
784 4968 923 5033 passi
954 4974 1099 5020 sunt.
1133 4965 1196 5019 lli
1225 4978 1289 5018 ex
1321 4962 1453 5018 urbe
1485 4966 1596 5032 ipsa
1639 4965 1845 5019 oriundi
1878 4966 1943 5017 ad
2000 4964 2129 5017 civi-

571 5051 733 5093 tatem
761 5036 1031 5090 Aureliam
1062 5034 1422 5099 devenientes,
1453 5040 1629 5088 nntnia
1672 5050 1765 5088 sua
1809 5034 2129 5103 pauperibus

2225 3791 2253 3846 ξι
2283 3776 2633 3845 Grodegando
2666 3780 2882 3832 Metensi
2909 3780 3159 3846 episcopn
3184 3795 3324 3834 armo
3350 3776 3477 3843 763,
3505 3783 3627 3836 vide
3653 3782 3791 3838 Not-

2223 3844 2428 3911 kerum,
2453 3847 2640 3900 Molani
2667 3844 2974 3904 Additiones
3000 3850 3063 3903 ad
3094 3844 3414 3916 Usuardutn,
3438 3862 3493 3907 et
3519 3852 3788 3921 Sigeberti

2220 3919 2418 3969 Chron.
2450 3931 2535 3969 an.
2566 3917 2690 3971 76L

2284 3932 2418 3969 ll'Oﬂ.
2450 3931 2535 3969 an.
2567 3931 2690 3970 ΠΗ.

2262 3987 2318 4031 ,ε
2350 3985 2591 4059 ΔΤνὶῃοάὶε
2620 3999 2665 4040 et
2684 3987 2975 4059 Magdalis.
3010 3989 3072 4043 Hi
3104 4000 3468 4045 memorantur
3522 4007 3644 4047 cum
3689 3992 3794 4048 isto

2225 4056 2451 4129 Basilide
2483 4061 2567 4126 qui
2596 4072 2647 4110 ix
2674 4056 2815 4129 dumi
2839 4060 3050 4123 colitur,
3083 4062 3174 4129 qui
3215 4070 3295 4115 est
3323 4061 3575 4115 diversus
3601 4064 3669 4117 ab
3692 4062 3795 4119 hoc

2228 4125 2457 4180 Basilide
2489 4125 2553 4179 de
2581 4142 2686 4194 quo
2711 4128 2818 4195 jam
2850 4131 3041 4197 agitur.

2299 4196 2668 4269 fdicdiolani.
2719 4196 2998 4251 Festivitas
3038 4198 3278 4269 martyrii
3325 4199 3421 4255 SS.
3475 4200 3691 4255 Nazarii
3740 4210 3791 4256 et

2225 4265 2365 4320 Celsi
2414 4270 2586 4335 agitur
2636 4268 2768 4321 inira
2802 4273 2986 4335 quinto
3034 4267 3149 4322 Kal.
3183 4265 3442 4337 'Augusti.
3489 4272 3787 4324 Latuerunt

2229 4352 2358 4389 vero
2404 4352 2585 4391 eorum
2632 4351 2853 4405 corpora
2882 4353 3047 4406 usque
3098 4340 3163 4391 ad
3216 4340 3430 4392 Honorii
3480 4351 3536 4393 et
3584 4342 3795 4395 Arcadii

2228 4407 2606 4472 imperatorum
2638 4416 2897 4476 tempora.
2931 4408 3074 4473 Quos
3118 4409 3175 4461 Β.
3222 4410 3538 4463 Ambrosius
3570 4409 3796 4463 Domino

2228 4478 2495 4531 revelante
2525 4480 2741 4545 reperit,
2771 4486 2825 4531 et
2855 4487 3139 4546 utrumque
3188 4482 3459 4533 transtulit
3499 4480 3568 4532 ad
3617 4482 3796 4534 basili-

2227 4560 2345 4599 cam
2397 4548 2769 4611 Apostolorum
2827 4563 2945 4615 qua:
2996 4558 3078 4602 est
3128 4549 3181 4603 in
3234 4548 3493 4603 Romana.
3556 4550 3794 4616 Sumus,

2228 4627 2358 4669 tom.
2391 4616 2478 4681 Ill,
2514 4631 2598 4669 xix
2630 4616 2791 4671 Junii.
2824 4621 2956 4670 Ano.

2301 4684 2327 4722 ιι
2361 4684 2680 4755 Leodcgarii.
2708 4688 2762 4741 Si
2794 4685 2877 4740 hic
2916 4685 3234 4757 intelligatur
3274 4687 3641 4756 Leodegarius
3686 4690 3798 4756 epi-

2228 4769 2421 4824 sc0pus
2452 4756 2960 4824 Augustodunemis,
2988 4756 3104 4825 ejus
3135 4761 3321 4811 natalis
3349 4766 3500 4812 est-tt
3526 4758 3797 4813 Octobris.

2310 4826 2325 4863 ί
2384 4824 2581 4893 Odulﬁ.
2642 4827 2741 4891 Qui
2796 4824 3127 4893 temporibus
3188 4828 3438 4881 Ludovici
3521 4830 3794 4897 Augusti,

2230 4894 2511 4949 Oorschoti
2556 4897 2606 4949 in
2652 4897 2937 4949 Brabantia
2980 4905 3132 4949 natus
3181 4907 3307 4952 est:
3355 4894 3635 4964 voluitque
3685 4905 3803 4966 post

2233 4966 2616 5087 Bresbyterium
2647 4966 2950 5035 Trajectuut
2977 4967 3144 5031 adire,
3172 4968 3264 5020 sed
3297 4977 3577 5034 parentum
3626 4968 3802 5033 preci-

2272 5050 2331 5087 us
2374 5036 2567 5087 victus.
2624 5036 2878 5087 Ecclesiae
2926 5036 3205 5087 nonulinue
3244 5036 3658 5087 Oorschotensis
3702 5037 3799 5087 ali-

2272 5050 2331 5087 us
2374 5036 2567 5100 victus,
2624 5036 2878 5090 Ecclesiae
2926 5036 3205 5104 populique
3244 5036 3658 5091 Oorschotensis
3702 5037 3799 5089 ali-

571 5092 889 5176 erogarunt;
937 5116 989 5160 et
1036 5104 1256 5176 Romam
1309 5092 1592 5176 redeuntes
1638 5106 1706 5176 ad
1752 5092 2127 5176 Maximianum
2158 5092 2464 5176 unandiu
2515 5092 2694 5171 pastor
2720 5105 2835 5176 (uit.
2870 5092 3063 5159 verum
3114 5092 3217 5159 non
3250 5106 3415 5160 multo
3460 5117 3582 5174 post
3610 5120 3797 5161 caeno-

575 5172 952 5245 imperatorem
983 5175 1191 5229 adducti
1224 5184 1365 5228 sunt.
1390 5175 1488 5240 Qui
1518 5176 1641 5227 dum
1670 5173 1936 5229 Christum
1963 5172 2129 5245 conii-

577 5242 679 5304 teri
728 5262 831 5300 non
880 5246 1167 5307 timerent,
1216 5245 1387 5313 primo
1434 5244 1802 5310 scorpionibus
1851 5242 2131 5313 durissime

576 5318 721 5383 επεὶ,
750 5316 943 5370 dehinc
974 5317 1023 5368 in
1053 5311 1319 5369 carcerem
1351 5316 1479 5367 trusi
1520 5323 1576 5368 et
1608 5329 1700 5382 per
1738 5315 1851 5368 dies
1877 5315 1906 5365 7
1940 5311 2132 5383 ibidem

578 5382 863 5450 macerati;
917 5386 1039 5439 inde
1090 5385 1263 5439 educti
1311 5384 1462 5453 jussu
1511 5384 1750 5451 ejusdem
1801 5382 2135 5450 imperatoris

577 5458 757 5528 gladio
796 5456 1041 5528 dgecollati
1088 5466 1242 5528 sunt,
1275 5452 1496 5528 etieris
1526 5454 1589 5505 ad
1639 5452 2000 5507 devorandum
2042 5466 2129 5505 ex-

581 5525 783 5597 positi.
811 5525 916 5581 Sed
959 5541 1050 5593 per
1101 5526 1190 5579 Dei
1227 5525 1719 5597 gratia‘tucorpora
1760 5538 1965 5597 eorum,
2009 5535 2131 5597 cum

580 5591 745 5661 illaesa
776 5591 1169 5661 invenirentur,
1222 5591 1254 5647 a
1280 5591 1603 5648 Christianis
1622 5594 1825 5660 sepulta
1859 5601 1981 5661 sunt
2011 5591 2131 5643 mil-

580 5659 734 5726 liario
764 5668 920 5721 tertio
948 5668 1015 5719 ab
1046 5659 1206 5728 Urbe,
1254 5665 1304 5716 iu
1338 5665 1452 5717 loco
1497 5664 1587 5732 qui
1632 5665 1823 5717 dicitur
1853 5659 2151 5715 Catacum-.

2235 5174 2409 5246 biticae
2439 5176 2558 5227 vita:
2604 5174 2998 5246 amantissimus
3027 5176 3091 5230 ad
3122 5176 3494 5245 Trajectenses
3526 5178 3797 5246 migravit.

2235 5242 2333 5297 Ubi
2364 5243 2431 5296 ab
2461 5246 2711 5313 episcopo
2765 5244 3049 5301 Frederico
3094 5242 3321 5314 benigne
3367 5242 3650 5314 susceptus
3696 5256 3803 5302 est.

2232 5314 2469 5381 Cumque
2511 5316 2567 5369 S.
2617 5314 2931 5369 Fredericus
2969 5316 3172 5371 feroces
3219 5314 3505 5380 Fresones,
3555 5332 3656 5370 nec
3705 5332 3799 5384 per

2236 5396 2314 5445 se,
2361 5398 2458 5437 nec
2503 5400 2597 5453 per
2645 5385 3047 5439 archidiaconos
3088 5401 3340 5441 revocare
3384 5395 3587 5454 posset,
3633 5388 3804 5439 adeo.

2237 5455 2373 5525 cavit
2401 5455 2499 5506 srbi
2527 5455 2850 5523 Udulphum,
2882 5455 2971 5521 qui
3004 5464 3196 5524 prmter
3225 5455 3364 5525 quod
3392 5467 3663 5523 speratum
3693 5467 3799 5517 est,

2240 5522 2434 5595 multos
2459 5522 2741 5595 convertit,
2771 5534 2824 5578 et
2854 5539 2949 5594 per
2998 5522 3196 5595 aliquot
3241 5522 3501 5580 annorum
3532 5527 3801 5581 curricula

2232 5593 2480 5666 erudivit.
2514 5593 2636 5666 Inde
2664 5593 2963 5666 Trajectqu
3007 5593 3276 5666 reversus,
3311 5595 3499 5666 plenus
3526 5610 3795 5666 annorum

2236 5662 2442 5735 modica
2490 5663 2619 5735 febri
2648 5663 2993 5735 obdormiyit.
3039 5662 3203 5735 Cujus
3250 5662 3488 5732 reiiquiaa
3536 5665 3802 5720 habentur

582 5724 684 5795 hac.
721 5737 887 5794 Pera.
922 5751 989 5790 ns
1016 5724 1217 5789 Nini.)
1240 5733 1496 5787 Birouius
1515 5724 1699 5785 autem
1720 5746 1813 5787 eos
1834 5734 1934 5785 sub
1959 5732 2108 5802 Aure

2236 5734 2373 5800 apud
2404 5735 2458 5802 ὃ.
2491 5733 2823 5787 Salvatorem
2852 5724 3517 5802 Trajecti.'Suntus,'tom.
3546 5735 3635 5792 ιιι.

581 5810 657 5868 lio
703 5808 953 5881 prmfecm
998 5820 1179 5878 passos
1227 5804 1405 5858 tradit.
1453 5804 1525 5858 De
1562 5803 1779 5857 Naboris
1819 5811 1873 5857 et
1926 5800 2133 5854 Nazurii

2313 5802 2325 5851 i
2366 5801 2515 5856 Alibi.
2546 5802 2845 5858 Secundum
2890 5801 3286 5873 Hieronymum,
3321 5805 3520 5860 Romae.
