3988 6346
198 352 302 408 945

1300 352 1487 407 SECI'.
1531 354 1591 407 li’.
1632 380 1701 391 --
1737 350 2295 407 MARTYMULUGIA.

3323 350 3427 407 9H3

1479 458 1699 514 EDITIO
1739 460 2198 515 CULONIENSIS.

262 553 327 610 C.
358 552 479 609 Inus
520 552 679 607 Jemt.
711 578 779 592 --
826 548 1007 606 Romae
1051 550 1226 605 natale
1266 560 1463 607 sanctae
1510 551 1759 606 Felicolae
1787 554 1839 612 Α
1864 552 2011 619 queri
2051 550 2194 619 jussa
2241 558 2355 618 est,
2408 548 2578 604 donec
2626 548 2895 603 emitteret
2939 548 3225 617 spiritum:
3277 558 3332 602 et
3362 550 3441 603 sie

197 642 441 713 virginis,
491 654 644 707 quam
694 655 811 694 cum
858 640 1075 695 Flaccus
1124 656 1303 695 comes
1345 651 1460 709 post
1489 656 1766 695 excessum

196 731 512 790 Petronellre
533 730 692 786 vellet
715 731 907 785 ducere
932 746 1171 799 uxorem,
1197 742 1353 800 atque
1375 732 1437 784 ad
1460 734 1765 787 terrendum

194 842 309 882 eam
341 826 703 893 proposuisset
728 823 904 877 dicens
939 841 951 875 :
984 822 1159 878 Unum
1192 823 1288 878 tibi
1314 838 1343 877 e
1372 823 1577 877 duobus
1607 824 1763 892 elige,

194 928 281 971 aut
306 925 425 971 esto
456 930 585 969 uxor
606 929 743 975 mea,
776 924 863 967 aut
887 914 988 968 diis
1019 915 1257 969 sacriﬁca
1285 932 1300 979 ;
1353 930 1666 982 responsum
1700 915 1766 968 ab

190 1023 249 1063 ea
278 1006 472 1075 accipit
501 1023 513 1057 :
548 1005 654 1060 Nec
684 1019 815 1059 uxor
847 1013 935 1059 tua
964 1020 1058 1059 ero
1109 1005 1253 1074 (quia
1302 1005 1515 1059 Christo
1561 1014 1764 1059 sacrata

190 1098 359 1165 sum),
415 1112 513 1152 nec
559 1097 844 1153 immolabo
878 1097 1034 1153 idolis
1083 1099 1224 1166 (quia
1266 1097 1567 1152 Christiana
1598 1100 1775 1166 sum).

188 1186 339 1243 Tunc
382 1186 605 1241 Flaccus
636 1187 850 1241 tradidit
875 1202 991 1241 eam
1023 1187 1239 1251 vicario,
1288 1188 1375 1254 qui
1406 1187 1529 1241 fecit
1561 1202 1680 1242 eam
1712 1189 1765 1245 in

188 1278 477 1335 tenebroso
499 1278 670 1333 claudi
701 1278 965 1343 cubiculo,
996 1279 1114 1333 sine
1135 1277 1254 1331 cibo
1284 1293 1376 1347 per
1396 1288 1598 1344 septem
1628 1278 1767 1332 dies.

188 1370 313 1425 Post
347 1370 464 1425 haec
501 1370 764 1425 duxerunt
808 1384 923 1423 eam
971 1369 1033 1422 ad
1066 1368 1293 1437 virgines
1342 1367 1514 1422 Vestae
1542 1408 1555 1431 .
1590 1369 1767 1437 ibique

188 1478 282 1529 per
317 1463 520 1518 alteros
549 1473 749 1530 septem
784 1461 897 1514 dies
921 1460 1035 1515 sine
1055 1461 1174 1515 cibo
1192 1460 1515 1529 permansit;
1540 1474 1604 1513 eo
1625 1460 1763 1528 quod

187 1553 334 1607 nulla
366 1553 572 1606 ratione
601 1552 776 1605 cibum
809 1561 1077 1618 pateretur
1124 1549 1189 1603 de
1214 1564 1395 1603 eorum
1428 1563 1586 1602 manu
1628 1548 1767 1601 acci-

188 1656 336 1709 pere.
368 1640 573 1697 Dehinc
602 1641 766 1696 levata
796 1650 877 1696 est
906 1640 959 1694 in
989 1640 1271 1710 equuleutn
1292 1682 1307 1708 ,
1357 1648 1409 1695 et
1435 1639 1613 1692 tandiu
1659 1646 1768 1691 tor-

1875 640 2198 708 praecipitata
2227 649 2306 694 est
2337 640 2386 693 iu
2411 639 2670 703 cloacam,
2697 654 2853 706 quam
2881 648 3093 693 sanctus
3125 638 3442 693 Nicomedes

1875 728 2152 798 presbyter
2175 729 2312 793 tulit,
2341 740 2393 784 et
2425 729 2665 797 sepelivit
2687 732 2915 796 septimo
2945 729 3191 784 milliario
3219 729 3285 785 ab
3310 734 3441 785 urbe

1876 820 2063 876 Roma.
2090 820 2143 874 In
2178 818 2374 884 Africa,
2408 822 2618 875 aniani
2647 832 2700 875 et
2728 822 3021 876 Fortunati.

1944 911 2005 963 D.
2037 908 2195 964 XVIII
2242 910 2479 966 KALEND.
2507 910 2668 966 Juut.
2701 941 2769 951 —
2796 912 3007 968 llelismi
3038 912 3329 982 prophetm,
3354 915 3443 982 qui

1870 1002 2007 1070 apud
2031 1002 2321 1057 Samariam
2352 1002 2609 1056 Palaestini
2639 1006 2771 1057 situs
2797 1015 2909 1069 est,
2932 1006 3018 1057 ubi
3046 1014 3098 1058 et
3128 1005 3324 1059 Abdias
3354 1022 3439 1059 rc-

1871 1092 2115 1161 quiescit,
2147 1102 2320 1159 etquo
2346 1092 2515 1159 major
2538 1094 2675 1148 inter
2698 1104 2849 1147 natos
2874 1096 3154 1149 mulierum
3189 1109 3292 1148 non
3318 1097 3437 1158 fuit.

1870 1182 2098 1237 Joannes
2127 1182 2383 1251 Baptista,
2412 1182 2501 1236 ubi
2532 1184 2691 1239 multa
2724 1185 2976 1239 miracula
3006 1184 3157 1238 fiunt.
3193 1184 3441 1240 Suessio-

1875 1274 1957 1328 nis
1988 1274 2200 1327 civitate
2231 1276 2405 1342 passio
2450 1283 2753 1327 sanctorum
2796 1286 3113 1346 martyrum,
3166 1274 3360 1330 Valerii
3394 1287 3448 1329 ct

1874 1364 2068 1419 ltufini.
2119 1363 2269 1431 Apud
2314 1363 2609 1417 Caesaream
2659 1364 3005 1433 Cappadociae
3049 1367 3218 1420 sancti
3264 1366 3446 1421 Basilii

1871 1456 2124 1524 episcOpi,
2184 1455 2358 1509 fratris
2411 1454 2648 1524 Gregorii
2694 1467 2750 1510 et
2792 1456 2957 1511 Petri.
3007 1456 3223 1513 Vienna:
3270 1458 3442 1513 sancti

1874 1544 2069 1599 Etherii
2094 1544 2348 1612 episcopi.

1947 1635 2007 1689 Ε.
2044 1634 2179 1689 XVII
2205 1634 2442 1690 KALEND.
2475 1633 2632 1691 Juut.
2664 1664 2735 1681 —
2773 1637 2924 1708 Apud
2950 1637 3180 1693 Siciliam
3226 1648 3438 1694 sancto-

1442 1748 1665 1805 EDITIO
1704 1744 2214 1805 BOLLANDIANA.

240 1864 352 1927 ΑΞ.
380 1892 453 1905 -
500 1863 688 1919 ῐυιωε.
719 1862 774 1917 In
802 1860 980 1917 Africa
1008 1860 1183 1917 natale
1210 1861 1308 1918 SS.
1342 1861 1583 1929 Luciant,
1610 1860 1762 1931 .For-
1796 1866 1840 1924 B
1869 1859 2202 1929 subjungens
2238 1857 2491 1928 elogium)
2522 1866 2763 1926 tempore
2816 1857 3123 1914 Diocletiani
3156 1866 3211 1914 et
3262 1858 3428 1913 Maxi-

189 1958 363 2014 tunati
388 1967 444 2013 et
470 1957 850 2021 Crescentiani,
880 1956 1061 2010 Roma:
1086 1955 1146 2011 S.
1182 1966 1210 1995 ιι
1235 1956 1501 2011 Εθιίοιιιω.

261 2046 326 2101 V.
360 2048 419 2102 Β.
451 2047 511 2101 C.
558 2046 740 2113 primis
765 2045 966 2099 addunt
1014 2046 1200 2100 ultimo
1238 2060 1429 2101 nomen
1471 2046 1658 2102 Teclw.
1694 2045 1759 2101 D.

183 2132 377 2172 omnes
407 2116 587 2171 omisit
616 2130 902 2184 eorumque
933 2118 1049 2170 loco
1079 2131 1145 2170 ex
1197 2118 1438 2184 sequenti
1483 2116 1569 2171 die
1601 2116 1761 2179 habet

190 2186 478 2241 Balineum
526 2186 841 2252 praphetam.
888 2184 977 2249 T.,
1029 2184 1280 2240 Gaudavo
1307 2197 1485 2241 castro
1530 2186 1754 2241 elevatio

184 2257 427 2326 corporis
455 2257 511 2312 S.
542 2254 568 2292 ι)
600 2254 891 2309 Landualdi
918 2255 1256 2310 confessoris.

259 2388 351 2442 H.
378 2417 451 2429 —
481 2385 639 2441 XVIII
689 2387 823 2443 Κιι..
851 2386 1012 2442 Juut.
1064 2400 1083 2427 ε
1116 2386 1336 2443 Helizaei
1366 2389 1635 2457 pr0pbetaa
1658 2390 1762 2443 Au-

185 2481 405 2537 relianis
432 2482 645 2533 civitate
675 2479 950 2535 translatio
991 2480 1235 2548 corporis
1267 2479 1326 2536 S.
1361 2481 1387 2520 ἀ
1410 2480 1603 2541 Aniani
1649 2479 1761 2548 epi.

188 2573 337 2640 scopi
370 2581 423 2625 et
452 2571 795 2626 confessoris.

263 2665 315 2717 ln
355 2666 415 2717 D.
448 2664 695 2717 scribitur
723 2664 909 2717 natalis
940 2680 959 2727 ;
991 2663 1045 2717 in
1078 2663 1142 2717 V..
1178 2663 1243 2716 Β.
1291 2661 1353 2717 C.
1404 2663 1756 2732 interponitur

186 2732 553 2857 Ettfeliculw,
578 2747 771 2787 nomen
794 2748 859 2788 ex
886 2733 972 2788 die
1002 2734 1323 2802 praecedentl
1350 2748 1628 2804 perperam
1674 2750 1758 2788 re-

188 2820 256 2871 pe
284 2820 296 2857 ι
328 2820 437 2857 um.

257 2915 456 2973 Florus
484 2917 534 2972 in
568 2920 632 2975 A.
658 2916 722 2974 Τ.
753 2915 839 2985 L.,
873 2917 927 2974 ln
962 2932 1096 2989 pago
1121 2917 1427 2975 Suessionis
1456 2917 1631 2988 passio
1656 2914 1755 2974 SS.

181 3008 385 3065 Valerii
408 3022 462 3065 et
490 3014 512 3041 ε
548 3010 661 3066 Rufi
690 3010 800 3082 [L.,
826 3009 1022 3082 Rufini]
1055 3020 1344 3080 martyrum
1372 3026 1389 3065 :
1415 3011 1503 3079 qui
1532 3011 1612 3079 (ut
1636 3024 1754 3077 pro~

1872 1950 2032 2005 miani
2068 1950 2231 2004 Roma
2263 1949 2461 2018 egressi
2490 1959 2546 2005 et
2571 1949 2769 2004 Gallias
2798 1952 3027 2019 aggressi
3057 1966 3086 2006 a
3126 1951 3429 2007 liictiovaro

1870 2040 2122 2110 praefecto
2150 2040 2543 2107 comprehensi,
2569 2040 2773 2095 catenis
2796 2055 2859 2095 ac
2888 2042 3089 2096 carceri
3120 2043 3430 2110 mancipati,

1868 2132 2107 2202 equuleis
2147 2131 2411 2197 suspensi,
2444 2132 2729 2200 plumbatis
2772 2133 2918 2200 caesi,
2975 2142 3117 2187 tanta
3155 2149 3428 2202 poenarum

1867 2232 1989 2277 sunt
2037 2224 2328 2277 acerbitate
2375 2220 2579 2289 afﬂicti,
2625 2232 2684 2277 ut
2714 2232 2877 2278 totam
2924 2225 3164 2293 corporis
3193 2227 3425 2293 speciem

1868 2328 2029 2369 unum
2060 2313 2247 2367 vulnus
2297 2313 2608 2379 obduceret,
2652 2324 2706 2368 et
2732 2329 2897 2369 carne
2924 2315 3192 2374 deﬂuente
3220 2327 3427 2371 secreta

1864 2402 2126 2458 viscerum
2180 2403 2558 2471 pandereutur.
2607 2404 2801 2473 Sicque
2842 2404 3031 2459 iterum
3078 2407 3131 2459 in
3161 2420 3431 2462 carcereo

1862 2494 2009 2549 missi
2036 2505 2089 2548 et
2119 2495 2311 2548 ibidem
2342 2495 2409 2549 ab
2434 2495 2628 2565 angelo
2664 2496 2869 2551 Domini
2895 2497 3201 2565 confortati,
3248 2498 3314 2553 ad
3344 2499 3425 2553 ul-

1859 2590 2244 2658 timumgladio
2276 2591 2606 2660 jugulantur.

1934 2704 1986 2756 In
2017 2703 2079 2756 Τ.
2113 2703 2323 2755 additur
2353 2713 2400 2756 et
2436 2708 2455 2746 f
2488 2704 2721 2756 liberalia
2747 2705 2909 2772 ipsius
2940 2706 3152 2759 civitatis
3177 2724 3207 2759 a
3260 2706 3423 2761 Wan-

1864 2774 2015 2826 datis.
2047 2775 2111 2828 A.
2142 2774 2203 2825 Τ.
2240 2773 2319 2832 Β..
2355 2773 2407 2825 Ιιι
2443 2776 2676 2840 Aquileia
2710 2775 2881 2826 natale
2911 2776 2969 2829 S.
3004 2785 3029 2821 It
3062 2778 3223 2831 l’roti.
3255 2777 3335 2836 Β..
3366 2777 3421 2830 Ιςι

1863 2844 2028 2925 Callia
2059 2843 2359 2897 Suessionis
2389 2842 2602 2897 civitate
2634 2844 2811 2912 passio
2836 2843 2931 2898 SS.
2972 2845 3145 2899 llulini
3175 2856 3229 2901 et
3261 2846 3424 2903 Vale-

1864 2924 1925 2970 rlt
1959 2924 2265 2982 martyrum.

1934 3008 2018 3063 15.
2046 3040 2116 3050 —
2145 3006 2281 3061 XVII
2314 3006 2449 3061 ΚΜ..
2492 3005 2671 3061 Natale
2700 3006 2755 3060 S.
2781 3004 2806 3042 ιι
2850 3006 2951 3061 Viti
2981 3009 3249 3079 martyris.

180 3102 427 3173 sequitur
457 3102 518 3156 Ι...
570 3102 764 3169 solum,
814 3101 975 3158 Floro
1022 3102 1371 3158 nihilominus
1397 3100 1761 3171 imputandum
1791 3103 1839 3167 ο
1942 3099 2098 3153 Addit
2129 3097 2190 3152 V.
2217 3107 2269 3152 et
2304 3097 2364 3152 C.
2397 3098 2618 3153 Modesti
2648 3107 2699 3153 et
2728 3096 3068 3155 Crescentiaz.

1544 3208 1749 3266 SMITH
1787 3208 2007 3265 NOTAE.

257 3312 286 3341 ι
316 3301 583 3357 Felicitas.
616 3303 743 3369 Quae
770 3300 867 3357 fuit
913 3301 1248 3357 collactanea
1279 3301 1596 3357 Petronellaz
1640 3304 1750 3356 vir-

178 3374 322 3443 ginis
348 3389 382 3427 ll
409 3372 529 3427 Kal.
552 3373 689 3427 Junii
713 3373 995 3443 celebratio
1015 3387 1083 3443 ;,a
1112 3372 1305 3427 Flacco
1328 3384 1511 3427 autem
1532 3373 1748 3443 comite,

178 3442 275 3513 qui
304 3452 426 3513 post
451 3444 653 3513 obitum
682 3443 741 3497 S.
788 3442 1133 3513 Petrouellze,
1156 3457 1312 3513 quam
1363 3444 1507 3510 prius
1533 3442 1752 3513 adama-

180 3510 319 3579 ὕει(
353 3512 542 3567 tradita
582 3522 682 3577 est,
733 3512 957 3582 quiiagei
998 3510 1185 3565 noluit’
1212 3512 1434 3582 nubere,
1468 3526 1567 3566 nec
1596 3510 1749 3566 idolis

181 3582 490 3646 immolare,
540 3580 765 3636 cuidam
792 3580 981 3647 judici,
1014 3583 1100 3649 qui
1151 3597 1268 3636 eam
1319 3581 1371 3635 in
1426 3582 1761 3636 confessione

179 3652 386 3708 Christi
415 3659 872 3719 perseverantem,
896 3661 1015 3718 post
1046 3651 1432 3705 tenebricosam
1461 3650 1759 3706 custodiam

182 3730 242 3774 et
271 3720 426 3774 lamis
457 3722 705 3784 inediam,
742 3721 922 3773 tandiu
964 3719 1085 3773 fecit
1128 3721 1179 3773 in
1231 3722 1456 3789 equuleo
1498 3721 1755 3790 torqueri,

180 3790 357 3845 donec
387 3794 657 3845 emitteret
701 3792 1063 3858 spiritutn;et
1097 3793 1174 3843 sic
1218 3792 1427 3860 demum
1473 3793 1663 3860 deponi
1707 3801 1761 3843 et

180 3861 237 3914 in
268 3862 503 3913 cloacam
533 3861 848 3925 praecipitari
880 3877 891 3911 :
923 3874 1081 3928 quam
1126 3861 1184 3915 S.
1224 3859 1757 3927 Nicomedessepeli-

177 3931 257 3983 vit
292 3929 385 3983 Via
433 3930 722 3983 Ardeatiua
772 3931 1000 3997 septimo
1026 3928 1273 3982 milliario
1298 3930 1365 3982 ab
1406 3930 1536 3983 urbe
1566 3930 1754 3982 lloma.

187 3999 325 4053 Vide
355 4003 493 4067 apud
526 4001 654 4069 Acta
680 4009 984 4052 sanctorum
1015 4014 1101 4053 res
1130 4008 1305 4068 gestas
1328 3998 1427 4053 SS.
1459 3998 1750 4069 Martyrum

178 4069 342 4124 Nerei
378 4078 431 4124 et
461 4068 703 4136 Achillei,
732 4084 803 4122 xu
834 4069 975 4124 Maii.

260 4156 287 4230 ξ’
326 4157 647 4230 Landualdt’.
690 4158 853 4228 Cujus
903 4159 1093 4215 natalis
1122 4173 1279 4230 supra
1328 4160 1628 4217 celebratur
1668 4174 1757 4214 stv

176 4227 303 4283 Kal.
333 4226 554 4295 Aprilis.
769 4226 779 4228 ἡ
1188 4226 1204 4230 ⁷

255 4307 280 4335 ε
310 4297 551 4352 "dimi.
582 4297 682 4363 Qui
733 4298 1067 4367 prephetavit
1114 4308 1169 4355 et
1211 4298 1404 4353 claruit
1429 4299 1530 4354 sub
1572 4300 1751 4355 Joram

172 4375 233 4421 et
269 4368 408 4421 Jebu
436 4379 490 4421 et
517 4367 749 4438 Joat-haz
773 4369 984 4438 regibus
1008 4369 1167 4424 Israel
1198 4370 1252 4423 in
1277 4369 1537 4424 Samaria.
1566 4370 1755 4436 Sepul-

172 4448 261 4515 tus
285 4440 666 4528 lest-autem‘iu
696 4437 934 4528 samaria
964 4439 1282 4528 Palaestinae,
1308 4453 1465 4528 quam
1492 4440 1751 4528 Sebasten
1786 4467 1837 4528 ι)

170 4508 232 4559 in
284 4505 543 4577 honorem
574 4507 795 4577 Augusti
845 4508 1079 4562 Herodes
1109 4505 1443 4576 postmodum
1490 4509 1699 4564 vocavit
1736 4527 1750 4563 :

180 4576 274 4629 ubi
305 4584 362 4630 et
384 4575 582 4629 Abdias
610 4575 860 4645 propheta
891 4586 948 4631 et
971 4575 1208 4632 Joannes
1243 4578 1479 4646 Baptista
1510 4580 1752 4648 requies-

174 4648 461 4717 cunt.A_Ad
502 4661 731 4717 quorum
753 4648 1159 4717 sepulcraAvaria
1202 4648 1455 4717 miracula
1488 4649 1661 4717 fiunt,
1697 4658 1752 4705 ut

174 4715 309 4769 dicit
336 4712 693 4782 Hieronymus
725 4712 860 4769 libro
889 4716 954 4770 de
978 4714 1094 4769 Vita
1125 4716 1329 4771 Paulae.

248 4804 279 4843 ει
306 4806 514 4860 Αηίαηὶ.
545 4806 706 4874 Cujus
750 4806 937 4862 natalis
981 4807 1118 4861 infra
1162 4807 1461 4864 celebratur
1503 4808 1588 4864 die
1638 4824 1755 4864 xvn

173 4874 520 4930 Novembris.

249 4973 275 5001 ο
307 4963 659 5035 ΒριμΑΙίιθι·
710 4964 907 5019 Rutini.
939 4965 1137 5019 [lorum
1169 4980 1391 5035 corpora
1423 4968 1548 5023 dum
1593 4968 1750 5025 Chri-

176 5033 435 5104 stianiad
463 5033 821 5088 Rhemensem
863 5036 1133 5089 civitatem
1171 5033 1380 5092 deferre
1409 5040 1639 5104 vellent,
1682 5040 1752 5095 de

178 5105 297 5157 loco
350 5102 403 5155 in
456 5119 561 5171 quo
606 5106 865 5158 decollata
915 5105 1127 5158 fuerant
1177 5108 1477 5164 nullatenus
1530 5102 1750 5167 movere

177 5182 491 5242 potuerunt.
530 5174 708 5242 Ibique
738 5189 796 5226 ea
824 5176 1173 5241 sepelierunt.

257 5241 276 5278 τ
330 5241 612 5295 Libet-ario.
671 5244 802 5297 Cum
856 5253 1033 5298 autem
1082 5244 1245 5298 Attila
1295 5245 1603 5301 Chunorum
1650 5264 1748 5304 rex

177 5310 618 5383 Aurelianensem
679 5314 947 5367 civitatem
1002 5313 1282 5367 obsidione
1342 5326 1628 5383 premeret,
1682 5320 1742 5375 S.

177 5380 418 5451 Anianus
445 5382 687 5448 ejusdem
713 5382 810 5436 loci
834 5382 1117 5449 episcopus
1151 5380 1397 5451 precibus
1441 5387 1551 5439 suis
1578 5380 1741 5442 a'Deo

175 5450 431 5502 auxrliutn
459 5451 791 5518 impetravit;
821 5453 1004 5506 Aetius
1028 5450 1191 5511 enim.
1222 5463 1274 5505 et
1298 5452 1613 5509 Theodorus
1637 5455 1743 5511 Go—

178 5518 395 5572 thorum
430 5535 542 5583 rex,
572 5536 634 5574 ac
663 5520 1086 5574 Thurismundus
1118 5522 1255 5575 filius
1302 5522 1420 5589 ejus
1459 5524 1525 5577 ad
1556 5524 1739 5580 civita-

177 5596 281 5663 tem
331 5603 616 5663 accurrere
666 5600 719 5663 et
764 5592 971 5663 hostem
1004 5592 1267 5659 repulere.
1326 5592 1484 5663 Creg.
1534 5595 1735 5651 Turon.

176 5655 311 5710 ﬂist.
346 5673 405 5721 ll,
434 5657 485 5710 7.
522 5658 859 5728 Freodegarii
888 5655 1202 5726 Fragmenta
1230 5663 1297 5716 de
1323 5655 1460 5717 Hist:
1500 5663 1737 5719 Franco-

175 5739 316 5793 rum,
346 5742 466 5799 cap.
498 5728 549 5785 5.
578 5729 837 5787 Scribitur
864 5731 917 5786 in
948 5730 1178 5787 Historia
1202 5734 1616 5802 patriarcharum
1642 5734 1733 5792 Bi-

1866 3302 2233 3375 turicensium,
2262 3318 2381 3373 cap.
2410 3304 2498 3371 l3,
2522 3305 2657 3375 apud
2690 3305 2827 3361 Phil.
2862 3306 3075 3361 Labbzei
3108 3306 3244 3362 Bibl.
3288 3306 3421 3363 Nov.

1859 3372 1918 3426 S.
1951 3374 2213 3427 Anianum
2262 3372 2568 3429 liberavisse
2597 3377 2863 3430 civitatem
2897 3386 3051 3431 sexto
3080 3392 3219 3431 anno
3248 3378 3423 3432 Palla—

1857 3442 1929 3495 dii
1975 3443 2164 3516 decimi
2206 3443 2354 3516 tertii
2407 3445 2701 3515 Biturigum
2754 3446 3182 3516 archiepiscopi,
3225 3448 3278 3502 id
3335 3459 3421 3503 est

1857 3525 1996 3565 anno
2024 3510 2220 3567 Christi
2250 3514 2374 3568 45L

1931 3586 1955 3624 ε
1981 3580 2145 3656 grati.
2171 3583 2268 3656 llic
2316 3596 2436 3637 cum
2459 3584 2644 3639 Cautio
2680 3594 2734 3641 et
2756 3585 3020 3656 Cantiano
3050 3600 3207 3656 supra
3229 3586 3424 3641 colitur

1858 3666 1961 3706 xxx
1986 3652 2125 3704 Maii.
2170 3653 2276 3707 llos
2315 3663 2489 3708 tamen
2510 3670 2714 3720 -,omnes
2740 3655 3016 3711 Ferrarius
3037 3657 3095 3711 in
3119 3652 3231 3713 'suo
3269 3657 3423 3711 Cata-

1860 3720 1981 3813 logo
1997 3726 2237 3813 generali
2267 3723 2429 3813 hodie
2459 3736 2739 3813 memorat.

1850 3860 1853 3867 Ι
1929 3787 1956 3828 h
1995 3787 2119 3867 Viti,
2158 3792 2373 3867 Modesti
2401 3805 2447 3867 et
2478 3793 2793 3847 Crescentire.
2825 3795 2924 3861 Qui
2956 3796 3142 3849 beatus
3174 3796 3322 3849 Vitus
3368 3799 3419 3849 in

1862 3862 2157 3926 puerilitute
2225 3865 2504 3915 virtuttlms
2554 3877 2831 3930 maturus,
2887 3868 3113 3932 primum
3186 3882 3215 3919 a
3270 3878 3416 3932 patre

1859 3946 1956 4011 suo
1979 3932 2236 4011 sacrilego
2259 3932 2410 4011 Hyla,
2432 3944 2487 4011 ut
2517 3935 2674 4011 aulide
2697 3934 3000 4011 decederet,
3033 3946 3261 4011 tentatus
3288 3948 3366 3987 est
3396 3954 3407 3987 :

1863 3999 2056 4051 deinde
2085 4014 2114 4051 a
2146 3999 2424 4055 Valeriano
2464 4001 2640 4068 judice
2668 4005 2927 4056 cathomis
2951 4020 3146 4065 euistts,
3194 4006 3245 4056 in
3288 4013 3429 4055 eon-'

1863 4068 2095 4122 fessionc
2144 4070 2342 4123 Christi
2400 4076 2707 4136 permansit.
2763 4072 2889 4125 lude
2939 4072 3175 4126 redditus
3240 4075 3414 4139 patri,

1866 4140 2197 4211 cumpaanis
2218 4140 2450 4206 al‘lligere
2480 4156 2599 4193 eum
2634 4150 2781 4211 pater
2810 4142 3177 4204 meditaretur,
3210 4144 3414 4211 monitu

1863 4208 2034 4276 angeli
2080 4210 2259 4261 navim
2300 4208 2666 4264 conscendens
2708 4212 3087 4265 comitantibus
3134 4228 3254 4265 eum
3304 4210 3415 4265 Μο-

1861 4278 2014 4349 desto
2058 4288 2109 4349 et
2155 4277 2474 4333 Crescentite
2512 4280 2875 4344 nutritoribus,
2934 4283 2997 4332 ad
3037 4283 3207 4334 locum
3257 4297 3414 4349 quem

1862 4347 2202 4401 Allectorium
2253 4360 2439 4402 vocant
2491 4350 2707 4404 devenit
2751 4368 2764 4403 :

1861 4414 2171 4471 Diocletiani
2197 4417 2459 4473 daemonio
2484 4433 2724 4473 vexatam
2755 4414 3007 4489 quasitus
3048 4414 3102 4475 et
3132 4421 3412 4485 adductus,

1859 4500 1975 4541 eam
2022 4488 2261 4543 oratione
2305 4492 2529 4542 sanavit.
2561 4491 2666 4544 Sed
2715 4488 2832 4542 cum
2877 4494 3164 4558 imperator
3204 4508 3407 4559 nequa-

1858 4573 2012 4630 quam
2042 4572 2164 4630 eum
2207 4559 2619 4630 adiconseusum
2650 4559 2908 4614 idolorum
2957 4561 3278 4628 persuadere
3320 4578 3409 4630 po-

1859 4628 2067 4693 tuisset,
2099 4629 2324 4682 vinculis
2360 4630 2543 4683 ferreis
2572 4631 2841 4685 astrictum
2882 4632 2934 4683 in
2963 4646 3234 4685 carcerem
3282 4628 3409 4687 cun-

1852 4696 1942 4764 jici
1980 4697 2138 4769 jussit
2179 4714 2298 4752 cum
2355 4698 2594 4753 Modesto
2647 4710 2805 4769 atque
2856 4702 3157 4753 Crescentis
3212 4717 3223 4752 :
3275 4716 3411 4768 quos

1857 4776 2041 4833 postea
2066 4768 2418 4822 Diocletianus
2440 4770 2490 4822 in
2513 4770 2674 4823 ollam
2706 4768 2882 4824 resina
2904 4781 2956 4823 et
2978 4772 3092 4837 pice
3116 4781 3168 4823 et
3194 4770 3411 4836 pltttnbo

1855 4848 2162 4909 succensam
2188 4836 2378 4903 jactari
2406 4843 2690 4907 praecepit:
2721 4836 3029 4909 egressique
3054 4841 3139 4909 de
3206 4840 3309 4892 olla
3333 4840 3404 4909 il-

1853 4904 1989 4968 laesi,
2016 4906 2265 4959 dimiSsus
2301 4910 2379 4960 eis
2410 4904 2505 4961 leo
2546 4904 3064 4975 ferocissimus,'qni
3093 4923 3214 4960 mox
3246 4907 3405 4975 pedes

1853 4987 2038 5027 eorum
2092 4976 2287 5041 lingere
2312 4979 2492 5044 coepit.
2525 4978 2820 5033 Novissime
2847 4993 2972 5031 vero
3001 4987 3188 5031 orante
3235 4993 3402 5044 puero

1854 5052 1911 5116 ut
1937 5043 2411 5116 liberarentur,_ab
2441 5049 2625 5116 angelo
2654 5048 2871 5116 repositi
2917 5058 3036 5099 sunt
3073 5048 3215 5100 illico
3240 5043 3403 5114 juxta

1852 5112 2067 5165 fluvium
2098 5113 2186 5180 qui
2231 5113 2423 5168 dicitur
2460 5112 2661 5171 Silarus
2689 5112 2740 5171 in
2790 5117 3061 5180 Lucania;
3097 5118 3185 5169 ubi
3226 5112 3406 5185 quies-

1850 5192 2032 5235 centes
2060 5185 2160 5235 sub
2204 5188 2415 5245 arbore,
2460 5187 2662 5239 animas
2707 5202 2832 5240 suas
2875 5188 2981 5239 Deo
3026 5187 3395 5239 reddiderunt.

1850 5251 2115 5323 Florentia
2146 5267 2270 5305 vero
2300 5255 2490 5308 femina
2536 5257 2890 5310 lIIUstl‘iSsitlla
2922 5270 3141 5323 corpora
3188 5265 3405 5309 sancto-

1850 5335 1963 5372 rum
1993 5322 2225 5386 Collegit,
2255 5332 2308 5375 et
2341 5326 2389 5376 in
2421 5324 2537 5377 loco
2558 5326 2644 5392 qui
2672 5326 2864 5379 dicitur
2882 5322 3163 5389 Marianas,
3188 5326 3400 5379 condita

1848 5392 2172 5462 animalibus
2200 5392 2462 5462 sepelivit.
2491 5398 2626 5456 Ano,
2667 5394 2883 5460 Sumus,
2917 5405 3044 5447 tum.
3079 5394 3167 5447 ΙΙΙ.
3196 5395 3403 5462 Corpus

1846 5458 1903 5533 S.
1941 5461 2039 5512 Viti
2068 5458 2375 5533 translatum
2406 5464 2729 5533 esseABoma
2764 5458 2991 5518 Parisios
3026 5464 3210 5518 scribit
3253 5458 3402 5533 Sige-

1847 5528 1986 5583 bert.
2020 5535 2073 5583 in
2098 5530 2295 5584 Chron.
2325 5545 2464 5585 anno
2492 5531 2613 5587 755.
2649 5533 2773 5586 lnde
2801 5549 2945 5593 vero.
2978 5545 3033 5585 ut
3062 5535 3200 5588 idem
3230 5528 3403 5595 ait.'in

1845 5598 2130 5652 Saxoniam
2157 5598 2387 5653 delatqu
2417 5611 2497 5654 est
2524 5617 2665 5656 anno
2694 5602 2821 5657 836.
2855 5601 2910 5655 In
2938 5603 3116 5657 Sicilia
3166 5604 3399 5657 maxime

1844 5668 2217 5743 celebrantur,
2249 5679 2304 5722 ut
2349 5681 2555 5724 constat
2600 5686 2664 5726 ex
2714 5671 3101 5743 Martyrologtis
3152 5673 3399 5740 Usuardi,

1846 5737 2067 5804 Adonis,
2102 5737 2270 5795 litedre
2297 5752 2512 5811 suppos.
2546 5749 2601 5799 ct
2629 5744 2790 5799 nostri
2821 5737 2984 5797 Flori.

2812 4350 2936 4404 inde
2987 4362 3205 4417 promer
3253 4352 3413 4403 filiam
3510 4354 3517 4359 "
