3988 6346
508 362 611 419 917

1264 355 1461 411 ΒΕὓίΕ
1505 353 1953 410 VENEliABILlS
1992 353 2143 409 OPP.
2187 355 2359 409 PARS
2402 355 2486 409 ιν.
2531 385 2599 395 --
2641 354 3025 412 ιιιδτυκειιω.

3676 353 3787 413 918

1820 469 2045 523 EDITIO
2082 468 2550 527 COLONIENSIS.

505 586 623 628 rum
656 576 946 638 martyrum
976 564 1102 628 \‘iti,
1127 562 1349 619 Modesti
1381 568 1435 616 et
1464 561 1805 617 Cresceiitiie.
1835 560 1933 628 Qui
1967 561 2092 615 bea-
2118 570 2167 627 Α
2194 562 2515 617 aromatihus
2545 562 2807 632 sepelivit.
2837 560 2992 634 Apud
3018 559 3233 617 Ll'esiam
3262 558 3433 617 sancti
3477 557 3662 625 Esicii,
3693 563 3786 630 qui

507 673 594 716 tus
627 660 774 715 Vitus
802 659 850 711 iti
885 654 1181 725 pucrilitate
1232 653 1513 707 virtutibus
1561 664 1833 716 maturus,
1865 651 2093 720 primum

506 768 537 804 a
568 760 718 821 patre
744 762 842 802 suo
867 745 1125 815 sacrilego
1157 743 1313 814 llyla,
1363 752 1417 797 ut
1449 758 1477 795 a
1509 744 1715 796 cultura
1760 740 1851 795 Dei
1880 740 2095 795 recede-

505 850 610 906 ret,
642 845 870 894 tentatus
898 846 1019 900 est;
1051 835 1242 888 deinde
1268 850 1296 886 a
1322 833 1599 887 Valeriano
1620 832 1802 901 judice
1830 830 2095 884 cailiomis

506 943 700 995 caesus,
731 928 783 982 in
809 925 1144 981 confessione
1165 922 1361 977 Christi
1403 922 1713 991 permansit.
1762 920 1889 975 lude
1920 919 2094 974 reddis

503 1031 592 1078 tus
609 1022 763 1091 patri,
782 1034 901 1074 cum
930 1018 1101 1087 poenis
1126 1016 1365 1085 afﬂigere
1385 1017 1528 1071 illum
1556 1028 1704 1086 pater
1725 1015 2097 1081 meditaretur,

504 1113 716 1169 monitu
745 1110 917 1180 angeli
950 1124 1136 1164 navem
1163 1108 1553 1174 conscendens,
1599 1108 1973 1162 comitantibus
2002 1121 2092 1161 se-

504 1218 629 1261 cum
660 1200 901 1258 Modesto
948 1209 1004 1255 et
1047 1198 1351 1255 Crescetitia
1406 1197 1772 1263 nutritoribus,
1823 1197 1889 1250 ad
1920 1196 2091 1251 Tliani

507 1292 859 1366 Agritlianum
886 1290 1218 1346 territorium
1247 1290 1493 1354 devenit;
1524 1289 1643 1344 inde
1673 1299 1889 1359 propter
1928 1290 2089 1343 tiliam

412 1420 413 1423 η
508 1383 824 1442 Diocletiani
856 1382 1191 1451 imperatoris
1236 1381 1500 1435 dicnionio
1532 1391 1770 1435 vexatam
1790 1421 1806 1446 ,
1838 1381 2092 1451 quaesitus

510 1482 567 1530 et
595 1474 856 1545 adductus
880 1473 944 1526 ad
970 1487 1114 1539 eum,
1147 1472 1260 1540 ejus
1284 1473 1444 1526 tiliam
1468 1474 1710 1527 oratione
1737 1480 1967 1527 curavit.
1987 1474 2092 1529 Sed

510 1581 633 1623 cum
658 1568 946 1636 imperator
967 1565 1161 1633 impius
1183 1580 1511 1634 nequaquam
1537 1580 1657 1619 eum
1689 1564 1752 1617 ad
1775 1580 2093 1621 consensum

512 1657 778 1713 idolorum
809 1655 1128 1727 persuadere
1158 1656 1449 1723 potuisset,
1481 1654 1703 1709 vinculis
1731 1654 1919 1710 ferreis
1941 1658 2097 1711 astri-

511 1762 657 1808 ctum
714 1749 771 1804 in
827 1748 1152 1804 teterrimum
1201 1747 1377 1802 induci
1431 1762 1696 1801 carcerem
1730 1747 1925 1816 jussit,
1974 1764 2095 1802 cunt

513 1849 754 1907 Modesto
779 1855 936 1917 atque
966 1845 1303 1910 Crescentia;
1357 1861 1487 1912 quos
1518 1855 1701 1913 postea
1742 1845 2097 1900 Diocletianus

2197 656 2296 709 sub
2323 656 2547 722 praeside
2575 657 2892 710 Maximiano
2923 656 3179 725 martyrio
3220 665 3505 710 coronatus
3532 664 3639 709 est.

2270 746 2330 803 F.
2363 747 2480 801 XVI
2511 747 2747 803 Kttexo.
2781 749 2944 803 Jour.
2974 776 3046 787 —
3086 748 3238 816 Apud
3282 749 3465 803 urbem
3508 746 3787 801 Vesontio-

2198 854 2415 893 nenseui
2445 848 2749 893 sanctorum
2785 840 3015 895 Ferreoli
3047 838 3365 909 presbyteri,
3415 846 3472 893 et
3501 836 3787 892 Ferrutio—

2200 930 2282 982 nis
2314 929 2542 996 diaconi,
2571 932 2657 998 qui
2688 946 2717 984 a
2750 932 2807 984 Β.
2845 931 3088 1000 llyreneo
3137 929 3478 1001 Lugdntiensi
3534 927 3789 991 episcopo

2197 1031 2250 1075 et
2276 1032 2508 1089 martyre
2550 1020 2615 1073 ad
2641 1020 3031 1091 praedicandum
3073 1021 3295 1073 verbum
3342 1018 3433 1072 Dei
3465 1018 3656 1081 missi,
3688 1018 3785 1070 sub

2198 1112 2413 1177 Claudio
2432 1112 2609 1180 judice
2638 1111 2702 1165 ad
2727 1111 2989 1165 troclileas
3017 1110 3239 1174 extenti,
3271 1122 3322 1164 et
3353 1109 3609 1177 ﬂagellati
3642 1117 3786 1171 sunt;

2197 1205 2387 1260 deinde
2419 1204 2604 1259 inclusi
2636 1218 2851 1257 carcere
2873 1247 2886 1270 ,
2920 1217 3077 1257 mane
3104 1200 3392 1271 amputatis
3422 1198 3616 1268 linguis
3647 1212 3786 1266 prae-

2198 1296 2444 1352 dicabant
2474 1297 2691 1350 verbum
2723 1292 2837 1347 Dei.
2873 1293 2998 1347 Post
3016 1294 3126 1345 haec
3154 1292 3357 1345 subula:
3383 1291 3601 1359 triginta
3630 1289 3787 1345 utris-

2199 1403 2300 1459 que
2333 1387 2507 1439 infixa:
2537 1386 2781 1438 manibus
2821 1397 2874 1438 et
2903 1384 3121 1453 pedibus
3167 1394 3378 1452 pectore
3402 1422 3417 1445 ,
3446 1383 3512 1435 ad
3544 1382 3786 1437 ultimum

2198 1478 2372 1546 gladio
2405 1475 2684 1531 feriuntur.
2741 1476 2805 1528 Et
2854 1475 2906 1528 in
2949 1476 3163 1529 civitate
3214 1476 3556 1544 Mogontiaco
3608 1476 3784 1543 passio

2197 1580 2501 1623 sanctorum
2530 1567 2688 1621 Aurei
2730 1575 2784 1621 et
2809 1565 3031 1621 Iustinae
3060 1567 3265 1621 sororis
3293 1566 3433 1635 ejus,
3466 1567 3560 1636 qui
3589 1568 3659 1619 ab
3690 1567 3794 1619 llu-

2200 1661 2281 1716 nis
2306 1660 2632 1713 vastantibus
2678 1658 3020 1713 Germaniam
3069 1659 3120 1712 in
3172 1659 3403 1712 Ecclesia
3451 1658 3619 1712 occisi
3647 1669 3785 1712 sunt.

2199 1752 2330 1807 Item
2365 1755 2414 1806 iii
2447 1752 2724 1806 Antiochia
2755 1764 3058 1806 sanctorum
3100 1751 3262 1806 Cirici
3308 1761 3362 1807 et
3391 1749 3575 1805 Julitze
3604 1753 3791 1805 matris

2200 1843 2338 1914 ejus,
2370 1860 2592 1913 quorum
2628 1845 2773 1912 prior
2805 1853 2925 1913 post
2951 1845 3064 1899 dira
3095 1844 3313 1898 verbera
3335 1883 3353 1908 ,
3391 1844 3557 1898 etiam
3589 1843 3789 1897 calcem

515 1944 572 1999 in
601 1942 759 1996 ollam
790 1942 965 1996 resina
991 1948 1044 1994 et
1072 1937 1210 2005 pice,
1243 1946 1296 1990 et
1325 1936 1542 2005 plumbo
1569 1951 1877 1989 succensam
1905 1936 2089 2005 jactari
2123 1958 2169 2017 Β
2204 1950 2322 1988 cum
2354 1944 2506 1988 aceto
2530 1947 2582 1988 et
2612 1936 2781 2003 sinapi
2828 1937 2880 1990 in
2907 1951 2969 1990 os
2999 1936 3225 2003 accepit.
3280 1933 3481 1989 Deinde
3508 1934 3682 1987 clavis
3709 1933 3793 1987 al-

511 2037 768 2107 prtecepit
797 2054 810 2089 :
840 2035 1147 2105 egressique
1174 2032 1243 2087 de
1270 2030 1371 2086 olla
1401 2027 1549 2082 illaesi
1573 2072 1586 2095 ,
1614 2027 1866 2081 dimissus
1894 2029 1970 2082 eis
2010 2027 2093 2082 leo

508 2126 893 2191 ferocissimus,
942 2125 1031 2196 qui
1065 2139 1186 2179 mox
1231 2122 1395 2192 pedes
1438 2134 1623 2173 eorum
1670 2119 1869 2186 lingere
1900 2118 2091 2184 C(Bpit;

508 2218 795 2275 novissime
823 2232 949 2272 vero
967 2216 1118 2286 juxta
1150 2215 1366 2269 ﬂuvium
1411 2213 1498 2281 qui
1529 2209 1723 2264 dicitur
1747 2208 1915 2270 Siler,
1947 2207 2098 2276 quie-

506 2319 719 2365 scentes
746 2307 846 2363 sub
867 2308 1081 2371 arbore,
1102 2304 1306 2359 animas
1332 2316 1458 2356 suas
1479 2301 1704 2375 Domino
1728 2297 2094 2351 reddiderunt.

511 2377 783 2459 florentia
814 2414 941 2453 vero
970 2398 1161 2452 femina
1209 2395 1589 2456 illustrissima,
1628 2404 1851 2460 corpora
1881 2401 2096 2445 sancto-

516 2506 635 2547 rum
660 2490 895 2561 collegit,
940 2497 995 2545 et
1022 2490 1074 2543 in
1104 2489 1221 2543 loco
1248 2488 1335 2556 qui
1357 2484 1551 2541 dicitur
1571 2482 1855 2541 Mariauus.
1889 2481 2098 2536 condita

2200 2028 2289 2082 fixi
2323 2030 2519 2097 pariter
2546 2029 2743 2083 evulsis
2769 2027 2937 2082 oculis
2967 2029 3019 2081 in
3051 2041 3319 2081 carcerem
3348 2028 3477 2080 trusi
3498 2035 3648 2081 sunt.
3673 2027 3795 2081 Post

2202 2118 2584 2173 liascdecalvati
2609 2127 2661 2171 et
2676 2119 2931 2172 excoriati
2948 2132 3110 2187 super
3134 2119 3396 2172 carbones
3421 2120 3474 2169 in
3494 2116 3638 2169 lecto
3654 2130 3797 2170 :creo

2206 2209 2367 2262 assati
2386 2218 2507 2263 sunt
2526 2226 2541 2274 ;
2559 2210 2623 2262 ad
2645 2209 2889 2263 ultimum
2912 2209 3067 2263 ferris
3081 2210 3269 2274 attriti,
3286 2211 3578 2276 amputatis
3603 2208 3797 2277 linguis

2205 2300 2444 2370 martyrii
2457 2300 2535 2353 sui
2553 2314 2764 2354 cursum
2783 2300 3187 2354 obtruncatione
3199 2302 3388 2368 capitis
3404 2300 3785 2369 impleverunt.

2205 2389 2355 2446 Pa~si
2378 2400 2499 2445 sunt
2520 2405 2637 2444 cum
2652 2392 2729 2445 cis
2739 2400 2795 2445 et
2813 2391 2900 2445 alii
2922 2390 3289 2459 quadringenti
3308 2400 3564 2460 quatuor.
3591 2390 3788 2445 Eodem

2208 2480 2296 2535 die
2321 2481 2585 2551 depositio
2603 2483 2768 2537 sancti
2788 2481 2959 2538 Alexii
2987 2481 3337 2537 confessoris.

1767 2576 1992 2631 EDITIO
2030 2575 2539 2631 BOLLANDIANA.

584 2671 797 2726 Plenius
848 2669 1035 2724 Florus
1084 2669 1134 2722 in
1182 2666 1248 2722 A.
1298 2666 1362 2721 Τ.
1411 2666 1473 2721 L.
1516 2682 1530 2717 :
1578 2665 1642 2719 lu'
1685 2665 1867 2721 Sicilia
1919 2667 2096 2722 natale

508 2772 817 2817 sanctOrum
848 2770 1140 2829 martyrum
1170 2756 1273 2810 Viti
1308 2757 1476 2825 pueri,
1506 2764 1555 2809 et
1582 2753 1807 2809 Modesti
1837 2756 1982 2809 senis
2007 2765 2089 2809 at-

507 2864 613 2919 que
641 2847 962 2903 Crescentia)
990 2845 1079 2917 [Α.
1111 2855 1159 2898 et
1205 2844 1268 2898 L.
1310 2861 1411 2898 om.
1460 2843 1825 2915 Crescentim],
1856 2844 1946 2913 qui
1988 2844 2088 2898 sub

509 2940 842 2995 Diocletiano
871 2946 926 2992 et
975 2938 1293 2990 Maximiano
1343 2935 1503 2988 variis
1552 2945 1675 2989 sunt
1725 2949 1824 3003 pro
1868 2934 2084 2988 nomine

507 3030 705 3085 Christi
738 3030 907 3099 pot-nis
936 3029 1118 3082 afﬂicti
1148 3037 1201 3082 et
1232 3026 1566 3095 passionibus
1598 3026 1862 3080 coronati.

576 3124 641 3177 Τ.
670 3135 724 3178 et
754 3123 816 3179 L.
845 3120 962 3191 (sed
993 3124 1090 3175 lioc
1118 3122 1288 3173 locum
1319 3120 1561 3187 omittit),
1596 3117 1749 3185 Apud
1781 3115 2083 3191 Crispinum

511 3197 687 3250 natale
718 3196 775 3249 ὃ.
811 3188 861 3228 ⁸⁷
887 3193 1164 3246 Landoliui
1196 3192 1518 3244 conlessoris
1548 3198 1601 3241 et
1636 3188 1950 3250 sacerdotis.
2002 3188 2087 3251 8.,

510 3268 567 3322 1n
587 3266 611 3302 ι»
628 3266 866 3335 Aquileia
887 3263 1148 3327 Caiitiaui,
1174 3261 1484 3317 Clementis.
1509 3259 1565 3312 ln
1586 3257 1818 3312 Lucania
1836 3257 2084 3325 Candidi,

508 3339 675 3402 l’roti,
708 3336 1013 3402 Gt'tSngOlii.

580 3428 669 3484 lii.
697 3455 769 3469 -—
794 3425 913 3479 XVI
944 3424 1078 3478 KAL.
1112 3431 1135 3460 °
1187 3421 1422 3477 Ferreoli
1455 3418 1750 3489 presbyteri
1781 3426 1835 3473 et
1877 3416 2083 3473 Ferru-

2197 2683 2333 2734 rein,
2361 2666 2521 2735 jussit
2548 2666 2788 2722 incudem
2816 2682 3017 2723 aeneam
3045 2668 3266 2737 pedibus
3306 2684 3498 2723 corum
3527 2672 3785 2740 supponi,

2193 2759 2375 2827 sicque
2401 2774 2493 2812 eos
2521 2758 2854 2826 abscindere,
2910 2761 3176 2831 tibiasque
3206 2777 3394 2817 eorum
3438 2762 3781 2836 confringere

2191 2849 2365 2905 donec
2396 2850 2713 2905 deliceretit.

2260 2984 2402 3041 ldem
2445 2987 2495 3039 in
2526 2985 2587 3040 T.
2623 2985 2793 3051 primo
2824 2985 2944 3039 loco
2985 3003 2996 3037 :
3033 2986 3184 3053 Apud
3218 2987 3571 3043 Antiochiam
3609 2989 3785 3056 passio

2197 3077 2256 3131 S.
2283 3076 2459 3145 Cyrici
2499 3083 2554 3128 et
2582 3073 2774 3127 lulitta:
2814 3073 3000 3128 matris
3028 3076 3142 3142 ejus
3177 3092 3188 3126 :
3218 3090 3451 3143 quorum
3489 3079 3642 3143 prior
3671 3086 3787 3144 post

2195 3168 2308 3223 dira
2347 3169 2590 3230 verbera,
2621 3167 2779 3220 etiam
2810 3166 3008 3218 calcem
3036 3180 3155 3218 cuin
3181 3176 3333 3219 accto
3364 3179 3417 3221 et
3443 3168 3627 3234 sinapi
3652 3169 3701 3220 in
3726 3181 3784 3220 os

2194 3261 2399 3330 accepit
2432 3278 2445 3313 :
2478 3260 2670 3333 deinde
2696 3259 2893 3328 pariter
2914 3261 3080 3312 clavis
3121 3261 3340 3325 contini,
3383 3260 3589 3314 evulsis
3619 3260 3782 3314 oculis

2196 3354 2250 3408 in
2284 3368 2553 3409 carcerem
2587 3353 2718 3406 trusi
2749 3360 2892 3405 sunt.
2938 3350 3063 3404 Post
3092 3351 3208 3405 hinc
3235 3353 3503 3407 decalvati
3534 3362 3593 3408 et
3621 3368 3779 3408 exco-

2198 3446 2322 3500 riati
2362 3460 2522 3514 super
2551 3444 2811 3498 carbones
2843 3443 2894 3497 in
2931 3443 3067 3497 lectu
3105 3458 3259 3496 :eneo
3297 3444 3463 3497 assati
3502 3454 3654 3498 sunt.
3685 3443 3781 3509 Qui

508 3518 674 3574 “(mis
701 3516 932 3581 άί³⁰⁰¹¹ίν
968 3514 1060 3586 qm
1105 3514 1211 3606 59b,
1245 3512 1468 3606 unum"
1496 3511 1673 3581 Ῑυάίθθ
1702 3511 1766 3563 ad
1816 3510 2084 3606 ίῗθθξδίθπ
2114 3518 2160 3579 C
2194 3510 2455 3606 regnante
2480 3535 2810 3600 Alexandro,
2842 3534 2941 3587 sub
2972 3532 3204 3602 praeside
3232 3520 3544 3588 Alexandro
3564 3574 3582 3598 ,
3633 3549 3782 3587 mar-

509 3610 709 3664 extenti
742 3618 795 3661 et
822 3606 1106 3677 llagellati,
1134 3605 1327 3658 deinde
1374 3604 1427 3658 in
1457 3616 1727 3657 carcerein
1760 3598 1983 3666 reclusi,
2031 3607 2087 3654 et

511 3717 669 3756 inane
717 3700 1004 3769 amputatis
1053 3698 1246 3766 linguis
1298 3695 1659 3765 praedicabant
1701 3694 1922 3748 verbum
1967 3690 2093 3748 Dei.

515 3797 642 3848 l’ost
685 3793 800 3846 lia'c
846 3790 1050 3847 subula:
1084 3789 1298 3859 triginta
1332 3789 1569 3856 utrisque
1614 3786 1789 3840 inlisa:
1833 3785 1884 3839 iii
1916 3784 2088 3838 mani-

512 3891 612 3940 lius
642 3898 693 3941 et
725 3885 973 3955 pedibus,
1021 3891 1077 3939 et
1126 3892 1344 3952 pectore
1383 3881 1451 3935 ad
1501 3880 1745 3934 ultimum
1794 3877 1970 3948 gladio
2000 3876 2085 3933 fe-

510 3986 738 4034 t‘iuiitur.

583 4072 647 4125 A.
703 4069 765 4123 T.
816 4067 882 4123 L.
932 4067 1260 4137 prresignant
1306 4065 1359 4117 in
1409 4063 1614 4117 civitate
1671 4061 1975 4116 Visionensi.
2006 4062 2095 4126 (1.,

514 4138 871 4196 Ubisniiceiisi.
905 4139 961 4191 li.
973 4178 988 4202 ,
1034 4136 1427 4189 Viiidocinense.

589 4229 783 4282 Florus
811 4227 862 4280 iii
912 4228 978 4280 A.
1008 4236 1062 4279 et
1093 4224 1182 4291 T.,
1235 4225 1293 4279 ln
1334 4222 1643 4278 Nicomedia
1676 4222 1892 4276 civitate
1924 4220 2100 4289 passio

513 4322 574 4374 S.
621 4321 647 4361 ἀ
678 4317 893 4372 Adriani
925 4325 978 4371 et
1004 4308 1262 4371 comitum
1307 4314 1427 4386 ejus
1454 4315 1543 4384 qui
1576 4314 1714 4383 passi
1746 4312 1963 4367 fuerunt
2003 4311 2103 4365 sub

516 4408 840 4465 Maximiano
871 4410 1213 4476 imperatore.
1248 4407 1310 4460 lli
1341 4407 1503 4471 enim,
1532 4420 1650 4459 cum
1674 4405 1869 4474 cogniti
1909 4412 2091 4458 essent

515 4499 828 4565 Christiani,
858 4498 994 4567 jussi
1025 4510 1149 4551 sunt
1175 4497 1242 4550 ab
1289 4498 1611 4565 imperatore
1653 4496 1897 4563 extendi,
1951 4494 2094 4548 acri-

521 4601 706 4660 terque
740 4589 964 4644 fustibus
993 4588 1127 4643 caedi
1156 4606 1166 4640 :
1202 4602 1265 4643 ac
1293 4588 1483 4642 deinde
1511 4597 1793 4656 susceptos
1824 4588 1876 4641 in
1904 4600 2093 4639 carce-

2194 3625 2316 3695 tyrii
2352 3626 2433 3678 sui
2475 3639 2687 3678 cursum
2717 3625 3129 3679 obtruncatione
3158 3622 3349 3692 capitis
3396 3624 3779 3692 impleverunt.

2194 3717 2340 3773 Passi
2380 3724 2503 3770 sunt
2538 3726 2715 3769 autem
2755 3729 2875 3769 cum
2911 3717 2993 3770 eis
3033 3722 3089 3769 et
3123 3715 3215 3768 alii
3246 3714 3626 3784 quadringenti
3652 3729 3783 3783 qua-

2194 3809 2442 3880 draginta
2475 3818 2726 3878 quatuor.

2271 3943 2397 4007 Qua:
2428 3941 2504 3995 sic
2540 3940 2771 3993 breviter
2810 3948 2865 3992 et
2906 3938 3094 3992 ultimo
3138 3938 3255 3992 loco
3282 3937 3452 3993 habes
3491 3938 3544 3991 in
3579 3939 3642 3991 A.
3672 3956 3682 3991 :
3720 3938 3785 3993 Et

2203 4016 2377 4066 natale
2408 4012 2585 4080 (lyrici
2631 4022 2685 4065 et.
2735 4010 2926 4062 lulittae
2976 4010 3161 4063 matris
3200 4009 3317 4079 ejus
3357 4025 3478 4062 cum
3523 4012 3780 4078 quadrin-

2200 4082 2374 4151 gentis
2402 4079 2626 4149 quatuor
2654 4082 2995 4151 martyribus.
3022 4081 3079 4133 ln
3115 4079 3174 4133 V.
3208 4081 3434 4147 Simplex
3481 4080 3561 4151 (it,
3591 4088 3616 4116 ο
3647 4081 3783 4151 Qui-

2203 4149 2295 4206 l‘lt‘l
2346 4162 2397 4206 et
2440 4152 2631 4207 lultttie
2678 4149 2863 4204 matris
2896 4154 3011 4215 ejus
3040 4151 3280 4204 mentio.
3314 4154 3375 4203 ι..
3425 4150 3569 4205 etB.
3601 4164 3691 4204 eos
3731 4149 3783 4203 ln

2204 4224 2480 4277 Antiochia
2528 4223 2871 4289 priesignant.
2914 4222 2997 4280 Β..
3036 4220 3088 4272 lti
3120 4222 3333 4274 civitate
3390 4220 3651 4274 Nannetis
3689 4234 3784 4272 na-

2210 4294 2316 4345 tale
2359 4296 2415 4347 S.
2450 4291 2468 4329 ί
2506 4293 2757 4346 Siniilini.
2816 4292 2876 4345 In
2923 4291 3104 4347 Africa
3155 4292 3333 4345 natale
3376 4290 3478 4346 SS.
3510 4290 3785 4360 Diogenis,

2206 4363 2426 4428 Valerii,
2462 4364 2686 4417 Martias.

2272 4486 2564 4541 i7.—XV
2596 4485 2733 4539 ΚΜ..
2775 4483 3077 4539 Aurelianis
3130 4482 3347 4539 civitate
3398 4482 3666 4552 depositio
3709 4479 3775 4538 S.

2204 4580 2382 4635 SAviti
2414 4578 2707 4650 presbyteri
2746 4587 2801 4632 et
2828 4575 3157 4632 confessoris

1939 4676 2141 4732 SMITI'I
2181 4674 2412 4729 NOTAE.

592 4773 620 4802 ⁸
649 4773 945 4826 Landalim’.
997 4771 1095 4838 Qui
1147 4771 1418 4826 Cameraci
1474 4778 1624 4823 ortus
1672 4778 1752 4822 est
1798 4784 1862 4822 ex
1917 4769 2079 4823 nobili
2111 4770 2162 4828 Ι)

519 4843 847 4897 Francorum
878 4858 1097 4911 genere,
1130 4842 1457 4908 temporibus
1493 4841 1772 4911 Daguberti
1803 4841 1939 4908 regis
1968 4851 2020 4893 et
2040 4854 2082 4911 ga

520 4920 583 4968 ll.
618 4909 1180 4981 Autberto—episc0p0
1228 4913 1597 4964 Uaineracensi
1642 4910 1830 4963 litteris
1876 4921 1929 4963 et
1982 4909 2082 4979 piis

521 4986 761 5037 moribus
792 4983 1041 5036 imbutus.
1083 4983 1343 5036 Seductus
1377 4992 1552 5033 tamen
1582 4996 1610 5033 a
1640 4982 1953 5049 quibusdam
1990 4995 2085 5032 co-

523 5056 697 5121 guatis
722 5054 947 5124 aufugit,
983 5059 1254 5119 tactusque
1301 5062 1381 5105 est
1429 5050 1659 5124 nefarius
1690 5052 1887 5117 praedo,
1920 5060 1972 5103 et
2017 5065 2083 5104 ne

523 5124 738 5178 nomine
767 5122 1099 5191 proderetur,
1129 5125 1333 5175 voci-vit
1361 5137 1420 5175 se
1447 5122 1804 5186 Mauretisuui;
1834 5124 1928 5173 sed
1958 5136 2079 5187 pre-

520 5194 670 5247 cibus
700 5197 866 5246 sancti
900 5192 1159 5261 poutiticis
1189 5193 1427 5245 Autlierti
1478 5195 1749 5255 reductus,
1798 5191 1865 5243 ab
1892 5192 2081 5245 eodem

522 5275 707 5316 tonsus
736 5273 791 5317 et
818 5264 1063 5316 diuturna
1094 5262 1401 5330 poenitentia
1449 5273 1720 5327 excoctus,
1751 5262 1907 5313 etiam
1938 5274 2084 5327 pres-

522 5336 679 5401 byter
754 5335 1032 5387 ordinatus
1089 5345 1190 5390 est.
1249 5333 1373 5386 l’ost
1424 5335 1611 5384 trinam
1657 5341 1833 5383 autem
1900 5332 1963 5382 ad
2025 5332 2087 5381 li-

519 5406 663 5457 niina
719 5407 1079 5470 apostolorum
1128 5404 1547 5467 preteetiouem,
1592 5403 1904 5453 auctoritate
1950 5401 2088 5453 Mar-

522 5474 616 5527 tini
668 5488 816 5542 papae
845 5485 1069 5542 quatuor
1107 5474 1386 5526 aitlilicavit
1437 5476 1783 5533 itionasteria,
1829 5472 2087 5542 Lobiutn,

521 5545 736 5604 Aluatn,
793 5541 1127 5608 \Vilsl-Il'ltlm,
1180 5554 1233 5597 et
1283 5552 1527 5610 quartum
1583 5544 1647 5593 ad
1704 5543 1919 5593 lluviuni
1975 5541 2087 5593 llou

521 5614 660 5680 apud
690 5611 1017 5666 ValenCenas
1044 5615 1183 5680 quod
1211 5614 1527 5679 Crispiniuni
1559 5611 1863 5678 appellavit,
1896 5612 1948 5664 lll
1986 5625 2091 5681 quo

522 5684 736 5737 tandem
767 5683 898 5736 obiit
926 5687 1066 5735 circa
1094 5699 1182 5737 an.
1214 5681 1340 5737 660.
1372 5681 1590 5735 limatus
1614 5684 1743 5736 Sen.

592 5751 621 5791 δ
649 5752 880 5820 Aquileia
909 5751 1162 5806 Lucania.
1197 5754 1382 5806 Nonne
1414 5753 1464 5804 lii
1496 5755 1635 5805 idem
1688 5763 1813 5808 sunt
1858 5766 1977 5809 cuin
2019 5751 2097 5808 eis

521 5823 613 5895 qui
640 5837 803 5893 supra
830 5826 1079 5879 coluntur
1109 5838 1215 5879 xxx
1250 5821 1374 5879 Maii
1400 5833 1452 5879 ct
1478 5821 1683 5892 pridie?

2266 4778 2286 4805 ε
2323 4762 2569 4818 Ferreoli.
2620 4762 2674 4815 lu
2724 4760 2915 4814 Galliis
2968 4760 3103 4829 apud
3148 4757 3329 4813 urbem
3366 4758 3777 4811 Vesontionem.

2197 4838 2391 4891 Eorum
2444 4834 2750 4902 martyrium
2783 4834 2880 4884 sub
2932 4828 3137 4883 initium
3188 4828 3780 4902 Atitonini‘Caracallaf.

2192 4907 2479 4975 contigisse
2526 4897 2749 4975 ce'iiseut
2800 4902 2895 4975 viri
2960 4902 3176 4975 eruditi.
3248 4899 3630 4975 Vesontionem
3693 4897 3776 4975 ubi

2194 4968 2364 5046 pissi'
2383 4986 2525 5037 sntit,
2562 4974 2681 5025 Iidei
2716 4972 3065 5046 praedicanda:
3096 4984 3256 5023 causa
3289 4984 3320 5021 a
3349 4971 3406 5022 S.
3449 4973 3654 5046 Irenzeo
3701 4968 3779 5045 di-

2195 5038 2320 5100 iecti
2352 5055 2494 5098 sunt.
2532 5046 2605 5096 De
2656 5038 2924 5095 miraculis
2973 5044 3039 5094 ad
3088 5056 3274 5094 eorum
3324 5041 3630 5106 sepulcrum
3678 5038 3780 5107 agit

2195 5116 2423 5183 Gregor.
2455 5116 2655 5167 'l'uron.
2692 5113 2783 5165 lib.
2817 5115 2883 5165 de
2912 5111 3089 5165 Gloria
3124 5120 3442 5183 martyrum,
3468 5108 3710 5183 eap._7l.

2263 5185 2289 5222 ἀ
2312 5179 2552 5238 Adriani.
2603 5186 2676 5238 De
2707 5189 2805 5237 hoc
2832 5198 2989 5251 supra
3030 5183 3173 5249 vide,
3195 5181 3336 5235 diem
3370 5194 3419 5232 tv
3452 5179 3668 5244 Martii;
3701 5179 3781 5231 in-

2202 5258 2279 5312 l'ra
2314 5273 2406 5311 \'Ill
2434 5256 2786 5324 Septembris.

2266 5337 2291 5365 θ
2325 5320 2537 5394 Quiriti.
2567 5328 2637 5378 De
2660 5324 2739 5377 liis
2770 5321 3375 5394 liotlie_omnes_7Latin_i,
3396 5320 3569 5374 Graeci
3602 5330 3778 5373 autem

2194 5399 2248 5453 in
2294 5390 2590 5466 MI-nulo‘gio
2625 5397 2800 5448 litibus
2827 5392 2891 5446 Ju
2919 5392 2971 5455 ii,
3006 5397 3092 5444 ubi
3124 5392 3273 5445 Tarsi
3304 5390 3501 5444 Cilicia:
3547 5406 3642 5443 eos
3685 5404 3779 5442 oc-

2193 5468 2437 5521 cubuisse
2469 5465 2719 5536 inartyrio
2754 5465 2965 5536 tradunt
2993 5466 3173 5536 :_quoil
3210 5476 3394 5515 verum
3423 5474 3544 5536 esse
3572 5477 3780 5536 eorum-

2194 5540 2318 5591 detn
2364 5546 2479 5591 acta
2525 5528 2784 5589 testantur
2828 5534 2966 5597 apud
3014 5532 3226 5585 Sui-inut
3281 5543 3407 5584 toni.
3446 5530 3533 5583 ιιι.
3586 5531 3662 5582 Ex
3694 5528 3775 5580 bis

2205 5610 2445 5676 plerique
2472 5608 2779 5663 Latinorum
2827 5614 2951 5658 sunt
2996 5601 3319 5673 corrigendi,
3351 5600 3440 5670 qui
3470 5602 3767 5654 Antiochia:

2206 5693 2300 5732 cos
2332 5693 2516 5744 passus
2546 5678 2796 5729 iel'erunt.

2283 5753 2300 5790 ί
2332 5742 2587 5801 Βέηιίίὶηί.
2635 5747 2849 5798 ltecnus
2887 5742 3167 5798 Similiaui.

2275 5823 2299 5864 ε
2340 5820 2491 5872 Aviti.
2548 5820 2641 5874 llic
2667 5817 2829 5871 abbas
2878 5815 2978 5869 l'uit
3006 5814 3364 5870 Micianensis.
3397 5812 3581 5870 Avites
3608 5819 3784 5866 autem
