3988 6346
1378 350 1568 406 SECT.
1611 351 1671 405 Il.
1714 379 1781 390 --
1823 350 2378 404 MAltTYllOIDGH.

1470 463 1694 516 EDITIO
1732 461 2198 516 COLONlliNSIS.

231 548 421 605 Albani
450 549 721 621 martyris,
771 549 861 620 qui
888 550 988 607 sub
1021 549 1348 606 Diocletiano
1388 551 1708 620 imperatore
1733 551 1875 611 deA
1908 553 2186 619 percussit,
2235 553 2429 620 pariter
2480 551 2804 607 ceciderunt.
2857 550 3052 608 Passus
3102 562 3186 607 est
3233 567 3354 608 cum
3407 567 3474 609 eo

229 640 400 694 insula
433 639 626 694 Nausia
653 655 876 710 pergens
895 656 1018 696 cum
1048 650 1236 696 sancto
1259 641 1560 696 Theonesto
1588 651 1642 696 et
1665 641 1804 696 Urso
1907 643 2064 696 etiam
2096 657 2230 696 unus
2271 642 2337 696 de
2358 643 2631 708 militibus,
2679 657 2743 698 eo
2771 644 2908 712 quod
2933 660 3051 699 eum
3081 644 3246 700 ferire
3273 647 3474 714 jussus,

225 729 583 785 Mediolanum
607 731 780 785 venit:
813 730 1040 801 indeque
1059 732 1243 786 exiens
1263 732 1548 786 auxiliante
1579 731 1802 784 Domino
1905 735 2170 788 noluerit:
2215 735 2394 789 divino
2425 736 2604 805 utique
2645 736 2958 805 perterritus
3001 737 3259 791 miraculo
3301 757 3312 790 :
3355 738 3476 805 quia

233 349 335 406 953
851 377 856 382 -
1378 350 1568 406 SECT.
1611 351 1671 405 Il.
1714 379 1781 390 ε·-

1897 350 2378 404 ιιιτγιιυιιυαιι.
3375 354 3474 408 954

227 825 476 892 pervenit
518 824 585 878 ad
616 823 851 890 Gallias,
881 825 1055 894 ibique
1100 825 1153 879 in
1183 826 1400 880 servitio
1433 825 1522 878 Dei
1553 839 1796 889 manens,

223 915 287 967 ad
314 915 630 987 martyrium
679 931 774 985 pro
803 918 1016 971 nomine
1061 917 1351 972 Salvatoris
1379 925 1652 984 promptus
1684 913 1798 968 fuit.

223 1002 512 1072 Postquam
555 1014 733 1060 autem
780 1007 834 1061 in
873 1005 1107 1077 Augusta
1152 1006 1362 1061 civitate
1408 1006 1590 1058 beatus
1635 1005 1801 1060 Ursus

221 1097 538 1166 martyrium
567 1097 792 1166 accepit,
825 1096 1156 1152 Theonestus
1181 1111 1307 1152 cum
1350 1097 1553 1149 Albano
1584 1095 1799 1165 Mogun-

222 1189 347 1242 tiam
379 1190 650 1257 pervenit;
697 1189 931 1260 dumque
960 1190 1028 1246 ibi
1075 1190 1386 1258 praedicaret
1429 1188 1650 1244 verbum
1681 1187 1796 1253 Dei,

221 1279 460 1332 Albanus
473 1279 766 1350 discipulus
784 1281 900 1348 ejus
919 1281 1228 1350 martyrium
1251 1280 1502 1347 explevit,
1533 1289 1585 1332 et
1614 1281 1812 1348 sepul-

221 1379 305 1422 tus
321 1380 407 1424 est
424 1371 494 1426 ibi
509 1372 657 1441 juxta
679 1373 984 1442 praedictam
1010 1371 1296 1427 civitatem.
1322 1370 1598 1439 Syracusis
1624 1369 1798 1424 natale

218 1471 526 1516 sanctorum
573 1472 862 1533 martyrum
896 1462 1019 1516 Rufi
1060 1472 1114 1517 et
1136 1463 1352 1516 Martiae.
1389 1461 1573 1514 Roma:
1597 1468 1796 1515 sanctae

219 1549 504 1605 Demetrize
529 1551 765 1620 virginis,
790 1567 906 1621 qua:
927 1551 1018 1605 iuit
1039 1550 1174 1606 beati
1195 1550 1372 1605 Fausti
1393 1550 1522 1603 lilia.
1540 1549 1660 1603 llznc
1675 1564 1794 1603 cum

215 1649 342 1694 ante
373 1642 586 1710 impium
608 1641 872 1697 Julianum
887 1655 982 1711 pro
1003 1640 1106 1696 [ide
1128 1640 1323 1695 Christi
1351 1639 1794 1706 introduceretur,

216 1729 270 1782 in
294 1731 632 1788 confessione
653 1733 895 1801 Spiritum
925 1733 1138 1787 emisit:
1155 1732 1359 1800 sepulta
1377 1744 1406 1783 a
1427 1730 1578 1784 beato
1594 1728 1798 1785 Joanne

217 1824 566 1894 presbytero,
589 1825 738 1892 juxta
769 1836 991 1878 matrem
1023 1840 1173 1880 suam
1217 1833 1453 1880 sanctam
1476 1823 1796 1890 Daﬂrosam,

214 1922 268 1967 et
291 1927 534 1967 sororem
559 1914 856 1979 Vivianaut,
873 1915 1022 1983 juxta
1042 1915 1288 1983 palatium
1307 1913 1625 1968 aniauum.

288 2005 352 2058 Ε.
384 2005 426 2058 Χ
461 2005 701 2062 Kaurtn.
725 2005 886 2061 Juut.
927 2036 998 2048 —
1038 2007 1091 2060 In
1125 2007 1390 2061 Britannia
1413 2004 1582 2060 sancti
1615 2003 1795 2058 Albini

211 2097 488 2166 martyris,
519 2097 607 2166 qui
631 2107 867 2165 tempore
901 2097 1208 2152 Diocletiani
1253 2096 1305 2150 in
1336 2095 1638 2150 Verulamio
1659 2095 1792 2149 civi-

214 2195 346 2250 tate,
376 2196 494 2254 post
532 2187 751 2242 verbera
799 2197 854 2242 et
879 2196 1140 2242 tormenta
1167 2187 1360 2243 acerba
1405 2187 1580 2254 capite
1609 2186 1793 2254 plexus

211 2288 314 2332 est.
359 2278 467 2334 Sed
489 2279 582 2336 illo
622 2279 676 2334 in
707 2288 898 2335 terram
926 2280 1169 2348 cadente,
1219 2278 1357 2334 oculi
1387 2279 1502 2347 ejus
1551 2278 1637 2346 qui
1669 2291 1789 2330 eum

1905 825 2111 880 viderat
2133 826 2340 880 beatum
2360 836 2642 895 martyrem
2661 827 2759 880 sibi
2781 826 2905 880 dum
2925 827 2990 881 ad
3003 842 3257 882 coronam
3279 840 3473 899 marty-

1901 919 1964 973 rii
1989 917 2531 985 properaret,alveum
2555 918 2724 971 amnis
2747 918 3040 985 interpositi
3064 918 3267 972 orando
3296 926 3474 971 trans-

1901 1009 2180 1063 meabilem
2203 1008 2518 1062 reddidisse.
2545 1008 2596 1060 ln
2621 1008 2832 1062 civitate
2852 1008 3048 1063 Nolana
3069 1008 3368 1077 Campania:
3395 1025 3481 1062 na-

1903 1099 2006 1153 tale
2019 1099 2184 1152 sancti
2202 1096 2402 1152 Paulini
2418 1097 2651 1166 episcopi
2663 1097 3060 1161 etconlessoris,
3082 1097 3150 1152 de
3165 1113 3270 1167 quo
3287 1098 3478 1152 beatus

1901 1188 2186 1255 Gregorius
2227 1189 2278 1242 in
2306 1187 2444 1242 libro
2493 1187 2820 1256 Dialogorum
2867 1199 3070 1245 narrat.
3120 1189 3187 1244 Et
3213 1189 3477 1258 depositio

1899 1279 2035 1334 beati
2050 1276 2244 1333 Nicetze
2262 1278 2586 1331 Romatianm
2597 1277 2820 1332 civitatis
2834 1279 3088 1346 episcopi,
3108 1289 3160 1334 et
3177 1279 3472 1334 Consortite

1899 1367 2134 1436 virginis.
2161 1368 2222 1422 Et
2236 1367 2411 1437 passio
2442 1377 2747 1422 sanctorum
2785 1367 2965 1423 decem
3006 1367 3227 1423 millium
3268 1377 3474 1439 marty-

1897 1473 2037 1513 rum.

1967 1551 2029 1606 F.
2057 1552 2126 1606 lx
2155 1552 2394 1607 Karsnn.
2423 1550 2582 1606 JULII.
2617 1577 2687 1591 ——
2708 1549 2892 1605 Natale
2912 1549 3129 1606 Joannis
3149 1550 3469 1621 presbyteri,

1897 1660 2053 1715 quem
2082 1646 2278 1714 impius
2306 1643 2544 1698 Julianus
2591 1642 2883 1697 tnauditum
2931 1643 3013 1695 via
3047 1641 3248 1696 Salaria
3291 1649 3472 1696 vetere

1896 1743 2017 1790 ante
2059 1735 2401 1789 simulacrum
2443 1734 2574 1788 solis
2614 1732 2868 1787 decollari
2915 1733 3199 1802 praecepit;
3249 1731 3472 1802 ejusque

1897 1840 2091 1895 corpus
2118 1840 2149 1879 a
2190 1825 2345 1880 beato
2383 1825 2679 1880 Concordio
2727 1825 3037 1895 presbytero
3087 1825 3370 1880 collectum
3416 1831 3474 1878 et

1824 1907 1872 1967 Β
1901 1916 2164 1984 sepultum
2189 1924 2270 1969 est
2294 1915 2442 1982 juxta
2473 1914 2694 1969 concilia
2725 1927 3036 1984 martyrum.
3083 1913 3232 1982 Apud
3267 1914 3473 1968 Britan-

1899 2008 2039 2062 niam
2068 2016 2264 2061 sancta:
2294 2005 2580 2058 Ediltrudis
2608 2003 2824 2073 virginis
2852 2015 2906 2059 et
2929 2004 3144 2072 reginae,
3168 2003 3322 2072 cujus
3352 2017 3473 2058 cor-

1895 2109 1994 2166 pus
2019 2109 2139 2149 cum
2171 2094 2412 2148 undecim
2435 2093 2586 2146 annis
2608 2101 2752 2147 esset
2776 2090 3038 2160 sepultum
3056 2129 3070 2154 ,
3105 2092 3469 2160 incorruptum

1895 2187 2164 2241 inventum
2185 2195 2288 2238 est.
2340 2184 2402 2237 Et
2430 2182 2604 2251 vigilia
2637 2183 2802 2236 sancti
2833 2181 3054 2236 Joannis
3087 2181 3359 2250 Baptista.

1967 2274 2038 2328 G.
2069 2273 2181 2328 Vlll
2213 2273 2452 2326 KALEND.
2485 2271 2642 2326 Juut.
2673 2300 2743 2312 ——
2780 2270 3038 2324 Nativitas
3082 2272 3221 2326 beati
3250 2270 3471 2326 Joannis

1371 2377 1376 2380 ’
1453 2369 1678 2424 EDITIO
1719 2366 2219 2422 BOLLANDIANA.

280 2462 375 2516 Si.
397 2491 470 2501 —
489 2461 534 2516 Χ
563 2460 699 2516 ΚΑι..
729 2461 785 2517 In
816 2461 1084 2516 Britannia
1138 2461 1197 2518 S.
1231 2470 1258 2499 ⁸
1289 2460 1479 2515 Albani
1509 2458 1780 2529 martyris.

213 2553 440 2607 Additur
470 2555 520 2606 in
550 2553 614 2607 Α.
643 2569 655 2605 :
685 2566 806 2606 cum
837 2551 954 2606 aliis
983 2552 1301 2621 octingentis
1343 2551 1608 2618 octoginta
1639 2558 1783 2605 octo.

215 2645 317 2711 Qui
345 2655 586 2714 tempore
636 2643 946 2699 Diocletiani
993 2643 1330 2712 imperatoris
1377 2642 1429 2697 in
1481 2641 1787 2696 Verulamio

217 2737 474 2800 civitate,
525 2744 642 2806 post
693 2737 914 2792 verbera
969 2745 1024 2791 et
1062 2745 1322 2790 tormenta
1367 2734 1556 2789 acerba
1613 2734 1788 2798 capite

216 2830 406 2895 plexus
433 2837 518 2881 est
547 2847 559 2881 ε
584 2828 676 2883 sed
703 2828 796 2882 illo
817 2827 869 2881 in
893 2834 1088 2882 terram
1112 2826 1356 2890 cadente,
1392 2825 1527 2877 oculi
1558 2824 1673 2890 ejus
1693 2823 1782 2892 qui

209 2933 332 2974 eum
365 2918 623 2986 percussit
648 2919 843 2986 pariter
867 2916 1189 2973 ceciderunt.
1213 2915 1501 2987 (Hactenus
1530 2914 1575 2968 Δ
1606 2913 1644 2977 ).
1664 2914 1787 2968 Pas-

210 3027 306 3066 sus
354 3020 438 3066 est
483 3025 604 3066 cum
649 3012 740 3066 illo
770 3015 927 3067 etiam
961 3027 1098 3067 unus
1145 3012 1212 3066 de
1241 3010 1522 3076 militibus,
1547 3025 1612 3064 eo
1643 3010 1782 3077 quod

211 3116 337 3156 eum
370 3099 728 3171 ferirejussus
755 3102 1020 3156 noluerit:
1049 3101 1232 3156 divino
1261 3101 1442 3171 utique
1472 3101 1783 3168 perterritus

210 3194 494 3260 miraculo,
521 3195 643 3264 quia
669 3193 878 3250 viderat
901 3194 1112 3248 beatum
1159 3203 1444 3265 martyrem
1501 3192 1625 3257 sibi,
1654 3193 1779 3247 dum

1892 2457 1972 2511 dit
2007 2458 2188 2510 omnia
2215 2470 2333 2524 qua
2362 2453 2588 2509 habebat
2613 2461 2666 2509 et
2707 2453 2852 2509 dedit
2877 2454 3194 2523 pauperibus
3225 2470 3239 2508 ς
3273 2454 3468 2511 deinde

1891 2551 2171 2617 episcopus
2202 2549 2373 2602 tactus
2404 2556 2606 2602 tantum
2637 2546 2834 2601 virtute
2886 2547 3234 2615 multiplicata
3263 2547 3315 2600 in
3347 2562 3471 2616 gra-

1893 2641 2084 2694 tiarum
2136 2638 2457 2693 charismata
2507 2638 2854 2707 resplenduit,
2913 2648 2966 2691 ut
3008 2639 3062 2692 in
3100 2639 3244 2694 obitu
3274 2655 3372 2692 suo
3405 2640 3464 2694 S.

1890 2729 2178 2785 Martinum
2230 2739 2286 2784 et
2336 2727 2396 2784 8.
2447 2728 2754 2784 Januarium
2815 2729 3120 2797 episcopum
3188 2729 3464 2796 Italicum,

1905 2821 2210 2890 priusquam
2255 2821 2503 2890 spiritum
2558 2821 2823 2886 redderet,
2855 2821 3126 2889 corporeis
3145 2821 3314 2875 oculis
3332 2835 3464 2874 con-

1904 2912 2252 2980 templaretur
2286 2929 2299 2965 :
2332 2911 2477 2980 prius
2524 2913 2666 2965 enim
2689 2925 2752 2966 eo
2781 2911 2849 2967 de
2885 2913 2987 2966 hoc
3037 2911 3234 2965 mundo
3271 2910 3463 2980 migra-

1892 3012 2102 3057 verunt.

1929 3019 2170 3150 tigh—
2217 3095 2286 3150 lX
2334 3094 2466 3150 ΚΑΙ..
2507 3094 2564 3150 8.
2597 3095 2621 3132 ά
2665 3095 2955 3150 Ediltruda:
3023 3094 3115 3166 [γ.
3161 3104 3208 3148 et
3239 3094 3320 3159 0.,
3355 3096 3463 3149 Eli-

1892 3186 2132 3259 drudze]
2195 3189 2413 3257 virginis
2474 3199 2528 3242 et
2592 3190 2785 3257 regina:
2836 3189 2890 3242 in
2934 3187 3203 3241 Britannia
3248 3203 3262 3239 :
3313 3186 3463 3254 cujus

211 3285 278 3339 ad
309 3299 562 3340 coronam
592 3283 834 3354 martyrii
874 3293 1200 3354 properaret,
1249 3285 1457 3340 alveum
1499 3283 1670 3338 amnis
1699 3283 1783 3337 iu-
1815 3273 1860 3337 C
1890 3298 2084 3350 corpus
2106 3297 2226 3338 cum
2257 3281 2498 3337 undecim
2540 3281 2694 3335 annis
2750 3289 2894 3335 esset
2941 3279 3232 3349 sepultum,
3283 3279 3460 3331 incor-

215 3378 456 3445 terpositi
478 3378 680 3431 orando
703 3376 1123 3432 transmeabilem
1149 3377 1462 3432 reddidisse.

287 3469 503 3524 Addunt
531 3471 592 3522 V.
617 3479 670 3524 et
696 3470 755 3524 C.
791 3486 803 3520 :
831 3468 1034 3524 Etcum
1061 3485 1125 3524 eo
1142 3470 1228 3524 alii
1256 3484 1478 3524 numero
1499 3469 1787 3538 octingenti

212 3540 485 3606 octoginta
517 3556 702 3594 novem
734 3541 885 3606 positi
918 3540 968 3593 in
1017 3541 1358 3595 Cathalacum
1387 3556 1402 3594 :
1433 3554 1657 3607 quormn
1689 3557 1786 3592 no-

216 3625 359 3662 mna
392 3611 586 3676 scripta
637 3620 754 3664 sunt
785 3610 834 3662 in
871 3610 1004 3664 libro
1051 3612 1192 3663 vitm.
1227 3614 1320 3665 Ast
1371 3611 1430 3662 Β.
1467 3612 1736 3678 pra-mittit
1770 3628 1781 3662 :

216 3679 270 3730 ln
322 3681 640 3733 Alexandria
688 3679 901 3735 civitate
955 3681 1127 3734 natale
1157 3679 1214 3734 S.
1249 3681 1400 3745 Ruli;
1431 3693 1484 3733 et
1520 3681 1693 3733 natale
1725 3682 1783 3733 S.

213 3750 398 3803 Jacobi
431 3750 680 3815 apostoli,
712 3760 762 3803 et
787 3751 957 3803 natale
986 3761 1288 3805 sanctorum
1309 3749 1335 3786 ι)
1368 3751 1510 3802 mille
1531 3751 1788 3816 quadrin-

212 3822 353 3886 gvnti
402 3822 687 3890 ocmginta.
720 3819 1006 3884 (Hactenus
1047 3820 1157 3890 L.).
1201 3821 1288 3888 8.,
1341 3819 1395 3874 In
1426 3820 1637 3874 civitate
1656 3820 1785 3873 Nola

213 3890 388 3942 natale
417 3888 474 3944 8.
505 3900 528 3926 ο
564 3890 764 3943 Paulini
787 3891 1037 3958 episcopi.

285 3981 472 4034 Florus
501 3981 553 4034 in
583 3983 644 4035 A.
679 3981 741 4034 Τ.
791 3981 873 4044 L.,
907 3982 1100 4035 Eodem
1130 3980 1216 4034 die
1243 3980 1444 4035 Nolano
1466 3981 1623 4044 (deest
1647 3981 1788 4035 locus

209 4072 262 4129 it
297 4075 409 4145 τι).
440 4072 702 4142 depositio
726 4073 787 4134 S.
819 4073 1020 4133 Paulini
1063 4073 1294 4150 episcopi
1353 4083 1404 4133 et
1439 4073 1781 4142 confessoris,

212 4171 302 4237 qui
335 4172 489 4225 valde
511 4172 658 4226 dives
687 4182 740 4226 et
763 4174 998 4241 locuples
1026 4174 1088 4225 ad
1113 4173 1329 4227 verbum
1360 4173 1567 4226 Domini
1597 4172 1783 4226 vendi-

1895 3383 2104 3444 ruptum
2155 3374 2426 3428 inventum
2472 3382 2577 3428 est.
2648 3372 2713 3426 Et
2760 3372 2934 3441 vigilia
2983 3370 3042 3425 S.
3097 3369 3314 3424 Joannis
3362 3369 3460 3421 Ba-

1891 3465 2084 3533 ptistm.

1966 3557 2050 3622 B.,
2097 3555 2150 3607 ln
2205 3563 2228 3589 ο
2274 3555 2585 3608 Nicomedia
2627 3554 2802 3621 passio
2849 3563 3150 3606 sanctarum
3198 3555 3459 3621 virginum

1892 3625 2073 3687 Pistis,
2102 3624 2304 3689 llelpis,
2337 3636 2384 3678 et
2417 3624 2604 3689 Agapte
2637 3625 2820 3678 matris
2865 3639 3068 3690 earum,
3101 3625 3372 3692 Capitonis
3406 3634 3461 3678 et

1893 3697 2121 3750 aliorum
2151 3698 2482 3762 septuaginta
2512 3704 2564 3746 et
2585 3707 2726 3748 octo.

1960 3786 2050 3839 24.
2074 3815 2142 3824 -
2163 3784 2274 3837 \‘Ill
2306 3783 2439 3836 KAL.
2473 3784 2723 3836 Nativitas
2747 3783 3096 3836 Priccursoris
3121 3782 3161 3834 D
3187 3783 3349 3835 lmini.

1966 3874 2154 3927 Florus
2182 3875 2234 3925 in
2259 3877 2322 3926 Α.
2352 3874 2413 3925 Τ.
2451 3873 2532 3933 L.,
2564 3873 2761 3924 Eodem
2786 3873 2871 3925 die
2903 3871 3136 3938 Augusta
3170 3870 3459 3924 Veroman-

1893 3966 2116 4019 duorum
2149 3967 2200 4016 in
2232 3965 2688 4027 lluvio'Somettte,
2729 3963 2964 4014 inventio
2993 3963 3059 4016 ab
3089 3963 3310 4014 Eusebia
3343 3976 3464 4015 cor-

1893 4058 2036 4133 poris
2069 4057 2128 4114 Β.
2158 4057 2174 4091 τ
2203 4054 2435 4120 Quintilii
2461 4055 2727 4122 martyris,
2755 4053 3029 4120 insigniter
3054 4053 3276 4119 probati.
3303 4049 3459 4122 [Per-

1893 4157 1965 4226 git
2015 4155 2103 4225 'l‘.)
2146 4153 2275 4207 Nam
2328 4151 2511 4207 eadem
2562 4159 2820 4215 matrona,
2852 4146 3038 4216 angelo
3078 4143 3368 4210 revelante,
3393 4141 3457 4196 ad

1622 4278 1824 4335 SMITH
1861 4269 2086 4328 NOTAE.

211 4375 523 4446 martyrium
557 4390 650 4442 pro
682 4377 893 4430 nomine
923 4377 1122 4429 Christi
1153 4383 1443 4442 promptus.
1492 4375 1775 4441 Postquam

209 4462 402 4532 autem
425 4449 475 4498 iu
505 4449 732 4514 Augusta
763 4446 972 4532 civitate
1005 4447 1064 4502 Β.
1095 4447 1256 4532 llr-sus
1287 4447 1594 4524 martyrium
1625 4458 1778 4523 acce-
1810 4473 1869 4532 υ

213 4523 310 4584 pit,
342 4517 673 4569 Theoncstus
717 4531 835 4568 cum
886 4517 1089 4570 Albano
1135 4515 1453 4582 Mogtmtiam
1504 4514 1779 4581 pervenit;

212 4591 448 4653 dumque
495 4585 564 4637 ibi
598 4586 908 4648 prtedicaret
939 4585 1152 4638 verbum
1186 4585 1274 4638 Dei
1309 4584 1541 4637 Albanus
1575 4592 1781 4652 marty-

212 4659 356 4709 rium
398 4656 660 4723 explevit,
717 4663 772 4709 et
807 4655 1043 4723 sepultus
1082 4664 1163 4708 est
1201 4655 1270 4707 ibi
1306 4655 1451 4722 juxta
1491 4655 1779 4706 civitatem.

214 4728 485 4790 tulimus,
515 4725 756 4778 Norxrzn.
787 4725 858 4777 De
887 4736 1124 4791 tempore
1148 4723 1383 4791 martyrii
1410 4723 1562 4790 hujus
1593 4737 1781 4786 magna

212 4809 295 4849 est
336 4800 472 4848 inter
510 4796 794 4859 scriptores
824 4795 1073 4848 varietas.
1114 4793 1288 4859 Aliqui
1327 4808 1392 4847 ex
1432 4807 1612 4845 errore
1645 4792 1784 4858 judi-

217 4877 406 4917 rantos
437 4865 576 4917 hunc
606 4881 707 4917 non
743 4865 907 4918 alium
934 4879 1052 4918 esse
1078 4864 1143 4916 ab
1165 4864 1368 4916 Albano
1400 4872 1784 4930 protomartyre

215 4939 506 4998 Britanno,
535 4949 742 4996 pas.~utn
783 4936 1020 4987 referunt
1061 4933 1385 4999 temporibus
1429 4933 1780 4985 Diocletiani:

213 5017 400 5057 t-tmlra
452 5019 579 5056 vero
599 5005 710 5067 alii,
741 5013 792 5055 ut
825 5004 1010 5057 Petrus
1038 5004 1104 5056 de
1134 5002 1304 5056 Natal.
1340 5019 1391 5066 κ,
1431 5004 1520 5067 97,
1546 5011 1600 5054 et
1629 5001 1782 5055 Gate.

213 5077 406 5135 sinius,
438 5074 562 5124 dum
590 5085 749 5142 agunt
770 5073 836 5126 de
864 5073 1168 5126 Tlteonesto
1195 5074 1311 5138 ejus
1361 5073 1598 5140 martyrii
1636 5071 1785 5126 socio

213 5147 301 5198 die
325 5145 395 5196 30
416 5141 640 5210 Uctob.,'
663 5143 988 5210 temporibus
1034 5144 1239 5195 Damasi
1270 5143 1336 5194 ab
1364 5141 1575 5194 Ariauis
1617 5157 1788 5195 neca-

217 5225 328 5267 tum
359 5214 650 5272 allirmant;
694 5213 905 5266 diterse
934 5213 1002 5266 ab
1025 5213 1105 5266 bis
1133 5212 1378 5265 omnibus
1426 5213 1701 5280 Sigehcrt.
1733 5211 1782 5263 in

217 5281 418 5335 Chron.
465 5283 588 5336 dum
633 5283 820 5335 Albani
872 5292 928 5335 et
971 5284 1232 5336 sociorum
1281 5279 1590 5350 martyrium
1625 5279 1786 5335 refert

104 5385 114 5392 -
217 5355 502 5416 Ctnttigisse
527 5367 666 5404 anno
697 5351 821 5404 425.

290 5433 315 5458 ι
350 5423 551 5474 Albani.
579 5423 652 5476 lle
678 5424 832 5488 hujus
856 5431 908 5476 et
929 5421 1195 5475 sociorum
1237 5421 1497 5490 martyrio
1527 5421 1649 5476 vide
1679 5421 1784 5475 Be-

219 5491 296 5544 da!
331 5491 468 5544 llist.
497 5493 715 5553 l'lcrl.,t,
742 5493 793 5544 7.

288 5561 316 5599 δ
345 5560 489 5613 Mille
513 5563 1013 5630 quadringentorum.
1043 5559 1295 5630 Samarirc
1322 5569 1621 5612 sanctorum
1653 5557 1784 5613 1480

221 5642 512 5698 martyrum
559 5635 658 5684 sub
711 5631 951 5684 Cosrobe
999 5645 1122 5698 rege
1177 5629 1496 5693 Persarum;
1529 5630 1616 5698 qni
1646 5633 1782 5697 passi

219 5709 341 5756 sunt
368 5702 506 5754 circa
529 5715 615 5754 an.
645 5701 767 5754 6H.
804 5702 1067 5754 Bauotvtus
1093 5704 1144 5752 in
1173 5700 1323 5752 Mart.

221 5811 236 5842 ι
296 5783 317 5810 ο
350 5770 584 5826 Paulini.
643 5771 930 5839 lturdegala
981 5769 1269 5825 Galliarum
1318 5767 1512 5838 oppido
1552 5770 1776 5826 oriundi.

1890 4359 2198 4416 Therasiam
2245 4357 2331 4411 hic
2379 4355 2604 4408 similem
2650 4353 2752 4406 sibi
2785 4351 3007 4404 sortitus
3037 4361 3116 4405 est
3149 4352 3452 4420 conjugetn.

1889 4433 2018 4487 Cum
2044 4428 2379 4482 saevientium
2412 4425 2764 4477 Vandalorum
2810 4433 3054 4488 tempore
3094 4421 3281 4476 fuisset
3314 4425 3455 4478 Italia

1891 4505 1940 4556 in
1969 4497 2272 4566 Campania:
2305 4496 2540 4560 partibus
2588 4495 2880 4566 devastata,
2908 4493 3159 4566 multique
3189 4505 3369 4545 essent
3390 4497 3455 4566 de

1890 4563 1987 4626 had
2019 4584 2154 4625 terra
2189 4568 2238 4619 in
2265 4567 2492 4619 Africam
2549 4563 2797 4624 traducti,
2840 4563 3085 4614 Paulinus
3132 4576 3226 4613 sita
3279 4564 3450 4615 omnia

1886 4644 2106 4710 captivis
2130 4649 2182 4691 et
2211 4635 2526 4710 pauperibus
2549 4634 2793 4710 largitus.
2816 4631 2886 4710 _Et
2917 4648 3037 4684 cum
3076 4632 3203 4683 nihil
3237 4632 3456 4710 haberet

1885 4703 2110 4780 amplius
2139 4706 2279 4774 quod
2313 4707 2482 4780 daret,
2514 4705 2667 4780 vidua
2693 4703 2921 4771 quadam
2964 4711 3180 4780 rogante
3213 4709 3268 4752 ιιι
3300 4717 3453 4780 pecu.

1886 4771 1990 4836 nia'
2027 4771 2190 4834 lilium
2249 4777 2493 4836 redimat,
2542 4788 2602 4827 se
2630 4776 2799 4839 ipsum
2831 4787 2924 4838 pro
2963 4785 3026 4822 eo
3059 4771 3368 4823 redimendo
3394 4773 3446 4825 in

1885 4853 2158 4905 servitium
2207 4845 2382 4907 dedit;
2409 4854 2462 4898 et
2510 4844 2666 4896 horto
2695 4839 2990 4896 excolendo
3024 4853 3240 4906 operam
3283 4841 3450 4905 dedit,

1885 4921 2056 4975 donec
2085 4932 2204 4972 ctttn
2238 4916 2417 4967 tnultis
2447 4914 2566 4967 aliis
2597 4926 2754 4966 manu
2802 4913 2994 4963 missus
3023 4913 3087 4960 ad
3117 4923 3329 4974 gregem
3363 4925 3451 4962 re-

1885 4991 2003 5043 diit.
2035 4987 2176 5043 Obiit
2205 4985 2264 5039 S.
2301 4984 2552 5038 Paulinus
2574 4985 2853 5050 episcopus
2904 4979 3069 5031 Busso
3109 4980 3455 5050 81__A_lll:i0(tll0

1886 5075 2025 5113 coss.
2058 5059 2157 5111 hoc
2183 5064 2264 5109 est
2289 5056 2428 5107 circa
2476 5069 2564 5106 an.
2603 5046 2726 5106 151.
2759 5046 2970 5106 'Suntus
3000 5057 3131 5102 turn.
3165 5046 3249 5101 Ill.
3283 5049 3457 5103 Pauli-

1887 5145 1987 5184 nus
2014 5129 2115 5183 sub
2144 5124 2437 5181 Gunthario
2467 5138 2590 5191 rege
2641 5120 2991 5191 Vaudalorutn
3035 5119 3278 5191 captivus
3307 5135 3458 5171 mau-

1885 5201 1976 5262 sit,
2007 5214 2110 5252 non
2133 5196 2230 5250 sub
2257 5194 2487 5259 Alarico,
2522 5188 2580 5246 tit
2620 5191 2906 5246 Balduinus
2955 5188 3007 5242 in
3058 5189 3240 5243 Schol.
3275 5191 3454 5257 Optat.

1884 5270 2156 5323 cerritavit.

1950 5283 2321 5391 glgtiiiirudw.
2363 5333 2440 5388 De
2469 5332 2566 5386 hac
2605 5330 2725 5386 vide
2775 5329 2946 5383 anda:
3000 5330 3144 5384 Eccl.
3191 5330 3323 5384 Hist.
3377 5343 3456 5395 tv,

1888 5410 1975 5463 l9.
2016 5409 2106 5460 20.

1958 5450 1982 5514 ἒ
2018 5450 2336 5530 inimum.
2398 5472 2573 5537 Pistis,
2623 5472 2790 5539 Elpis,
2823 5471 3018 5540 Agapa:
3045 5476 3100 5524 et
3144 5469 3326 5524 mitris
3355 5485 3451 5526 ea-

1885 5564 2000 5602 rum
2027 5549 2259 5614 SOpttiw.
2292 5545 2532 5614 Νοτκειι.

1964 5619 1976 5656 ί
2012 5610 2260 5683 Quintini.
2295 5614 2370 5667 De
2401 5612 2555 5679 hujus
2578 5611 2820 5680 passione
2849 5610 2968 5683 vide
3011 5627 3136 5665 xxxt
3187 5610 3458 5667 Octobris.

1889 5689 2014 5759 Ejus
2032 5681 2228 5756 corpus
2257 5691 2526 5752 repertum
2549 5693 2634 5738 est
2661 5682 2802 5738 circa
2826 5698 2913 5736 an.
2938 5681 3061 5738 542.
