3988 6346
196 400 299 461 557

1334 400 1522 458 SECT.
1565 400 1626 456 ll.
1667 429 1738 441 —-
1777 398 2335 457 MARTYRULOGIA.

3350 400 3471 457 958‘

1441 515 1666 571 EDITIO
1704 513 2161 569 COLONIENSIS.

256 612 323 668 (ἶ.
349 610 389 662 V
419 609 661 663 liueat).
687 607 846 662 JtiLtt.
876 634 948 646 --
985 606 1133 675 Apud
1161 602 1418 659 Galatia-ii
1451 604 1589 659 beati
1632 605 1761 659 Cre-
1791 608 1843 664 Α
1867 616 2067 670 eiuras,
2087 604 2355 658 Siacteiiui
2380 601 2576 657 lanceis
2606 599 3101 666 innumerabilibus,
3131 600 3303 658 donec
3332 619 3455 656 nio-

188 702 389 758 scentis
417 700 679 770 episcopi,
703 699 942 766 discipuli
974 699 1143 753 Sancti
1174 696 1317 751 Pauli
1340 698 1587 764 apostoli.
1614 696 1766 764 Apud

187 793 569 865 Tyburiianam
601 791 785 845 urbem
820 792 981 845 Italia!
1002 832 1015 854 ,
1044 790 1216 843 natale
1236 799 1431 843 sancta:
1461 787 1768 854 Simplioro-

184 901 274 942 se.
313 886 456 939 beati
488 882 715 939 Gethiilii
748 882 948 948 uxoris,
981 897 1098 935 cuin
1126 892 1330 949 septem
1359 879 1514 943 ﬁliis;
1543 882 1767 947 quorum

187 985 357 1030 mater
384 976 484 1029 sub
510 975 743 1030 Adriano
796 974 1031 1040 principe
1082 975 1308 1025 maxima
1347 973 1642 1026 constantia
1676 986 1769 1034 pro

184 1066 489 1120 Christiana
539 1064 643 1119 ﬁde
689 1072 914 1117 mortem
964 1077 1115 1131 passa
1149 1070 1258 1127 est;
1306 1062 1392 1132 qui
1423 1062 1587 1129 ipsam
1614 1061 1771 1129 jussit

185 1157 373 1225 palmis
423 1155 577 1217 czrdi,
608 1153 799 1209 deinde
832 1153 1080 1221 suspendi
1110 1153 1375 1208 crinibus.
1403 1152 1507 1207 Sed
1528 1168 1649 1206 cuin
1678 1167 1770 1206 su-

182 1247 358 1313 perari
387 1245 693 1299 nullatenus
721 1253 924 1312 posset,
971 1242 1131 1312 jussit
1159 1258 1277 1296 eam
1316 1242 1530 1310 alligato
1556 1257 1687 1297 saxo
1718 1245 1768 1296 iii

183 1336 401 1387 ﬂuvium
450 1334 789 1403 prwcipilari.
843 1331 1005 1399 Cujus
1052 1330 1214 1385 frater
1259 1330 1555 1400 Ettgenius,
1605 1332 1770 1385 curiae

182 1424 494 1493 principalis
514 1468 529 1492 ,
560 1425 817 1494 colligens
843 1437 1038 1490 corpus
1079 1422 1194 1493 ejus
1235 1423 1493 1487 sepelivit.
1533 1424 1589 1475 Et
1616 1439 1771 1477 mane

180 1516 476 1580 imperator
497 1525 701 1583 septem
722 1514 875 1581 jussit
911 1514 994 1581 ﬁgi
1018 1514 1245 1580 stipites,
1280 1512 1460 1582 ibique
1492 1512 1623 1565 lilios
1653 1514 1769 1580 ejus

176 1609 239 1661 ad
265 1607 541 1661 trochleas
565 1604 802 1671 extendi,
826 1614 879 1658 et
903 1603 1246 1657 Crescentem
1275 1604 1325 1654 in
1346 1611 1559 1670 gutture
1591 1611 1764 1656 trans-

176 1696 286 1763 ﬁgi,
322 1695 612 1748 Luciannm
644 1694 696 1746 iii
729 1698 944 1761 pectore
972 1732 986 1755 ,
1021 1691 1320 1744 Nemesium
1351 1692 1401 1743 in
1427 1691 1588 1744 coiile
1610 1733 1622 1752 ,
1657 1690 1769 1744 Pri-

178 1786 425 1843 mitivum
459 1802 552 1854 per
580 1785 909 1847 umbilicum,
960 1784 1224 1837 Justiiitim
1274 1797 1369 1851 per
1395 1784 1631 1836 nieinhra
1662 1784 1768 1837 dis-

175 1888 387 1936 tentum
415 1878 589 1933 scindi
622 1892 713 1945 per
739 1874 975 1946 singulos
1003 1875 1241 1944 corporis
1268 1873 1435 1927 nodos
1464 1883 1624 1937 atque
1647 1875 1770 1943 jun-

1872 706 2076 749 reretur
2119 697 2167 749 in
2201 707 2339 750 terra
2386 696 2597 763 con’igi,
2653 695 2946 759 Eugenium
2997 696 3064 748 ﬁii
3091 695 3124 748 li
3172 712 3197 746 a
3231 707 3449 763 pectore

1871 804 2036 857 usque
2064 789 2127 841 ad
2158 788 2436 843 inferiores
2470 798 2664 854 partes.
2710 788 2886 842 Altera
2919 795 3094 840 autem
3145 787 3233 843 die
3264 790 3452 853 Adria-

1870 894 1973 933 nus
2002 879 2253 948 praecepit
2274 893 2497 947 corpora
2525 894 2708 933 eorum
2742 878 2792 931 in
2820 876 3024 931 foveam
3053 877 3210 931 altam
3242 878 3449 947 projici.

1873 970 1934 1023 Et
1963 970 2236 1037 pontiﬁces
2265 969 2580 1039 templorum
2612 976 2903 1036 posuerunt
2930 984 3120 1023 nomen
3153 968 3251 1023 loci
3284 970 3446 1038 illius,

1871 1061 1949 1116 Ad
1975 1073 2179 1128 septem
2213 1059 2847 1117 biotlianato~.Cordub:e
2872 1073 3177 1118 sanctorum
3212 1063 3369 1132 Zoili,
3398 1077 3453 1120 et

1871 1152 2093 1207 aliorum
2125 1154 2306 1208 decem
2335 1161 2388 1207 et
2412 1168 2623 1207 narem.
2675 1152 2728 1206 In
2761 1153 2972 1222 Epheso
2999 1154 3213 1209 civitate
3240 1154 3453 1209 festivi-

1873 1251 1953 1295 tas
1981 1242 2281 1296 celebratur
2295 1253 2497 1309 septem
2526 1242 2744 1295 lratrum
2766 1241 3143 1297 dormientium
3170 1258 3185 1295 :
3218 1245 3318 1297 hoc
3342 1253 3450 1311 est,

1871 1331 2193 1394 Maximiani,
2220 1331 2428 1395 Male-lii,
2460 1331 2729 1395 Marciani,
2763 1331 3027 1401 Di0iiysii,
3059 1331 3281 1387 Joannis
3304 1371 3320 1397 ,
3353 1334 3452 1389 Se-

1873 1423 2126 1489 rapionis,
2156 1422 2511 1475 Constantini.

1945 1514 2007 1569 D.
2050 1514 2109 1568 IV
2156 1514 2388 1567 KALEND.
2430 1513 2592 1568 JULii.
2636 1513 2829 1567 Leonis
2875 1530 3042 1583 papzu,
3074 1516 3162 1585 qui
3197 1526 3316 1585 post
3345 1518 3444 1571 Pe-

1876 1616 2020 1661 trum
2069 1607 2369 1673 apostolum
2427 1606 2865 1675 quadragesimus
2911 1608 3172 1675 septimus
3222 1610 3272 1661 in
3319 1610 3448 1662 urbe

1882 1697 2048 1750 Roma
2082 1697 2222 1751 sedit
2248 1711 2416 1750 annos
2439 1697 2619 1765 viginti
2646 1712 2831 1759 unum,
2863 1713 3099 1749 mensem
3124 1713 3309 1758 unum.
3334 1699 3448 1752 dies

1874 1787 2151 1841 tredecim.
2186 1787 2280 1841 llic
2314 1802 2432 1840 cuin
2482 1786 2663 1840 multis
2708 1787 2973 1855 episcopis
3020 1787 3176 1841 ﬁdem
3225 1789 3447 1842 catholi-

1875 1894 1990 1933 cam
2024 1893 2319 1947 exponens,
2355 1879 2741 1950 Eutycliianam
2774 1888 2829 1933 et
2854 1880 3227 1934 Nestoriaiiam
3272 1884 3447 1936 luere-

1428 1966 1659 2022 EDITIO
1702 1971 2204 2026 BULLANDIANA.

172 2063 321 2118 mine
351 2060 548 2117 Christi
599 2072 728 2112 suos
773 2056 1085 2126 relinquens
1121 2065 1174 2110 et
1202 2053 1405 2110 Gallias
1445 2056 1761 2124 aggrediens
1792 2068 1839 2125 Β
1870 2060 2051 2114 [inmte
2074 2060 2305 2127 Crispini
2336 2059 2447 2131 [L.,
2474 2058 2667 2129 Crispi]
2690 2058 3095 2131 etCrispiniani.
3127 2060 3325 2115 Eodem
3359 2061 3445 2116 die

150 2156 416 2224 palmam
446 2152 689 2221 martyrii
719 2150 944 2217 adeptus
973 2159 1074 2203 est.

250 2247 320 2300 Τ.
346 2248 431 2305 A.,
455 2243 573 2310 Ipso
600 2243 687 2295 die
717 2242 971 2294 nativitas
995 2240 1053 2296 8.
1079 2239 1301 2293 Nicolai.
1338 2239 1423 2299 Β..
1458 2238 1512 2310 In
1538 2240 1767 2296 Alexan-

178 2316 293 2369 dria
328 2307 623 2383 Agathonis
652 2323 706 2365 et
739 2311 1007 2383 Diogenis.
1035 2310 1120 2375 C.,
1158 2312 1210 2363 lii
1257 2312 1429 2383 Africa
1464 2307 1765 2382 Gaudeiilii,

178 2382 401 2450 Felicis,
434 2382 668 2451 Agapiii,
701 2382 963 2449 Agatlioni
995 2390 1050 2436 et
1081 2382 1351 2451 Diogenis.

240 2496 337 2550 27.
362 2524 432 2536 —
464 2493 501 2548 V
536 2491 672 2547 ΚΑι..
704 2490 867 2545 Vacat
893 2489 1075 2546 Bieda.

244 2611 336 2677 ιλ,
372 2607 527 2675 Apud
560 2605 821 2677 Galatiam
854 2604 1004 2677 beati
1041 2608 1065 2635 ³
1097 2605 1401 2677 Crescentis
1428 2605 1674 2675 discipuli
1697 2606 1755 2661 S.

172 2674 333 2736 Pauli
358 2674 608 2743 apostoli.
643 2676 705 2728 V.
739 2676 824 2733 Ο..
854 2674 1037 2728 Romae
1090 2678 1173 2728 via
1199 2675 1479 2730 Tiburtina
1510 2678 1758 2731 iiiilliaiio

172 2768 317 2805 nono
345 2748 540 2814 Crispi,
591 2745 936 2817 Crispiniani,
989 2746 1256 2817 Felicis.b
1297 2748 1512 2811 Septem
1544 2764 1754 2817 germa-

170 2836 393 2877 norum.
425 2819 489 2874 Β.
520 2827 771 2888 quartuiu
801 2816 949 2869 addit
979 2830 1170 2871 nomen
1189 2816 1453 2886 Spinellw.
1479 2816 1637 2871 ΑίΤ.
1668 2818 1751 2878 L.,

1875 2133 2050 2193 passio
2076 2131 2133 2184 S.
2163 2141 2185 2166 ε
2220 2131 2389 2199 Vigitii
2438 2131 2758 2183 Tridentinus
2816 2130 2958 2183 urbis
2989 2132 3243 2197 episcopi.
3300 2133 3365 2185 Et
3394 2136 3444 2187 in

1874 2200 2084 2269 Epheso
2101 2201 2262 2269 (locus
2285 2202 2420 2252 abest
2437 2203 2500 2253 ab
2530 2204 2616 2265 A.)
2644 2209 2846 2267 septem
2868 2216 3243 2267 germanorum
3268 2207 3293 2245 τί
3316 2205 3439 2255 dor.

1875 2273 2171 2335 inientiiiiii,
2223 2271 2437 2323 nomina
2494 2281 2735 2324 recenset
2765 2271 2826 2322 Τ.
2885 2270 3207 2334 Maximiani,
3263 2272 3437 2336 Malci,

1874 2341 2194 2405 Martittiatti,
2226 2341 2581 2397 Constantini.
2610 2340 2868 2406 Dionysii,
2900 2338 3142 2405 Joannis,
3186 2342 3440 2406 Serapio-

1874 2409 1977 2466 nis.
2008 2412 2072 2464 T.
2100 2412 2182 2473 L.,
2219 2411 2417 2464 Eodem
2443 2412 2528 2462 die
2562 2412 2733 2477 passio
2762 2408 2819 2463 S.
2852 2418 2874 2444 ι’
2903 2408 3130 2464 Hirenzei
3156 2414 3448 2465 sociorum-

1872 2496 1974 2549 que
2017 2481 2152 2551 ejiis.
2206 2481 2242 2533 Β
2272 2524 2287 2549 ,
2341 2483 2392 2535 In
2426 2481 2688 2551 Hispaniis
2738 2480 3053 2551 Crescentis,
3085 2481 3301 2545 Juliani,
3334 2482 3449 2536 Eu-

1870 2546 2378 2621 g'eiiii,'Novatiaiii.
2427 2553 2481 2604 lii
2522 2546 2693 2605 insula
2743 2546 2764 2587 ί
2808 2551 2891 2603 via
2929 2552 3204 2605 translatio
3233 2554 3289 2607 S.
3315 2552 3445 2608 Flo-

1865 2634 2046 2677 rentii.

1934 2721 2023 2776 38.
2056 2750 2126 2761 —
2155 2721 2219 2777 IV
2247 2722 2381 2776 Κλι..
2416 2720 2603 2790 Vigitia
2628 2720 2989 2790 apostolorum
3019 2719 3162 2777 Petri
3183 2730 3237 2778 et
3266 2721 3438 2777 Pauli.

1863 2816 1983 2885 Ipso
2011 2816 2096 2871 die
2125 2818 2181 2872 S.
2211 2825 2236 2864 ι
2266 2816 2455 2871 Leonis
2482 2830 2651 2886 papte.

1573 2908 1783 2963 SMITH
1824 2908 2058 2962 NOTAE.

166 3002 288 3060 Kal.
322 3000 471 3067 Julii,
503 3000 860 3056 translationis
888 2998 1118 3064 septimo
1151 2996 1336 3050 Iduum
1387 2996 1719 3063 Septembris
1746 3040 1761 3064 ,

176 3072 495 3129 elevationis
545 3071 719 3125 Idibus
767 3070 1035 3124 Octobris.
1069 3068 1318 3120 ltloLiiaus
1348 3067 1415 3121 de
1445 3068 1541 3123 SS.
1572 3069 1756 3132 Belgii.

174 3145 310 3213 Ejus
338 3141 651 3213 martyrium
681 3142 1064 3212 contigitanno
1094 3138 1218 3201 80l,
1261 3148 1316 3191 ut
1358 3148 1542 3192 auctor
1570 3152 1652 3192 est
1678 3139 1761 3195 Si-

168 3212 381 3288 geber}.
414 3214 465 3266 in
488 3212 687 3288 Ciiron:

246 3293 276 3322 ⁸
306 3284 609 3338 Crescentis.
643 3282 743 3349 Qui
770 3282 821 3337 in
852 3279 1051 3334 Gallias
1078 3278 1355 3332 transitum
1378 3277 1578 3349 faciens
1598 3279 1761 3334 verbo

212 3354 579 3410 radicationis
600 3348 794 3406 multos
815 3352 876 3404 ad
909 3351 1066 3404 ﬁdem
1094 3349 1377 3402 convertit.
1406 3348 1763 3404 ViennazGal-

196 3430 371 3479 iarum
401 3422 627 3479 civitatis
652 3438 745 3489 per
774 3423 970 3487 aliquot
1025 3434 1196 3472 annos
1240 3420 1397 3485 sedit,
1433 3419 1609 3486 ibique
1659 3420 1760 3473 Za-

166 3496 414 3551 chariam
447 3494 764 3560 discipulum
799 3508 895 3559 pro
924 3508 983 3543 se
1015 3490 1323 3560 episcopum
1381 3489 1668 3554 ordinavit,
1704 3501 1763 3546 ut

166 3568 287 3622 Ado
309 3574 367 3618 et
390 3566 441 3617 in
470 3559 842 3634 Martyrologio
870 3571 925 3616 et
951 3562 1001 3614 in
1034 3559 1302 3634 Chronico
1328 3562 1629 3634 proﬁtetur.
1654 3561 1761 3614 Mo-

167 3636 374 3706 guntize
398 3631 881 3706 pariter'taiiqoam
919 3634 1118 3706 primos
1147 3632 1429 3706 episcopus
1455 3631 1670 3690 mansit.
1703 3643 1760 3685 ut

167 3700 618 3773 integrzetabulae
644 3700 1027 3773 episcoporum
1062 3700 1488 3773 Moguntinoruni
1514 3716 1643 3768 quas
1675 3717 1761 3757 re-

164 3770 309 3831 citat
330 3770 689 3829 Demochares
712 3774 966 3828 indicant.
1003 3770 1233 3825 Rediens
1264 3786 1389 3823 vero
1428 3770 1491 3821 ad
1518 3781 1758 3840 gentem,

168 3844 255 3902 cui
286 3846 593 3914 specialiter
614 3845 767 3897 datus
793 3844 1240 3914 eratrepisijopus,
1292 3840 1506 3894 Galatas
1531 3855 1627 3903 sc.,
1664 3857 1760 3895 eos

168 3912 343 3985 usque
364 3917 427 3968 ad
455 3916 611 3985 linem
642 3914 762 3967 vitae
795 3915 845 3966 iii
878 3913 995 3985 vide
1047 3912 1246 3965 Christi
1292 3913 1635 3985 conﬁrmatis,
1667 3913 1754 3965 ile-

166 3979 317 4041 mii'm
350 3987 451 4038 sub
468 3984 698 4050 Trajano
721 3984 1032 4053 martyrium
1061 3981 1475 4044 consummavit,
1501 3979 1641 4033 circa
1665 3997 1755 4034 an.

166 4058 293 4112 1ου.
328 4056 547 4110 (inimus
570 4057 696 4109 Sex.

236 4127 266 4165 h
303 4126 511 4192 Septem
537 4139 917 4191 germanorum.
953 4122 1013 4176 lli
1042 4130 1165 4175 sunt
1188 4130 1391 4190 septem
1411 4118 1509 4192 lilii
1531 4120 1586 4173 S.
1606 4118 1760 4190 Sym-

165 4191 418 4266 pliorosae
446 4208 499 4249 et
526 4195 719 4248 Getulii
750 4198 1091 4266 inar_iyruiii,_
1128 4196 1216 4259 qui
1271 4208 1363 4258 per
1390 4191 1602 4266 diversa
1646 4202 1756 4243 tor-

164 4262 349 4321 menta
407 4279 594 4318 omnes
648 4267 747 4317 sub
798 4263 1033 4316 Adriano
1080 4264 1406 4330 imperatore
1450 4262 1587 4328 passi
1628 4272 1756 4314 sunt

161 4338 304 4408 apud
334 4336 672 4408 Tiburtinam
704 4334 997 4408 civitatein,
1029 4344 1081 4385 et
1110 4342 1226 4399 post
1254 4331 1557 4408 passionem
1586 4333 1634 4383 in
1672 4337 1755 4408 to-

168 4402 325 4460 veani
359 4407 522 4459 altam
556 4404 755 4473 injecti.
786 4405 1021 4470 Quorum
1052 4418 1275 4471 corpora
1298 4404 1635 4473 requiescunt
1667 4402 1748 4455 via

162 4477 445 4532 Tiburtina
474 4476 723 4528 milliario
752 4488 912 4528 tioiio.
959 4478 1092 4529 Atto.
1124 4473 1384 4526 Coluntur
1413 4480 1466 4525 et
1495 4472 1546 4525 bi
1594 4485 1753 4539 supra

162 4551 250 4602 die
272 4561 397 4601 ms
422 4546 562 4600 Maii.

1875 2996 1999 3052 ldus
2044 2996 2278 3052 Januarii
2328 3012 2470 3051 anno
2498 2997 2621 3062 68l,
2656 2998 2762 3053 Leo
2790 2998 3057 3053 secundus
3080 3000 3127 3055 ei
3150 3005 3444 3067 successit;

1870 3068 1964 3122 sed
1998 3085 2124 3130 non,
2160 3079 2215 3121 ut
2244 3069 2557 3122 Anastasius
2585 3068 2794 3132 scribit,
2826 3079 2945 3136 post
2976 3072 3440 3138 iiiterpoittiﬁciutn

1869 3139 1993 3193 auiti
2044 3140 2220 3200 unius,
2272 3154 2547 3211 inetisnim
2584 3150 2799 3211 septeni
2821 3150 2875 3194 et
2914 3141 3119 3194 dierum
3165 3144 3438 3211 quinque;

1790 3208 1837 3272 C
1870 3225 1990 3262 nam
2021 3224 2140 3263 cum
2174 3209 2382 3276 Agatho
2436 3210 2724 3263 [ecclesiam
2778 3210 3069 3265 Romanam
3115 3208 3285 3266 annos
3314 3208 3441 3269 'tres

1868 3291 1920 3333 et
1953 3294 2170 3334 menses
2195 3281 2397 3347 aliquot
2426 3281 2831 3342 administravit,
2879 3288 2938 3335 ut
2974 3294 3176 3335 certum
3210 3284 3437 3350 videtur,

1843 3352 1984 3417 'post
2033 3350 2150 3419 ejus
2199 3362 2423 3403 mortem
2460 3352 2617 3404 sedes
2650 3352 2828 3404 taudiu
2860 3367 3050 3405 vacare
3092 3368 3195 3405 non
3244 3357 3435 3417 potuit.

1868 3424 2050 3485 Quare
2095 3420 2403 3487 Onupliritis
2454 3422 2506 3473 iii
2554 3420 2821 3475 Chronico
2861 3421 3327 3489 interpontiﬁcium
3375 3427 3440 3479 ad

1865 3501 2069 3560 septem
2122 3505 2335 3544 menses
2375 3492 2683 3545 coai’etavit.
2721 3492 2848 3544 llliid
2878 3492 3054 3561 itaque
3084 3494 3443 3559 interpoiitili-

1864 3561 2010 3614 cium
2042 3567 2120 3614 vet
2148 3578 2175 3613 a
2203 3560 2433 3614 librariis
2465 3564 2600 3614 male
2630 3560 2981 3629 descriptum,
3032 3565 3110 3616 vel
3157 3565 3320 3617 etiam
3372 3568 3441 3621 ab

1863 3632 2149 3684 Anastasio
2182 3632 2298 3693 ipso
2328 3634 2647 3700 ignoratum.
2702 3631 2852 3686 Unde
2902 3648 3022 3685 cuin
3075 3648 3292 3688 saucius
3329 3635 3439 3689 Leo

1862 3716 2004 3755 anno
2035 3702 2163 3763 682,
2195 3702 2283 3755 die
2308 3703 2515 3755 decima
2546 3703 2772 3768 septima
2797 3706 2996 3756 mensis
3022 3704 3268 3771 Augusti,
3294 3707 3436 3759 ordi-

1864 3783 2019 3825 natus
2066 3772 2245 3835 fuerit,
2292 3774 2499 3825 vaeavit
2539 3773 2696 3825 sedes
2729 3785 2928 3825 tantum
2963 3790 3172 3825 nienses
3203 3785 3428 3841 septem,

1868 3842 1979 3894 dies
1998 3852 2220 3909 septem,
2241 3843 2520 3895 emortiiali
2543 3843 2783 3895 excluSo.
2799 3844 3109 3895 Anastasius
3130 3846 3285 3896 etiam
3310 3850 3437 3897 scri-

1864 3910 1938 3964 bit
1957 3910 2184 3965 Leonem
2204 3913 2403 3965 sedisse
2426 3928 2639 3965 nienses
2657 3914 2859 3973 decem,
2875 3914 2989 3965 dies
3024 3916 3429 3980 septemdecim,

1862 3991 1916 4032 et
1957 3982 2221 4047 sepultum
2269 3996 2386 4034 esst:
2415 3984 2514 4033 sub
2543 3982 2627 4033 die
2656 3996 2838 4048 quinto
2881 3985 3056 4033 Nonas
3110 3983 3292 4039 Jiilias.
3328 4001 3434 4051 quo

1860 4052 2018 4103 etiam
2049 4051 2136 4103 die
2182 4065 2303 4102 eum
2336 4052 2531 4105 obiiSse
2561 4053 2846 4104 Urdericus
2882 4053 2968 4103 liti.
3003 4067 3034 4103 ll
3067 4063 3119 4103 et
3166 4054 3430 4108 Marianos

1858 4119 2047 4173 SCotus
2082 4122 2130 4172 iu
2159 4120 2424 4173 Chronico
2455 4122 2681 4187 produnt
2704 4137 2720 4184 ;
2740 4131 2791 4173 et
2812 4122 2986 4174 nullus
3007 4122 3092 4173 int
3120 4132 3181 4174 ita
3202 4126 3431 4187 antiqui-

1861 4199 1967 4244 tate
1990 4191 2375 4244 diuturiiiorem
2399 4193 2577 4244 sedem
2600 4193 2645 4243 ei
2670 4192 2970 4257 adscripsit.
3002 4196 3174 4256 Quare
3200 4210 3317 4244 eum
3343 4196 3429 4249 die

1864 4277 1965 4314 XVII
1999 4266 2194 4313 itieiisis
2226 4264 2447 4328 Augusti
2480 4278 2600 4313 auiti
2630 4262 2734 4314 682
2764 4264 3036 4313 ordinatus
3072 4266 3248 4325 luerit,
3282 4279 3427 4316 inor-

1860 4339 1980 4384 ttiiis
2008 4340 2089 4385 est
2114 4346 2255 4385 anno
2282 4340 2555 4397 sequente,
2589 4343 2644 4385 et
2672 4334 2885 4399 quidem
2926 4338 3010 4384 die
3044 4334 3200 4385 tertia
3229 4349 3428 4389 mensis

1858 4401 2003 4455 Julii.
2056 4402 2103 4455 Is
2147 4402 2288 4455 enim
2329 4402 2446 4455 dies
2474 4404 2537 4453 ad
2584 4403 2814 4468 aliquam
2860 4401 2977 4469 ejus
3027 4404 3426 4458 translationem

1859 4472 2047 4525 referri
2090 4486 2195 4523 non
2241 4482 2432 4539 potest.
2477 4473 2585 4527 Nec
2612 4474 2788 4525 obstat
2816 4475 2953 4541 quod
2985 4475 3070 4524 Ine
3102 4474 3207 4526 Leu
3236 4475 3430 4527 colitur

1857 4542 1944 4595 die
1986 4556 2147 4595 xxvm
2182 4544 2374 4595 mensis
2400 4542 2564 4603 Junii,
2596 4559 2715 4595 nam
2753 4555 2907 4596 antea
2937 4544 3051 4597 dies
3083 4546 3167 4596 illa
3200 4546 3250 4597 in
3282 4557 3429 4596 anti-

238 4586 635 4687 ;-l’igilii..Qui
686 4629 807 4669 cum
862 4612 1118 4687 reliquias
1160 4610 1483 4687 idololatriae
1539 4612 1749 4687 penitus
1787 4586 2255 4687 unisEcclesia:
2287 4586 2643 4687 iiiiinii_iiientis
2690 4629 2840 4687 sacra
2894 4616 2986 4665 tuii
3036 4615 3198 4687 Lenii
3231 4618 3421 4680 primo,

163 4682 468 4753 exstirpare
498 4694 802 4748 conaretur,
837 4698 865 4735 a
895 4684 1021 4737 leris
1057 4693 1111 4737 et
1159 4682 1399 4736 barbaris
1447 4682 1751 4735 hominibus

164 4759 404 4826 lapidum
438 4757 609 4809 iinbi-e
634 4769 912 4822 percussus
939 4768 1034 4821 pro
1064 4754 1623 4826 Christomartyriiim
1649 4754 1752 4826 ini-

164 4818 353 4895 plevit,
384 4818 645 4881 Stilicone
667 4828 901 4879 consule.
940 4818 1221 4886 BARONIUS,
1256 4818 1501 4895 Usum}.
1532 4818 1751 4895 Ponitur

162 4891 348 4952 autem
377 4898 581 4966 primus
608 4901 913 4949 consulatus
941 4896 1212 4948 Stiliconis
1231 4908 1382 4966 anno
1399 4891 1530 4966 301).
1661 4892 1751 4966 Vi-

159 4969 324 5035 gilius
358 4962 490 5020 visit
516 4968 845 5033 temporibus
866 4966 964 5021 SS.
997 4964 1261 5019 Ambrosii
1311 4973 1361 5017 et
1394 4962 1747 5031 SimpliCiaiii,

162 5034 217 5091 et
257 5048 467 5109 martyr
496 5039 745 5090 occubuit
776 5039 854 5109 vel
883 5038 982 5089 sub
1011 5035 1109 5109 isto
1140 5036 1309 5109 primo
1337 5036 1614 5109 consulatu
1639 5034 1749 5086 Sti-

161 5108 383 5173 lic0iiis,
405 5104 502 5161 'vel
535 5111 723 5160 saltem
747 5106 847 5159 sub
868 5105 1102 5159 secundo
1129 5107 1216 5174 qui
1248 5104 1436 5157 incidit
1468 5104 1517 5154 iii
1549 5116 1747 5157 aiiiiuiii

160 5176 291 5234 405.
324 5180 531 5252 Colitur
562 5177 728 5252 pridie
752 5192 792 5252 a7
813 5176 1079 5252 praedictis
1105 5174 1435 5252 auctoribus.

234 5254 261 5294 τι
320 5241 716 5301 υοτῖιιὶεηιὶωη.
770 5241 923 5313 Apud
976 5246 1264 5314 Ephesum.
1309 5241 1420 5314 Qui
1464 5241 1746 5297 Deciaiiaiu

163 5320 596 5387 persecutionem
618 5320 897 5385 logieiites,
921 5313 1317 5370 absonuderiiiit
1337 5333 1394 5366 se
1414 5313 1464 5364 in
1479 5318 1743 5387 spelunca

165 5382 221 5444 iu
252 5400 438 5443 monte
462 5385 644 5450 Caelio,
675 5382 765 5441 In).
822 5382 1189 5441 deriiiiverunt
1236 5400 1402 5452 usque
1427 5382 1492 5435 ad
1548 5386 1747 5439 tricesi-

167 5476 315 5514 mum
343 5474 542 5513 annum
573 5458 858 5512 Theodosii
893 5458 982 5510 lilii
1011 5458 1221 5512 Arcadii
1254 5457 1608 5523 imperatoris.
1646 5458 1745 5508 Ba—

168 5529 354 5586 tonius
389 5532 487 5583 bos
518 5537 778 5581 memorat
804 5543 946 5582 xxvii
975 5528 1123 5582 Julii.

242 5615 266 5641 ι
298 5599 544 5652 Hirenwi.
574 5598 650 5653 De
681 5600 784 5651 hoc
816 5609 1001 5667 agetur
1027 5597 1298 5666 postridie.

242 5674 263 5713 ι
330 5670 443 5721 Via.
492 5669 649 5723 Juxta
696 5666 1068 5723 Additamciita
1098 5670 1161 5720 ad
1196 5666 1469 5736 Martyrol.
1502 5672 1601 5719 hoc
1631 5682 1747 5721 ver-

168 5742 295 5797 bum
331 5739 432 5791 Oia
457 5739 670 5802 dicitur,
697 5739 988 5793 secundum
1022 5740 1286 5794 Molaiiuiu
1312 5753 1361 5791 iii
1386 5736 1744 5791 additioiiibus

172 5814 234 5867 ad
269 5810 573 5865 Usuardum
604 5807 764 5861 Heia.

241 5891 265 5929 ε
296 5881 503 5937 Leonis.
546 5882 820 5951 Agathone
858 5890 1065 5936 mortuo
1108 5889 1158 5935 et
1191 5878 1396 5949 sepulto
1441 5876 1538 5931 sub
1582 5877 1665 5933 die
1696 5893 1746 5932 iv

1855 4692 1911 4735 ut
1956 4684 2197 4750 pluribus
2244 4684 2480 4737 ostendit
2522 4684 2844 4748 Quesnellus
2917 4695 3045 4736 toni.
3095 4683 3134 4737 ll
3188 4689 3420 4747 Uperuiii

1851 4756 2020 4805 sancti
2064 4752 2276 4816 Leonis,
2310 4754 2521 4806 dissert.
2558 4758 2580 4807 1
2614 4754 2681 4807 de
2713 4755 2816 4806 vita
2848 4767 2901 4807 ei
2934 4756 3093 4806 rebus
3124 4766 3283 4819 gestis
3308 4760 3426 4821 ejus

1850 4823 1915 4874 ad
1948 4838 2146 4874 annum
2174 4826 2302 4887 401,
2334 4824 2486 4889 cujus
2530 4826 2843 4877 assertionis
2889 4824 3070 4891 plures
3099 4840 3161 4877 ex
3194 4824 3426 4891 antiquis

1853 4894 2121 4946 historicis
2145 4936 2161 4959 ,
2213 4894 2607 4963 Martyrologiis
2632 4906 2684 4948 et
2714 4896 3012 4949 istiusmodi
3056 4894 3203 4946 libris
3235 4902 3427 4962 proba-

1853 4974 2029 5015 tiones
2058 4963 2109 5015 iti
2136 4965 2369 5016 medium
2416 4966 2650 5017 adducit.
2686 4964 2756 5016 Ibi
2783 4976 2959 5017 tamen
2992 4979 3266 5031 perperam
3299 4981 3427 5018 coii-

1852 5036 2020 5085 tendit
2060 5034 2291 5086 Leonem
2335 5034 2374 5087 ll
2421 5052 2481 5087 ea
2521 5034 2607 5088 die
2635 5036 2829 5087 obiisse
2856 5051 2870 5099 ;
2901 5038 3063 5101 quod,
3101 5045 3290 5102 inquit,
3326 5038 3414 5088 vix

1851 5105 1954 5156 alia
1984 5104 2120 5156 ratio
2149 5104 2439 5171 excogitari
2467 5114 2652 5171 possit,
2683 5121 2779 5158 cur
2807 5106 2926 5157 buic
2956 5108 3289 5171 potissimum
3315 5108 3421 5159 diei

1848 5173 2063 5227 al'tixoiii
2095 5176 2163 5227 sit
2191 5176 2382 5227 iustum
2414 5178 2590 5242 hujus,
2616 5178 2767 5227 etiam
2798 5178 2986 5243 rejectis
3014 5177 3133 5227 inde
3164 5176 3345 5227 Leonis
3393 5176 3423 5229 Ι

1850 5244 2139 5312 festivitate,
2187 5262 2341 5313 quam
2382 5248 2503 5313 quia
2552 5247 2811 5298 constabat
2845 5249 2896 5297 in
2928 5246 3155 5299 Ecclesia
3188 5246 3425 5299 Romana

1849 5330 1906 5365 eo
1955 5317 2037 5367 die
2063 5317 2244 5369 abiisse
2291 5318 2505 5368 Leonem
2532 5313 2615 5367 ll.
2645 5318 2713 5369 At
2740 5319 2858 5368 ideo
2881 5316 2995 5370 dies
3030 5332 3190 5370 mittit
3221 5320 3422 5371 mensis

1849 5383 1992 5439 Junii
2033 5387 2275 5440 addictus
2318 5386 2417 5439 fuit
2456 5388 2728 5439 t‘estivitati
2776 5386 2967 5440 Leonis
3019 5388 3082 5449 ll,
3130 5402 3252 5455 quia
3300 5402 3423 5441 cuin

1850 5457 1963 5509 sedi
1995 5458 2296 5525 apostolicae
2321 5458 2511 5524 placuit
2537 5471 2657 5509 eum
2680 5456 2860 5511 ofﬁcio
2881 5458 3245 5510 ecclesiastico
3268 5472 3431 5509 exor-

1850 5541 1999 5589 iiare,
2048 5531 2159 5581 dies
2208 5531 2296 5580 ille
2344 5526 2552 5579 exteris
2598 5529 2870 5593 praelatus.
2915 5530 3056 5595 quod
3086 5528 3273 5581 eodem
3325 5542 3421 5594 per

1851 5598 2015 5650 multa
2048 5598 2240 5651 saecula
2286 5596 2671 5668 cultusgfuisset
2702 5598 3078 5668 Leoltlagnus,
3116 5597 3267 5666 cujus
3300 5608 3425 5651 tunc

1851 5670 2106 5723 memoria
2129 5670 2213 5721 die
2236 5683 2286 5720 XI
2315 5666 2514 5721 mensis
2539 5668 2756 5733 Aprilis,
2789 5666 2893 5737 quo
2920 5672 3085 5735 prima
3112 5683 3226 5736 ejus
3253 5678 3427 5721 trans-

1850 5740 1978 5863 ἓυὲἱο
2010 5740 2333 5808 contigerat,
2365 5748 2676 5794 consecrata
2725 5740 2843 5794 fuit.
2894 5740 3021 5796 l’iici
3061 5753 3202 5795 anno
3235 5738 3343 5793 682
3370 5746 3426 5793 et
