3988 6346
3573 150 3610 175 Α

478 332 589 393 93.9
1163 331 1365 389 BEDJL
1402 333 1848 389 VENSRABILIS
1884 333 2031 389 OPP.
2076 336 2102 390 Γ

2202 335 2250 391 ι8
2291 338 2379 391 IV..
2420 364 2485 376 —-
2527 336 2920 390 ιιιδτυιιιω-

1697 442 1921 501 EDITIO
1959 445 2200 503 COLONI
2212 448 2401 503 ENSIS

486 545 587 599 sim
628 541 917 605 damnavit,
979 545 1033 594 et
1075 538 1469 593 sanctissimum
1516 537 1797 591 concilium
1835 536 2054 591 Chalce-
2086 546 2133 601 Α
2160 550 2392 609 smnpta,
2421 554 2452 594 e
2478 542 2635 594 terris
2678 542 2924 610 migravit
2964 542 3028 595 ad
3058 543 3271 598 caelum.
3305 543 3573 613 Lugdune
3604 545 3733 603 Gal—

488 637 728 689 donense
755 647 847 687 sua
878 630 1132 685 industria
1156 629 1463 699 congregari
1507 628 1652 682 fecit.
1708 628 1807 683 llic
1852 628 2055 683 consti-
2162 629 2245 680 lite
2288 628 2455 681 Sancti
2506 629 2687 683 lrcntci
2721 632 2986 698 episcopi,
3020 633 3108 701 qui
3141 646 3257 686 cum
3290 635 3437 687 omni
3466 634 3579 691 lere
3600 638 3738 694 civi.

493 726 594 781 tuit
623 726 754 779 intra
780 722 1043 776 actionem
1091 720 1272 774 dicere
1322 728 1566 773 sanctum
1611 718 1954 782 sacriliciutn,
2002 728 2055 772 et
2163 718 2283 770 tatis
2325 733 2436 772 sua:
2488 720 2680 786 popqu
2726 719 2962 789 glorioso
3002 732 3287 777 coronatus
3323 732 3408 778 est
3452 728 3735 798 martyrio,

496 815 808 871 monacham
838 828 941 866 non
970 811 1208 879 accipere
1239 812 1479 864 velamen
1508 810 1696 878 capitis
1720 810 2054 863 benedictum
2162 809 2262 861 sub
2308 808 2506 863 Severo
2554 810 2815 879 principe.
2840 813 3184 881 sepultusque
3213 830 3242 866 a
3276 813 3536 869 Zacltaria
3588 833 3734 886 pres-

492 904 561 959 ah
581 903 851 973 episcopo,
875 901 972 955 nisi
999 900 1141 968 prius
1163 900 1377 967 probata
1402 900 1545 952 illius
1576 900 1848 967 virginitas
1876 899 2059 953 fuerit.
2164 899 2351 969 liytero
2394 902 2444 954 itt
2482 910 2665 969 crypta
2712 901 2947 956 basilica:
2997 904 3134 958 beati
3177 906 3399 960 Joannis
3445 908 3733 978 Baptista,

492 992 644 1063 Apud
692 989 1066 1046 Alexandriam
1095 998 1399 1043 sanctorum
1432 1000 1726 1059 martyrum
1762 989 2055 1051 Plutarchi,
2162 991 2263 1047 sub
2292 992 2465 1045 altari.
2502 993 2566 1046 Et
2596 993 2769 1060 vigilia
2801 996 3165 1062 apostolorum
3199 997 3339 1051 Petri
3379 1010 3433 1054 et
3464 1000 3639 1055 Pauli.

496 1082 702 1148 Sereni,
728 1081 1010 1145 Eraclidis,
1039 1080 1261 1145 Herois;
1303 1079 1429 1135 item
1460 1080 1673 1144 Sereni,
1712 1077 2053 1142 Potamientn,
2236 1081 2300 1135 E.
2368 1082 2431 1136 lll
2479 1082 2716 1139 κλιεῃο,
2762 1084 2921 1139 Jun,
2971 1086 3153 1140 [ιοιιιω
3194 1089 3369 1144 ,δείδιε
3422 1101 3733 1145 “nclama,

495 1172 778 1240 Marcellzn,
811 1171 1232 1237 Catechumintn,
1267 1170 1441 1234 εἰει-ω,
1484 1169 1708 1235 Nomitc,
1742 1168 2057 1238 baptismum
2166 1170 2530 1237 apuszororum
2567 1172 2706 1226 Petri
2754 1182 2808 1227 et
2852 1174 3020 1241 Pauli,
3053 1176 3143 1241 qui
3178 1177 3315 1244 passi
3353 1188 3481 1231 sunt
3508 1180 3612 1231 sub
3640 1180 3740 1234 Ne-

494 1265 731 1334 martyrii
779 1272 1108 1318 consecutae.
1162 1262 1303 1315 Inter
1352 1275 1485 1329 quos
1533 1260 1798 1329 pra-cipue
1846 1259 2059 1313 emicuit
2167 1274 2318 1323 rone,
2354 1261 2516 1315 Basso
2562 1272 2614 1316 et
2663 1262 2835 1317 Tusco
2885 1267 3210 1321 consulibus.
3266 1268 3455 1325 Petrus
3502 1273 3740 1326 secundo

496 1354 798 1409 Potztntiena
842 1353 1013 1423 virgo,
1048 1368 1167 1423 qua:
1200 1364 1318 1422 post
1349 1353 1657 1406 innumeros
1697 1366 1894 1419 agones
1938 1366 2066 1404 cum
2168 1349 2369 1403 Claudii
2401 1364 2562 1414 anno,
2604 1364 2718 1419 post
2745 1356 3108 1423 episcopatum
3141 1359 3528 1415 Antiochensis
3560 1363 3740 1416 Eccle-

498 1446 787 1501 venerabili
841 1455 1013 1501 matre
1071 1445 1351 1509 Marcella,
1409 1444 1547 1512 ignis
1600 1443 1872 1512 suppliciis
1928 1457 2058 1495 con-
2170 1442 2285 1503 site,
2331 1450 2382 1492 et
2430 1442 2856 1508 praedicationem
2908 1445 3255 1515 tlispcrsionis
3301 1465 3484 1505 eorum
3535 1457 3627 1523 qui
3676 1456 3743 1507 de

1728 1533 1965 1588 EDlTIt)’
1995 1529 2488 1586 BULLANDIAN'A.

3624 338 3731 394 9ὺο

575 1630 639 1683 A.
669 1627 733 1683 Τ.
765 1628 852 1689 L.,
879 1626 933 1680 In
958 1623 1276 1680 Alexandria
1306 1623 1403 1677 SS.
1434 1631 1458 1657 ⁸
1480 1624 1662 1678 Sereni
1693 1634 1744 1676 et
1772 1621 2061 1676 Theodori.

500 1697 586 1760 Β..
637 1698 691 1752 In
736 1697 906 1752 Alrica
956 1695 1191 1755 Fabiani,
1238 1694 1451 1758 Felicis,
1486 1694 1721 1756 Venusti,
1753 1690 2064 1746 Crescentii.

501 1769 557 1823 lu
590 1767 902 1821 Alexandria
932 1766 1103 1819 natale
1133 1766 1233 1821 SS.
1272 1764 1457 1818 Screui
1501 1772 1557 1816 et
1597 1762 1883 1816 Theodori.
1928 1762 2070 1831 Lug-

500 1838 647 1892 duuo
671 1837 852 1891 Galliae
882 1837 1054 1890 natale
1084 1834 1175 1889 S.b
1210 1836 1412 1888 Ereuaai
1442 1848 1560 1888 cum
1588 1833 1705 1887 aliis
1732 1846 1848 1886 sex.

541 1955 667 2083 {$9.
781 1956 841 2012 lll
867 1956 1002 2012 Kac.
1042 1954 1224 2010 Roma:
1266 1953 1457 2009 natalis
1499 1952 1857 2023 apostolorum
1880 1954 1903 1983 θ
1933 1951 2076 2008 Petri

628 2046 690 2081 an
716 2046 751 2082 ι.

501 2043 556 2083 et
583 2043 751 2083 1³31111».

581 2159 740 2215 Addit
787 2161 973 2215 Florus
1014 2160 1064 2213 in
1113 2158 1178 2212 Τ.
1209 2167 1263 2211 et
1290 2158 1378 2225 L.,
1410 2158 1511 2222 Qui
1536 2158 1687 2226 iussu
1720 2154 1944 2212 Neronis
1975 2154 2076 2209 im-

505 2252 770 2324 peratoris
794 2252 980 2306 Petrus
1004 2248 1372 2317 cruciﬁxione,
1401 2248 1596 2303 Paulus
1616 2246 1805 2317 capitis
1818 2247 2077 2319 plexione

2176 1622 2427 1687 martyrio
2458 1623 2691 1675 coronati
2721 1632 2864 1678 sunt.

2201 1780 2211 1791 _
2250 1710 2505 1777 Longiora
2554 1714 2824 1791 ittrittsqtte
2868 1715 3034 1785 elogia
3065 1716 3133 1769 ab
3171 1726 3352 1791 etymo
3382 1721 3618 1777 nominis
3650 1725 3745 1778 ini-

2178 1781 2308 1856 tium
2356 1781 2619 1856 sumentia
2664 1784 2919 1836 habeantur
2951 1781 2999 1838 tit
3034 1802 3134 1840 ms.
3174 1781 3378 1856 νξψιειξ
3403 1794 3739 1847 omittimus:

2174 1850 2311 1929 sicut
2338 1858 2391 1903 et
2416 1853 2519 1929 alia
2548 1852 2767 1929 aliorum
2793 1856 3171 1929 apostolorum,
3219 1850 3401 1929 diebus
3432 1862 3630 1929 cuique
3663 1864 3745 1917 hic

2176 1920 2459 1988 assignatis
2478 1929 2575 1991 aut
2595 1922 2925 1988 assignandis
2950 1926 3197 1991 inscripta
3222 1928 3334 1980 istis
3363 1920 3560 1984 similia
3591 1948 3607 1984 :
3637 1943 3743 1986 turtt

2176 1994 2296 2071 quia
2346 1990 2937 2071 adgl’lmdteattt‘flori.
2973 2004 3147 2071 textus
3191 1997 3575 2071 discernentlos
3618 2002 3747 2056 nihil

2178 2060 2394 2123 faciunt,
2428 2069 2535 2114 tum
2566 2061 2684 2128 quia
2716 2062 2838 2115 alibi
2890 2064 3062 2116 obvia.
3115 2067 3197 2125 Β..
3245 2068 3308 2120 Et
3339 2071 3515 2123 natale
3543 2070 3607 2125 S.
3642 2072 3740 2125 No-

2177 2130 2642 2209 vatianinblartyris
2664 2148 2780 2209 cum
2811 2134 3232 2209 alitsgnongentis
3262 2144 3593 2209 septuaginta
3618 2152 3744 2196 octo

2177 2199 2658 2338 :t’i'artyribus.‘C.,
2710 2203 2776 2257 Et
2819 2204 2844 2239 ά
2894 2199 3119 2260 alioruin
3170 2199 3542 2264 acccc'uxittt
3604 2228 3743 2266 mar-

2237 2284 2382 2325 rum.

2237 2285 2382 2325 rum.

1873 2354 2075 2414 SMITII
2114 2354 2343 2414 NOTAE.

586 2464 612 2492 ι
644 2453 843 2508 Serani.
878 2452 1035 2519 Apud.
1059 2451 1255 2506 Euseb.
1300 2449 1443 2505 Eccl.
1486 2450 1622 2504 llist.
1646 2464 1727 2516 vr,
1755 2450 1811 2509 5.
1849 2448 2074 2503 duorum

514 2527 831 2580 Serenurutn
857 2523 1052 2576 mentio
1083 2524 1167 2575 lit:
1192 2536 1416 2587 quorum
1441 2521 1576 2574 alter
1603 2536 1693 2584 per
1724 2520 1918 2588 ignem,
1944 2520 2078 2573 alter

520 2610 614 2665 pt-r
644 2595 1052 2665 decollationetn
1082 2591 1391 2665 martyrium
1422 2589 1725 2665 complevit.

593 2664 619 2702 δ
653 2663 855 2718 Irenwi.
891 2663 986 2716 Hic
1031 2661 1129 2715 fuit
1168 2657 1382 2713 natione
1430 2658 1662 2712 Grmcus.
1711 2658 1896 2714 Narrat
1938 2657 2077 2712 enim

514 2736 601 2790 τίς·
626 2746 840 2788 sanctus
868 2734 917 2787 itt
949 2732 1165 2799 epistola
1198 2732 1262 2783 ad
1291 2729 1780 2796 Florianum,cujus
1809 2731 2083 2796 fragmen-

519 2816 630 2861 tum
660 2806 848 2857 recitat
876 2798 1153 2863 Eusebius,
1187 2817 1238 2853 se
1265 2816 1477 2869 prterunt
1498 2800 1691 2865 adhuc,
1719 2800 1800 2853 vel
1828 2809 1883 2851 ut
1913 2798 2081 2865 loqui-

522 2885 607 2928 tur
633 2875 683 2926 in
710 2887 871 2941 opere
918 2871 1169 2941 adversus
1208 2871 1459 2934 haereses,
1504 2869 1567 2941 in,
1605 2872 1766 2935 prima
1807 2884 1897 2941 sua
1934 2876 2085 2941 artare

523 2937 868 3014 Polycarpum
906 2943 1013 3010 jam
1045 2940 1198 3014 valde
1228 2954 1407 3014 senem
1432 2937 1679 3014 audiisse,
1703 2948 1756 3014 et
1783 2938 1850 2989 ab
1879 2952 1943 2990 eo
1972 2938 2084 3001 pri-

523 3008 982 3070 mis'tjhiistiauaa
1025 3009 1296 3077 religionis
1340 3008 1614 3077 praeceptis
1654 3008 1910 3061 imbutum
1944 3022 2082 3060 esse.

523 3088 655 3139 Cum
684 3092 858 3136 autem
893 3081 1210 3151 Polycarpus
1230 3079 1541 3151 martyrium
1570 3079 1791 3151 subierit
1812 3091 1951 3151 anno
1976 3077 2082 3130 cir-

523 3154 656 3211 citer
692 3151 817 3217 166,
850 3167 954 3207 non
984 3148 1166 3221 procul
1193 3165 1221 3203 a
1252 3163 1378 3205 vero
1398 3149 1792 3221 Aaberratimus,
1834 3148 1878 3200 si
1911 3155 2088 3199 natum

523 3226 783 3280 lrentcum
830 3217 1067 3278 dicamus
1116 3236 1258 3275 anno
1283 3219 1496 3273 circiter
1526 3217 1647 3272 Hb.
1673 3220 1932 3285 Quantum
1962 3224 2096 3269 tem-

526 3301 669 3364 poris
712 3298 759 3346 in
811 3295 1025 3347 Uriente
1064 3300 1304 3364 versatus
1351 3290 1540 3352 fuerat,
1582 3286 2097 3364 tacentibnsvethcri-
2140 3340 2151 3349 ,

533 3356 631 3419 bus
658 3366 758 3417 dici
805 3379 907 3417 non
940 3370 1131 3431 potest.
1166 3361 1296 3431 lllud
1325 3370 1555 3431 certum,
1590 3358 1853 3431 lrenteum
1880 3359 1930 3410 in
1959 3356 2099 3411 Gal-

529 3436 629 3490 lias
670 3429 985 3502 proiectum,
1038 3430 1348 3497 Lugdunum
1396 3430 1621 3502 venisse,
1663 3429 1871 3497 quando
1894 3443 2042 3490 vero,
2068 3441 2099 3480 a

535 3500 750 3569 quo,‘et
776 3518 879 3571 qua
904 3504 1183 3571 occasione
1211 3502 1402 3571 missus
1430 3500 1606 3571 luerit,
1651 3502 1909 3571 incertum
1941 3512 2102 3565 pror-

533 3568 644 3628 sus.
690 3580 753 3626 Λ.
795 3568 855 3627 8.
895 3570 1121 3625 Pothino
1156 3570 1491 3639 Lugdunensi
1520 3570 1773 3637 episeopo
1797 3568 2100 3639 ordinatum

538 3643 701 3696 fuisse
756 3644 1148 3711 presbyterum,
1199 3636 1264 3711 ei
1300 3639 1626 3711 illicrnnymi
1676 3636 1852 3711 vri-bis
1904 3636 2102 3690 inferre

532 3714 702 3767 licet:
752 3706 871 3766 eum
916 3706 1058 3765 enim
1104 3708 1309 3763 Pothini
1356 3706 1590 3775 episcopi
1623 3710 1983 3778 presbyterum
2009 3720 2102 3759 vo-

534 3791 640 3836 cat.
672 3782 838 3848 Quam
880 3780 1129 3849 praeclare
1170 3791 1367 3849 autem
1392 3792 1451 3832 se
1495 3775 1720 3849 gesserit
1749 3775 1800 3831 in
1831 3775 2102 3849 presbyte-

536 3863 675 3914 ratu,
696 3845 849 3905 'satis
882 3845 1119 3919 probant
1168 3863 1231 3919 ea
1281 3845 1766 3919 quibusg’pietatem
1807 3845 2102 3919 ejus‘cotu-

535 3922 786 3977 mendant
828 3915 1119 3985 martyrum
1161 3915 1591 3988 Lugdunensium
1627 3921 1788 3971 verba
1816 3915 2102 3988 apuduEu-

542 3993 655 4046 sch.
687 4007 737 4055 v,
766 3991 823 4056 4,
862 3990 913 4044 in
942 3990 1006 4044 iis
1029 4003 1160 4057 quas
1184 3986 1263 4042 ad
1280 3988 1622 4041 Eleutherum
1651 4001 1840 4054 papam
1855 3986 2102 4057 scribunt

541 4055 814 4131 epistolis,
833 4075 964 4129 quas
987 4055 1556 4131 pe‘rlerettdas‘lrenato
1574 4058 1927 4131 tradiderunt.
1951 4055 2102 4109 Circa

544 4126 748 4185 initium
787 4126 1177 4199 persecutionis
1204 4128 1305 4199 sub
1328 4126 1392 4180 tl.
1426 4126 1641 4181 Aurelio
1670 4126 2106 4199 Antonino_t_nur-

543 4211 635 4255 tuo
675 4194 901 4255 Pothino
943 4200 1217 4268 episcopo,
1257 4198 1358 4251 hoc
1387 4207 1468 4268 est
1493 4210 1633 4249 anno
1659 4195 2020 4268 circiter_l77,
2054 4194 2105 4247 in

542 4272 658 4338 ejus
699 4272 874 4324 locum
914 4264 989 4323 S.‘
1020 4264 1252 4323 lren‘mus
1299 4267 1614 4321 substitutus
1661 4274 1761 4338 cst,
1793 4274 1845 4338 e_t
1872 4264 2053 4317 Roma:
2079 4280 2107 4316 a

548 4334 610 4393 Β.
635 4341 921 4393 Eleutheru
944 4345 1320 4401 consecratus;
1350 4346 1506 4405 atque
1529 4344 1586 4389 ut
1608 4334 1927 4401 provinciam
1952 4348 2109 4405 quam

542 4417 729 4463 nactus
757 4417 841 4463 est
871 4409 1060 4462 melius
1090 4418 1328 4471 ornaret,
1368 4403 1524 4461 nullis
1555 4406 1821 4461 laboribus
1852 4403 2108 4473 pepercit,

2120 3113 2167 3177 C

2179 2448 2378 2533 tiberim
2405 2468 2418 2516 ;
2450 2465 2552 2505 non
2575 2466 2701 2508 vero
2728 2467 2866 2533 anno
2892 2453 2980 2520 67,
3005 2455 3109 2516 vel,
3134 2458 3273 2525 quod
3302 2459 3443 2533 idem
3466 2467 3573 2524 est,
3598 2461 3746 2531 juxta

2178 2518 2484 2585 Btronium,
2543 2537 2683 2576 anno
2726 2521 2795 2578 69
2826 2541 2839 2573 :
2870 2518 2989 2577 cum
3017 2565 3032 2587 ,
3079 2518 3479 2583 ut'comtnunis
3532 2518 3749 2587 traditio

2184 2587 2314 2662 (ert,
2347 2591 2553 2662 Nerone
2582 2604 2843 2658 praesente
2874 2596 3012 2660 passi
3062 2597 3273 2659 fuerint,
3324 2607 3377 2650 et
3416 2602 3638 2662 qutdem
3669 2603 3752 2654 die

2186 2658 2256 2715 29
2286 2660 2467 2725 Junii;
2500 2676 2606 2729 quo
2637 2673 2808 2715 tamen
2856 2658 2941 2717 die
2985 2678 3124 2716 anno
3171 2664 3235 2717 67
3261 2658 3541 2721 Neronem
3592 2671 3751 2722 ltoma

2188 2728 2425 2803 abfuisse
2473 2732 2625 2803 plane
2678 2743 2905 2786 certum.
2956 2732 3205 2787 Secundo
3245 2752 3344 2789 non
3374 2751 3492 2803 post
3525 2740 3751 2791 reditum

2190 2800 2411 2872 Neronis
2432 2816 2494 2853 ett
2527 2802 2762 2862 Oriente.
2792 2806 2884 2872 sed
2916 2815 3197 2872 antequam
3230 2804 3281 2857 in
3311 2800 3587 2861 orientem
3621 2812 3753 2859 Nero

2192 2870 2638 2937 proﬁcisceretur,
2686 2871 2902 2925 eosdem
2946 2870 3173 2927 occisos.
3205 2875 3317 2928 Non
3347 2878 3569 2931 deluere
3596 2877 3749 2932 etiam

2193 2940 2279 3007 qui
2312 2940 2700 3012 __ettis_timarint
2754 2943 3077 3012 martyrium
3138 2945 3323 2997 horum
3382 2948 3753 3012 apostolorum

2194 3024 2287 3063 vttt
2312 3009 2426 3061 Kal.
2458 3009 2625 3079 Martii
2655 3011 2930 3079 accidisse,
2963 3012 3102 3079 quod
3147 3014 3211 3066 ad
3257 3009 3501 3069 eamdem
3533 3018 3676 3070 diem
3706 3018 3755 3070 iu

2198 3078 2689 3152 batcrculo‘Sylvii
2740 3078 2942 3152 legatur
2982 3078 2994 3132 Ξ
3037 3081 3297 3152 Depositio
3347 3086 3453 3139 SS.
3522 3085 3667 3139 Petri
3715 3098 3759 3141 et

2199 3148 2391 3212 Pauli,-
2425 3148 2615 3209 quibus
2641 3166 2703 3204 ex
2732 3151 2906 3204 verbis
2935 3148 3178 3215 intulere,
3211 3153 3422 3207 Petrum
3448 3164 3508 3209 et
3536 3157 3753 3209 Paulum

2194 3234 2300 3273 non
2332 3234 2386 3271 ιιι
2413 3218 2527 3274 Kal.
2558 3219 2748 3292 Julias,
2791 3235 2887 3274 seu
2916 3222 3002 3292 die
3044 3220 3114 3292 20
3158 3221 3322 3285 Junii,
3355 3240 3459 3292 quo
3488 3225 3753 3291 coluntur,

2233 3305 2380 3343 assos
2410 3304 2553 3354 esse,
2582 3290 2675 3343 sed
2704 3291 2791 3345 die
2822 3305 2911 3344 vttt
2962 3290 3078 3345 Kal.
3128 3290 3605 3349 Martias.VVerum
3631 3311 3761 3349 vana

2236 3375 2312 3413 :ec
2355 3360 2539 3413 illatio.
2582 3360 2883 3429 Autiquitus
2907 3360 3049 3415 enim
3080 3362 3237 3415 sicuti
3264 3372 3317 3416 et
3345 3379 3491 3419 nunc
3521 3380 3617 3420 vtu
3643 3365 3757 3419 Kal.

2199 3429 2439 3491 Martias,
2472 3430 2720 3483 cathedra
2771 3431 2830 3486 8.
2871 3430 3011 3485 Petri
3046 3431 3341 3487 Antiochia:
3365 3436 3760 3489 celebrabatur.

2201 3500 2256 3553 In
2287 3500 2525 3571 [ridiculo
2543 3500 2893 3571 depositionis
2921 3510 3213 3571 martyrum
3239 3504 3379 3571 apud
3412 3504 3759 3567 Eucherium,

2174 3585 2265 3623 eo
2304 3571 2390 3623 die
2429 3568 2652 3635 legitur:
2682 3568 2872 3641 Natale
2916 3568 3151 3623 Petri'de
3178 3568 3451 3627 Catitedra.
3502 3574 3763 3641 Reliquiae

2200 3649 2376 3694 autem
2421 3646 2727 3710 sanctorum
2778 3640 2963 3693 iisdem
3008 3655 3150 3710 saepe
3178 3641 3384 3707 diebus,
3430 3644 3524 3710 qui
3574 3640 3764 3696 horum

2202 3710 2405 3783 natales
2436 3706 2811 3783 erant,_[act:e._
2836 3710 3010 3783 Quare
3041 3706 3107 3783 et}
3141 3706 3419 3766 Laterculo
3443 3706 3648 3783 Sylvii,
3680 3716 3764 3765 ubi

2201 3780 2266 3833 ad
2314 3774 2563 3848 vutKal.
2610 3778 2766 3831 Mart.
2800 3774 3023 3848 legimus
3068 3779 3454 3848 depositionem
3482 3774 3589 3837 SS.
3623 3774 3767 3837 Petri

2201 3858 2256 3904 et
2286 3847 2454 3921 Pauli,
2498 3848 2864 3921 intelligimus
2886 3855 3072 3902 horum
3114 3851 3361 3920 reliquias
3389 3853 3475 3906 die
3500 3867 3611 3921 quo
3652 3854 3759 3919 jam

2204 3920 2393 3993 Petrus
2419 3916 2713 3973 Antiochiae
2736 3918 3030 3984 colebatur,
3056 3916 3335 3993 translatas
3365 3916 3547 3977 fuisse.
3572 3916 3771 3993 Trans-

2205 3988 2461 4043 latiouem
2503 3992 2644 4043 cnim
2689 3998 2996 4044 sanctorum
3044 3988 3390 4056 depositionis
3437 3993 3661 4047 nomine
3709 3992 3774 4046 ab

2205 4059 2433 4131 antiquis
2464 4074 2606 4131 saepe
2627 4074 2960 4131 expressam,
2996 4060 3236 4128 pluribus
3257 4063 3514 4131 exemplis
3534 4071 3774 4117 constat.

2205 4130 2297 4185 Sic
2328 4144 2467 4183 anno
2497 4128 2622 4195 258,
2661 4128 2874 4197 quando
2904 4131 2963 4185 S.
2996 4131 3178 4185 Sixtus
3219 4128 3490 4186 Romanus
3538 4132 3777 4199 pontilex

2209 4198 2518 4255 eorumdem
2581 4199 2940 4265 apostolorum
3009 4213 3231 4267 corpora
3296 4201 3361 4255 ad
3416 4198 3777 4255 Catacumbas

2212 4268 2503 4324 transferre
2541 4269 2726 4337 voluit,
2763 4284 2868 4322 non
2897 4268 3227 4339 aliumrdiem
3255 4270 3414 4338 elegit
3442 4286 3601 4339 quam
3633 4273 3779 4325 vice-

2211 4342 2402 4394 simum
2451 4354 2650 4393 nonum
2696 4339 2894 4393 mensis
2935 4338 3076 4392 Junii
3104 4353 3288 4393 eorum
3319 4338 3478 4393 natali
3514 4340 3778 4397 dicatum.

2215 4420 2271 4464 ut
2300 4409 2552 4463 discimus
2581 4424 2646 4463 ex
2678 4409 2891 4463 laudato
2918 4407 3194 4463 Indiculo:
3230 4425 3285 4464 ιιι
3324 4408 3444 4463 Kal.
3474 4406 3601 4462 Julii
3635 4406 3782 4461 Petri

547 4479 829 4534 haereticos
877 4479 1036 4533 verbo
1066 4486 1121 4533 et
1146 4478 1357 4547 scriptis
1383 4477 1670 4541 refutavit,
1703 4479 1754 4530 itt
1784 4480 1977 4529 unione
2010 4474 2105 4547 Ec-
2141 4476 2267 4536 Din
2313 4478 2665 4542 Catacumbas,
2713 4487 2761 4532 et
2806 4477 2959 4531 Pauli
3010 4479 3262 4544 Usticnse,
3314 4479 3474 4533 Tusco
3518 4488 3568 4531 et
3614 4476 3779 4530 Basso

546 4551 827 4605 clesiarum
880 4546 1261 4612 resarcienda,
1297 4551 1595 4618 praesertim
1638 4552 1689 4601 in
1741 4546 2103 4613 componenda

553 4619 796 4675 Pascltali
844 4621 1228 4681 controversia,
1285 4618 1566 4685 plurimum
1622 4618 2110 4681 laboravitzeoque

550 4691 764 4745 nomine
820 4688 1090 4743 Victorem
1144 4689 1438 4741 Romanum
1496 4689 1796 4756 poutilicem
1854 4685 2107 4756 Ecclesiis

552 4760 798 4835 Asiaticis
852 4757 1132 4835 anathema
1176 4768 1446 4835 parantem
1486 4754 1592 4835 per
1642 4758 1843 4835 litteras
1896 4754 2113 4835 pacilice

553 4831 846 4885 admonuit.
895 4826 1038 4883 Obiit
1074 4824 1246 4896 capite
1291 4824 1562 4880 truncatus
1604 4831 1703 4879 sub
1748 4824 2114 4896 persecutione

552 4900 840 4955 Severiana
868 4914 1010 4954 anno
1034 4895 1160 4952 202.
1195 4896 1286 4951 COI
1304 4911 1397 4965 pus
1427 4896 1544 4963 ejus
1573 4896 1812 4965 Gregorii
1840 4895 2115 4965 'l‘urotteu-

551 4969 625 5023 sis
653 4979 810 5023 aetate
844 4971 895 5024 itt
923 4981 1103 5037 crypta
1142 4962 1371 5024 basilica:
1404 4962 1469 5019 Β.
1488 4962 1706 5037 Joannis
1732 4966 1829 5019 sub
1850 4962 2009 5037 altari
2030 4977 2115 5015 se-

557 5039 759 5109 pultum
811 5034 1151 5108 quiescebat;
1210 5037 1279 5090 ab
1323 5049 1429 5109 uno
1468 5036 1681 5109 quidem
1720 5034 2117 5109 latenrelsipipq-

558 5102 726 5172 dium,
758 5102 963 5163 ab'alio
992 5123 1119 5163 vero
1138 5102 1509 5163 Alexandrum
1544 5106 1766 5161 habens.
1807 5104 1910 5157 Sed
1940 5102 2118 5156 Calvi-

560 5181 713 5234 nistte
766 5194 907 5233 anno
955 5176 1116 5243 1562,
1164 5187 1318 5245 capto
1375 5177 1646 5247 Lugduno,
1698 5174 1894 5228 amenti
1944 5174 2121 5226 lurore

564 5249 771 5316 perciti,
795 5250 854 5303 8.
880 5250 1129 5319 martyris
1157 5250 1457 5319 sepulcrum
1485 5247 1623 5319 {rude
1646 5247 2006 5319 violaverunt;
2028 5257 2120 5296 os-

561 5313 813 5388 sibusqtte
842 5313 1135 5385 dissipatis,
1168 5313 1357 5388 capitis
1381 5316 1650 5388 cranium,
1677 5313 1730 5366 in
1754 5314 1927 5388 media
1952 5314 2121 5379 platea

562 5384 786 5455 turpiter
831 5384 1119 5457 projectum
1166 5387 1346 5457 tandiu
1391 5386 1576 5453 jacuit,
1621 5384 1793 5437 donec
1821 5385 1953 5457 hinc
1971 5397 2125 5448 erep-

564 5453 675 5511 tum
727 5453 888 5513 hodie
926 5453 1177 5524 Lugduni
1239 5454 1484 5523 religiose
1533 5464 1857 5509 asservatur.
1921 5453 2123 5507 Restm

564 5529 850 5594 MASSUET,
907 5528 1137 5582 secunda
1194 5525 1493 5581 dissertatio
1551 5526 1748 5594 praevia
1818 5525 1869 5577 in
1940 5524 2126 5578 [renati

562 5599 748 5652 libros.

637 5670 658 5696 ε
694 5668 852 5720 Petri.
887 5666 948 5720 lli
990 5666 1128 5735 passi
1164 5676 1287 5720 sunt
1329 5680 1469 5721 anno
1510 5666 1705 5722 Christi
1738 5666 1827 5730 65,
1861 5664 2033 5719 Nerva
2076 5673 2131 5718 et

570 5736 792 5795 Vestino
832 5752 997 5807 coss.,
1050 5746 1106 5793 ut
1151 5738 1346 5808 legitur
1374 5740 1424 5793 in
1452 5736 1701 5809 Catalogo
1732 5746 1969 5793 veterum
2001 5750 2131 5805 pon-

2210 4566 2341 4603 coss.
2392 4553 2518 4613 Quae
2563 4550 2720 4602 verba
2757 4549 3043 4601 Bucherius
3074 4563 3177 4602 non
3226 4549 3525 4617 intelligens
3549 4549 3603 4601 in
3638 4562 3781 4617 mare

2211 4621 2333 4688 gine
2362 4618 2434 4672 ait
2462 4632 2603 4671 coss.
2654 4619 2819 4671 luisse
2870 4620 3098 4683 luxatos,
3151 4616 3434 4689 persuasus
3478 4618 3563 4686 agi
3607 4617 3681 4669 ibi
3714 4616 3781 4689 de

2216 4689 2309 4746 SS.
2345 4689 2705 4756 apostolortnu
2736 4690 3012 4757 martyrio,
3041 4702 3164 4742 curn
3200 4700 3373 4741 tamen
3403 4702 3584 4741 sermo
3614 4689 3688 4739 sit
3717 4688 3782 4737 de

2215 4760 2560 4812 translatione
2616 4759 2703 4811 die
2756 4771 2940 4810 eorum
2996 4759 3155 4811 natali
3210 4760 3367 4811 tacta.
3432 4757 3783 4812 Clarissimus

2216 4829 2535 4882 Pearsonius
2561 4829 2611 4880 in
2646 4828 2936 4880 Annalibus
2966 4826 3291 4895 Cyprianicis
3315 4828 3377 4879 ad
3404 4841 3492 4879 au.
3521 4826 3653 4889 258,
3680 4839 3786 4892 quo

2214 4899 2419 4951 Tuscus
2458 4906 2511 4951 et
2564 4898 2757 4950 Bassus
2796 4910 2936 4949 coss.
2988 4894 3163 4965 luere,
3204 4898 3497 4961 existimat,
3548 4899 3649 4950 alia
3702 4897 3787 4947 die

2216 4968 2315 5022 SS.
2347 4966 2704 5032 apostolorum
2749 4967 3061 5033 martyrium
3109 4968 3385 5030 accidisse,
3440 4968 3542 5020 alia
3599 4980 3784 5019 corum

2219 5037 2647 5105 translationem,
2699 5038 2935 5102 hancque
2964 5045 3203 5090 secutam
3234 5048 3413 5105 postea
3444 5051 3566 5090 esse
3595 5037 3788 5088 solem-

2219 5111 2437 5160 nitatem
2489 5117 2541 5159 ct
2567 5104 2784 5165 festum,
2825 5114 2878 5158 et
2922 5113 3044 5158 ante
3089 5104 3508 5160 Pseudo-lsidori
3550 5115 3789 5164 aetatem,

2220 5187 2273 5231 et
2320 5175 2481 5229 Gesta
2528 5174 2846 5243 pontificalia
2896 5176 3059 5241 edita,
3106 5176 3365 5230 natalibus
3397 5178 3590 5229 horum
3623 5175 3788 5227 alium

2222 5248 2361 5300 diem
2410 5245 2759 5313 assignatum,
2812 5243 2968 5312 idque
3013 5260 3079 5298 ex
3126 5246 3293 5315 Sylvii
3335 5244 3617 5300 Laterculo
3654 5258 3789 5315 con-

2222 5325 2388 5371 stare.
2444 5316 2549 5369 Sed
2605 5314 2803 5369 lallitur
2852 5321 2932 5367 vir
2984 5314 3594 5371 eruditissimus:Sixto
3649 5314 3790 5367 enim

2225 5387 2469 5452 sedente,
2505 5385 2643 5438 Petri
2672 5394 2726 5438 et
2758 5383 2901 5437 Pauli
2942 5384 3199 5452 reliquiae,
3232 5401 3349 5453 qua:
3374 5396 3527 5439 antea
3558 5384 3612 5438 itt
3649 5384 3795 5437 Vati-

2227 5469 2359 5511 cano
2388 5466 2544 5523 atque
2574 5455 2803 5509 Ostiensi
2852 5458 3286 5519 asservabantur,
3338 5458 3401 5509 ad
3435 5456 3792 5509 Catacuntbas

2229 5522 2496 5579 translata:
2542 5536 2667 5579 sunt
2706 5525 2793 5579 die
2829 5522 3092 5593 QQJunii,
3133 5541 3238 5593 quo
3258 5530 3450 5579 eorum
3481 5524 3794 5593 solemnitas

2229 5594 2505 5718 celebgari‘
2533 5596 2689 5648 solita
2734 5602 2837 5648 est.
2875 5583 3002 5649 Vide
3031 5583 3179 5663 plura
3208 5597 3350 5665 apud
3381 5596 3505 5665 Pagi
3532 5610 3671 5649 anno
3700 5591 3792 5655 b7,

2230 5680 2317 5718 sec
2345 5706 2358 5718 .
2426 5705 2441 5718 .
2513 5704 2524 5714 .

2230 5673 2358 5720 sect.
2388 5673 2441 5729 δ,
2472 5673 2524 5718 4.

2301 5733 2329 5772 ιι
2355 5737 2609 5791 Alterum.
2641 5734 2703 5789 lli
2729 5734 2909 5790 Romae
2936 5733 3074 5804 passi
3103 5746 3241 5790 sunt.

2210 5834 2262 5849 ,σο

3472 5808 3585 5824 ..κιο
