  <div class='ocr_page' id='page_1' title='image "/cluster/home/n/w/nwhite01/storage/ocr_20150623/94/hvd.32044020406492/488.png"; bbox 0 0 3988 6346; ppageno 0'>
   <div class='ocr_carea' id='block_1_1' title="bbox 177 285 269 343">
    <p class='ocr_par' dir='ltr' id='par_1_1' title="bbox 177 285 269 343">
     <span class='ocr_line' id='line_1_1' title="bbox 177 285 269 343; baseline 0.011 -1"><span class='ocrx_word' id='word_1_1' title='bbox 177 285 269 343; x_wconf 75' lang='grc'><strong>981</strong></span> 
     </span>
    </p>
   </div>
   <div class='ocr_carea' id='block_1_2' title="bbox 1302 280 2306 341">
    <p class='ocr_par' dir='ltr' id='par_1_2' title="bbox 1302 280 2306 341">
     <span class='ocr_line' id='line_1_2' title="bbox 1302 280 2306 341; baseline -0.004 0"><span class='ocrx_word' id='word_1_2' title='bbox 1302 280 1493 341; x_wconf 75' lang='lat' dir='ltr'><strong>SEC&#39;I‘.</strong></span> <span class='ocrx_word' id='word_1_3' title='bbox 1536 285 1597 340; x_wconf 87' lang='lat' dir='ltr'><strong>ll.</strong></span> <span class='ocrx_word' id='word_1_4' title='bbox 1640 315 1706 325; x_wconf 91' lang='lat'><strong>-—</strong></span> <span class='ocrx_word' id='word_1_5' title='bbox 1745 281 2306 338; x_wconf 57' lang='lat' dir='ltr'><strong>MARTYROLUCIA.</strong></span> 
     </span>
    </p>
   </div>
   <div class='ocr_carea' id='block_1_3' title="bbox 3325 278 3432 335">
    <p class='ocr_par' dir='ltr' id='par_1_3' title="bbox 3325 278 3432 335">
     <span class='ocr_line' id='line_1_3' title="bbox 3325 278 3432 335; baseline -0.009 0"><span class='ocrx_word' id='word_1_6' title='bbox 3325 278 3432 335; x_wconf 67' lang='lat'><strong>962</strong></span> 
     </span>
    </p>
   </div>
   <div class='ocr_carea' id='block_1_4' title="bbox 1456 397 2180 453">
    <p class='ocr_par' dir='ltr' id='par_1_4' title="bbox 1456 397 2180 453">
     <span class='ocr_line' id='line_1_4' title="bbox 1456 397 2180 453; baseline -0.004 0"><span class='ocrx_word' id='word_1_7' title='bbox 1456 398 1682 453; x_wconf 83' lang='lat' dir='ltr'><strong>EDITIO</strong></span> <span class='ocrx_word' id='word_1_8' title='bbox 1718 397 2180 452; x_wconf 73' lang='lat' dir='ltr'><strong>COLONIENSIS.</strong></span> 
     </span>
    </p>
   </div>
   <div class='ocr_carea' id='block_1_5' title="bbox 175 483 3430 558">
    <p class='ocr_par' dir='ltr' id='par_1_5' title="bbox 175 483 3430 558">
     <span class='ocr_line' id='line_1_5' title="bbox 175 483 3430 558; baseline -0.002 -12"><span class='ocrx_word' id='word_1_9' title='bbox 175 488 583 546; x_wconf 66' lang='lat' dir='ltr'><strong>circumcisione</strong></span> <span class='ocrx_word' id='word_1_10' title='bbox 622 488 980 555; x_wconf 70' lang='lat' dir='ltr'><strong>crediderant,</strong></span> <span class='ocrx_word' id='word_1_11' title='bbox 1024 488 1077 543; x_wconf 90' lang='lat' dir='ltr'><strong>in</strong></span> <span class='ocrx_word' id='word_1_12' title='bbox 1120 487 1310 549; x_wconf 85' lang='lat' dir='ltr'><strong>Ponto.</strong></span> <span class='ocrx_word' id='word_1_13' title='bbox 1350 488 1573 553; x_wconf 87' lang='lat' dir='ltr'><strong>Galatia,</strong></span> <span class='ocrx_word' id='word_1_14' title='bbox 1608 488 1745 558; x_wconf 89' lang='lat' dir='ltr'><strong>Cap-</strong></span> <span class='ocrx_word' id='word_1_15' title='bbox 1778 496 1824 551; x_wconf 70' lang='grc' dir='ltr'>Α</span> <span class='ocrx_word' id='word_1_16' title='bbox 1927 485 1989 541; x_wconf 90' lang='lat' dir='ltr'><strong>F.</strong></span> <span class='ocrx_word' id='word_1_17' title='bbox 2012 484 2594 542; x_wconf 71' lang='lat' dir='ltr'><strong>PBID.K.\LENO.JULII.</strong></span> <span class='ocrx_word' id='word_1_18' title='bbox 2619 483 2819 540; x_wconf 73' lang='lat' dir='ltr'><strong>Eodem</strong></span> <span class='ocrx_word' id='word_1_19' title='bbox 2841 497 3000 551; x_wconf 88' lang='lat' dir='ltr'><strong>anno,</strong></span> <span class='ocrx_word' id='word_1_20' title='bbox 3021 498 3126 554; x_wconf 90' lang='lat' dir='ltr'><strong>quo</strong></span> <span class='ocrx_word' id='word_1_21' title='bbox 3144 487 3430 554; x_wconf 81' lang='lat' dir='ltr'><strong>passusest</strong></span> 
     </span>
    </p>
   </div>
   <div class='ocr_carea' id='block_1_6' title="bbox 179 579 1750 654">
    <p class='ocr_par' dir='ltr' id='par_1_6' title="bbox 179 579 1750 654">
     <span class='ocr_line' id='line_1_6' title="bbox 179 579 1750 654; baseline -0.003 -17"><span class='ocrx_word' id='word_1_22' title='bbox 179 582 425 654; x_wconf 85' lang='lat' dir='ltr'><strong>padocia,</strong></span> <span class='ocrx_word' id='word_1_23' title='bbox 477 583 595 635; x_wconf 84' lang='lat' dir='ltr'><strong>Asia</strong></span> <span class='ocrx_word' id='word_1_24' title='bbox 628 588 683 634; x_wconf 91' lang='lat' dir='ltr'><strong>et</strong></span> <span class='ocrx_word' id='word_1_25' title='bbox 711 580 954 651; x_wconf 78' lang='lat' dir='ltr'><strong>Bithynia</strong></span> <span class='ocrx_word' id='word_1_26' title='bbox 1000 580 1063 632; x_wconf 86' lang='lat' dir='ltr'><strong>ad</strong></span> <span class='ocrx_word' id='word_1_27' title='bbox 1107 579 1516 648; x_wconf 82' lang='lat' dir='ltr'><strong>expugnandum</strong></span> <span class='ocrx_word' id='word_1_28' title='bbox 1563 579 1750 634; x_wconf 91' lang='lat' dir='ltr'><strong>Simo-</strong></span> 
     </span>
    </p>
   </div>
   <div class='ocr_carea' id='block_1_7' title="bbox 183 668 1751 739">
    <p class='ocr_par' dir='ltr' id='par_1_7' title="bbox 183 668 1751 739">
     <span class='ocr_line' id='line_1_7' title="bbox 183 668 1751 739; baseline -0.004 -12"><span class='ocrx_word' id='word_1_29' title='bbox 183 687 302 727; x_wconf 85' lang='lat' dir='ltr'><strong>nem</strong></span> <span class='ocrx_word' id='word_1_30' title='bbox 334 684 546 739; x_wconf 84' lang='lat' dir='ltr'><strong>magum</strong></span> <span class='ocrx_word' id='word_1_31' title='bbox 579 668 796 721; x_wconf 81' lang='lat' dir='ltr'>Romam</span> <span class='ocrx_word' id='word_1_32' title='bbox 832 669 1023 723; x_wconf 84' lang='lat' dir='ltr'><strong>missus</strong></span> <span class='ocrx_word' id='word_1_33' title='bbox 1048 679 1153 735; x_wconf 86' lang='lat' dir='ltr'><strong>est,</strong></span> <span class='ocrx_word' id='word_1_34' title='bbox 1179 670 1360 735; x_wconf 81' lang='lat' dir='ltr'><strong>ibique</strong></span> <span class='ocrx_word' id='word_1_35' title='bbox 1390 668 1571 736; x_wconf 87' lang='lat' dir='ltr'><strong>viginti</strong></span> <span class='ocrx_word' id='word_1_36' title='bbox 1596 670 1751 736; x_wconf 81' lang='lat' dir='ltr'><strong>quin—</strong></span> 
     </span>
    </p>
   </div>
   <div class='ocr_carea' id='block_1_8' title="bbox 182 757 1752 831">
    <p class='ocr_par' dir='ltr' id='par_1_8' title="bbox 182 757 1752 831">
     <span class='ocr_line' id='line_1_8' title="bbox 182 757 1752 831; baseline 0.001 -23"><span class='ocrx_word' id='word_1_37' title='bbox 182 775 285 831; x_wconf 82' lang='lat' dir='ltr'><strong>que</strong></span> <span class='ocrx_word' id='word_1_38' title='bbox 337 773 509 811; x_wconf 91' lang='lat' dir='ltr'><strong>annos</strong></span> <span class='ocrx_word' id='word_1_39' title='bbox 558 758 864 810; x_wconf 84' lang='lat' dir='ltr'><strong>cathedram</strong></span> <span class='ocrx_word' id='word_1_40' title='bbox 916 757 1299 810; x_wconf 75' lang='lat' dir='ltr'><strong>sacerdotalem</strong></span> <span class='ocrx_word' id='word_1_41' title='bbox 1346 758 1536 825; x_wconf 91' lang='lat' dir='ltr'><strong>tenuit,</strong></span> <span class='ocrx_word' id='word_1_42' title='bbox 1587 770 1752 825; x_wconf 85' lang='lat' dir='ltr'><strong>usque</strong></span> 
     </span>
    </p>
   </div>
   <div class='ocr_carea' id='block_1_9' title="bbox 180 847 1751 918">
    <p class='ocr_par' dir='ltr' id='par_1_9' title="bbox 180 847 1751 918">
     <span class='ocr_line' id='line_1_9' title="bbox 180 847 1751 918; baseline -0.003 -13"><span class='ocrx_word' id='word_1_43' title='bbox 180 851 241 905; x_wconf 82' lang='lat' dir='ltr'><strong>ad</strong></span> <span class='ocrx_word' id='word_1_44' title='bbox 291 851 533 905; x_wconf 88' lang='lat' dir='ltr'><strong>ultimum</strong></span> <span class='ocrx_word' id='word_1_45' title='bbox 585 864 779 902; x_wconf 89' lang='lat' dir='ltr'><strong>annum</strong></span> <span class='ocrx_word' id='word_1_46' title='bbox 830 847 1081 911; x_wconf 83' lang='lat' dir='ltr'><strong>Neronis,</strong></span> <span class='ocrx_word' id='word_1_47' title='bbox 1134 864 1162 900; x_wconf 91' lang='lat' dir='ltr'><strong>a</strong></span> <span class='ocrx_word' id='word_1_48' title='bbox 1212 864 1317 918; x_wconf 91' lang='lat' dir='ltr'><strong>quo</strong></span> <span class='ocrx_word' id='word_1_49' title='bbox 1365 848 1555 901; x_wconf 80' lang='lat' dir='ltr'><strong>aliixus</strong></span> <span class='ocrx_word' id='word_1_50' title='bbox 1604 848 1751 902; x_wconf 86' lang='lat' dir='ltr'><strong>cruci</strong></span> 
     </span>
    </p>
   </div>
   <div class='ocr_carea' id='block_1_10' title="bbox 181 940 1755 1009">
    <p class='ocr_par' dir='ltr' id='par_1_10' title="bbox 181 940 1755 1009">
     <span class='ocr_line' id='line_1_10' title="bbox 181 940 1755 1009; baseline -0.001 -15"><span class='ocrx_word' id='word_1_51' title='bbox 181 941 441 1009; x_wconf 85' lang='lat' dir='ltr'><strong>martyrio</strong></span> <span class='ocrx_word' id='word_1_52' title='bbox 472 946 554 994; x_wconf 91' lang='lat' dir='ltr'><strong>est</strong></span> <span class='ocrx_word' id='word_1_53' title='bbox 580 948 889 1004; x_wconf 88' lang='lat' dir='ltr'><strong>coronatus,</strong></span> <span class='ocrx_word' id='word_1_54' title='bbox 940 941 1112 1007; x_wconf 89' lang='lat' dir='ltr'><strong>capite</strong></span> <span class='ocrx_word' id='word_1_55' title='bbox 1153 940 1217 992; x_wconf 92' lang='lat' dir='ltr'><strong>ad</strong></span> <span class='ocrx_word' id='word_1_56' title='bbox 1264 950 1458 993; x_wconf 89' lang='lat' dir='ltr'><strong>terram</strong></span> <span class='ocrx_word' id='word_1_57' title='bbox 1493 954 1668 1005; x_wconf 91' lang='lat' dir='ltr'><strong>verso,</strong></span> <span class='ocrx_word' id='word_1_58' title='bbox 1701 948 1755 993; x_wconf 87' lang='lat' dir='ltr'><strong>et</strong></span> 
     </span>
    </p>
   </div>
   <div class='ocr_carea' id='block_1_11' title="bbox 182 1029 1753 1099">
    <p class='ocr_par' dir='ltr' id='par_1_11' title="bbox 182 1029 1753 1099">
     <span class='ocr_line' id='line_1_11' title="bbox 182 1029 1753 1099; baseline -0.001 -14"><span class='ocrx_word' id='word_1_59' title='bbox 182 1032 233 1086; x_wconf 89' lang='lat' dir='ltr'><strong>in</strong></span> <span class='ocrx_word' id='word_1_60' title='bbox 263 1032 494 1086; x_wconf 88' lang='lat' dir='ltr'><strong>sublime</strong></span> <span class='ocrx_word' id='word_1_61' title='bbox 525 1031 746 1099; x_wconf 85' lang='lat' dir='ltr'><strong>pedibus</strong></span> <span class='ocrx_word' id='word_1_62' title='bbox 790 1029 1035 1095; x_wconf 82' lang='lat' dir='ltr'><strong>elevatis,</strong></span> <span class='ocrx_word' id='word_1_63' title='bbox 1084 1044 1332 1084; x_wconf 84' lang='lat' dir='ltr'><strong>asserens</strong></span> <span class='ocrx_word' id='word_1_64' title='bbox 1377 1045 1436 1084; x_wconf 87' lang='lat' dir='ltr'><strong>se.</strong></span> <span class='ocrx_word' id='word_1_65' title='bbox 1483 1029 1753 1097; x_wconf 83' lang='lat' dir='ltr'><strong>indignum</strong></span> 
     </span>
    </p>
   </div>
   <div class='ocr_carea' id='block_1_12' title="bbox 179 1119 1752 1191">
    <p class='ocr_par' dir='ltr' id='par_1_12' title="bbox 179 1119 1752 1191">
     <span class='ocr_line' id='line_1_12' title="bbox 179 1119 1752 1191; baseline -0.001 -17"><span class='ocrx_word' id='word_1_66' title='bbox 179 1122 266 1191; x_wconf 87' lang='lat' dir='ltr'><strong>qui</strong></span> <span class='ocrx_word' id='word_1_67' title='bbox 315 1119 715 1187; x_wconf 76' lang='lat' dir='ltr'><strong>crucifigeretur</strong></span> <span class='ocrx_word' id='word_1_68' title='bbox 760 1129 813 1172; x_wconf 90' lang='lat' dir='ltr'><strong>ut</strong></span> <span class='ocrx_word' id='word_1_69' title='bbox 863 1119 1116 1172; x_wconf 85' lang='lat' dir='ltr'><strong>Dominus</strong></span> <span class='ocrx_word' id='word_1_70' title='bbox 1164 1135 1312 1173; x_wconf 74' lang='lat' dir='ltr'><strong>suus.</strong></span> <span class='ocrx_word' id='word_1_71' title='bbox 1364 1119 1614 1186; x_wconf 84' lang='lat' dir='ltr'><strong>Sepultus</strong></span> <span class='ocrx_word' id='word_1_72' title='bbox 1662 1134 1752 1173; x_wconf 89' lang='lat' dir='ltr'><strong>au-</strong></span> 
     </span>
    </p>
   </div>
   <div class='ocr_carea' id='block_1_13' title="bbox 182 1214 1756 1285">
    <p class='ocr_par' dir='ltr' id='par_1_13' title="bbox 182 1214 1756 1285">
     <span class='ocr_line' id='line_1_13' title="bbox 182 1214 1756 1285; baseline -0.002 -13"><span class='ocrx_word' id='word_1_73' title='bbox 182 1227 289 1273; x_wconf 90' lang='lat' dir='ltr'><strong>tem</strong></span> <span class='ocrx_word' id='word_1_74' title='bbox 337 1224 423 1272; x_wconf 89' lang='lat' dir='ltr'><strong>est</strong></span> <span class='ocrx_word' id='word_1_75' title='bbox 466 1233 517 1270; x_wconf 89' lang='grc' dir='ltr'><strong>ιιι</strong></span> <span class='ocrx_word' id='word_1_76' title='bbox 565 1216 753 1271; x_wconf 90' lang='lat' dir='ltr'><strong>eadem</strong></span> <span class='ocrx_word' id='word_1_77' title='bbox 808 1217 939 1270; x_wconf 86' lang='lat' dir='ltr'><strong>urbe</strong></span> <span class='ocrx_word' id='word_1_78' title='bbox 982 1215 1033 1269; x_wconf 91' lang='lat' dir='ltr'><strong>in</strong></span> <span class='ocrx_word' id='word_1_79' title='bbox 1085 1215 1378 1283; x_wconf 74' lang='lat' dir='ltr'><strong>Vaticano,</strong></span> <span class='ocrx_word' id='word_1_80' title='bbox 1425 1214 1575 1285; x_wconf 83' lang='lat' dir='ltr'><strong>juxta</strong></span> <span class='ocrx_word' id='word_1_81' title='bbox 1616 1216 1756 1269; x_wconf 90' lang='lat' dir='ltr'><strong>viam</strong></span> 
     </span>
    </p>
   </div>
   <div class='ocr_carea' id='block_1_14' title="bbox 183 1307 1761 1380">
    <p class='ocr_par' dir='ltr' id='par_1_14' title="bbox 183 1307 1761 1380">
     <span class='ocr_line' id='line_1_14' title="bbox 183 1307 1761 1380; baseline -0.003 -16"><span class='ocrx_word' id='word_1_82' title='bbox 183 1309 585 1380; x_wconf 83' lang='lat' dir='ltr'><strong>Triumphalem</strong></span> <span class='ocrx_word' id='word_1_83' title='bbox 613 1349 629 1373; x_wconf 89' lang='lat'><strong>,</strong></span> <span class='ocrx_word' id='word_1_84' title='bbox 670 1310 760 1377; x_wconf 85' lang='lat' dir='ltr'><strong>qui</strong></span> <span class='ocrx_word' id='word_1_85' title='bbox 805 1309 967 1362; x_wconf 89' lang='lat' dir='ltr'><strong>totius</strong></span> <span class='ocrx_word' id='word_1_86' title='bbox 1007 1308 1153 1362; x_wconf 85' lang='lat' dir='ltr'><strong>orbis</strong></span> <span class='ocrx_word' id='word_1_87' title='bbox 1193 1317 1475 1361; x_wconf 87' lang='lat' dir='ltr'><strong>veneratur</strong></span> <span class='ocrx_word' id='word_1_88' title='bbox 1520 1307 1761 1360; x_wconf 89' lang='lat' dir='ltr'><strong>celebra-</strong></span> 
     </span>
    </p>
   </div>
   <div class='ocr_carea' id='block_1_15' title="bbox 184 1398 1761 1467">
    <p class='ocr_par' dir='ltr' id='par_1_15' title="bbox 184 1398 1761 1467">
     <span class='ocr_line' id='line_1_15' title="bbox 184 1398 1761 1467; baseline -0.003 -11"><span class='ocrx_word' id='word_1_89' title='bbox 184 1408 349 1457; x_wconf 84' lang='lat' dir='ltr'><strong>tione.</strong></span> <span class='ocrx_word' id='word_1_90' title='bbox 411 1401 508 1456; x_wconf 87' lang='lat' dir='ltr'><strong>ilic</strong></span> <span class='ocrx_word' id='word_1_91' title='bbox 566 1401 830 1454; x_wconf 82' lang='lat' dir='ltr'><strong>ordinavit</strong></span> <span class='ocrx_word' id='word_1_92' title='bbox 884 1401 1020 1453; x_wconf 84' lang='lat' dir='ltr'><strong>duos</strong></span> <span class='ocrx_word' id='word_1_93' title='bbox 1082 1400 1401 1467; x_wconf 74' lang='lat' dir='ltr'><strong>episcopos,</strong></span> <span class='ocrx_word' id='word_1_94' title='bbox 1464 1398 1650 1453; x_wconf 86' lang='lat' dir='ltr'><strong>Linum</strong></span> <span class='ocrx_word' id='word_1_95' title='bbox 1705 1405 1761 1451; x_wconf 88' lang='lat' dir='ltr'><strong>et</strong></span> 
     </span>
    </p>
   </div>
   <div class='ocr_carea' id='block_1_16' title="bbox 185 1491 1760 1562">
    <p class='ocr_par' dir='ltr' id='par_1_16' title="bbox 185 1491 1760 1562">
     <span class='ocr_line' id='line_1_16' title="bbox 185 1491 1760 1562; baseline -0.003 -13"><span class='ocrx_word' id='word_1_96' title='bbox 185 1494 420 1557; x_wconf 89' lang='lat' dir='ltr'><strong>Cletum,</strong></span> <span class='ocrx_word' id='word_1_97' title='bbox 449 1497 537 1561; x_wconf 86' lang='lat' dir='ltr'><strong>qni</strong></span> <span class='ocrx_word' id='word_1_98' title='bbox 571 1492 975 1562; x_wconf 65' lang='lat' dir='ltr'><strong>praesentialiter</strong></span> <span class='ocrx_word' id='word_1_99' title='bbox 1000 1506 1158 1547; x_wconf 92' lang='lat' dir='ltr'><strong>omne</strong></span> <span class='ocrx_word' id='word_1_100' title='bbox 1189 1491 1545 1545; x_wconf 87' lang='lat' dir='ltr'><strong>ministerium</strong></span> <span class='ocrx_word' id='word_1_101' title='bbox 1576 1505 1760 1545; x_wconf 89' lang='lat' dir='ltr'><strong>sacer-</strong></span> 
     </span>
    </p>
   </div>
   <div class='ocr_carea' id='block_1_17' title="bbox 180 1580 1761 1651">
    <p class='ocr_par' dir='ltr' id='par_1_17' title="bbox 180 1580 1761 1651">
     <span class='ocr_line' id='line_1_17' title="bbox 180 1580 1761 1651; baseline -0.004 -11"><span class='ocrx_word' id='word_1_102' title='bbox 180 1583 363 1640; x_wconf 86' lang='lat' dir='ltr'><strong>dotale</strong></span> <span class='ocrx_word' id='word_1_103' title='bbox 412 1583 464 1637; x_wconf 90' lang='lat' dir='ltr'><strong>in</strong></span> <span class='ocrx_word' id='word_1_104' title='bbox 516 1584 648 1639; x_wconf 89' lang='lat' dir='ltr'><strong>urbe</strong></span> <span class='ocrx_word' id='word_1_105' title='bbox 680 1582 844 1637; x_wconf 79' lang='lat' dir='ltr'><strong>Roma</strong></span> <span class='ocrx_word' id='word_1_106' title='bbox 892 1583 1088 1651; x_wconf 87' lang='lat' dir='ltr'><strong>p0pulo</strong></span> <span class='ocrx_word' id='word_1_107' title='bbox 1134 1583 1216 1637; x_wconf 90' lang='lat' dir='ltr'><strong>vel</strong></span> <span class='ocrx_word' id='word_1_108' title='bbox 1265 1580 1761 1649; x_wconf 82' lang='lat' dir='ltr'><strong>supervenientibus</strong></span> 
     </span>
    </p>
   </div>
   <div class='ocr_carea' id='block_1_18' title="bbox 182 1671 1761 1744">
    <p class='ocr_par' dir='ltr' id='par_1_18' title="bbox 182 1671 1761 1744">
     <span class='ocr_line' id='line_1_18' title="bbox 182 1671 1761 1744; baseline -0.003 -15"><span class='ocrx_word' id='word_1_109' title='bbox 182 1674 535 1735; x_wconf 82' lang='lat' dir='ltr'><strong>exhiberem;</strong></span> <span class='ocrx_word' id='word_1_110' title='bbox 566 1672 680 1744; x_wconf 88' lang='lat' dir='ltr'><strong>ipse</strong></span> <span class='ocrx_word' id='word_1_111' title='bbox 709 1688 838 1729; x_wconf 90' lang='lat' dir='ltr'><strong>vero</strong></span> <span class='ocrx_word' id='word_1_112' title='bbox 866 1671 1097 1727; x_wconf 86' lang='lat' dir='ltr'><strong>orationi</strong></span> <span class='ocrx_word' id='word_1_113' title='bbox 1140 1684 1194 1728; x_wconf 90' lang='lat' dir='ltr'><strong>et</strong></span> <span class='ocrx_word' id='word_1_114' title='bbox 1239 1671 1606 1742; x_wconf 69' lang='lat' dir='ltr'><strong>praedicationi</strong></span> <span class='ocrx_word' id='word_1_115' title='bbox 1633 1685 1761 1742; x_wconf 88' lang='lat' dir='ltr'><strong>ope-</strong></span> 
     </span>
    </p>
   </div>
   <div class='ocr_carea' id='block_1_19' title="bbox 182 1766 513 1823">
    <p class='ocr_par' dir='ltr' id='par_1_19' title="bbox 182 1766 513 1823">
     <span class='ocr_line' id='line_1_19' title="bbox 182 1766 513 1823; baseline -0.006 -1"><span class='ocrx_word' id='word_1_116' title='bbox 182 1781 301 1822; x_wconf 88' lang='lat' dir='ltr'><strong>ram</strong></span> <span class='ocrx_word' id='word_1_117' title='bbox 331 1766 513 1823; x_wconf 85' lang='lat' dir='ltr'><strong>dabat.</strong></span> 
     </span>
    </p>
   </div>
   <div class='ocr_carea' id='block_1_20' title="bbox 1854 574 3432 643">
    <p class='ocr_par' dir='ltr' id='par_1_20' title="bbox 1854 574 3432 643">
     <span class='ocr_line' id='line_1_20' title="bbox 1854 574 3432 643; baseline -0.004 -9"><span class='ocrx_word' id='word_1_118' title='bbox 1854 577 2141 643; x_wconf 85' lang='lat' dir='ltr'><strong>Dominus,</strong></span> <span class='ocrx_word' id='word_1_119' title='bbox 2179 587 2388 633; x_wconf 86' lang='lat' dir='ltr'><strong>constat</strong></span> <span class='ocrx_word' id='word_1_120' title='bbox 2428 577 2646 632; x_wconf 88' lang='lat' dir='ltr'><strong>Paulum</strong></span> <span class='ocrx_word' id='word_1_121' title='bbox 2677 575 2742 629; x_wconf 89' lang='lat' dir='ltr'><strong>ad</strong></span> <span class='ocrx_word' id='word_1_122' title='bbox 2780 574 2938 629; x_wconf 85' lang='lat' dir='ltr'><strong>ﬁdem</strong></span> <span class='ocrx_word' id='word_1_123' title='bbox 2974 574 3208 630; x_wconf 83' lang='lat' dir='ltr'><strong>venisse.</strong></span> <span class='ocrx_word' id='word_1_124' title='bbox 3234 574 3432 629; x_wconf 80' lang='lat' dir='ltr'><strong>Paulus</strong></span> 
     </span>
    </p>
   </div>
   <div class='ocr_carea' id='block_1_21' title="bbox 1852 667 3426 740">
    <p class='ocr_par' dir='ltr' id='par_1_21' title="bbox 1852 667 3426 740">
     <span class='ocr_line' id='line_1_21' title="bbox 1852 667 3426 740; baseline -0.003 -16"><span class='ocrx_word' id='word_1_125' title='bbox 1852 686 2062 740; x_wconf 89' lang='lat' dir='ltr'><strong>quoque</strong></span> <span class='ocrx_word' id='word_1_126' title='bbox 2081 681 2201 738; x_wconf 90' lang='lat' dir='ltr'><strong>post</strong></span> <span class='ocrx_word' id='word_1_127' title='bbox 2224 670 2519 740; x_wconf 83' lang='lat' dir='ltr'><strong>passionem</strong></span> <span class='ocrx_word' id='word_1_128' title='bbox 2545 667 2754 723; x_wconf 89' lang='lat' dir='ltr'><strong>Domini</strong></span> <span class='ocrx_word' id='word_1_129' title='bbox 2777 669 3033 723; x_wconf 90' lang='lat' dir='ltr'><strong>vicesimo</strong></span> <span class='ocrx_word' id='word_1_130' title='bbox 3055 667 3240 736; x_wconf 89' lang='lat' dir='ltr'><strong>quinto</strong></span> <span class='ocrx_word' id='word_1_131' title='bbox 3262 680 3426 731; x_wconf 90' lang='lat' dir='ltr'><strong>anno,</strong></span> 
     </span>
    </p>
   </div>
   <div class='ocr_carea' id='block_1_22' title="bbox 1854 759 3432 829">
    <p class='ocr_par' dir='ltr' id='par_1_22' title="bbox 1854 759 3432 829">
     <span class='ocr_line' id='line_1_22' title="bbox 1854 759 3432 829; baseline -0.004 -12"><span class='ocrx_word' id='word_1_132' title='bbox 1854 762 1904 817; x_wconf 91' lang='lat' dir='ltr'><strong>id</strong></span> <span class='ocrx_word' id='word_1_133' title='bbox 1938 770 2038 827; x_wconf 89' lang='lat' dir='ltr'><strong>est,</strong></span> <span class='ocrx_word' id='word_1_134' title='bbox 2062 762 2295 816; x_wconf 90' lang='lat' dir='ltr'><strong>secundo</strong></span> <span class='ocrx_word' id='word_1_135' title='bbox 2326 762 2569 825; x_wconf 85' lang='lat' dir='ltr'><strong>Neronis,</strong></span> <span class='ocrx_word' id='word_1_136' title='bbox 2590 770 2868 829; x_wconf 83' lang='lat' dir='ltr'><strong>postquam</strong></span> <span class='ocrx_word' id='word_1_137' title='bbox 2891 775 2917 811; x_wconf 88' lang='lat' dir='ltr'><strong>a</strong></span> <span class='ocrx_word' id='word_1_138' title='bbox 2948 759 3247 818; x_wconf 80' lang='lat' dir='ltr'><strong>Jerusalem</strong></span> <span class='ocrx_word' id='word_1_139' title='bbox 3264 771 3432 827; x_wconf 88' lang='lat' dir='ltr'><strong>usque</strong></span> 
     </span>
    </p>
   </div>
   <div class='ocr_carea' id='block_1_23' title="bbox 1858 850 3429 923">
    <p class='ocr_par' dir='ltr' id='par_1_23' title="bbox 1858 850 3429 923">
     <span class='ocr_line' id='line_1_23' title="bbox 1858 850 3429 923; baseline -0.003 -15"><span class='ocrx_word' id='word_1_140' title='bbox 1858 852 2117 923; x_wconf 85' lang='lat' dir='ltr'><strong>Illyricum</strong></span> <span class='ocrx_word' id='word_1_141' title='bbox 2166 854 2386 922; x_wconf 87' lang='lat' dir='ltr'><strong>replevit</strong></span> <span class='ocrx_word' id='word_1_142' title='bbox 2419 850 2761 921; x_wconf 82' lang='lat' dir='ltr'><strong>Evangelium</strong></span> <span class='ocrx_word' id='word_1_143' title='bbox 2793 851 3012 913; x_wconf 88' lang='lat' dir='ltr'><strong>Christi,</strong></span> <span class='ocrx_word' id='word_1_144' title='bbox 3059 850 3279 904; x_wconf 77' lang='lat' dir='ltr'><strong>Romam</strong></span> <span class='ocrx_word' id='word_1_145' title='bbox 3308 850 3429 904; x_wconf 87' lang='lat' dir='ltr'><strong>vin-</strong></span> 
     </span>
    </p>
   </div>
   <div class='ocr_carea' id='block_1_24' title="bbox 1855 937 3434 1013">
    <p class='ocr_par' dir='ltr' id='par_1_24' title="bbox 1855 937 3434 1013">
     <span class='ocr_line' id='line_1_24' title="bbox 1855 937 3434 1013; baseline -0.003 -14"><span class='ocrx_word' id='word_1_146' title='bbox 1855 956 1972 1000; x_wconf 91' lang='lat' dir='ltr'><strong>ctus</strong></span> <span class='ocrx_word' id='word_1_147' title='bbox 2012 946 2204 999; x_wconf 88' lang='lat' dir='ltr'><strong>missus</strong></span> <span class='ocrx_word' id='word_1_148' title='bbox 2233 955 2333 1008; x_wconf 90' lang='lat' dir='ltr'><strong>est,</strong></span> <span class='ocrx_word' id='word_1_149' title='bbox 2364 955 2416 999; x_wconf 92' lang='lat' dir='ltr'><strong>et</strong></span> <span class='ocrx_word' id='word_1_150' title='bbox 2438 945 2574 999; x_wconf 90' lang='lat' dir='ltr'><strong>sicut</strong></span> <span class='ocrx_word' id='word_1_151' title='bbox 2621 944 2735 1013; x_wconf 90' lang='lat' dir='ltr'><strong>ipse</strong></span> <span class='ocrx_word' id='word_1_152' title='bbox 2772 943 2823 997; x_wconf 92' lang='lat' dir='ltr'><strong>in</strong></span> <span class='ocrx_word' id='word_1_153' title='bbox 2860 943 3087 997; x_wconf 88' lang='lat' dir='ltr'><strong>secunda</strong></span> <span class='ocrx_word' id='word_1_154' title='bbox 3117 941 3339 1011; x_wconf 88' lang='lat' dir='ltr'><strong>epistola</strong></span> <span class='ocrx_word' id='word_1_155' title='bbox 3364 937 3434 995; x_wconf 89' lang='lat' dir='ltr'><strong>ad</strong></span> 
     </span>
    </p>
   </div>
   <div class='ocr_carea' id='block_1_25' title="bbox 1856 1031 3431 1102">
    <p class='ocr_par' dir='ltr' id='par_1_25' title="bbox 1856 1031 3431 1102">
     <span class='ocr_line' id='line_1_25' title="bbox 1856 1031 3431 1102; baseline -0.005 -8"><span class='ocrx_word' id='word_1_156' title='bbox 1856 1040 2191 1094; x_wconf 84' lang='lat' dir='ltr'><strong>Timotheum</strong></span> <span class='ocrx_word' id='word_1_157' title='bbox 2217 1039 2421 1102; x_wconf 89' lang='lat' dir='ltr'><strong>scribit,</strong></span> <span class='ocrx_word' id='word_1_158' title='bbox 2443 1036 2697 1092; x_wconf 77' lang='lat' dir='ltr'><strong>liberatus</strong></span> <span class='ocrx_word' id='word_1_159' title='bbox 2724 1037 2790 1091; x_wconf 92' lang='lat' dir='ltr'><strong>de</strong></span> <span class='ocrx_word' id='word_1_160' title='bbox 2810 1051 2906 1091; x_wconf 90' lang='lat' dir='ltr'><strong>ore</strong></span> <span class='ocrx_word' id='word_1_161' title='bbox 2927 1034 3121 1101; x_wconf 88' lang='lat' dir='ltr'><strong>leonis,</strong></span> <span class='ocrx_word' id='word_1_162' title='bbox 3156 1031 3431 1100; x_wconf 84' lang='lat' dir='ltr'><strong>videlicet,</strong></span> 
     </span>
    </p>
   </div>
   <div class='ocr_carea' id='block_1_26' title="bbox 1861 1122 3432 1199">
    <p class='ocr_par' dir='ltr' id='par_1_26' title="bbox 1861 1122 3432 1199">
     <span class='ocr_line' id='line_1_26' title="bbox 1861 1122 3432 1199; baseline -0.005 -14"><span class='ocrx_word' id='word_1_163' title='bbox 1861 1132 2181 1186; x_wconf 79' lang='lat' dir='ltr'><strong>ferocissimi</strong></span> <span class='ocrx_word' id='word_1_164' title='bbox 2210 1131 2566 1199; x_wconf 87' lang='lat' dir='ltr'><strong>persecutoris</strong></span> <span class='ocrx_word' id='word_1_165' title='bbox 2591 1128 2832 1193; x_wconf 85' lang='lat' dir='ltr'><strong>Neronis,</strong></span> <span class='ocrx_word' id='word_1_166' title='bbox 2862 1125 3202 1196; x_wconf 81' lang='lat' dir='ltr'><strong>Evangelium</strong></span> <span class='ocrx_word' id='word_1_167' title='bbox 3232 1122 3432 1178; x_wconf 84' lang='lat' dir='ltr'><strong>Christi</strong></span> 
     </span>
    </p>
   </div>
   <div class='ocr_carea' id='block_1_27' title="bbox 1861 1210 3437 1290">
    <p class='ocr_par' dir='ltr' id='par_1_27' title="bbox 1861 1210 3437 1290">
     <span class='ocr_line' id='line_1_27' title="bbox 1861 1210 3437 1290; baseline -0.006 -15"><span class='ocrx_word' id='word_1_168' title='bbox 1861 1221 1915 1275; x_wconf 89' lang='lat' dir='ltr'><strong>in</strong></span> <span class='ocrx_word' id='word_1_169' title='bbox 1972 1221 2279 1276; x_wconf 90' lang='lat' dir='ltr'><strong>Occidentis</strong></span> <span class='ocrx_word' id='word_1_170' title='bbox 2327 1234 2537 1290; x_wconf 90' lang='lat' dir='ltr'><strong>quoque</strong></span> <span class='ocrx_word' id='word_1_171' title='bbox 2589 1218 2825 1287; x_wconf 85' lang='lat' dir='ltr'><strong>partibus</strong></span> <span class='ocrx_word' id='word_1_172' title='bbox 2873 1215 3200 1285; x_wconf 75' lang='lat' dir='ltr'><strong>przedicavit.</strong></span> <span class='ocrx_word' id='word_1_173' title='bbox 3252 1210 3321 1268; x_wconf 86' lang='lat' dir='ltr'><strong>Et</strong></span> <span class='ocrx_word' id='word_1_174' title='bbox 3350 1213 3437 1266; x_wconf 90' lang='lat' dir='ltr'><strong>hic</strong></span> 
     </span>
    </p>
   </div>
   <div class='ocr_carea' id='block_1_28' title="bbox 1862 1303 3439 1382">
    <p class='ocr_par' dir='ltr' id='par_1_28' title="bbox 1862 1303 3439 1382">
     <span class='ocr_line' id='line_1_28' title="bbox 1862 1303 3439 1382; baseline -0.005 -18"><span class='ocrx_word' id='word_1_175' title='bbox 1862 1326 1989 1382; x_wconf 86' lang='lat' dir='ltr'><strong>ergo</strong></span> <span class='ocrx_word' id='word_1_176' title='bbox 2041 1321 2231 1380; x_wconf 88' lang='lat' dir='ltr'><strong>quarto</strong></span> <span class='ocrx_word' id='word_1_177' title='bbox 2273 1310 2483 1365; x_wconf 89' lang='lat' dir='ltr'><strong>decimo</strong></span> <span class='ocrx_word' id='word_1_178' title='bbox 2530 1309 2758 1364; x_wconf 85' lang='lat' dir='ltr'><strong>Neronis</strong></span> <span class='ocrx_word' id='word_1_179' title='bbox 2785 1323 2948 1372; x_wconf 90' lang='lat' dir='ltr'><strong>anno,</strong></span> <span class='ocrx_word' id='word_1_180' title='bbox 2980 1306 3168 1361; x_wconf 90' lang='lat' dir='ltr'><strong>eodem</strong></span> <span class='ocrx_word' id='word_1_181' title='bbox 3217 1303 3304 1359; x_wconf 90' lang='lat' dir='ltr'><strong>die</strong></span> <span class='ocrx_word' id='word_1_182' title='bbox 3330 1315 3439 1372; x_wconf 90' lang='lat' dir='ltr'><strong>quo</strong></span> 
     </span>
    </p>
   </div>
   <div class='ocr_carea' id='block_1_29' title="bbox 1867 1391 3442 1474">
    <p class='ocr_par' dir='ltr' id='par_1_29' title="bbox 1867 1391 3442 1474">
     <span class='ocr_line' id='line_1_29' title="bbox 1867 1391 3442 1474; baseline -0.008 -14"><span class='ocrx_word' id='word_1_183' title='bbox 1867 1406 2079 1472; x_wconf 85' lang='lat' dir='ltr'><strong>Petrus,</strong></span> <span class='ocrx_word' id='word_1_184' title='bbox 2114 1405 2297 1459; x_wconf 66' lang='lat' dir='ltr'><strong>Romae</strong></span> <span class='ocrx_word' id='word_1_185' title='bbox 2334 1420 2434 1474; x_wconf 85' lang='lat' dir='ltr'><strong>pro</strong></span> <span class='ocrx_word' id='word_1_186' title='bbox 2468 1403 2682 1458; x_wconf 87' lang='lat' dir='ltr'><strong>Christo</strong></span> <span class='ocrx_word' id='word_1_187' title='bbox 2730 1401 2907 1470; x_wconf 88' lang='lat' dir='ltr'><strong>capite</strong></span> <span class='ocrx_word' id='word_1_188' title='bbox 2935 1407 3230 1458; x_wconf 88' lang='lat' dir='ltr'><strong>truncatur,</strong></span> <span class='ocrx_word' id='word_1_189' title='bbox 3259 1391 3442 1463; x_wconf 84' lang='lat' dir='ltr'><strong>sepul-</strong></span> 
     </span>
    </p>
   </div>
   <div class='ocr_carea' id='block_1_30' title="bbox 1866 1485 3444 1565">
    <p class='ocr_par' dir='ltr' id='par_1_30' title="bbox 1866 1485 3444 1565">
     <span class='ocr_line' id='line_1_30' title="bbox 1866 1485 3444 1565; baseline -0.009 -15"><span class='ocrx_word' id='word_1_190' title='bbox 1866 1506 2060 1565; x_wconf 89' lang='lat' dir='ltr'><strong>tusque</strong></span> <span class='ocrx_word' id='word_1_191' title='bbox 2107 1505 2190 1551; x_wconf 89' lang='lat' dir='ltr'><strong>est</strong></span> <span class='ocrx_word' id='word_1_192' title='bbox 2238 1496 2290 1549; x_wconf 90' lang='lat' dir='ltr'><strong>in</strong></span> <span class='ocrx_word' id='word_1_193' title='bbox 2338 1496 2421 1548; x_wconf 86' lang='lat' dir='ltr'><strong>via</strong></span> <span class='ocrx_word' id='word_1_194' title='bbox 2470 1492 2732 1555; x_wconf 87' lang='lat' dir='ltr'><strong>Ostiensi,</strong></span> <span class='ocrx_word' id='word_1_195' title='bbox 2778 1504 2921 1544; x_wconf 89' lang='lat' dir='ltr'><strong>anno</strong></span> <span class='ocrx_word' id='word_1_196' title='bbox 2973 1498 3090 1558; x_wconf 90' lang='lat' dir='ltr'><strong>post</strong></span> <span class='ocrx_word' id='word_1_197' title='bbox 3141 1485 3444 1555; x_wconf 85' lang='lat' dir='ltr'><strong>passionem</strong></span> 
     </span>
    </p>
   </div>
   <div class='ocr_carea' id='block_1_31' title="bbox 1867 1572 3444 1652">
    <p class='ocr_par' dir='ltr' id='par_1_31' title="bbox 1867 1572 3444 1652">
     <span class='ocr_line' id='line_1_31' title="bbox 1867 1572 3444 1652; baseline -0.01 -12"><span class='ocrx_word' id='word_1_198' title='bbox 1867 1585 2078 1640; x_wconf 88' lang='lat' dir='ltr'><strong>Domini</strong></span> <span class='ocrx_word' id='word_1_199' title='bbox 2126 1585 2396 1639; x_wconf 89' lang='lat' dir='ltr'><strong>tricesimo</strong></span> <span class='ocrx_word' id='word_1_200' title='bbox 2433 1583 2683 1652; x_wconf 87' lang='lat' dir='ltr'><strong>septimo.</strong></span> <span class='ocrx_word' id='word_1_201' title='bbox 2714 1579 2847 1635; x_wconf 86' lang='lat' dir='ltr'><strong>Item</strong></span> <span class='ocrx_word' id='word_1_202' title='bbox 2882 1578 3201 1633; x_wconf 67' lang='lat' dir='ltr'><strong>beatissima:</strong></span> <span class='ocrx_word' id='word_1_203' title='bbox 3230 1572 3444 1628; x_wconf 66' lang='lat' dir='ltr'><strong>Lucina!</strong></span> 
     </span>
    </p>
   </div>
   <div class='ocr_carea' id='block_1_32' title="bbox 1866 1664 3448 1742">
    <p class='ocr_par' dir='ltr' id='par_1_32' title="bbox 1866 1664 3448 1742">
     <span class='ocr_line' id='line_1_32' title="bbox 1866 1664 3448 1742; baseline -0.007 -15"><span class='ocrx_word' id='word_1_204' title='bbox 1866 1673 2148 1742; x_wconf 71' lang='lat' dir='ltr'><strong>discipula:</strong></span> <span class='ocrx_word' id='word_1_205' title='bbox 2196 1673 2586 1742; x_wconf 87' lang='lat' dir='ltr'><strong>apostolorum,</strong></span> <span class='ocrx_word' id='word_1_206' title='bbox 2635 1680 2690 1725; x_wconf 90' lang='lat' dir='ltr'><strong>et</strong></span> <span class='ocrx_word' id='word_1_207' title='bbox 2737 1669 3050 1725; x_wconf 85' lang='lat' dir='ltr'><strong>Lemovicas</strong></span> <span class='ocrx_word' id='word_1_208' title='bbox 3094 1668 3268 1721; x_wconf 87' lang='lat' dir='ltr'><strong>sancti</strong></span> <span class='ocrx_word' id='word_1_209' title='bbox 3309 1664 3448 1720; x_wconf 80' lang='lat' dir='ltr'><strong>Mar-</strong></span> 
     </span>
    </p>
   </div>
   <div class='ocr_carea' id='block_1_33' title="bbox 1869 1758 3441 1831">
    <p class='ocr_par' dir='ltr' id='par_1_33' title="bbox 1869 1758 3441 1831">
     <span class='ocr_line' id='line_1_33' title="bbox 1869 1758 3441 1831; baseline -0.005 -15"><span class='ocrx_word' id='word_1_210' title='bbox 1869 1762 2007 1816; x_wconf 89' lang='lat' dir='ltr'><strong>tialis</strong></span> <span class='ocrx_word' id='word_1_211' title='bbox 2034 1762 2272 1831; x_wconf 86' lang='lat' dir='ltr'><strong>episcopi</strong></span> <span class='ocrx_word' id='word_1_212' title='bbox 2313 1771 2367 1817; x_wconf 91' lang='lat' dir='ltr'><strong>et</strong></span> <span class='ocrx_word' id='word_1_213' title='bbox 2410 1759 2757 1815; x_wconf 70' lang='lat' dir='ltr'><strong>confessoris.</strong></span> <span class='ocrx_word' id='word_1_214' title='bbox 2807 1758 2865 1813; x_wconf 85' lang='lat' dir='ltr'><strong>lit</strong></span> <span class='ocrx_word' id='word_1_215' title='bbox 2906 1758 3197 1829; x_wconf 77' lang='lat' dir='ltr'><strong>Agrippina</strong></span> <span class='ocrx_word' id='word_1_216' title='bbox 3225 1764 3441 1811; x_wconf 86' lang='lat' dir='ltr'><strong>sancto-</strong></span> 
     </span>
    </p>
   </div>
   <div class='ocr_carea' id='block_1_34' title="bbox 1808 1847 2601 1923">
    <p class='ocr_par' dir='ltr' id='par_1_34' title="bbox 1808 1847 2601 1923">
     <span class='ocr_line' id='line_1_34' title="bbox 1808 1847 2601 1923; baseline -0.001 -16"><span class='ocrx_word' id='word_1_217' title='bbox 1808 1847 1853 1906; x_wconf 88' lang='lat' dir='ltr'><strong>B</strong></span> <span class='ocrx_word' id='word_1_218' title='bbox 1879 1866 1994 1907; x_wconf 86' lang='lat' dir='ltr'><strong>rum</strong></span> <span class='ocrx_word' id='word_1_219' title='bbox 2020 1851 2289 1923; x_wconf 85' lang='lat' dir='ltr'><strong>Asclyppi,</strong></span> <span class='ocrx_word' id='word_1_220' title='bbox 2319 1849 2601 1921; x_wconf 85' lang='lat' dir='ltr'><strong>Pamphili.</strong></span> 
     </span>
    </p>
   </div>
   <div class='ocr_carea' id='block_1_35' title="bbox 1462 1942 2238 2004">
    <p class='ocr_par' dir='ltr' id='par_1_35' title="bbox 1462 1942 2238 2004">
     <span class='ocr_line' id='line_1_35' title="bbox 1462 1942 2238 2004; baseline 0 -5"><span class='ocrx_word' id='word_1_221' title='bbox 1462 1944 1690 2001; x_wconf 81' lang='lat' dir='ltr'><strong>EDITIO</strong></span> <span class='ocrx_word' id='word_1_222' title='bbox 1729 1942 2238 2004; x_wconf 82' lang='lat' dir='ltr'><strong>BOLLANDIANA.</strong></span> 
     </span>
    </p>
   </div>
   <div class='ocr_carea' id='block_1_36' title="bbox 258 2037 1091 2096">
    <p class='ocr_par' dir='ltr' id='par_1_36' title="bbox 258 2037 1091 2096">
     <span class='ocr_line' id='line_1_36' title="bbox 258 2037 1091 2096; baseline -0.005 0"><span class='ocrx_word' id='word_1_223' title='bbox 258 2041 351 2096; x_wconf 71' lang='lat'><strong>30.</strong></span> <span class='ocrx_word' id='word_1_224' title='bbox 378 2070 450 2080; x_wconf 96' lang='lat'><strong>—</strong></span> <span class='ocrx_word' id='word_1_225' title='bbox 473 2038 516 2095; x_wconf 84' lang='lat' dir='ltr'><strong>ll</strong></span> <span class='ocrx_word' id='word_1_226' title='bbox 542 2037 675 2093; x_wconf 68' lang='lat' dir='ltr'><strong>Kac.</strong></span> <span class='ocrx_word' id='word_1_227' title='bbox 710 2038 874 2093; x_wconf 86' lang='lat' dir='ltr'><strong>Vacat</strong></span> <span class='ocrx_word' id='word_1_228' title='bbox 911 2038 1091 2092; x_wconf 63' lang='lat' dir='ltr'><strong>Baeda.</strong></span> 
     </span>
    </p>
   </div>
   <div class='ocr_carea' id='block_1_37' title="bbox 260 2128 1773 2198">
    <p class='ocr_par' dir='ltr' id='par_1_37' title="bbox 260 2128 1773 2198">
     <span class='ocr_line' id='line_1_37' title="bbox 260 2128 1773 2198; baseline -0.004 -8"><span class='ocrx_word' id='word_1_229' title='bbox 260 2133 455 2191; x_wconf 80' lang='lat' dir='ltr'><strong>Florus</strong></span> <span class='ocrx_word' id='word_1_230' title='bbox 480 2132 532 2185; x_wconf 91' lang='lat' dir='ltr'><strong>iu</strong></span> <span class='ocrx_word' id='word_1_231' title='bbox 566 2132 632 2185; x_wconf 89' lang='lat' dir='ltr'><strong>A.</strong></span> <span class='ocrx_word' id='word_1_232' title='bbox 669 2130 731 2185; x_wconf 88' lang='grc' dir='ltr'><strong>Τ.</strong></span> <span class='ocrx_word' id='word_1_233' title='bbox 765 2131 804 2185; x_wconf 69' lang='grc' dir='ltr'>ι,</span> <span class='ocrx_word' id='word_1_234' title='bbox 834 2174 848 2197; x_wconf 89' lang='grc'><em>,</em></span> <span class='ocrx_word' id='word_1_235' title='bbox 885 2130 1198 2184; x_wconf 84' lang='lat' dir='ltr'><strong>Lemovicas</strong></span> <span class='ocrx_word' id='word_1_236' title='bbox 1244 2128 1461 2185; x_wconf 88' lang='lat' dir='ltr'><strong>civitate</strong></span> <span class='ocrx_word' id='word_1_237' title='bbox 1506 2128 1773 2198; x_wconf 88' lang='lat' dir='ltr'><strong>depositio</strong></span> 
     </span>
    </p>
   </div>
   <div class='ocr_carea' id='block_1_38' title="bbox 188 2219 1774 2291">
    <p class='ocr_par' dir='ltr' id='par_1_38' title="bbox 188 2219 1774 2291">
     <span class='ocr_line' id='line_1_38' title="bbox 188 2219 1774 2291; baseline -0.003 -13"><span class='ocrx_word' id='word_1_238' title='bbox 188 2234 215 2262; x_wconf 83' lang='grc' dir='ltr'>ι</span> <span class='ocrx_word' id='word_1_239' title='bbox 249 2222 505 2278; x_wconf 83' lang='lat' dir='ltr'><strong>Martialis</strong></span> <span class='ocrx_word' id='word_1_240' title='bbox 540 2220 795 2290; x_wconf 89' lang='lat' dir='ltr'><strong>episcopi,</strong></span> <span class='ocrx_word' id='word_1_241' title='bbox 824 2219 851 2259; x_wconf 71' lang='grc' dir='ltr'>δ</span> <span class='ocrx_word' id='word_1_242' title='bbox 877 2220 967 2289; x_wconf 88' lang='lat' dir='ltr'><strong>qui</strong></span> <span class='ocrx_word' id='word_1_243' title='bbox 1021 2220 1119 2273; x_wconf 90' lang='lat' dir='ltr'><strong>l&#39;uit</strong></span> <span class='ocrx_word' id='word_1_244' title='bbox 1162 2232 1299 2273; x_wconf 88' lang='lat' dir='ltr'><strong>unus</strong></span> <span class='ocrx_word' id='word_1_245' title='bbox 1343 2220 1411 2275; x_wconf 90' lang='lat' dir='ltr'><strong>de</strong></span> <span class='ocrx_word' id='word_1_246' title='bbox 1441 2223 1774 2291; x_wconf 79' lang='lat' dir='ltr'><strong>septuaginta</strong></span> 
     </span>
    </p>
   </div>
   <div class='ocr_carea' id='block_1_39' title="bbox 187 2311 1776 2380">
    <p class='ocr_par' dir='ltr' id='par_1_39' title="bbox 187 2311 1776 2380">
     <span class='ocr_line' id='line_1_39' title="bbox 187 2311 1776 2380; baseline 0.001 -12"><span class='ocrx_word' id='word_1_247' title='bbox 187 2315 419 2368; x_wconf 84' lang='lat' dir='ltr'><strong>duobus.</strong></span> <span class='ocrx_word' id='word_1_248' title='bbox 451 2313 515 2368; x_wconf 89' lang='grc' dir='ltr'><strong>Τ.</strong></span> <span class='ocrx_word' id='word_1_249' title='bbox 548 2313 631 2374; x_wconf 88' lang='lat' dir='ltr'><strong>L.,</strong></span> <span class='ocrx_word' id='word_1_250' title='bbox 670 2316 834 2380; x_wconf 78' lang='lat' dir='ltr'><strong>qui-~a</strong></span> <span class='ocrx_word' id='word_1_251' title='bbox 877 2311 1110 2366; x_wconf 72' lang='lat' dir='ltr'><strong>Romana</strong></span> <span class='ocrx_word' id='word_1_252' title='bbox 1169 2313 1300 2366; x_wconf 91' lang='lat' dir='ltr'><strong>urbe</strong></span> <span class='ocrx_word' id='word_1_253' title='bbox 1347 2328 1377 2366; x_wconf 91' lang='lat' dir='ltr'><strong>a</strong></span> <span class='ocrx_word' id='word_1_254' title='bbox 1429 2314 1487 2368; x_wconf 85' lang='grc' dir='ltr'><strong>Β.</strong></span> <span class='ocrx_word' id='word_1_255' title='bbox 1539 2315 1696 2369; x_wconf 90' lang='lat' dir='ltr'><strong>Petro</strong></span> <span class='ocrx_word' id='word_1_256' title='bbox 1725 2317 1776 2370; x_wconf 88' lang='lat' dir='ltr'><strong>in</strong></span> 
     </span>
    </p>
   </div>
   <div class='ocr_carea' id='block_1_40' title="bbox 190 2406 1774 2476">
    <p class='ocr_par' dir='ltr' id='par_1_40' title="bbox 190 2406 1774 2476">
     <span class='ocr_line' id='line_1_40' title="bbox 190 2406 1774 2476; baseline 0.001 -13"><span class='ocrx_word' id='word_1_257' title='bbox 190 2407 396 2463; x_wconf 87' lang='lat' dir='ltr'><strong>Gallias</strong></span> <span class='ocrx_word' id='word_1_258' title='bbox 424 2407 636 2468; x_wconf 87' lang='lat' dir='ltr'><strong>missus,</strong></span> <span class='ocrx_word' id='word_1_259' title='bbox 672 2406 724 2460; x_wconf 91' lang='lat' dir='ltr'><strong>in</strong></span> <span class='ocrx_word' id='word_1_260' title='bbox 756 2406 888 2461; x_wconf 91' lang='lat' dir='ltr'><strong>urbe</strong></span> <span class='ocrx_word' id='word_1_261' title='bbox 918 2406 1263 2461; x_wconf 86' lang='lat' dir='ltr'><strong>Lemovicina</strong></span> <span class='ocrx_word' id='word_1_262' title='bbox 1293 2408 1585 2476; x_wconf 63' lang='lat' dir='ltr'><strong>praedicare</strong></span> <span class='ocrx_word' id='word_1_263' title='bbox 1614 2425 1774 2464; x_wconf 81' lang='lat' dir='ltr'><strong>exor-</strong></span> 
     </span>
    </p>
   </div>
   <div class='ocr_carea' id='block_1_41' title="bbox 192 2497 1774 2567">
    <p class='ocr_par' dir='ltr' id='par_1_41' title="bbox 192 2497 1774 2567">
     <span class='ocr_line' id='line_1_41' title="bbox 192 2497 1774 2567; baseline 0.001 -13"><span class='ocrx_word' id='word_1_264' title='bbox 192 2513 287 2555; x_wconf 85' lang='lat' dir='ltr'><strong>sus</strong></span> <span class='ocrx_word' id='word_1_265' title='bbox 331 2506 449 2563; x_wconf 88' lang='lat' dir='ltr'><strong>est;</strong></span> <span class='ocrx_word' id='word_1_266' title='bbox 496 2497 803 2567; x_wconf 86' lang='lat' dir='ltr'><strong>cversisque</strong></span> <span class='ocrx_word' id='word_1_267' title='bbox 847 2498 1251 2554; x_wconf 87' lang='lat' dir='ltr'><strong>simulacrorum</strong></span> <span class='ocrx_word' id='word_1_268' title='bbox 1294 2498 1485 2555; x_wconf 85' lang='lat' dir='ltr'><strong>ritibus</strong></span> <span class='ocrx_word' id='word_1_269' title='bbox 1513 2541 1527 2566; x_wconf 95' lang='lat'><strong>,</strong></span> <span class='ocrx_word' id='word_1_270' title='bbox 1572 2502 1774 2567; x_wconf 86' lang='lat' dir='ltr'><strong>repleta</strong></span> 
     </span>
    </p>
   </div>
   <div class='ocr_carea' id='block_1_42' title="bbox 1866 2032 3445 2113">
    <p class='ocr_par' dir='ltr' id='par_1_42' title="bbox 1866 2032 3445 2113">
     <span class='ocr_line' id='line_1_42' title="bbox 1866 2032 3445 2113; baseline -0.006 -15"><span class='ocrx_word' id='word_1_271' title='bbox 1866 2042 1977 2113; x_wconf 76' lang='lat' dir='ltr'><strong>iam</strong></span> <span class='ocrx_word' id='word_1_272' title='bbox 2053 2040 2186 2095; x_wconf 90' lang='lat' dir='ltr'><strong>urbe</strong></span> <span class='ocrx_word' id='word_1_273' title='bbox 2252 2038 2344 2093; x_wconf 91' lang='lat' dir='ltr'><strong>Dei</strong></span> <span class='ocrx_word' id='word_1_274' title='bbox 2408 2034 2716 2092; x_wconf 90' lang='lat' dir='ltr'><strong>credulitate</strong></span> <span class='ocrx_word' id='word_1_275' title='bbox 2748 2075 2764 2099; x_wconf 95' lang='lat'><strong>,</strong></span> <span class='ocrx_word' id='word_1_276' title='bbox 2833 2032 3079 2102; x_wconf 79' lang='lat' dir='ltr'><strong>migravit</strong></span> <span class='ocrx_word' id='word_1_277' title='bbox 3134 2047 3164 2087; x_wconf 94' lang='lat' dir='ltr'><strong>a</strong></span> <span class='ocrx_word' id='word_1_278' title='bbox 3222 2034 3445 2089; x_wconf 84' lang='lat' dir='ltr'><strong>saeculo.</strong></span> 
     </span>
    </p>
   </div>
   <div class='ocr_carea' id='block_1_43' title="bbox 1947 2125 3448 2199">
    <p class='ocr_par' dir='ltr' id='par_1_43' title="bbox 1947 2125 3448 2199">
     <span class='ocr_line' id='line_1_43' title="bbox 1947 2125 3448 2199; baseline -0.007 -10"><span class='ocrx_word' id='word_1_279' title='bbox 1947 2133 2012 2189; x_wconf 90' lang='lat' dir='ltr'><strong>A.</strong></span> <span class='ocrx_word' id='word_1_280' title='bbox 2046 2131 2135 2194; x_wconf 91' lang='lat' dir='ltr'><strong>T.,</strong></span> <span class='ocrx_word' id='word_1_281' title='bbox 2167 2128 2468 2198; x_wconf 78' lang='lat' dir='ltr'><strong>Andegavis</strong></span> <span class='ocrx_word' id='word_1_282' title='bbox 2488 2126 2705 2199; x_wconf 72' lang='lat' dir='ltr'><strong>civitate</strong></span> <span class='ocrx_word' id='word_1_283' title='bbox 2729 2125 3020 2199; x_wconf 66' lang='lat' dir='ltr'><strong>translatio</strong></span> <span class='ocrx_word' id='word_1_284' title='bbox 3033 2125 3272 2192; x_wconf 89' lang='lat' dir='ltr'><strong>corporis</strong></span> <span class='ocrx_word' id='word_1_285' title='bbox 3295 2130 3316 2157; x_wconf 72' lang='grc' dir='ltr'><em>ε</em></span> <span class='ocrx_word' id='word_1_286' title='bbox 3347 2126 3448 2199; x_wconf 87' lang='lat' dir='ltr'><strong>A_l-</strong></span> 
     </span>
    </p>
   </div>
   <div class='ocr_carea' id='block_1_44' title="bbox 1874 2193 3447 2272">
    <p class='ocr_par' dir='ltr' id='par_1_44' title="bbox 1874 2193 3447 2272">
     <span class='ocr_line' id='line_1_44' title="bbox 1874 2193 3447 2272; baseline -0.006 -13"><span class='ocrx_word' id='word_1_287' title='bbox 1874 2205 1988 2259; x_wconf 89' lang='lat' dir='ltr'><strong>bini</strong></span> <span class='ocrx_word' id='word_1_288' title='bbox 2037 2193 2277 2272; x_wconf 71' lang='lat' dir='ltr'><strong>epiScopi</strong></span> <span class='ocrx_word' id='word_1_289' title='bbox 2320 2193 2383 2272; x_wconf 67' lang='lat' dir='ltr'><strong>et</strong></span> <span class='ocrx_word' id='word_1_290' title='bbox 2416 2193 2770 2272; x_wconf 78' lang='lat' dir='ltr'><strong>confessoris_._</strong></span> <span class='ocrx_word' id='word_1_291' title='bbox 2794 2195 2883 2272; x_wconf 47' lang='lat' dir='ltr'><strong>V2</strong></span> <span class='ocrx_word' id='word_1_292' title='bbox 2926 2193 2953 2233; x_wconf 71' lang='grc' dir='ltr'><em>ά</em></span> <span class='ocrx_word' id='word_1_293' title='bbox 2981 2194 3447 2272; x_wconf 69' lang='lat' dir='ltr'><strong>Comniemoratio.</strong></span> 
     </span>
    </p>
   </div>
   <div class='ocr_carea' id='block_1_45' title="bbox 1878 2265 3443 2335">
    <p class='ocr_par' dir='ltr' id='par_1_45' title="bbox 1878 2265 3443 2335">
     <span class='ocr_line' id='line_1_45' title="bbox 1878 2265 3443 2335; baseline -0.006 -7"><span class='ocrx_word' id='word_1_294' title='bbox 1878 2273 1966 2333; x_wconf 86' lang='lat' dir='ltr'><strong>C..</strong></span> <span class='ocrx_word' id='word_1_295' title='bbox 2022 2265 2304 2327; x_wconf 38' lang='lat' dir='ltr'><strong>Natale-5.</strong></span> <span class='ocrx_word' id='word_1_296' title='bbox 2354 2268 2501 2321; x_wconf 90' lang='lat' dir='ltr'><strong>Pauli</strong></span> <span class='ocrx_word' id='word_1_297' title='bbox 2549 2265 2794 2335; x_wconf 89' lang='lat' dir='ltr'><strong>apostoli.</strong></span> <span class='ocrx_word' id='word_1_298' title='bbox 2845 2266 2931 2335; x_wconf 90' lang='lat' dir='ltr'><strong>C.,</strong></span> <span class='ocrx_word' id='word_1_299' title='bbox 2984 2265 3047 2317; x_wconf 85' lang='lat' dir='ltr'><strong>Et</strong></span> <span class='ocrx_word' id='word_1_300' title='bbox 3095 2268 3267 2318; x_wconf 85' lang='lat' dir='ltr'><strong>natale</strong></span> <span class='ocrx_word' id='word_1_301' title='bbox 3316 2265 3443 2333; x_wconf 75' lang='lat'><strong>$8.,</strong></span> 
     </span>
    </p>
   </div>
   <div class='ocr_carea' id='block_1_46' title="bbox 1888 2334 3452 2405">
    <p class='ocr_par' dir='ltr' id='par_1_46' title="bbox 1888 2334 3452 2405">
     <span class='ocr_line' id='line_1_46' title="bbox 1888 2334 3452 2405; baseline -0.005 -8"><span class='ocrx_word' id='word_1_302' title='bbox 1888 2350 1910 2375; x_wconf 70' lang='grc' dir='ltr'>ε</span> <span class='ocrx_word' id='word_1_303' title='bbox 1937 2342 2226 2405; x_wconf 80' lang='lat' dir='ltr'><strong>Timothei,</strong></span> <span class='ocrx_word' id='word_1_304' title='bbox 2256 2339 2448 2402; x_wconf 83' lang='lat' dir='ltr'><strong>Zotici,</strong></span> <span class='ocrx_word' id='word_1_305' title='bbox 2481 2335 2686 2390; x_wconf 87' lang='lat' dir='ltr'><strong>Pamlli.</strong></span> <span class='ocrx_word' id='word_1_306' title='bbox 2729 2336 2815 2398; x_wconf 79' lang='lat'><strong>8.,</strong></span> <span class='ocrx_word' id='word_1_307' title='bbox 2849 2334 3157 2405; x_wconf 85' lang='lat' dir='ltr'><strong>Lemovicas</strong></span> <span class='ocrx_word' id='word_1_308' title='bbox 3184 2335 3452 2399; x_wconf 85' lang='lat' dir='ltr'><strong>depositio</strong></span> 
     </span>
    </p>
   </div>
   <div class='ocr_carea' id='block_1_47' title="bbox 1881 2404 3452 2477">
    <p class='ocr_par' dir='ltr' id='par_1_47' title="bbox 1881 2404 3452 2477">
     <span class='ocr_line' id='line_1_47' title="bbox 1881 2404 3452 2477; baseline -0.006 -8"><span class='ocrx_word' id='word_1_309' title='bbox 1881 2412 1940 2469; x_wconf 89' lang='lat' dir='ltr'><strong>S.</strong></span> <span class='ocrx_word' id='word_1_310' title='bbox 1973 2404 2221 2468; x_wconf 79' lang='lat' dir='ltr'><strong>Martialis</strong></span> <span class='ocrx_word' id='word_1_311' title='bbox 2249 2408 2483 2477; x_wconf 88' lang='lat' dir='ltr'><strong>episcopi</strong></span> <span class='ocrx_word' id='word_1_312' title='bbox 2514 2416 2568 2459; x_wconf 89' lang='lat' dir='ltr'><strong>et</strong></span> <span class='ocrx_word' id='word_1_313' title='bbox 2598 2405 2959 2477; x_wconf 69' lang='lat' dir='ltr'><strong>confessoris.</strong></span> <span class='ocrx_word' id='word_1_314' title='bbox 2990 2404 3290 2477; x_wconf 83' lang='lat' dir='ltr'><strong>Andegavis</strong></span> <span class='ocrx_word' id='word_1_315' title='bbox 3317 2406 3452 2461; x_wconf 85' lang='lat' dir='ltr'><strong>civi-</strong></span> 
     </span>
    </p>
   </div>
   <div class='ocr_carea' id='block_1_48' title="bbox 1884 2475 3136 2548">
    <p class='ocr_par' dir='ltr' id='par_1_48' title="bbox 1884 2475 3136 2548">
     <span class='ocr_line' id='line_1_48' title="bbox 1884 2475 3136 2548; baseline -0.008 -11"><span class='ocrx_word' id='word_1_316' title='bbox 1884 2492 1992 2537; x_wconf 83' lang='lat' dir='ltr'><strong>tate</strong></span> <span class='ocrx_word' id='word_1_317' title='bbox 2022 2475 2297 2538; x_wconf 85' lang='lat' dir='ltr'><strong>translatio</strong></span> <span class='ocrx_word' id='word_1_318' title='bbox 2324 2478 2563 2548; x_wconf 90' lang='lat' dir='ltr'><strong>corporis</strong></span> <span class='ocrx_word' id='word_1_319' title='bbox 2588 2476 2646 2532; x_wconf 87' lang='lat' dir='ltr'><strong>S.</strong></span> <span class='ocrx_word' id='word_1_320' title='bbox 2676 2475 2852 2532; x_wconf 87' lang='lat' dir='ltr'><strong>Albini</strong></span> <span class='ocrx_word' id='word_1_321' title='bbox 2879 2475 3136 2544; x_wconf 89' lang='lat' dir='ltr'><strong>episcopi.</strong></span> 
     </span>
    </p>
   </div>
   <div class='ocr_carea' id='block_1_49' title="bbox 1571 2593 2043 2651">
    <p class='ocr_par' dir='ltr' id='par_1_49' title="bbox 1571 2593 2043 2651">
     <span class='ocr_line' id='line_1_49' title="bbox 1571 2593 2043 2651; baseline 0.002 -3"><span class='ocrx_word' id='word_1_322' title='bbox 1571 2593 1779 2648; x_wconf 83' lang='lat' dir='ltr'><strong>SMITII</strong></span> <span class='ocrx_word' id='word_1_323' title='bbox 1818 2594 2043 2651; x_wconf 67' lang='lat' dir='ltr'><strong>NOTE.</strong></span> 
     </span>
    </p>
   </div>
   <div class='ocr_carea' id='block_1_50' title="bbox 265 2677 1770 2746">
    <p class='ocr_par' dir='ltr' id='par_1_50' title="bbox 265 2677 1770 2746">
     <span class='ocr_line' id='line_1_50' title="bbox 265 2677 1770 2746; baseline 0.003 -15"><span class='ocrx_word' id='word_1_324' title='bbox 265 2688 291 2715; x_wconf 71' lang='grc'><strong><em>⁸</em></strong></span> <span class='ocrx_word' id='word_1_325' title='bbox 332 2677 612 2733; x_wconf 77' lang='lat' dir='ltr'><strong>Martialis.</strong></span> <span class='ocrx_word' id='word_1_326' title='bbox 646 2678 746 2746; x_wconf 87' lang='lat' dir='ltr'><strong>Qui</strong></span> <span class='ocrx_word' id='word_1_327' title='bbox 776 2679 1036 2745; x_wconf 85' lang='lat' dir='ltr'><strong>interluit,</strong></span> <span class='ocrx_word' id='word_1_328' title='bbox 1062 2689 1120 2735; x_wconf 92' lang='lat' dir='ltr'><strong>ut</strong></span> <span class='ocrx_word' id='word_1_329' title='bbox 1150 2678 1338 2746; x_wconf 82' lang='lat' dir='ltr'><strong>fertur,</strong></span> <span class='ocrx_word' id='word_1_330' title='bbox 1369 2680 1494 2736; x_wconf 91' lang='lat' dir='ltr'><strong>dum</strong></span> <span class='ocrx_word' id='word_1_331' title='bbox 1526 2680 1770 2736; x_wconf 87' lang='lat' dir='ltr'><strong>Christus</strong></span> 
     </span>
    </p>
   </div>
   <div class='ocr_carea' id='block_1_51' title="bbox 146 2748 1772 2821">
    <p class='ocr_par' dir='ltr' id='par_1_51' title="bbox 146 2748 1772 2821">
     <span class='ocr_line' id='line_1_51' title="bbox 146 2748 1772 2821; baseline -0.001 -16"><span class='ocrx_word' id='word_1_332' title='bbox 146 2805 156 2817; x_wconf 79' lang='grc'><strong><em>,</em></strong></span> <span class='ocrx_word' id='word_1_333' title='bbox 191 2748 335 2805; x_wconf 87' lang='grc'>5000</span> <span class='ocrx_word' id='word_1_334' title='bbox 380 2748 623 2821; x_wconf 78' lang='lat' dir='ltr'><strong>homines</strong></span> <span class='ocrx_word' id='word_1_335' title='bbox 662 2750 872 2804; x_wconf 85' lang='lat' dir='ltr'><strong>satiavit</strong></span> <span class='ocrx_word' id='word_1_336' title='bbox 912 2765 975 2804; x_wconf 81' lang='lat' dir='ltr'><strong>ex</strong></span> <span class='ocrx_word' id='word_1_337' title='bbox 1007 2754 1238 2819; x_wconf 88' lang='lat' dir='ltr'><strong>quinque</strong></span> <span class='ocrx_word' id='word_1_338' title='bbox 1280 2751 1508 2821; x_wconf 89' lang='lat' dir='ltr'><strong>panibus</strong></span> <span class='ocrx_word' id='word_1_339' title='bbox 1553 2762 1609 2806; x_wconf 89' lang='lat' dir='ltr'><strong>et</strong></span> <span class='ocrx_word' id='word_1_340' title='bbox 1642 2753 1772 2804; x_wconf 89' lang='lat' dir='ltr'><strong>dno-</strong></span> 
     </span>
    </p>
   </div>
   <div class='ocr_carea' id='block_1_52' title="bbox 124 2817 1770 2892">
    <p class='ocr_par' dir='ltr' id='par_1_52' title="bbox 124 2817 1770 2892">
     <span class='ocr_line' id='line_1_52' title="bbox 124 2817 1770 2892; baseline 0.001 -19"><span class='ocrx_word' id='word_1_341' title='bbox 124 2817 133 2821; x_wconf 71' lang='grc'><strong><em>’</em></strong></span> <span class='ocrx_word' id='word_1_342' title='bbox 191 2821 292 2892; x_wconf 83' lang='lat' dir='ltr'><strong>bos</strong></span> <span class='ocrx_word' id='word_1_343' title='bbox 323 2819 611 2892; x_wconf 81' lang='lat' dir='ltr'><strong>piscibus;</strong></span> <span class='ocrx_word' id='word_1_344' title='bbox 659 2829 720 2892; x_wconf 92' lang='lat' dir='ltr'><strong>et_</strong></span> <span class='ocrx_word' id='word_1_345' title='bbox 753 2834 871 2874; x_wconf 91' lang='lat' dir='ltr'><strong>cum</strong></span> <span class='ocrx_word' id='word_1_346' title='bbox 906 2820 956 2873; x_wconf 89' lang='lat' dir='ltr'><strong>in</strong></span> <span class='ocrx_word' id='word_1_347' title='bbox 988 2817 1163 2880; x_wconf 32' lang='lat' dir='ltr'><strong>omna:</strong></span> <span class='ocrx_word' id='word_1_348' title='bbox 1192 2817 1355 2892; x_wconf 81' lang='lat' dir='ltr'><strong>pedes</strong></span> <span class='ocrx_word' id='word_1_349' title='bbox 1380 2821 1770 2891; x_wconf 90' lang='lat' dir='ltr'><strong>discipulorum</strong></span> 
     </span>
    </p>
   </div>
   <div class='ocr_carea' id='block_1_53' title="bbox 191 2889 1772 2958">
    <p class='ocr_par' dir='ltr' id='par_1_53' title="bbox 191 2889 1772 2958">
     <span class='ocr_line' id='line_1_53' title="bbox 191 2889 1772 2958; baseline 0.003 -18"><span class='ocrx_word' id='word_1_350' title='bbox 191 2889 400 2952; x_wconf 82' lang='lat' dir='ltr'><strong>abluit;</strong></span> <span class='ocrx_word' id='word_1_351' title='bbox 435 2899 554 2958; x_wconf 88' lang='lat' dir='ltr'><strong>post</strong></span> <span class='ocrx_word' id='word_1_352' title='bbox 581 2890 884 2958; x_wconf 80' lang='lat' dir='ltr'><strong>passionem</strong></span> <span class='ocrx_word' id='word_1_353' title='bbox 917 2892 975 2944; x_wconf 87' lang='grc' dir='ltr'><strong>Β.</strong></span> <span class='ocrx_word' id='word_1_354' title='bbox 1008 2893 1165 2945; x_wconf 91' lang='lat' dir='ltr'><strong>Petro</strong></span> <span class='ocrx_word' id='word_1_355' title='bbox 1195 2889 1448 2958; x_wconf 63' lang='lat' dir='ltr'><strong>adhaesit,</strong></span> <span class='ocrx_word' id='word_1_356' title='bbox 1500 2889 1623 2945; x_wconf 85' lang='lat' dir='ltr'><strong>cum</strong></span> <span class='ocrx_word' id='word_1_357' title='bbox 1668 2907 1772 2958; x_wconf 89' lang='lat' dir='ltr'><strong>quo</strong></span> 
     </span>
    </p>
   </div>
   <div class='ocr_carea' id='block_1_54' title="bbox 195 2958 1771 3031">
    <p class='ocr_par' dir='ltr' id='par_1_54' title="bbox 195 2958 1771 3031">
     <span class='ocr_line' id='line_1_54' title="bbox 195 2958 1771 3031; baseline 0.003 -20"><span class='ocrx_word' id='word_1_358' title='bbox 195 2959 251 3031; x_wconf 86' lang='lat' dir='ltr'><strong>in</strong></span> <span class='ocrx_word' id='word_1_359' title='bbox 289 2958 590 3031; x_wconf 63' lang='lat' dir='ltr'><strong>Galilaeam,</strong></span> <span class='ocrx_word' id='word_1_360' title='bbox 618 2960 976 3026; x_wconf 84' lang='lat' dir='ltr'><strong>Antiochiam,</strong></span> <span class='ocrx_word' id='word_1_361' title='bbox 1010 2972 1063 3015; x_wconf 89' lang='lat' dir='ltr'><strong>et</strong></span> <span class='ocrx_word' id='word_1_362' title='bbox 1093 2960 1313 3015; x_wconf 72' lang='lat' dir='ltr'><strong>Romam</strong></span> <span class='ocrx_word' id='word_1_363' title='bbox 1343 2961 1638 3031; x_wconf 81' lang='lat' dir='ltr'><strong>profectus,</strong></span> <span class='ocrx_word' id='word_1_364' title='bbox 1674 2958 1771 3016; x_wconf 76' lang='lat' dir='ltr'><strong>fuit</strong></span> 
     </span>
    </p>
   </div>
   <div class='ocr_carea' id='block_1_55' title="bbox 193 3029 1769 3100">
    <p class='ocr_par' dir='ltr' id='par_1_55' title="bbox 193 3029 1769 3100">
     <span class='ocr_line' id='line_1_55' title="bbox 193 3029 1769 3100; baseline 0.003 -19"><span class='ocrx_word' id='word_1_365' title='bbox 193 3030 261 3081; x_wconf 89' lang='lat' dir='ltr'><strong>ab</strong></span> <span class='ocrx_word' id='word_1_366' title='bbox 282 3029 474 3100; x_wconf 77' lang='lat' dir='ltr'><strong>eodem</strong></span> <span class='ocrx_word' id='word_1_367' title='bbox 524 3031 807 3099; x_wconf 90' lang='lat' dir='ltr'><strong>episcopus</strong></span> <span class='ocrx_word' id='word_1_368' title='bbox 846 3030 1149 3100; x_wconf 86' lang='lat' dir='ltr'><strong>ordinatus,</strong></span> <span class='ocrx_word' id='word_1_369' title='bbox 1185 3042 1238 3085; x_wconf 91' lang='lat' dir='ltr'><strong>et</strong></span> <span class='ocrx_word' id='word_1_370' title='bbox 1276 3029 1769 3100; x_wconf 46' lang='lat' dir='ltr'><strong>ad&#39;przedicandum</strong></span> 
     </span>
    </p>
   </div>
   <div class='ocr_carea' id='block_1_56' title="bbox 191 3098 1773 3182">
    <p class='ocr_par' dir='ltr' id='par_1_56' title="bbox 191 3098 1773 3182">
     <span class='ocr_line' id='line_1_56' title="bbox 191 3098 1773 3182; baseline 0.002 -30"><span class='ocrx_word' id='word_1_371' title='bbox 191 3100 245 3182; x_wconf 73' lang='lat' dir='ltr'><strong>i_n</strong></span> <span class='ocrx_word' id='word_1_372' title='bbox 286 3098 516 3182; x_wconf 70' lang='lat' dir='ltr'><strong>Calliam</strong></span> <span class='ocrx_word' id='word_1_373' title='bbox 563 3113 691 3182; x_wconf 72' lang='lat' dir='ltr'><strong>cum</strong></span> <span class='ocrx_word' id='word_1_374' title='bbox 718 3098 941 3182; x_wconf 86' lang='lat' dir='ltr'><strong>duobus</strong></span> <span class='ocrx_word' id='word_1_375' title='bbox 997 3103 1339 3182; x_wconf 70' lang='lat' dir='ltr'><strong>presbyteris,</strong></span> <span class='ocrx_word' id='word_1_376' title='bbox 1378 3098 1679 3182; x_wconf 42' lang='lat' dir='ltr'><strong>&#39;Alpiniano-</strong></span> <span class='ocrx_word' id='word_1_377' title='bbox 1718 3111 1773 3156; x_wconf 90' lang='lat' dir='ltr'><strong>et</strong></span> 
     </span>
    </p>
   </div>
   <div class='ocr_carea' id='block_1_57' title="bbox 191 3168 1769 3239">
    <p class='ocr_par' dir='ltr' id='par_1_57' title="bbox 191 3168 1769 3239">
     <span class='ocr_line' id='line_1_57' title="bbox 191 3168 1769 3239; baseline 0.004 -19"><span class='ocrx_word' id='word_1_378' title='bbox 191 3168 614 3237; x_wconf 85' lang='lat' dir='ltr'><strong>Austricliniano</strong></span> <span class='ocrx_word' id='word_1_379' title='bbox 642 3170 911 3225; x_wconf 86' lang='lat' dir='ltr'><strong>directus:</strong></span> <span class='ocrx_word' id='word_1_380' title='bbox 940 3186 1045 3239; x_wconf 92' lang='lat' dir='ltr'><strong>quo</strong></span> <span class='ocrx_word' id='word_1_381' title='bbox 1074 3172 1125 3226; x_wconf 88' lang='lat' dir='ltr'><strong>in</strong></span> <span class='ocrx_word' id='word_1_382' title='bbox 1156 3168 1349 3226; x_wconf 79' lang='lat' dir='ltr'><strong>itinere</strong></span> <span class='ocrx_word' id='word_1_383' title='bbox 1381 3168 1473 3239; x_wconf 84' lang='lat' dir='ltr'><strong>per</strong></span> <span class='ocrx_word' id='word_1_384' title='bbox 1502 3171 1769 3226; x_wconf 85' lang='lat' dir='ltr'><strong>Etruriam</strong></span> 
     </span>
    </p>
   </div>
   <div class='ocr_carea' id='block_1_58' title="bbox 187 3238 1772 3305">
    <p class='ocr_par' dir='ltr' id='par_1_58' title="bbox 187 3238 1772 3305">
     <span class='ocr_line' id='line_1_58' title="bbox 187 3238 1772 3305; baseline 0.002 -13"><span class='ocrx_word' id='word_1_385' title='bbox 187 3248 244 3292; x_wconf 88' lang='lat' dir='ltr'><strong>et</strong></span> <span class='ocrx_word' id='word_1_386' title='bbox 274 3238 524 3293; x_wconf 83' lang='lat' dir='ltr'><strong>Tusciam</strong></span> <span class='ocrx_word' id='word_1_387' title='bbox 575 3241 860 3305; x_wconf 90' lang='lat' dir='ltr'><strong>transiens,</strong></span> <span class='ocrx_word' id='word_1_388' title='bbox 894 3238 1119 3296; x_wconf 74' lang='lat' dir='ltr'><strong>traditur</strong></span> <span class='ocrx_word' id='word_1_389' title='bbox 1143 3253 1198 3296; x_wconf 89' lang='lat' dir='ltr'><strong>et</strong></span> <span class='ocrx_word' id='word_1_390' title='bbox 1224 3238 1459 3296; x_wconf 87' lang='lat' dir='ltr'><strong>Seniset</strong></span> <span class='ocrx_word' id='word_1_391' title='bbox 1493 3242 1614 3295; x_wconf 90' lang='lat' dir='ltr'><strong>colli</strong></span> <span class='ocrx_word' id='word_1_392' title='bbox 1646 3242 1772 3296; x_wconf 84' lang='lat' dir='ltr'><strong>Val-</strong></span> 
     </span>
    </p>
   </div>
   <div class='ocr_carea' id='block_1_59' title="bbox 186 3309 1769 3376">
    <p class='ocr_par' dir='ltr' id='par_1_59' title="bbox 186 3309 1769 3376">
     <span class='ocr_line' id='line_1_59' title="bbox 186 3309 1769 3376; baseline 0.004 -17"><span class='ocrx_word' id='word_1_393' title='bbox 186 3309 408 3362; x_wconf 88' lang='lat' dir='ltr'><strong>disense</strong></span> <span class='ocrx_word' id='word_1_394' title='bbox 458 3310 665 3376; x_wconf 88' lang='lat' dir='ltr'><strong>aliquos</strong></span> <span class='ocrx_word' id='word_1_395' title='bbox 709 3310 774 3362; x_wconf 90' lang='lat' dir='ltr'><strong>ad</strong></span> <span class='ocrx_word' id='word_1_396' title='bbox 827 3311 983 3366; x_wconf 83' lang='lat' dir='ltr'><strong>iidem</strong></span> <span class='ocrx_word' id='word_1_397' title='bbox 1034 3312 1389 3367; x_wconf 91' lang='lat' dir='ltr'><strong>convertisse.</strong></span> <span class='ocrx_word' id='word_1_398' title='bbox 1436 3312 1505 3364; x_wconf 92' lang='lat' dir='ltr'><strong>At</strong></span> <span class='ocrx_word' id='word_1_399' title='bbox 1541 3311 1769 3366; x_wconf 83' lang='lat' dir='ltr'><strong>Galliam</strong></span> 
     </span>
    </p>
   </div>
   <div class='ocr_carea' id='block_1_60' title="bbox 188 3377 1768 3450">
    <p class='ocr_par' dir='ltr' id='par_1_60' title="bbox 188 3377 1768 3450">
     <span class='ocr_line' id='line_1_60' title="bbox 188 3377 1768 3450; baseline 0.003 -20"><span class='ocrx_word' id='word_1_400' title='bbox 188 3377 472 3445; x_wconf 80' lang='lat' dir='ltr'><strong>prolectus</strong></span> <span class='ocrx_word' id='word_1_401' title='bbox 523 3379 819 3434; x_wconf 83' lang='lat' dir='ltr'><strong>Lemovicis</strong></span> <span class='ocrx_word' id='word_1_402' title='bbox 867 3380 1084 3447; x_wconf 90' lang='lat' dir='ltr'><strong>quidem</strong></span> <span class='ocrx_word' id='word_1_403' title='bbox 1118 3382 1383 3450; x_wconf 69' lang='lat' dir='ltr'><strong>praecipue</strong></span> <span class='ocrx_word' id='word_1_404' title='bbox 1413 3384 1634 3436; x_wconf 86' lang='lat' dir='ltr'><strong>verbum</strong></span> <span class='ocrx_word' id='word_1_405' title='bbox 1665 3397 1768 3435; x_wconf 84' lang='lat' dir='ltr'><strong>an-</strong></span> 
     </span>
    </p>
   </div>
   <div class='ocr_carea' id='block_1_61' title="bbox 187 3450 1768 3521">
    <p class='ocr_par' dir='ltr' id='par_1_61' title="bbox 187 3450 1768 3521">
     <span class='ocr_line' id='line_1_61' title="bbox 187 3450 1768 3521; baseline 0.004 -23"><span class='ocrx_word' id='word_1_406' title='bbox 187 3450 504 3521; x_wconf 81' lang='lat' dir='ltr'><strong>nuntiavit,_</strong></span> <span class='ocrx_word' id='word_1_407' title='bbox 538 3458 593 3502; x_wconf 91' lang='lat' dir='ltr'><strong>et</strong></span> <span class='ocrx_word' id='word_1_408' title='bbox 638 3450 1383 3521; x_wconf 14' lang='lat' dir='ltr'><strong>primusibidemvepiscopus</strong></span> <span class='ocrx_word' id='word_1_409' title='bbox 1412 3452 1645 3505; x_wconf 88' lang='lat' dir='ltr'><strong>resedit:</strong></span> <span class='ocrx_word' id='word_1_410' title='bbox 1675 3451 1768 3506; x_wconf 89' lang='lat' dir='ltr'><strong>sed</strong></span> 
     </span>
    </p>
   </div>
   <div class='ocr_carea' id='block_1_62' title="bbox 190 3516 1771 3586">
    <p class='ocr_par' dir='ltr' id='par_1_62' title="bbox 190 3516 1771 3586">
     <span class='ocr_line' id='line_1_62' title="bbox 190 3516 1771 3586; baseline 0.003 -17"><span class='ocrx_word' id='word_1_411' title='bbox 190 3516 394 3571; x_wconf 92' lang='lat' dir='ltr'><strong>dicitur</strong></span> <span class='ocrx_word' id='word_1_412' title='bbox 437 3518 595 3572; x_wconf 86' lang='lat' dir='ltr'><strong>etiam</strong></span> <span class='ocrx_word' id='word_1_413' title='bbox 639 3516 780 3586; x_wconf 85' lang='lat' dir='ltr'><strong>quod</strong></span> <span class='ocrx_word' id='word_1_414' title='bbox 832 3516 1191 3586; x_wconf 82' lang='lat' dir='ltr'><strong>Aniciensem,</strong></span> <span class='ocrx_word' id='word_1_415' title='bbox 1227 3516 1642 3586; x_wconf 80' lang='lat' dir='ltr'><strong>Ruthenensem,</strong></span> <span class='ocrx_word' id='word_1_416' title='bbox 1671 3524 1771 3575; x_wconf 83' lang='lat' dir='ltr'><strong>Ar-</strong></span> 
     </span>
    </p>
   </div>
   <div class='ocr_carea' id='block_1_63' title="bbox 188 3588 1767 3657">
    <p class='ocr_par' dir='ltr' id='par_1_63' title="bbox 188 3588 1767 3657">
     <span class='ocr_line' id='line_1_63' title="bbox 188 3588 1767 3657; baseline 0.004 -21"><span class='ocrx_word' id='word_1_417' title='bbox 188 3601 538 3653; x_wconf 81' lang='lat' dir='ltr'><strong>verttettsem,</strong></span> <span class='ocrx_word' id='word_1_418' title='bbox 566 3588 972 3656; x_wconf 75' lang='lat' dir='ltr'><strong>Militialensem,</strong></span> <span class='ocrx_word' id='word_1_419' title='bbox 998 3592 1401 3657; x_wconf 84' lang='lat' dir='ltr'><strong>Bituricensem,</strong></span> <span class='ocrx_word' id='word_1_420' title='bbox 1425 3592 1767 3657; x_wconf 84' lang='lat' dir='ltr'><strong>Tolosattam,</strong></span> 
     </span>
    </p>
   </div>
   <div class='ocr_carea' id='block_1_64' title="bbox 188 3658 1769 3730">
    <p class='ocr_par' dir='ltr' id='par_1_64' title="bbox 188 3658 1769 3730">
     <span class='ocr_line' id='line_1_64' title="bbox 188 3658 1769 3730; baseline 0.004 -21"><span class='ocrx_word' id='word_1_421' title='bbox 188 3665 246 3730; x_wconf 86' lang='lat' dir='ltr'><strong>et</strong></span> <span class='ocrx_word' id='word_1_422' title='bbox 285 3658 433 3730; x_wconf 79' lang='lat' dir='ltr'><strong>alias</strong></span> <span class='ocrx_word' id='word_1_423' title='bbox 481 3660 717 3712; x_wconf 85' lang='lat' dir='ltr'><strong>erexerit</strong></span> <span class='ocrx_word' id='word_1_424' title='bbox 757 3662 1088 3729; x_wconf 87' lang='lat' dir='ltr'><strong>episcopales</strong></span> <span class='ocrx_word' id='word_1_425' title='bbox 1138 3662 1426 3717; x_wconf 85' lang='lat' dir='ltr'><strong>Ecclesias.</strong></span> <span class='ocrx_word' id='word_1_426' title='bbox 1482 3662 1534 3714; x_wconf 91' lang='lat' dir='ltr'><strong>In</strong></span> <span class='ocrx_word' id='word_1_427' title='bbox 1573 3662 1769 3730; x_wconf 88' lang='lat' dir='ltr'><strong>quibus</strong></span> 
     </span>
    </p>
   </div>
   <div class='ocr_carea' id='block_1_65' title="bbox 193 3726 1768 3797">
    <p class='ocr_par' dir='ltr' id='par_1_65' title="bbox 193 3726 1768 3797">
     <span class='ocr_line' id='line_1_65' title="bbox 193 3726 1768 3797; baseline 0.004 -19"><span class='ocrx_word' id='word_1_428' title='bbox 193 3726 329 3779; x_wconf 89' lang='lat' dir='ltr'><strong>locis</strong></span> <span class='ocrx_word' id='word_1_429' title='bbox 359 3727 602 3782; x_wconf 83' lang='lat' dir='ltr'><strong>diversas</strong></span> <span class='ocrx_word' id='word_1_430' title='bbox 628 3726 889 3783; x_wconf 83' lang='lat' dir='ltr'><strong>exstruxit</strong></span> <span class='ocrx_word' id='word_1_431' title='bbox 934 3726 989 3784; x_wconf 81' lang='lat' dir='ltr'><strong>in</strong></span> <span class='ocrx_word' id='word_1_432' title='bbox 1037 3732 1292 3786; x_wconf 86' lang='lat' dir='ltr'><strong>honorem</strong></span> <span class='ocrx_word' id='word_1_433' title='bbox 1333 3732 1445 3795; x_wconf 90' lang='lat' dir='ltr'><strong>Dei,</strong></span> <span class='ocrx_word' id='word_1_434' title='bbox 1476 3731 1534 3784; x_wconf 86' lang='grc' dir='ltr'><strong>Β.</strong></span> <span class='ocrx_word' id='word_1_435' title='bbox 1566 3726 1768 3797; x_wconf 63' lang='lat' dir='ltr'><strong>Mariae,</strong></span> 
     </span>
    </p>
   </div>
   <div class='ocr_carea' id='block_1_66' title="bbox 191 3796 1769 3868">
    <p class='ocr_par' dir='ltr' id='par_1_66' title="bbox 191 3796 1769 3868">
     <span class='ocr_line' id='line_1_66' title="bbox 191 3796 1769 3868; baseline 0.004 -20"><span class='ocrx_word' id='word_1_436' title='bbox 191 3796 251 3855; x_wconf 75' lang='grc' dir='ltr'><strong>ὃ.</strong></span> <span class='ocrx_word' id='word_1_437' title='bbox 287 3797 571 3864; x_wconf 84' lang='lat' dir='ltr'><strong>Stephani,</strong></span> <span class='ocrx_word' id='word_1_438' title='bbox 601 3812 663 3850; x_wconf 89' lang='lat' dir='ltr'><strong>ac</strong></span> <span class='ocrx_word' id='word_1_439' title='bbox 691 3799 749 3854; x_wconf 92' lang='lat' dir='ltr'><strong>S.</strong></span> <span class='ocrx_word' id='word_1_440' title='bbox 786 3800 927 3854; x_wconf 86' lang='lat' dir='ltr'><strong>Petri</strong></span> <span class='ocrx_word' id='word_1_441' title='bbox 949 3801 1215 3867; x_wconf 88' lang='lat' dir='ltr'><strong>basilicas,</strong></span> <span class='ocrx_word' id='word_1_442' title='bbox 1258 3812 1311 3856; x_wconf 89' lang='lat' dir='ltr'><strong>et</strong></span> <span class='ocrx_word' id='word_1_443' title='bbox 1343 3796 1769 3868; x_wconf 68' lang='lat' dir='ltr'><strong>praadicationem</strong></span> 
     </span>
    </p>
   </div>
   <div class='ocr_carea' id='block_1_67' title="bbox 190 3868 1770 3926">
    <p class='ocr_par' dir='ltr' id='par_1_67' title="bbox 190 3868 1770 3926">
     <span class='ocr_line' id='line_1_67' title="bbox 190 3868 1770 3926; baseline 0.004 -8"><span class='ocrx_word' id='word_1_444' title='bbox 190 3880 347 3919; x_wconf 91' lang='lat' dir='ltr'><strong>suam</strong></span> <span class='ocrx_word' id='word_1_445' title='bbox 379 3869 651 3921; x_wconf 87' lang='lat' dir='ltr'><strong>miraculis</strong></span> <span class='ocrx_word' id='word_1_446' title='bbox 678 3868 1028 3924; x_wconf 80' lang='lat' dir='ltr'><strong>conﬁrmavit.</strong></span> <span class='ocrx_word' id='word_1_447' title='bbox 1059 3871 1295 3925; x_wconf 88' lang='lat' dir='ltr'><strong>Tandem</strong></span> <span class='ocrx_word' id='word_1_448' title='bbox 1317 3873 1465 3926; x_wconf 86' lang='lat' dir='ltr'><strong>senio</strong></span> <span class='ocrx_word' id='word_1_449' title='bbox 1494 3871 1770 3924; x_wconf 86' lang='lat' dir='ltr'><strong>conlectus</strong></span> 
     </span>
    </p>
   </div>
   <div class='ocr_carea' id='block_1_68' title="bbox 190 3935 1769 4010">
    <p class='ocr_par' dir='ltr' id='par_1_68' title="bbox 190 3935 1769 4010">
     <span class='ocr_line' id='line_1_68' title="bbox 190 3935 1769 4010; baseline 0.004 -23"><span class='ocrx_word' id='word_1_450' title='bbox 190 3935 245 4010; x_wconf 76' lang='lat' dir='ltr'><strong>in</strong></span> <span class='ocrx_word' id='word_1_451' title='bbox 280 3950 416 4010; x_wconf 82' lang='lat' dir='ltr'><strong>pace</strong></span> <span class='ocrx_word' id='word_1_452' title='bbox 442 3938 640 4010; x_wconf 82' lang='lat' dir='ltr'><strong>quievit</strong></span> <span class='ocrx_word' id='word_1_453' title='bbox 668 3953 809 3991; x_wconf 88' lang='lat' dir='ltr'><strong>anno</strong></span> <span class='ocrx_word' id='word_1_454' title='bbox 828 3939 1035 3995; x_wconf 91' lang='lat' dir='ltr'><strong>Domini</strong></span> <span class='ocrx_word' id='word_1_455' title='bbox 1066 3940 1155 4005; x_wconf 76' lang='grc'><strong>74,</strong></span> <span class='ocrx_word' id='word_1_456' title='bbox 1191 3951 1430 4010; x_wconf 89' lang='lat' dir='ltr'><strong>tempore</strong></span> <span class='ocrx_word' id='word_1_457' title='bbox 1458 3939 1769 4008; x_wconf 82' lang='lat' dir='ltr'><strong>Vespasiani</strong></span> 
     </span>
    </p>
   </div>
   <div class='ocr_carea' id='block_1_69' title="bbox 189 4007 1772 4075">
    <p class='ocr_par' dir='ltr' id='par_1_69' title="bbox 189 4007 1772 4075">
     <span class='ocr_line' id='line_1_69' title="bbox 189 4007 1772 4075; baseline 0.004 -16"><span class='ocrx_word' id='word_1_458' title='bbox 189 4007 444 4072; x_wconf 79' lang='lat' dir='ltr'><strong>Augusti,</strong></span> <span class='ocrx_word' id='word_1_459' title='bbox 474 4008 810 4075; x_wconf 87' lang='lat' dir='ltr'><strong>episcopatus</strong></span> <span class='ocrx_word' id='word_1_460' title='bbox 837 4022 1018 4064; x_wconf 81' lang='lat' dir='ltr'><strong>autem</strong></span> <span class='ocrx_word' id='word_1_461' title='bbox 1045 4014 1126 4064; x_wconf 89' lang='lat' dir='ltr'><strong>sui</strong></span> <span class='ocrx_word' id='word_1_462' title='bbox 1149 4010 1241 4074; x_wconf 76' lang='lat'><strong>28,</strong></span> <span class='ocrx_word' id='word_1_463' title='bbox 1273 4007 1326 4064; x_wconf 80' lang='lat' dir='ltr'><strong>et</strong></span> <span class='ocrx_word' id='word_1_464' title='bbox 1354 4007 1654 4064; x_wconf 82' lang='lat' dir='ltr'><strong>Lemovicis</strong></span> <span class='ocrx_word' id='word_1_465' title='bbox 1686 4024 1772 4065; x_wconf 91' lang='lat' dir='ltr'><strong>se-</strong></span> 
     </span>
    </p>
   </div>
   <div class='ocr_carea' id='block_1_70' title="bbox 192 4075 1772 4150">
    <p class='ocr_par' dir='ltr' id='par_1_70' title="bbox 192 4075 1772 4150">
     <span class='ocr_line' id='line_1_70' title="bbox 192 4075 1772 4150; baseline 0.004 -23"><span class='ocrx_word' id='word_1_466' title='bbox 192 4077 508 4150; x_wconf 39' lang='lat' dir='ltr'><strong>pultusﬂest.</strong></span> <span class='ocrx_word' id='word_1_467' title='bbox 531 4075 753 4150; x_wconf 74' lang='lat' dir='ltr'><strong>thIN|_l_Js</strong></span> <span class='ocrx_word' id='word_1_468' title='bbox 778 4079 938 4150; x_wconf 58' lang='lat' dir='ltr'><strong>Sam,</strong></span> <span class='ocrx_word' id='word_1_469' title='bbox 958 4080 1124 4135; x_wconf 78' lang='lat' dir='ltr'><strong>PETR.</strong></span> <span class='ocrx_word' id='word_1_470' title='bbox 1159 4096 1226 4135; x_wconf 77' lang='grc' dir='ltr'><strong>υε</strong></span> <span class='ocrx_word' id='word_1_471' title='bbox 1254 4081 1457 4135; x_wconf 75' lang='grc' dir='ltr'><strong>ΝΑτΑι..</strong></span> <span class='ocrx_word' id='word_1_472' title='bbox 1490 4078 1772 4150; x_wconf 84' lang='lat' dir='ltr'><strong>lnsiguiter</strong></span> 
     </span>
    </p>
   </div>
   <div class='ocr_carea' id='block_1_71' title="bbox 185 4143 1773 4218">
    <p class='ocr_par' dir='ltr' id='par_1_71' title="bbox 185 4143 1773 4218">
     <span class='ocr_line' id='line_1_71' title="bbox 185 4143 1773 4218; baseline 0.004 -21"><span class='ocrx_word' id='word_1_473' title='bbox 185 4154 341 4218; x_wconf 74' lang='lat' dir='ltr'><strong>errat</strong></span> <span class='ocrx_word' id='word_1_474' title='bbox 370 4143 659 4218; x_wconf 73' lang='lat' dir='ltr'><strong>Gregorius</strong></span> <span class='ocrx_word' id='word_1_475' title='bbox 683 4148 880 4202; x_wconf 87' lang='lat' dir='ltr'><strong>Turon.</strong></span> <span class='ocrx_word' id='word_1_476' title='bbox 909 4143 1002 4205; x_wconf 89' lang='lat' dir='ltr'><strong>lib.</strong></span> <span class='ocrx_word' id='word_1_477' title='bbox 1031 4166 1071 4215; x_wconf 81' lang='grc' dir='ltr'>ι.</span> <span class='ocrx_word' id='word_1_478' title='bbox 1106 4165 1225 4217; x_wconf 87' lang='lat' dir='ltr'><strong>cap.</strong></span> <span class='ocrx_word' id='word_1_479' title='bbox 1258 4152 1348 4216; x_wconf 76' lang='lat' dir='ltr'><strong>5t),</strong></span> <span class='ocrx_word' id='word_1_480' title='bbox 1374 4151 1498 4204; x_wconf 91' lang='lat' dir='ltr'><strong>dum</strong></span> <span class='ocrx_word' id='word_1_481' title='bbox 1527 4143 1773 4218; x_wconf 78' lang='lat' dir='ltr'><strong>tempore</strong></span> 
     </span>
    </p>
   </div>
   <div class='ocr_carea' id='block_1_72' title="bbox 189 4213 1770 4290">
    <p class='ocr_par' dir='ltr' id='par_1_72' title="bbox 189 4213 1770 4290">
     <span class='ocr_line' id='line_1_72' title="bbox 189 4213 1770 4290; baseline 0.005 -25"><span class='ocrx_word' id='word_1_482' title='bbox 189 4213 339 4290; x_wconf 75' lang='lat' dir='ltr'><strong>Decii</strong></span> <span class='ocrx_word' id='word_1_483' title='bbox 386 4215 516 4282; x_wconf 92' lang='lat' dir='ltr'><strong>imp.</strong></span> <span class='ocrx_word' id='word_1_484' title='bbox 540 4232 680 4290; x_wconf 85' lang='lat' dir='ltr'><strong>_euin</strong></span> <span class='ocrx_word' id='word_1_485' title='bbox 727 4232 849 4271; x_wconf 88' lang='lat' dir='ltr'><strong>cum</strong></span> <span class='ocrx_word' id='word_1_486' title='bbox 878 4220 994 4274; x_wconf 86' lang='lat' dir='ltr'><strong>aliis</strong></span> <span class='ocrx_word' id='word_1_487' title='bbox 1022 4213 1112 4290; x_wconf 86' lang='lat' dir='ltr'><strong>qui</strong></span> <span class='ocrx_word' id='word_1_488' title='bbox 1142 4213 1250 4276; x_wconf 84' lang='lat' dir='ltr'><strong>illic</strong></span> <span class='ocrx_word' id='word_1_489' title='bbox 1290 4213 1687 4288; x_wconf 80' lang='lat' dir='ltr'><strong>describuntur,</strong></span> <span class='ocrx_word' id='word_1_490' title='bbox 1718 4220 1770 4274; x_wconf 88' lang='lat' dir='ltr'><strong>in</strong></span> 
     </span>
    </p>
   </div>
   <div class='ocr_carea' id='block_1_73' title="bbox 190 4283 922 4342">
    <p class='ocr_par' dir='ltr' id='par_1_73' title="bbox 190 4283 922 4342">
     <span class='ocr_line' id='line_1_73' title="bbox 190 4283 922 4342; baseline 0.007 -6"><span class='ocrx_word' id='word_1_491' title='bbox 190 4283 397 4337; x_wconf 87' lang='lat' dir='ltr'><strong>Gallias</strong></span> <span class='ocrx_word' id='word_1_492' title='bbox 435 4285 646 4341; x_wconf 86' lang='lat' dir='ltr'><strong>venisse</strong></span> <span class='ocrx_word' id='word_1_493' title='bbox 677 4296 922 4342; x_wconf 86' lang='lat' dir='ltr'><strong>testatur.</strong></span> 
     </span>
    </p>
   </div>
   <div class='ocr_carea' id='block_1_74' title="bbox 259 4352 1538 4430">
    <p class='ocr_par' dir='ltr' id='par_1_74' title="bbox 259 4352 1538 4430">
     <span class='ocr_line' id='line_1_74' title="bbox 259 4352 1538 4430; baseline 0.006 -24"><span class='ocrx_word' id='word_1_494' title='bbox 259 4353 289 4391; x_wconf 66' lang='grc' dir='ltr'>δ</span> <span class='ocrx_word' id='word_1_495' title='bbox 325 4352 499 4410; x_wconf 85' lang='lat' dir='ltr'><strong>Verba</strong></span> <span class='ocrx_word' id='word_1_496' title='bbox 529 4357 620 4425; x_wconf 78' lang='lat' dir='ltr'><strong>qui</strong></span> <span class='ocrx_word' id='word_1_497' title='bbox 650 4358 747 4427; x_wconf 79' lang='lat' dir='ltr'><strong>[uit</strong></span> <span class='ocrx_word' id='word_1_498' title='bbox 777 4373 866 4411; x_wconf 86' lang='lat' dir='ltr'><strong>tm.</strong></span> <span class='ocrx_word' id='word_1_499' title='bbox 895 4359 958 4413; x_wconf 86' lang='lat' dir='ltr'><strong>de</strong></span> <span class='ocrx_word' id='word_1_500' title='bbox 979 4359 1125 4430; x_wconf 83' lang='lat' dir='ltr'><strong>Sept.</strong></span> <span class='ocrx_word' id='word_1_501' title='bbox 1158 4360 1212 4414; x_wconf 79' lang='grc' dir='ltr'><strong>ά.</strong></span> <span class='ocrx_word' id='word_1_502' title='bbox 1246 4374 1357 4417; x_wconf 89' lang='lat' dir='ltr'><strong>om.</strong></span> <span class='ocrx_word' id='word_1_503' title='bbox 1387 4361 1451 4416; x_wconf 84' lang='grc' dir='ltr'><strong>Τ.</strong></span> <span class='ocrx_word' id='word_1_504' title='bbox 1476 4360 1538 4415; x_wconf 88' lang='lat' dir='ltr'><strong>L.</strong></span> 
     </span>
    </p>
   </div>
   <div class='ocr_carea' id='block_1_75' title="bbox 1951 2674 3441 2749">
    <p class='ocr_par' dir='ltr' id='par_1_75' title="bbox 1951 2674 3441 2749">
     <span class='ocr_line' id='line_1_75' title="bbox 1951 2674 3441 2749; baseline -0.003 -13"><span class='ocrx_word' id='word_1_505' title='bbox 1951 2695 1974 2723; x_wconf 75' lang='grc' dir='ltr'><strong>ο</strong></span> <span class='ocrx_word' id='word_1_506' title='bbox 2005 2682 2194 2737; x_wconf 84' lang='lat' dir='ltr'><strong>Albini.</strong></span> <span class='ocrx_word' id='word_1_507' title='bbox 2225 2681 2431 2749; x_wconf 88' lang='lat' dir='ltr'><strong>Corpus</strong></span> <span class='ocrx_word' id='word_1_508' title='bbox 2452 2678 2570 2748; x_wconf 85' lang='lat' dir='ltr'><strong>ejus</strong></span> <span class='ocrx_word' id='word_1_509' title='bbox 2608 2675 2871 2744; x_wconf 81' lang='lat' dir='ltr'><strong>sepultum</strong></span> <span class='ocrx_word' id='word_1_510' title='bbox 2924 2674 3021 2729; x_wconf 81' lang='lat' dir='ltr'><strong>fuit</strong></span> <span class='ocrx_word' id='word_1_511' title='bbox 3060 2684 3114 2749; x_wconf 86' lang='lat' dir='ltr'><strong>et</strong></span> <span class='ocrx_word' id='word_1_512' title='bbox 3139 2675 3441 2749; x_wconf 81' lang='lat' dir='ltr'><strong>aliquandiu</strong></span> 
     </span>
    </p>
   </div>
   <div class='ocr_carea' id='block_1_76' title="bbox 1871 2746 3441 2823">
    <p class='ocr_par' dir='ltr' id='par_1_76' title="bbox 1871 2746 3441 2823">
     <span class='ocr_line' id='line_1_76' title="bbox 1871 2746 3441 2823; baseline -0.006 -16"><span class='ocrx_word' id='word_1_513' title='bbox 1871 2753 2037 2823; x_wconf 87' lang='lat' dir='ltr'><strong>jacuit</strong></span> <span class='ocrx_word' id='word_1_514' title='bbox 2071 2755 2121 2807; x_wconf 93' lang='lat' dir='ltr'><strong>in</strong></span> <span class='ocrx_word' id='word_1_515' title='bbox 2165 2746 2375 2807; x_wconf 84' lang='lat' dir='ltr'><strong>basilica</strong></span> <span class='ocrx_word' id='word_1_516' title='bbox 2428 2746 2672 2823; x_wconf 25' lang='lat' dir='ltr'><strong>_S.&#39;APetri</strong></span> <span class='ocrx_word' id='word_1_517' title='bbox 2716 2746 3115 2823; x_wconf 74' lang='lat' dir='ltr'><strong>Andegavensis</strong></span> <span class='ocrx_word' id='word_1_518' title='bbox 3142 2763 3153 2797; x_wconf 89' lang='lat'><strong>:</strong></span> <span class='ocrx_word' id='word_1_519' title='bbox 3184 2748 3276 2798; x_wconf 88' lang='lat' dir='ltr'><strong>sed</strong></span> <span class='ocrx_word' id='word_1_520' title='bbox 3316 2747 3441 2823; x_wconf 68' lang='lat' dir='ltr'><strong>inde</strong></span> 
     </span>
    </p>
   </div>
   <div class='ocr_carea' id='block_1_77' title="bbox 1880 2818 3445 2890">
    <p class='ocr_par' dir='ltr' id='par_1_77' title="bbox 1880 2818 3445 2890">
     <span class='ocr_line' id='line_1_77' title="bbox 1880 2818 3445 2890; baseline -0.004 -12"><span class='ocrx_word' id='word_1_521' title='bbox 1880 2818 1984 2878; x_wconf 79' lang='lat' dir='ltr'><strong>non</strong></span> <span class='ocrx_word' id='word_1_522' title='bbox 2027 2823 2194 2877; x_wconf 87' lang='lat' dir='ltr'><strong>multo</strong></span> <span class='ocrx_word' id='word_1_523' title='bbox 2232 2830 2351 2890; x_wconf 90' lang='lat' dir='ltr'><strong>post</strong></span> <span class='ocrx_word' id='word_1_524' title='bbox 2395 2820 2470 2890; x_wconf 87' lang='lat' dir='ltr'><strong>ah</strong></span> <span class='ocrx_word' id='word_1_525' title='bbox 2513 2818 2765 2886; x_wconf 76' lang='lat' dir='ltr'><strong>Eutropio</strong></span> <span class='ocrx_word' id='word_1_526' title='bbox 2804 2818 2927 2890; x_wconf 82' lang='lat' dir='ltr'><strong>ejus</strong></span> <span class='ocrx_word' id='word_1_527' title='bbox 2962 2830 3271 2890; x_wconf 78' lang='lat' dir='ltr'><strong>successore</strong></span> <span class='ocrx_word' id='word_1_528' title='bbox 3298 2825 3352 2890; x_wconf 86' lang='lat' dir='ltr'><strong>et</strong></span> <span class='ocrx_word' id='word_1_529' title='bbox 3382 2818 3445 2873; x_wconf 73' lang='lat' dir='ltr'><strong>S’.</strong></span> 
     </span>
    </p>
   </div>
   <div class='ocr_carea' id='block_1_78' title="bbox 1879 2887 3446 2957">
    <p class='ocr_par' dir='ltr' id='par_1_78' title="bbox 1879 2887 3446 2957">
     <span class='ocr_line' id='line_1_78' title="bbox 1879 2887 3446 2957; baseline -0.006 -8"><span class='ocrx_word' id='word_1_530' title='bbox 1879 2894 2146 2949; x_wconf 89' lang='lat' dir='ltr'><strong>Germano</strong></span> <span class='ocrx_word' id='word_1_531' title='bbox 2194 2887 2477 2946; x_wconf 87' lang='lat' dir='ltr'><strong>Parisiensi</strong></span> <span class='ocrx_word' id='word_1_532' title='bbox 2511 2890 2736 2957; x_wconf 88' lang='lat' dir='ltr'><strong>aliisque</strong></span> <span class='ocrx_word' id='word_1_533' title='bbox 2780 2887 3190 2957; x_wconf 86' lang='lat' dir='ltr'><strong>provincialibus</strong></span> <span class='ocrx_word' id='word_1_534' title='bbox 3234 2887 3446 2957; x_wconf 85' lang='lat' dir='ltr'><strong>episco-</strong></span> 
     </span>
    </p>
   </div>
   <div class='ocr_carea' id='block_1_79' title="bbox 1876 2956 3445 3034">
    <p class='ocr_par' dir='ltr' id='par_1_79' title="bbox 1876 2956 3445 3034">
     <span class='ocr_line' id='line_1_79' title="bbox 1876 2956 3445 3034; baseline -0.004 -17"><span class='ocrx_word' id='word_1_535' title='bbox 1876 2966 1979 3034; x_wconf 89' lang='lat' dir='ltr'><strong>pis,</strong></span> <span class='ocrx_word' id='word_1_536' title='bbox 2032 2968 2083 3017; x_wconf 89' lang='lat' dir='ltr'><strong>in</strong></span> <span class='ocrx_word' id='word_1_537' title='bbox 2130 2961 2433 3034; x_wconf 86' lang='lat' dir='ltr'><strong>basilicam,</strong></span> <span class='ocrx_word' id='word_1_538' title='bbox 2481 2956 2749 3034; x_wconf 68' lang='lat' dir='ltr'><strong>quaa_tum</strong></span> <span class='ocrx_word' id='word_1_539' title='bbox 2794 2958 2916 3010; x_wconf 88' lang='lat' dir='ltr'><strong>divo</strong></span> <span class='ocrx_word' id='word_1_540' title='bbox 2960 2956 3229 3010; x_wconf 86' lang='lat' dir='ltr'><strong>Germano</strong></span> <span class='ocrx_word' id='word_1_541' title='bbox 3280 2956 3445 3034; x_wconf 74' lang='lat' dir='ltr'><strong>Altis-</strong></span> 
     </span>
    </p>
   </div>
   <div class='ocr_carea' id='block_1_80' title="bbox 1875 3028 3446 3093">
    <p class='ocr_par' dir='ltr' id='par_1_80' title="bbox 1875 3028 3446 3093">
     <span class='ocr_line' id='line_1_80' title="bbox 1875 3028 3446 3093; baseline -0.006 -4"><span class='ocrx_word' id='word_1_542' title='bbox 1875 3028 2169 3089; x_wconf 76' lang='lat' dir='ltr'><strong>siodorensi</strong></span> <span class='ocrx_word' id='word_1_543' title='bbox 2219 3046 2372 3085; x_wconf 83' lang='lat' dir='ltr'><strong>sacra</strong></span> <span class='ocrx_word' id='word_1_544' title='bbox 2414 3039 2549 3090; x_wconf 85' lang='lat' dir='ltr'><strong>erat.</strong></span> <span class='ocrx_word' id='word_1_545' title='bbox 2580 3028 2648 3081; x_wconf 89' lang='lat' dir='ltr'><strong>ab</strong></span> <span class='ocrx_word' id='word_1_546' title='bbox 2700 3042 2764 3080; x_wconf 85' lang='lat' dir='ltr'><strong>eo</strong></span> <span class='ocrx_word' id='word_1_547' title='bbox 2813 3042 2939 3080; x_wconf 93' lang='lat' dir='ltr'><strong>vero</strong></span> <span class='ocrx_word' id='word_1_548' title='bbox 2990 3035 3229 3093; x_wconf 87' lang='lat' dir='ltr'><strong>tempore</strong></span> <span class='ocrx_word' id='word_1_549' title='bbox 3280 3028 3446 3091; x_wconf 85' lang='lat' dir='ltr'><strong>ipsius</strong></span> 
     </span>
    </p>
   </div>
   <div class='ocr_carea' id='block_1_81' title="bbox 1801 3091 3445 3161">
    <p class='ocr_par' dir='ltr' id='par_1_81' title="bbox 1801 3091 3445 3161">
     <span class='ocr_line' id='line_1_81' title="bbox 1801 3091 3445 3161; baseline -0.007 -3"><span class='ocrx_word' id='word_1_550' title='bbox 1801 3091 1846 3154; x_wconf 84' lang='lat' dir='ltr'><strong>C</strong></span> <span class='ocrx_word' id='word_1_551' title='bbox 1876 3105 2043 3158; x_wconf 90' lang='lat' dir='ltr'><strong>sancti</strong></span> <span class='ocrx_word' id='word_1_552' title='bbox 2067 3102 2320 3157; x_wconf 89' lang='lat' dir='ltr'><strong>antistitis</strong></span> <span class='ocrx_word' id='word_1_553' title='bbox 2349 3101 2563 3153; x_wconf 90' lang='lat' dir='ltr'><strong>nomine</strong></span> <span class='ocrx_word' id='word_1_554' title='bbox 2591 3112 2653 3150; x_wconf 84' lang='lat' dir='ltr'><strong>ac</strong></span> <span class='ocrx_word' id='word_1_555' title='bbox 2681 3099 2831 3150; x_wconf 90' lang='lat' dir='ltr'><strong>titulo</strong></span> <span class='ocrx_word' id='word_1_556' title='bbox 2852 3091 3198 3150; x_wconf 84' lang='lat' dir='ltr'><strong>celeberrima</strong></span> <span class='ocrx_word' id='word_1_557' title='bbox 3220 3098 3445 3161; x_wconf 79' lang='lat' dir='ltr'><strong>exstitit,</strong></span> 
     </span>
    </p>
   </div>
   <div class='ocr_carea' id='block_1_82' title="bbox 1875 3166 3444 3237">
    <p class='ocr_par' dir='ltr' id='par_1_82' title="bbox 1875 3166 3444 3237">
     <span class='ocr_line' id='line_1_82' title="bbox 1875 3166 3444 3237; baseline -0.006 -9"><span class='ocrx_word' id='word_1_558' title='bbox 1875 3175 2184 3229; x_wconf 86' lang='lat' dir='ltr'><strong>translatum</strong></span> <span class='ocrx_word' id='word_1_559' title='bbox 2232 3174 2346 3237; x_wconf 83' lang='lat' dir='ltr'><strong>luit,</strong></span> <span class='ocrx_word' id='word_1_560' title='bbox 2396 3184 2458 3222; x_wconf 90' lang='lat' dir='ltr'><strong>ac</strong></span> <span class='ocrx_word' id='word_1_561' title='bbox 2506 3171 2557 3221; x_wconf 91' lang='lat' dir='ltr'><strong>in</strong></span> <span class='ocrx_word' id='word_1_562' title='bbox 2598 3183 2659 3221; x_wconf 90' lang='lat' dir='ltr'><strong>ea</strong></span> <span class='ocrx_word' id='word_1_563' title='bbox 2706 3166 2946 3235; x_wconf 84' lang='lat' dir='ltr'><strong>ejusdem</strong></span> <span class='ocrx_word' id='word_1_564' title='bbox 2992 3167 3222 3237; x_wconf 73' lang='lat' dir='ltr'><strong>basilica:</strong></span> <span class='ocrx_word' id='word_1_565' title='bbox 3271 3177 3444 3237; x_wconf 88' lang='lat' dir='ltr'><strong>parte,</strong></span> 
     </span>
    </p>
   </div>
   <div class='ocr_carea' id='block_1_83' title="bbox 1873 3236 3532 3313">
    <p class='ocr_par' dir='ltr' id='par_1_83' title="bbox 1873 3236 3532 3313">
     <span class='ocr_line' id='line_1_83' title="bbox 1873 3236 3532 3313; baseline -0.005 -17"><span class='ocrx_word' id='word_1_566' title='bbox 1873 3259 1990 3313; x_wconf 73' lang='lat' dir='ltr'><strong>quae</strong></span> <span class='ocrx_word' id='word_1_567' title='bbox 2020 3242 2286 3297; x_wconf 80' lang='lat' dir='ltr'><strong>confessio</strong></span> <span class='ocrx_word' id='word_1_568' title='bbox 2336 3236 2660 3313; x_wconf 76' lang='lat' dir='ltr'><strong>appellatur,</strong></span> <span class='ocrx_word' id='word_1_569' title='bbox 2689 3236 3136 3313; x_wconf 69' lang='lat' dir='ltr'><strong>collocat_um._l§x</strong></span> <span class='ocrx_word' id='word_1_570' title='bbox 3170 3236 3445 3313; x_wconf 67' lang='lat' dir='ltr'><strong>Breviario</strong></span> <span class='ocrx_word' id='word_1_571' title='bbox 3518 3241 3532 3249; x_wconf 89' lang='lat'><strong>&#39;</strong></span> 
     </span>
    </p>
   </div>
   <div class='ocr_carea' id='block_1_84' title="bbox 1873 3304 3444 3374">
    <p class='ocr_par' dir='ltr' id='par_1_84' title="bbox 1873 3304 3444 3374">
     <span class='ocr_line' id='line_1_84' title="bbox 1873 3304 3444 3374; baseline -0.006 -6"><span class='ocrx_word' id='word_1_572' title='bbox 1873 3304 2168 3369; x_wconf 84' lang='lat' dir='ltr'><strong>monastico</strong></span> <span class='ocrx_word' id='word_1_573' title='bbox 2213 3314 2271 3367; x_wconf 86' lang='lat' dir='ltr'><strong>S.</strong></span> <span class='ocrx_word' id='word_1_574' title='bbox 2322 3304 2496 3365; x_wconf 82' lang='lat' dir='ltr'><strong>Albini</strong></span> <span class='ocrx_word' id='word_1_575' title='bbox 2547 3309 2945 3374; x_wconf 82' lang='lat' dir='ltr'><strong>Audegavensis</strong></span> <span class='ocrx_word' id='word_1_576' title='bbox 2995 3306 3137 3361; x_wconf 89' lang='lat' dir='ltr'><strong>edito</strong></span> <span class='ocrx_word' id='word_1_577' title='bbox 3181 3320 3209 3357; x_wconf 76' lang='grc' dir='ltr'><strong>ιι</strong></span> <span class='ocrx_word' id='word_1_578' title='bbox 3259 3304 3444 3360; x_wconf 69' lang='lat' dir='ltr'><strong>Habil-</strong></span> 
     </span>
    </p>
   </div>
   <div class='ocr_carea' id='block_1_85' title="bbox 1876 3376 3446 3439">
    <p class='ocr_par' dir='ltr' id='par_1_85' title="bbox 1876 3376 3446 3439">
     <span class='ocr_line' id='line_1_85' title="bbox 1876 3376 3446 3439; baseline -0.003 -3"><span class='ocrx_word' id='word_1_579' title='bbox 1876 3384 1987 3439; x_wconf 89' lang='lat' dir='ltr'><strong>Ion.</strong></span> <span class='ocrx_word' id='word_1_580' title='bbox 2038 3380 2412 3438; x_wconf 64' lang='lat' dir='ltr'><strong>seculorSS.</strong></span> <span class='ocrx_word' id='word_1_581' title='bbox 2471 3377 2935 3431; x_wconf 83' lang='lat' dir='ltr'><strong>Benedictinoruin</strong></span> <span class='ocrx_word' id='word_1_582' title='bbox 2994 3376 3335 3431; x_wconf 79' lang='lat' dir='ltr'><strong>Mabillonins</strong></span> <span class='ocrx_word' id='word_1_583' title='bbox 3392 3377 3446 3431; x_wconf 89' lang='lat' dir='ltr'><strong>in</strong></span> 
     </span>
    </p>
   </div>
   <div class='ocr_carea' id='block_1_86' title="bbox 1874 3444 3445 3514">
    <p class='ocr_par' dir='ltr' id='par_1_86' title="bbox 1874 3444 3445 3514">
     <span class='ocr_line' id='line_1_86' title="bbox 1874 3444 3445 3514; baseline -0.006 -6"><span class='ocrx_word' id='word_1_584' title='bbox 1874 3455 2027 3509; x_wconf 84' lang='lat' dir='ltr'><strong>Notis</strong></span> <span class='ocrx_word' id='word_1_585' title='bbox 2052 3453 2237 3508; x_wconf 89' lang='lat' dir='ltr'><strong>scribit</strong></span> <span class='ocrx_word' id='word_1_586' title='bbox 2268 3454 2403 3505; x_wconf 87' lang='lat' dir='ltr'><strong>hanc</strong></span> <span class='ocrx_word' id='word_1_587' title='bbox 2425 3447 2826 3503; x_wconf 86' lang='lat' dir='ltr'><strong>translationem</strong></span> <span class='ocrx_word' id='word_1_588' title='bbox 2848 3446 3130 3514; x_wconf 88' lang='lat' dir='ltr'><strong>contigisse</strong></span> <span class='ocrx_word' id='word_1_589' title='bbox 3153 3460 3292 3499; x_wconf 88' lang='lat' dir='ltr'><strong>anno</strong></span> <span class='ocrx_word' id='word_1_590' title='bbox 3318 3444 3445 3510; x_wconf 77' lang='grc'><strong>556,</strong></span> 
     </span>
    </p>
   </div>
   <div class='ocr_carea' id='block_1_87' title="bbox 1874 3513 3448 3592">
    <p class='ocr_par' dir='ltr' id='par_1_87' title="bbox 1874 3513 3448 3592">
     <span class='ocr_line' id='line_1_87' title="bbox 1874 3513 3448 3592; baseline -0.005 -14"><span class='ocrx_word' id='word_1_591' title='bbox 1874 3526 1956 3578; x_wconf 80' lang='lat' dir='ltr'><strong>vel</strong></span> <span class='ocrx_word' id='word_1_592' title='bbox 1987 3524 2113 3588; x_wconf 80' lang='grc'><strong>555,</strong></span> <span class='ocrx_word' id='word_1_593' title='bbox 2145 3538 2251 3592; x_wconf 92' lang='lat' dir='ltr'><strong>quo</strong></span> <span class='ocrx_word' id='word_1_594' title='bbox 2278 3521 2574 3592; x_wconf 79' lang='lat' dir='ltr'><strong>Germanos</strong></span> <span class='ocrx_word' id='word_1_595' title='bbox 2607 3516 2926 3569; x_wconf 85' lang='lat' dir='ltr'><strong>Parisiacatn</strong></span> <span class='ocrx_word' id='word_1_596' title='bbox 2954 3513 3303 3592; x_wconf 50' lang='lat' dir='ltr'><strong>sedertliuiit,</strong></span> <span class='ocrx_word' id='word_1_597' title='bbox 3330 3526 3448 3592; x_wconf 81' lang='lat' dir='ltr'><strong>post</strong></span> 
     </span>
    </p>
   </div>
   <div class='ocr_carea' id='block_1_88' title="bbox 1876 3583 3446 3660">
    <p class='ocr_par' dir='ltr' id='par_1_88' title="bbox 1876 3583 3446 3660">
     <span class='ocr_line' id='line_1_88' title="bbox 1876 3583 3446 3660; baseline -0.005 -13"><span class='ocrx_word' id='word_1_598' title='bbox 1876 3610 1974 3649; x_wconf 82' lang='lat' dir='ltr'><strong>sex</strong></span> <span class='ocrx_word' id='word_1_599' title='bbox 2018 3583 2187 3647; x_wconf 69' lang='lat' dir='ltr'><strong>anuos</strong></span> <span class='ocrx_word' id='word_1_600' title='bbox 2223 3608 2382 3660; x_wconf 87' lang='lat' dir='ltr'><strong>quam</strong></span> <span class='ocrx_word' id='word_1_601' title='bbox 2432 3583 2656 3660; x_wconf 83' lang='lat' dir='ltr'><strong>Albinus</strong></span> <span class='ocrx_word' id='word_1_602' title='bbox 2704 3598 2949 3640; x_wconf 88' lang='lat' dir='ltr'><strong>mortuus</strong></span> <span class='ocrx_word' id='word_1_603' title='bbox 2977 3583 3238 3660; x_wconf 37' lang='lat' dir='ltr'><strong>estLEuit</strong></span> <span class='ocrx_word' id='word_1_604' title='bbox 3264 3595 3317 3660; x_wconf 83' lang='lat' dir='ltr'><strong>et</strong></span> <span class='ocrx_word' id='word_1_605' title='bbox 3344 3586 3446 3660; x_wconf 75' lang='lat' dir='ltr'><strong>alia</strong></span> 
     </span>
    </p>
   </div>
   <div class='ocr_carea' id='block_1_89' title="bbox 1876 3653 3444 3730">
    <p class='ocr_par' dir='ltr' id='par_1_89' title="bbox 1876 3653 3444 3730">
     <span class='ocr_line' id='line_1_89' title="bbox 1876 3653 3444 3730; baseline -0.006 -12"><span class='ocrx_word' id='word_1_606' title='bbox 1876 3665 2153 3719; x_wconf 86' lang='lat' dir='ltr'><strong>translatio</strong></span> <span class='ocrx_word' id='word_1_607' title='bbox 2207 3653 2362 3730; x_wconf 78' lang='lat' dir='ltr'><strong>hujus</strong></span> <span class='ocrx_word' id='word_1_608' title='bbox 2410 3658 2580 3730; x_wconf 75' lang='lat' dir='ltr'><strong>Sancti</strong></span> <span class='ocrx_word' id='word_1_609' title='bbox 2634 3658 2766 3709; x_wconf 84' lang='lat' dir='ltr'><strong>iacta</strong></span> <span class='ocrx_word' id='word_1_610' title='bbox 2811 3672 2951 3730; x_wconf 81' lang='lat' dir='ltr'><strong>anno</strong></span> <span class='ocrx_word' id='word_1_611' title='bbox 2992 3654 3137 3730; x_wconf 12' lang='lat'><strong>1,128</strong></span> <span class='ocrx_word' id='word_1_612' title='bbox 3176 3653 3444 3730; x_wconf 80' lang='lat' dir='ltr'><strong>_Kalendis</strong></span> 
     </span>
    </p>
   </div>
   <div class='ocr_carea' id='block_1_90' title="bbox 1874 3724 3457 3802">
    <p class='ocr_par' dir='ltr' id='par_1_90' title="bbox 1874 3724 3457 3802">
     <span class='ocr_line' id='line_1_90' title="bbox 1874 3724 3457 3802; baseline -0.006 -14"><span class='ocrx_word' id='word_1_613' title='bbox 1874 3735 2072 3798; x_wconf 80' lang='lat' dir='ltr'><strong>Martii,</strong></span> <span class='ocrx_word' id='word_1_614' title='bbox 2119 3735 2234 3802; x_wconf 89' lang='lat' dir='ltr'><strong>ipso</strong></span> <span class='ocrx_word' id='word_1_615' title='bbox 2275 3724 2368 3785; x_wconf 75' lang='lat' dir='ltr'><strong>die</strong></span> <span class='ocrx_word' id='word_1_616' title='bbox 2414 3729 2627 3784; x_wconf 86' lang='lat' dir='ltr'><strong>scilicet</strong></span> <span class='ocrx_word' id='word_1_617' title='bbox 2669 3742 2774 3793; x_wconf 88' lang='lat' dir='ltr'><strong>quo</strong></span> <span class='ocrx_word' id='word_1_618' title='bbox 2820 3727 3083 3795; x_wconf 89' lang='lat' dir='ltr'><strong>depositio</strong></span> <span class='ocrx_word' id='word_1_619' title='bbox 3139 3724 3255 3791; x_wconf 89' lang='lat' dir='ltr'><strong>ejus</strong></span> <span class='ocrx_word' id='word_1_620' title='bbox 3298 3725 3457 3779; x_wconf 80' lang='lat' dir='ltr'><strong>cele-</strong></span> 
     </span>
    </p>
   </div>
   <div class='ocr_carea' id='block_1_91' title="bbox 1873 3806 2079 3861">
    <p class='ocr_par' dir='ltr' id='par_1_91' title="bbox 1873 3806 2079 3861">
     <span class='ocr_line' id='line_1_91' title="bbox 1873 3806 2079 3861; baseline -0.01 0"><span class='ocrx_word' id='word_1_621' title='bbox 1873 3806 2079 3861; x_wconf 85' lang='lat' dir='ltr'><strong>bratur.</strong></span> 
     </span>
    </p>
   </div>
   <div class='ocr_carea' id='block_1_92' title="bbox 1944 3862 3445 3933">
    <p class='ocr_par' dir='ltr' id='par_1_92' title="bbox 1944 3862 3445 3933">
     <span class='ocr_line' id='line_1_92' title="bbox 1944 3862 3445 3933; baseline -0.009 -6"><span class='ocrx_word' id='word_1_622' title='bbox 1944 3874 1973 3913; x_wconf 71' lang='grc' dir='ltr'><em>ά</em></span> <span class='ocrx_word' id='word_1_623' title='bbox 2025 3871 2462 3926; x_wconf 78' lang='lat' dir='ltr'><strong>Commemorotio.</strong></span> <span class='ocrx_word' id='word_1_624' title='bbox 2539 3868 2666 3933; x_wconf 76' lang='lat' dir='ltr'><strong>Qua:</strong></span> <span class='ocrx_word' id='word_1_625' title='bbox 2718 3865 2877 3920; x_wconf 79' lang='lat' dir='ltr'><strong>hodie</strong></span> <span class='ocrx_word' id='word_1_626' title='bbox 2927 3864 3265 3926; x_wconf 86' lang='lat' dir='ltr'><strong>celebratur,</strong></span> <span class='ocrx_word' id='word_1_627' title='bbox 3324 3862 3445 3932; x_wconf 80' lang='lat' dir='ltr'><strong>quia</strong></span> 
     </span>
    </p>
   </div>
   <div class='ocr_carea' id='block_1_93' title="bbox 1876 3933 3448 4008">
    <p class='ocr_par' dir='ltr' id='par_1_93' title="bbox 1876 3933 3448 4008">
     <span class='ocr_line' id='line_1_93' title="bbox 1876 3933 3448 4008; baseline -0.01 -8"><span class='ocrx_word' id='word_1_628' title='bbox 1876 3944 2066 4000; x_wconf 78' lang='lat' dir='ltr'><strong>festum</strong></span> <span class='ocrx_word' id='word_1_629' title='bbox 2112 3944 2389 4008; x_wconf 86' lang='lat' dir='ltr'><strong>utriusque</strong></span> <span class='ocrx_word' id='word_1_630' title='bbox 2418 3938 2644 4008; x_wconf 79' lang='lat' dir='ltr'><strong>apostoli</strong></span> <span class='ocrx_word' id='word_1_631' title='bbox 2670 3938 2857 4008; x_wconf 81' lang='lat' dir='ltr'><strong>eadem</strong></span> <span class='ocrx_word' id='word_1_632' title='bbox 2891 3936 2976 3987; x_wconf 90' lang='lat' dir='ltr'><strong>die</strong></span> <span class='ocrx_word' id='word_1_633' title='bbox 3009 3935 3178 4001; x_wconf 89' lang='lat' dir='ltr'><strong>quoad</strong></span> <span class='ocrx_word' id='word_1_634' title='bbox 3215 3933 3448 4008; x_wconf 71' lang='lat' dir='ltr'><strong>officium</strong></span> 
     </span>
    </p>
   </div>
   <div class='ocr_carea' id='block_1_94' title="bbox 1877 4002 3447 4081">
    <p class='ocr_par' dir='ltr' id='par_1_94' title="bbox 1877 4002 3447 4081">
     <span class='ocr_line' id='line_1_94' title="bbox 1877 4002 3447 4081; baseline -0.011 -12"><span class='ocrx_word' id='word_1_635' title='bbox 1877 4030 1982 4069; x_wconf 93' lang='lat' dir='ltr'><strong>non</strong></span> <span class='ocrx_word' id='word_1_636' title='bbox 2012 4002 2521 4081; x_wconf 54' lang='lat' dir='ltr'><strong>poteratce&#39;lebrari,</strong></span> <span class='ocrx_word' id='word_1_637' title='bbox 2553 4004 2648 4081; x_wconf 82' lang='lat' dir='ltr'><strong>sed</strong></span> <span class='ocrx_word' id='word_1_638' title='bbox 2664 4005 2808 4081; x_wconf 78' lang='lat' dir='ltr'><strong>alter</strong></span> <span class='ocrx_word' id='word_1_639' title='bbox 2835 4006 3069 4081; x_wconf 78' lang='lat' dir='ltr'><strong>ipsorum</strong></span> <span class='ocrx_word' id='word_1_640' title='bbox 3099 4010 3307 4056; x_wconf 87' lang='lat' dir='ltr'><strong>careret</strong></span> <span class='ocrx_word' id='word_1_641' title='bbox 3327 4002 3447 4081; x_wconf 42' lang='lat' dir='ltr'><strong>ol&#39;tl-f</strong></span> 
     </span>
    </p>
   </div>
   <div class='ocr_carea' id='block_1_95' title="bbox 1875 4075 3455 4150">
    <p class='ocr_par' dir='ltr' id='par_1_95' title="bbox 1875 4075 3455 4150">
     <span class='ocr_line' id='line_1_95' title="bbox 1875 4075 3455 4150; baseline -0.011 -10"><span class='ocrx_word' id='word_1_642' title='bbox 1875 4085 1959 4140; x_wconf 88' lang='lat' dir='ltr'><strong>cio</strong></span> <span class='ocrx_word' id='word_1_643' title='bbox 1988 4075 2242 4150; x_wconf 80' lang='lat' dir='ltr'><strong>singulari</strong></span> <span class='ocrx_word' id='word_1_644' title='bbox 2281 4096 2296 4143; x_wconf 87' lang='lat'><strong>;</strong></span> <span class='ocrx_word' id='word_1_645' title='bbox 2352 4077 2615 4150; x_wconf 77' lang='lat' dir='ltr'><strong>ordinavit</strong></span> <span class='ocrx_word' id='word_1_646' title='bbox 2663 4077 2820 4150; x_wconf 88' lang='lat' dir='ltr'><strong>igitur</strong></span> <span class='ocrx_word' id='word_1_647' title='bbox 2865 4075 3152 4150; x_wconf 69' lang='lat' dir='ltr'><strong>Gregorius</strong></span> <span class='ocrx_word' id='word_1_648' title='bbox 3201 4086 3353 4150; x_wconf 73' lang='lat' dir='ltr'><strong>papa,</strong></span> <span class='ocrx_word' id='word_1_649' title='bbox 3396 4078 3455 4150; x_wconf 76' lang='lat' dir='ltr'><strong>ut</strong></span> 
     </span>
    </p>
   </div>
   <div class='ocr_carea' id='block_1_96' title="bbox 1876 4141 3453 4223">
    <p class='ocr_par' dir='ltr' id='par_1_96' title="bbox 1876 4141 3453 4223">
     <span class='ocr_line' id='line_1_96' title="bbox 1876 4141 3453 4223; baseline -0.009 -14"><span class='ocrx_word' id='word_1_650' title='bbox 1876 4157 1989 4223; x_wconf 85' lang='lat' dir='ltr'><strong>ipsa</strong></span> <span class='ocrx_word' id='word_1_651' title='bbox 2017 4141 2232 4223; x_wconf 7' lang='lat' dir='ltr'><strong>dieiqua</strong></span> <span class='ocrx_word' id='word_1_652' title='bbox 2265 4141 2408 4217; x_wconf 84' lang='lat' dir='ltr'><strong>passi</strong></span> <span class='ocrx_word' id='word_1_653' title='bbox 2441 4141 3171 4223; x_wconf 52' lang='lat' dir='ltr'><strong>luerantheptsoletunitas</strong></span> <span class='ocrx_word' id='word_1_654' title='bbox 3200 4141 3364 4207; x_wconf 83' lang='lat' dir='ltr'><strong>Petri,</strong></span> <span class='ocrx_word' id='word_1_655' title='bbox 3396 4148 3453 4196; x_wconf 80' lang='lat' dir='ltr'><strong>et</strong></span> 
     </span>
    </p>
   </div>
   <div class='ocr_carea' id='block_1_97' title="bbox 1876 4214 2909 4288">
    <p class='ocr_par' dir='ltr' id='par_1_97' title="bbox 1876 4214 2909 4288">
     <span class='ocr_line' id='line_1_97' title="bbox 1876 4214 2909 4288; baseline -0.015 -7"><span class='ocrx_word' id='word_1_656' title='bbox 1876 4214 2119 4288; x_wconf 65' lang='lat' dir='ltr'><strong>sequenti</strong></span> <span class='ocrx_word' id='word_1_657' title='bbox 2149 4214 2238 4275; x_wconf 75' lang='lat' dir='ltr'><strong>die</strong></span> <span class='ocrx_word' id='word_1_658' title='bbox 2267 4214 2909 4288; x_wconf 10' lang='lat' dir='ltr'><strong>comtnetuoraliogPauli.</strong></span> 
     </span>
    </p>
   </div>
   <div class='ocr_carea' id='block_1_98' title="bbox 1952 4282 3274 4358">
    <p class='ocr_par' dir='ltr' id='par_1_98' title="bbox 1952 4282 3274 4358">
     <span class='ocr_line' id='line_1_98' title="bbox 1952 4282 3274 4358; baseline -0.009 -9"><span class='ocrx_word' id='word_1_659' title='bbox 1952 4282 1975 4326; x_wconf 58' lang='grc'><strong>(³</strong></span> <span class='ocrx_word' id='word_1_660' title='bbox 2002 4291 2275 4348; x_wconf 78' lang='lat' dir='ltr'><strong>Timothei.</strong></span> <span class='ocrx_word' id='word_1_661' title='bbox 2309 4288 2374 4344; x_wconf 89' lang='lat' dir='ltr'><strong>lli</strong></span> <span class='ocrx_word' id='word_1_662' title='bbox 2399 4288 2540 4358; x_wconf 85' lang='lat' dir='ltr'><strong>passi</strong></span> <span class='ocrx_word' id='word_1_663' title='bbox 2571 4286 2772 4341; x_wconf 88' lang='lat' dir='ltr'><strong>suntin</strong></span> <span class='ocrx_word' id='word_1_664' title='bbox 2801 4285 2996 4338; x_wconf 84' lang='lat' dir='ltr'><strong>Africa.</strong></span> <span class='ocrx_word' id='word_1_665' title='bbox 3026 4282 3274 4339; x_wconf 73' lang='lat' dir='ltr'><strong>NOTKEI.</strong></span> 
     </span>
    </p>
   </div>
   <div class='ocr_carea' id='block_1_99' title="bbox 190 4493 3450 4522">
    <p class='ocr_par' dir='ltr' id='par_1_99' title="bbox 190 4493 3450 4522">
     <span class='ocr_line' id='line_1_99' title="bbox 190 4493 3450 4522; baseline -0.002 -5"><span class='ocrx_word' id='word_1_666' title='bbox 190 4493 3450 4522; x_wconf 64' lang='lat' dir='ltr'><em>W</em></span> 
     </span>
    </p>
   </div>
   <div class='ocr_carea' id='block_1_100' title="bbox 1556 4564 2096 4692">
    <p class='ocr_par' dir='ltr' id='par_1_100' title="bbox 1556 4564 2096 4692">
     <span class='ocr_line' id='line_1_100' title="bbox 1556 4564 2096 4692; baseline -0.011 0"><span class='ocrx_word' id='word_1_667' title='bbox 1556 4580 2011 4692; x_wconf 76' lang='lat' dir='ltr'><strong>JULI‘US.</strong></span> <span class='ocrx_word' id='word_1_668' title='bbox 2092 4564 2096 4569; x_wconf 73' lang='grc'><em>’</em></span> 
     </span>
    </p>
   </div>
   <div class='ocr_carea' id='block_1_101' title="bbox 1446 4765 2175 4822">
    <p class='ocr_par' dir='ltr' id='par_1_101' title="bbox 1446 4765 2175 4822">
     <span class='ocr_line' id='line_1_101' title="bbox 1446 4765 2175 4822; baseline 0.003 -2"><span class='ocrx_word' id='word_1_669' title='bbox 1446 4765 1674 4822; x_wconf 86' lang='lat' dir='ltr'><strong>EDITIO</strong></span> <span class='ocrx_word' id='word_1_670' title='bbox 1709 4766 2175 4822; x_wconf 80' lang='lat' dir='ltr'><strong>COLUNIENSIS.</strong></span> 
     </span>
    </p>
   </div>
   <div class='ocr_carea' id='block_1_102' title="bbox 870 4851 1127 4919">
    <p class='ocr_par' dir='ltr' id='par_1_102' title="bbox 870 4851 1127 4919">
     <span class='ocr_line' id='line_1_102' title="bbox 870 4851 1127 4919; baseline 0 -11"><span class='ocrx_word' id='word_1_671' title='bbox 870 4851 1127 4919; x_wconf 78' lang='lat' dir='ltr'><strong>JULIUS,</strong></span> 
     </span>
    </p>
   </div>
   <div class='ocr_carea' id='block_1_103' title="bbox 581 4943 1401 5011">
    <p class='ocr_par' dir='ltr' id='par_1_103' title="bbox 581 4943 1401 5011">
     <span class='ocr_line' id='line_1_103' title="bbox 581 4943 1401 5011; baseline 0.001 -14"><span class='ocrx_word' id='word_1_672' title='bbox 581 4943 745 4997; x_wconf 81' lang='lat' dir='ltr'><strong>Habet</strong></span> <span class='ocrx_word' id='word_1_673' title='bbox 772 4945 879 4997; x_wconf 80' lang='lat' dir='ltr'><strong>dies</strong></span> <span class='ocrx_word' id='word_1_674' title='bbox 908 4961 1033 5011; x_wconf 82' lang='lat' dir='ltr'><strong>xxx,</strong></span> <span class='ocrx_word' id='word_1_675' title='bbox 1067 4946 1241 4997; x_wconf 85' lang='lat' dir='ltr'><strong>lunam</strong></span> <span class='ocrx_word' id='word_1_676' title='bbox 1264 4960 1401 4999; x_wconf 80' lang='lat' dir='ltr'><strong>xxx.</strong></span> 
     </span>
    </p>
   </div>
   <div class='ocr_carea' id='block_1_104' title="bbox 264 5034 1783 5106">
    <p class='ocr_par' dir='ltr' id='par_1_104' title="bbox 264 5034 1783 5106">
     <span class='ocr_line' id='line_1_104' title="bbox 264 5034 1783 5106; baseline 0.001 -16"><span class='ocrx_word' id='word_1_677' title='bbox 264 5034 331 5090; x_wconf 86' lang='lat' dir='ltr'><strong>C.</strong></span> <span class='ocrx_word' id='word_1_678' title='bbox 372 5034 613 5090; x_wconf 77' lang='lat' dir='ltr'><strong>KALEND.</strong></span> <span class='ocrx_word' id='word_1_679' title='bbox 654 5035 815 5090; x_wconf 82' lang='lat' dir='ltr'><strong>Juut.</strong></span> <span class='ocrx_word' id='word_1_680' title='bbox 859 5036 915 5091; x_wconf 90' lang='lat' dir='ltr'><strong>In</strong></span> <span class='ocrx_word' id='word_1_681' title='bbox 956 5046 1143 5090; x_wconf 90' lang='lat' dir='ltr'><strong>monte</strong></span> <span class='ocrx_word' id='word_1_682' title='bbox 1172 5036 1282 5090; x_wconf 89' lang='lat' dir='ltr'><strong>llor</strong></span> <span class='ocrx_word' id='word_1_683' title='bbox 1310 5036 1577 5106; x_wconf 88' lang='lat' dir='ltr'><strong>depositio</strong></span> <span class='ocrx_word' id='word_1_684' title='bbox 1607 5040 1783 5091; x_wconf 89' lang='lat' dir='ltr'><strong>Aaron</strong></span> 
     </span>
    </p>
   </div>
   <div class='ocr_carea' id='block_1_105' title="bbox 1809 4852 3455 4925">
    <p class='ocr_par' dir='ltr' id='par_1_105' title="bbox 1809 4852 3455 4925">
     <span class='ocr_line' id='line_1_105' title="bbox 1809 4852 3455 4925; baseline 0.001 -15"><span class='ocrx_word' id='word_1_685' title='bbox 1809 4864 1863 4921; x_wconf 84' lang='grc' dir='ltr'><strong>υ</strong></span> <span class='ocrx_word' id='word_1_686' title='bbox 1889 4856 2204 4911; x_wconf 90' lang='lat' dir='ltr'><strong>sacerdotis.</strong></span> <span class='ocrx_word' id='word_1_687' title='bbox 2249 4854 2451 4910; x_wconf 86' lang='lat' dir='ltr'><strong>Eodem</strong></span> <span class='ocrx_word' id='word_1_688' title='bbox 2482 4853 2569 4911; x_wconf 91' lang='lat' dir='ltr'><strong>die</strong></span> <span class='ocrx_word' id='word_1_689' title='bbox 2595 4855 2829 4911; x_wconf 80' lang='lat' dir='ltr'><strong>Turonis</strong></span> <span class='ocrx_word' id='word_1_690' title='bbox 2858 4861 3055 4909; x_wconf 70' lang='lat' dir='ltr'><strong>sanctae</strong></span> <span class='ocrx_word' id='word_1_691' title='bbox 3103 4852 3455 4925; x_wconf 82' lang='lat' dir='ltr'><strong>Monegundis</strong></span> 
     </span>
    </p>
   </div>
   <div class='ocr_carea' id='block_1_106' title="bbox 1890 4946 3456 5015">
    <p class='ocr_par' dir='ltr' id='par_1_106' title="bbox 1890 4946 3456 5015">
     <span class='ocr_line' id='line_1_106' title="bbox 1890 4946 3456 5015; baseline 0.001 -14"><span class='ocrx_word' id='word_1_692' title='bbox 1890 4947 2129 5015; x_wconf 78' lang='lat' dir='ltr'><strong>virginis.</strong></span> <span class='ocrx_word' id='word_1_693' title='bbox 2180 4947 2400 5002; x_wconf 68' lang='lat' dir='ltr'><strong>Vienna:</strong></span> <span class='ocrx_word' id='word_1_694' title='bbox 2437 4947 2579 5003; x_wconf 82' lang='lat' dir='ltr'><strong>beati</strong></span> <span class='ocrx_word' id='word_1_695' title='bbox 2611 4947 2845 5013; x_wconf 81' lang='lat' dir='ltr'><strong>Martini,</strong></span> <span class='ocrx_word' id='word_1_696' title='bbox 2879 4946 3018 5001; x_wconf 93' lang='lat' dir='ltr'><strong>tertii</strong></span> <span class='ocrx_word' id='word_1_697' title='bbox 3046 4947 3280 5015; x_wconf 81' lang='lat' dir='ltr'><strong>ejusdem</strong></span> <span class='ocrx_word' id='word_1_698' title='bbox 3309 4949 3456 5003; x_wconf 89' lang='lat' dir='ltr'><strong>urbis</strong></span> 
     </span>
    </p>
   </div>
   <div class='ocr_carea' id='block_1_107' title="bbox 1891 5036 3457 5106">
    <p class='ocr_par' dir='ltr' id='par_1_107' title="bbox 1891 5036 3457 5106">
     <span class='ocr_line' id='line_1_107' title="bbox 1891 5036 3457 5106; baseline -0.001 -15"><span class='ocrx_word' id='word_1_699' title='bbox 1891 5037 2151 5106; x_wconf 84' lang='lat' dir='ltr'><strong>episc0pi,</strong></span> <span class='ocrx_word' id='word_1_700' title='bbox 2184 5036 2247 5090; x_wconf 85' lang='lat' dir='ltr'><strong>ad</strong></span> <span class='ocrx_word' id='word_1_701' title='bbox 2282 5036 2553 5105; x_wconf 70' lang='lat' dir='ltr'><strong>praelatam</strong></span> <span class='ocrx_word' id='word_1_702' title='bbox 2591 5037 2774 5092; x_wconf 87' lang='lat' dir='ltr'><strong>urbem</strong></span> <span class='ocrx_word' id='word_1_703' title='bbox 2812 5038 2880 5091; x_wconf 90' lang='lat' dir='ltr'><strong>ab</strong></span> <span class='ocrx_word' id='word_1_704' title='bbox 2910 5039 3167 5106; x_wconf 87' lang='lat' dir='ltr'><strong>apostolis</strong></span> <span class='ocrx_word' id='word_1_705' title='bbox 3199 5038 3371 5090; x_wconf 87' lang='lat' dir='ltr'><strong>missi.</strong></span> <span class='ocrx_word' id='word_1_706' title='bbox 3401 5037 3457 5090; x_wconf 86' lang='lat' dir='ltr'><strong>lo</strong></span> 
     </span>
    </p>
   </div>
   <div class='ocr_carea' id='block_1_108' title="bbox 1464 5127 2230 5184">
    <p class='ocr_par' dir='ltr' id='par_1_108' title="bbox 1464 5127 2230 5184">
     <span class='ocr_line' id='line_1_108' title="bbox 1464 5127 2230 5184; baseline -0.001 -2"><span class='ocrx_word' id='word_1_707' title='bbox 1464 5128 1691 5184; x_wconf 81' lang='lat' dir='ltr'><strong>EDITIO</strong></span> <span class='ocrx_word' id='word_1_708' title='bbox 1726 5127 2230 5184; x_wconf 80' lang='lat' dir='ltr'><strong>BOLLANDIANA.</strong></span> 
     </span>
    </p>
   </div>
   <div class='ocr_carea' id='block_1_109' title="bbox 265 5214 1140 5271">
    <p class='ocr_par' dir='ltr' id='par_1_109' title="bbox 265 5214 1140 5271">
     <span class='ocr_line' id='line_1_109' title="bbox 265 5214 1140 5271; baseline -0.001 0"><span class='ocrx_word' id='word_1_709' title='bbox 265 5216 319 5271; x_wconf 78' lang='grc'><strong>1.</strong></span> <span class='ocrx_word' id='word_1_710' title='bbox 342 5244 415 5255; x_wconf 92' lang='grc'><strong><em>-</em></strong></span> <span class='ocrx_word' id='word_1_711' title='bbox 441 5214 729 5270; x_wconf 64' lang='grc' dir='ltr'>Κλιειιυιε.</span> <span class='ocrx_word' id='word_1_712' title='bbox 767 5214 928 5269; x_wconf 79' lang='lat' dir='ltr'><strong>Vacat</strong></span> <span class='ocrx_word' id='word_1_713' title='bbox 958 5215 1140 5270; x_wconf 74' lang='lat' dir='ltr'><strong>Breda.</strong></span> 
     </span>
    </p>
   </div>
   <div class='ocr_carea' id='block_1_110' title="bbox 264 5306 1775 5376">
    <p class='ocr_par' dir='ltr' id='par_1_110' title="bbox 264 5306 1775 5376">
     <span class='ocr_line' id='line_1_110' title="bbox 264 5306 1775 5376; baseline 0.001 -14"><span class='ocrx_word' id='word_1_714' title='bbox 264 5309 461 5363; x_wconf 85' lang='lat' dir='ltr'><strong>Florus</strong></span> <span class='ocrx_word' id='word_1_715' title='bbox 504 5307 559 5361; x_wconf 91' lang='lat' dir='ltr'><strong>in</strong></span> <span class='ocrx_word' id='word_1_716' title='bbox 597 5311 665 5364; x_wconf 87' lang='lat' dir='ltr'><strong>A.</strong></span> <span class='ocrx_word' id='word_1_717' title='bbox 692 5307 755 5362; x_wconf 85' lang='grc' dir='ltr'><strong>Τ.</strong></span> <span class='ocrx_word' id='word_1_718' title='bbox 787 5307 874 5376; x_wconf 87' lang='lat' dir='ltr'><strong>L.,</strong></span> <span class='ocrx_word' id='word_1_719' title='bbox 907 5306 1089 5361; x_wconf 54' lang='lat' dir='ltr'><strong>Romae</strong></span> <span class='ocrx_word' id='word_1_720' title='bbox 1132 5315 1308 5363; x_wconf 84' lang='lat' dir='ltr'><strong>natale</strong></span> <span class='ocrx_word' id='word_1_721' title='bbox 1336 5315 1634 5363; x_wconf 85' lang='lat' dir='ltr'><strong>sanctarum</strong></span> <span class='ocrx_word' id='word_1_722' title='bbox 1666 5308 1775 5363; x_wconf 84' lang='lat' dir='ltr'><strong>vir-</strong></span> 
     </span>
    </p>
   </div>
   <div class='ocr_carea' id='block_1_111' title="bbox 190 5396 1779 5469">
    <p class='ocr_par' dir='ltr' id='par_1_111' title="bbox 190 5396 1779 5469">
     <span class='ocr_line' id='line_1_111' title="bbox 190 5396 1779 5469; baseline 0.001 -18"><span class='ocrx_word' id='word_1_723' title='bbox 190 5399 373 5469; x_wconf 79' lang='lat' dir='ltr'><strong>gilium</strong></span> <span class='ocrx_word' id='word_1_724' title='bbox 403 5399 428 5427; x_wconf 80' lang='grc'><strong><em>⁸</em></strong></span> <span class='ocrx_word' id='word_1_725' title='bbox 462 5396 631 5467; x_wconf 82' lang='lat' dir='ltr'><strong>Fidei,</strong></span> <span class='ocrx_word' id='word_1_726' title='bbox 680 5397 805 5468; x_wconf 90' lang='lat' dir='ltr'><strong>Spei</strong></span> <span class='ocrx_word' id='word_1_727' title='bbox 844 5407 901 5453; x_wconf 87' lang='lat' dir='ltr'><strong>et</strong></span> <span class='ocrx_word' id='word_1_728' title='bbox 940 5397 1219 5463; x_wconf 89' lang='lat' dir='ltr'><strong>Caritatis,</strong></span> <span class='ocrx_word' id='word_1_729' title='bbox 1252 5406 1308 5453; x_wconf 92' lang='lat' dir='ltr'><strong>et</strong></span> <span class='ocrx_word' id='word_1_730' title='bbox 1352 5398 1562 5467; x_wconf 84' lang='lat' dir='ltr'><strong>Sophiae</strong></span> <span class='ocrx_word' id='word_1_731' title='bbox 1593 5400 1779 5454; x_wconf 89' lang='lat' dir='ltr'><strong>matris</strong></span> 
     </span>
    </p>
   </div>
   <div class='ocr_carea' id='block_1_112' title="bbox 193 5490 1776 5559">
    <p class='ocr_par' dir='ltr' id='par_1_112' title="bbox 193 5490 1776 5559">
     <span class='ocr_line' id='line_1_112' title="bbox 193 5490 1776 5559; baseline 0 -17"><span class='ocrx_word' id='word_1_732' title='bbox 193 5492 458 5559; x_wconf 88' lang='lat' dir='ltr'><strong>ipsarum.</strong></span> <span class='ocrx_word' id='word_1_733' title='bbox 489 5490 724 5558; x_wconf 87' lang='lat' dir='ltr'><strong>Quarum</strong></span> <span class='ocrx_word' id='word_1_734' title='bbox 751 5490 941 5555; x_wconf 81' lang='lat' dir='ltr'><strong>prima,</strong></span> <span class='ocrx_word' id='word_1_735' title='bbox 977 5504 1096 5544; x_wconf 92' lang='lat' dir='ltr'><strong>cum</strong></span> <span class='ocrx_word' id='word_1_736' title='bbox 1126 5490 1405 5546; x_wconf 90' lang='lat' dir='ltr'><strong>duodecim</strong></span> <span class='ocrx_word' id='word_1_737' title='bbox 1436 5499 1583 5545; x_wconf 90' lang='lat' dir='ltr'><strong>esset</strong></span> <span class='ocrx_word' id='word_1_738' title='bbox 1610 5504 1776 5543; x_wconf 82' lang='lat' dir='ltr'><strong>anno-</strong></span> 
     </span>
    </p>
   </div>
   <div class='ocr_carea' id='block_1_113' title="bbox 1888 5215 3462 5284">
    <p class='ocr_par' dir='ltr' id='par_1_113' title="bbox 1888 5215 3462 5284">
     <span class='ocr_line' id='line_1_113' title="bbox 1888 5215 3462 5284; baseline 0.001 -14"><span class='ocrx_word' id='word_1_739' title='bbox 1888 5232 2026 5281; x_wconf 91' lang='lat' dir='ltr'><strong>rum,</strong></span> <span class='ocrx_word' id='word_1_740' title='bbox 2056 5216 2206 5284; x_wconf 81' lang='lat' dir='ltr'><strong>jussu</strong></span> <span class='ocrx_word' id='word_1_741' title='bbox 2259 5215 2473 5271; x_wconf 83' lang='lat' dir='ltr'><strong>Adriani</strong></span> <span class='ocrx_word' id='word_1_742' title='bbox 2521 5216 2681 5271; x_wconf 87' lang='lat' dir='ltr'><strong>nimia</strong></span> <span class='ocrx_word' id='word_1_743' title='bbox 2731 5216 2878 5272; x_wconf 65' lang='lat' dir='ltr'><strong>caede</strong></span> <span class='ocrx_word' id='word_1_744' title='bbox 2922 5228 3169 5281; x_wconf 87' lang='lat' dir='ltr'><strong>mactata,</strong></span> <span class='ocrx_word' id='word_1_745' title='bbox 3198 5217 3462 5271; x_wconf 85' lang='lat' dir='ltr'><strong>mamilla-</strong></span> 
     </span>
    </p>
   </div>
   <div class='ocr_carea' id='block_1_114' title="bbox 1889 5305 3456 5376">
    <p class='ocr_par' dir='ltr' id='par_1_114' title="bbox 1889 5305 3456 5376">
     <span class='ocr_line' id='line_1_114' title="bbox 1889 5305 3456 5376; baseline 0.001 -16"><span class='ocrx_word' id='word_1_746' title='bbox 1889 5321 2004 5360; x_wconf 91' lang='lat' dir='ltr'><strong>rum</strong></span> <span class='ocrx_word' id='word_1_747' title='bbox 2054 5305 2379 5361; x_wconf 87' lang='lat' dir='ltr'><strong>abscissione</strong></span> <span class='ocrx_word' id='word_1_748' title='bbox 2420 5306 2669 5372; x_wconf 83' lang='lat' dir='ltr'><strong>lacerata,</strong></span> <span class='ocrx_word' id='word_1_749' title='bbox 2710 5305 2981 5362; x_wconf 62' lang='lat' dir='ltr'><strong>craticula</strong></span> <span class='ocrx_word' id='word_1_750' title='bbox 3010 5309 3365 5376; x_wconf 88' lang='lat' dir='ltr'><strong>superposita,</strong></span> <span class='ocrx_word' id='word_1_751' title='bbox 3399 5308 3456 5362; x_wconf 91' lang='lat' dir='ltr'><strong>iu</strong></span> 
     </span>
    </p>
   </div>
   <div class='ocr_carea' id='block_1_115' title="bbox 1885 5394 3452 5467">
    <p class='ocr_par' dir='ltr' id='par_1_115' title="bbox 1885 5394 3452 5467">
     <span class='ocr_line' id='line_1_115' title="bbox 1885 5394 3452 5467; baseline 0.002 -18"><span class='ocrx_word' id='word_1_752' title='bbox 1885 5394 2155 5465; x_wconf 81' lang='lat' dir='ltr'><strong>sartagine</strong></span> <span class='ocrx_word' id='word_1_753' title='bbox 2186 5396 2446 5463; x_wconf 88' lang='lat' dir='ltr'><strong>deposita,</strong></span> <span class='ocrx_word' id='word_1_754' title='bbox 2497 5395 2564 5451; x_wconf 89' lang='lat' dir='ltr'><strong>ad</strong></span> <span class='ocrx_word' id='word_1_755' title='bbox 2617 5396 2860 5451; x_wconf 87' lang='lat' dir='ltr'><strong>ultitnum</strong></span> <span class='ocrx_word' id='word_1_756' title='bbox 2908 5397 3083 5467; x_wconf 83' lang='lat' dir='ltr'><strong>gladio</strong></span> <span class='ocrx_word' id='word_1_757' title='bbox 3129 5397 3307 5465; x_wconf 87' lang='lat' dir='ltr'><strong>punita</strong></span> <span class='ocrx_word' id='word_1_758' title='bbox 3348 5404 3452 5452; x_wconf 87' lang='lat' dir='ltr'><strong>est.</strong></span> 
     </span>
    </p>
   </div>
   <div class='ocr_carea' id='block_1_116' title="bbox 1886 5489 3453 5562">
    <p class='ocr_par' dir='ltr' id='par_1_116' title="bbox 1886 5489 3453 5562">
     <span class='ocr_line' id='line_1_116' title="bbox 1886 5489 3453 5562; baseline 0.002 -18"><span class='ocrx_word' id='word_1_759' title='bbox 1886 5489 2128 5545; x_wconf 84' lang='lat' dir='ltr'><strong>Secunda</strong></span> <span class='ocrx_word' id='word_1_760' title='bbox 2169 5492 2365 5562; x_wconf 88' lang='lat' dir='ltr'><strong>quippe</strong></span> <span class='ocrx_word' id='word_1_761' title='bbox 2392 5490 2482 5546; x_wconf 85' lang='lat' dir='ltr'><strong>diu</strong></span> <span class='ocrx_word' id='word_1_762' title='bbox 2507 5489 2685 5545; x_wconf 86' lang='lat' dir='ltr'><strong>nervis</strong></span> <span class='ocrx_word' id='word_1_763' title='bbox 2730 5498 2976 5561; x_wconf 88' lang='lat' dir='ltr'><strong>contusa,</strong></span> <span class='ocrx_word' id='word_1_764' title='bbox 3026 5491 3079 5547; x_wconf 87' lang='lat' dir='ltr'><strong>in</strong></span> <span class='ocrx_word' id='word_1_765' title='bbox 3116 5489 3291 5562; x_wconf 84' lang='lat' dir='ltr'><strong>ignem</strong></span> <span class='ocrx_word' id='word_1_766' title='bbox 3324 5500 3453 5560; x_wconf 85' lang='lat' dir='ltr'><strong>pro-</strong></span> 
     </span>
    </p>
   </div>
   <div class='ocr_carea' id='block_1_117' title="bbox 1571 5584 2044 5639">
    <p class='ocr_par' dir='ltr' id='par_1_117' title="bbox 1571 5584 2044 5639">
     <span class='ocr_line' id='line_1_117' title="bbox 1571 5584 2044 5639; baseline -0.004 0"><span class='ocrx_word' id='word_1_767' title='bbox 1571 5584 1773 5639; x_wconf 81' lang='lat' dir='ltr'><strong>SMITII</strong></span> <span class='ocrx_word' id='word_1_768' title='bbox 1814 5584 2044 5639; x_wconf 72' lang='lat' dir='ltr'><strong>NUTIE.</strong></span> 
     </span>
    </p>
   </div>
   <div class='ocr_carea' id='block_1_118' title="bbox 266 5675 2240 5746">
    <p class='ocr_par' dir='ltr' id='par_1_118' title="bbox 266 5675 2240 5746">
     <span class='ocr_line' id='line_1_118' title="bbox 266 5675 2240 5746; baseline -0.001 -15"><span class='ocrx_word' id='word_1_769' title='bbox 266 5689 287 5716; x_wconf 78' lang='grc' dir='ltr'><strong>ι</strong></span> <span class='ocrx_word' id='word_1_770' title='bbox 325 5678 496 5735; x_wconf 77' lang='lat' dir='ltr'><strong>Fidei.</strong></span> <span class='ocrx_word' id='word_1_771' title='bbox 545 5675 637 5731; x_wconf 78' lang='lat' dir='ltr'><strong>lla:</strong></span> <span class='ocrx_word' id='word_1_772' title='bbox 674 5675 725 5732; x_wconf 93' lang='lat' dir='ltr'><strong>io</strong></span> <span class='ocrx_word' id='word_1_773' title='bbox 757 5675 1062 5733; x_wconf 80' lang='lat' dir='ltr'><strong>Nicomedia</strong></span> <span class='ocrx_word' id='word_1_774' title='bbox 1106 5690 1280 5746; x_wconf 65' lang='lat' dir='ltr'><strong>passa:</strong></span> <span class='ocrx_word' id='word_1_775' title='bbox 1323 5675 1566 5731; x_wconf 91' lang='lat' dir='ltr'><strong>dicuntur</strong></span> <span class='ocrx_word' id='word_1_776' title='bbox 1610 5690 1765 5746; x_wconf 89' lang='lat' dir='ltr'><strong>supra</strong></span> <span class='ocrx_word' id='word_1_777' title='bbox 1808 5676 1945 5731; x_wconf 83' lang='lat' dir='ltr'><strong>Junii</strong></span> <span class='ocrx_word' id='word_1_778' title='bbox 1979 5675 2064 5731; x_wconf 89' lang='lat' dir='ltr'><strong>die</strong></span> <span class='ocrx_word' id='word_1_779' title='bbox 2090 5691 2240 5730; x_wconf 63' lang='grc' dir='ltr'>χχιιι.</span> 
     </span>
    </p>
   </div>
  </div>
