3988 6346
486 258 593 318 υσπ

1276 252 1481 311 ΒΕῡΑΞ
1526 251 1974 309 VENE-RABILIS
2012 251 2160 308 OPP.
2206 252 2379 309 PARS
2422 252 2509 308 IV.
2551 277 2619 292 ι·-
2660 246 3038 309 ΙΙΙΒΤΟΒΙΟᾹ.

3644 248 3754 307 968

1762 368 1991 424 EDITIO
2028 367 2493 427 COLONIENSIS.

493 468 730 527 Turonis
770 463 1050 524 translatio
1076 461 1247 518 sancti
1275 462 1485 518 Martini
1512 462 1748 532 episcopi
1775 471 1829 517 et
1857 462 2068 517 confes-
2096 467 2144 522 A
2171 477 2290 532 qua:
2330 463 2462 530 ripis
2496 460 2666 518 Rheni
2698 461 2935 518 fluminis
2962 462 3235 535 contigua,
3267 463 3512 536 'l'rigoria
3542 480 3753 526 nuncu-

499 564 663 626 soris,
714 566 770 614 et
813 556 1085 612 ordinatio
1135 553 1472 623 episcopatus
1519 554 1655 622 ejus,
1707 563 1760 607 et
1810 554 2073 609 dedicatio

495 651 733 708 basilica:
764 650 952 717 ipsius.
977 645 1040 699 in
1072 645 1248 699 Africa
1280 646 1448 699 sancti
1478 643 1797 698 .lucundiani
1825 645 2074 715 martyris

496 741 554 798 in
598 754 744 796 mare
795 737 977 793 mersi.
1028 734 1182 805 Apud
1234 734 1489 790 Sirmium
1540 736 1719 789 natale
1763 745 2073 791 sanctorum

501 827 836 893 lnnocentii,
889 827 1176 895 Sabhatite,
1221 839 1339 879 cum
1374 825 1503 878 aliis
1548 826 1782 893 triginta.
1829 826 1884 879 ln
1928 825 2076 879 Bitu-

505 923 615 978 rica
641 920 854 976 civitate
882 917 1060 973 natale
1086 916 1256 971 sancti
1289 914 1536 969 Lauriani
1580 916 1851 986 martyris,
1892 924 1948 970 et
1982 915 2075 970 de-

501 1012 703 1085 positio
730 1010 900 1067 sancti
931 1009 1126 1064 Dalrici
1154 1008 1393 1077 episcopi
1424 1015 1480 1062 et
1505 1007 1855 1062 confessoris.

572 1102 638 1158 D.
698 1102 925 1157 lllNou.
976 1099 1133 1154 .luui.
1173 1097 1328 1166 Apud
1375 1097 1583 1169 Syriam
1634 1098 1804 1151 sancti
1854 1096 2070 1152 Domitii

501 1195 775 1267 martyris,
804 1193 892 1262 qui
924 1192 1207 1247 virtutibus
1244 1191 1361 1245 suis
1400 1190 1566 1245 multa
1596 1191 1787 1245 incolis
1819 1189 2077 1245 beneficia

503 1292 741 1355 praestat.
774 1283 959 1337 Romae
985 1281 1160 1336 natale
1188 1289 1389 1335 sanctas
1418 1278 1563 1345 Zoaz,
1600 1280 1791 1335 uxoris
1820 1280 1957 1335 beati
1986 1280 2077 1335 Ni-

496 1374 716 1431 costrati
761 1374 1028 1441 martyris,
1079 1386 1200 1443 qua:
1225 1371 1293 1425 ad
1322 1370 1721 1427 confessionem
1763 1371 1900 1427 beati
1926 1372 2073 1428 Petri

501 1464 733 1536 apostoli
761 1465 883 1519 dum
914 1473 1125 1526 oraret.
1155 1478 1184 1517 a
1214 1463 1435 1533 paganis
1465 1472 1686 1533 arctata,
1718 1464 1871 1519 ducta
1899 1474 1981 1519 est
2007 1464 2075 1519 ad

504 1566 787 1627 patronum
830 1554 1198 1621 Naumacbiic,
1229 1571 1260 1610 a
1291 1570 1394 1624 quo
1427 1556 1654 1623 primum
1682 1557 1737 1610 in
1766 1558 2073 1612 custodiam

503 1646 940 1704 obscurissimam
987 1655 1154 1711 trusa,
1202 1654 1255 1700 et
1292 1660 1389 1714 per
1433 1644 1550 1700 dies
1578 1660 1669 1700 sex
1700 1645 1845 1699 omni
1883 1646 2076 1701 solatio

509 1738 651 1794 lucis
677 1748 732 1794 et
759 1740 930 1793 victus
971 1737 1232 1803 fraudata,
1274 1738 1503 1806 septimo
1532 1737 1618 1792 die
1647 1737 1860 1792 demum
1883 1752 1914 1793 a
1936 1738 2077 1794 collo

2177 559 2349 621 patur,
2381 560 2541 621 atque
2570 552 2640 606 ad
2669 551 2950 607 diieccsim
2991 554 3222 623 pertinet
3268 555 3645 626 Trevirorum,
3684 560 3755 616 ibi

2178 642 2291 711 Deo
2328 643 2495 698 libere
2523 645 2728 700 servire
2754 645 2970 714 delegit,
3001 661 3168 715 usque
3192 648 3245 702 in
3274 649 3434 703 finem
3461 651 3588 706 vita:
3616 668 3750 711 sua.

2174 733 2361 789 Romae
2401 735 2575 790 natale
2616 737 2785 790 sancti
2834 736 3185 807 Tranquillini
3234 741 3530 812 martyris,
3592 746 3757 812 patris

2175 833 2481 879 sanctorum
2524 825 2684 880 Marci
2726 835 2782 881 et
2811 825 3161 893 Marcelliani,
3207 830 3295 897 qui
3324 830 3390 884 ad
3414 832 3757 900 praedicatio-

2176 930 2299 970 nem
2349 916 2487 970 beati
2541 918 2839 972 Sebastiani
2886 919 3113 974 credens
3142 920 3194 975 in
3234 919 3521 977 Dominum
3572 922 3755 979 Iesum

2176 1004 2475 1072 Christum,
2500 1007 2590 1062 die
2614 1017 2927 1065 octavarum
2958 1011 3327 1081 apostolorum
3352 1014 3481 1069 dum
3517 1017 3586 1069 ad
3615 1017 3753 1072 beati

2184 1098 2333 1153 Pauli
2358 1098 2755 1155 confessionem
2786 1113 2987 1169 oraret,
3017 1111 3195 1159 tentus
3219 1119 3253 1158 a
3278 1106 3504 1176 paganis
3529 1121 3596 1162 ac
3622 1108 3758 1177 lapi-

2177 1186 2335 1242 datus
2356 1189 2670 1260 martyrium
2695 1193 3110 1247 consummavit.

2248 1277 2312 1332 Ε.
2353 1278 2487 1333 Non.
2518 1278 2677 1334 Juw.
2718 1279 2905 1335 Romae
2946 1281 3221 1337 beatorum
3243 1293 3566 1355 martyrum,
3598 1285 3758 1342 Nico-

2179 1370 2330 1424 strati
2372 1370 2736 1439 priiniscrinii,
2775 1371 2981 1428 Claudii
3011 1377 3538 1442 commentariensis,
3570 1379 3757 1435 Casto-

2178 1466 2241 1521 rii
2279 1466 2562 1537 Victorini,
2592 1466 2975 1541 Simphoriani,
3007 1484 3144 1540 quos
3171 1470 3361 1526 beatus
3403 1473 3757 1529 Sebastianus

2179 1558 2399 1615 credere
2413 1560 2680 1615 Christum
2707 1559 2906 1625 docuit,
2937 1570 2992 1616 et
3018 1570 3237 1617 sanctus
3263 1562 3593 1634 Polycarpus
3618 1580 3759 1634 pres-

2179 1648 2340 1721 byter
2386 1649 2695 1719 baptizavit.
2742 1650 2841 1719 Qui
2887 1664 3007 1705 cum
3049 1666 3273 1722 corpora
3308 1663 3620 1707 sanctorum
3666 1670 3759 1723 per

2183 1754 2279 1793 ora
2300 1739 2549 1795 Tiberina
2583 1739 2878 1810 requirunt,
2914 1741 3041 1795 tenti
3072 1750 3219 1808 sunt,
3254 1750 3307 1796 et
3334 1742 3397 1796 ad
3428 1742 3592 1797 Urbis
3619 1759 3758 1809 pra:-

506 1839 565 1886 et
601 1846 630 1885 a
673 1830 879 1900 capillis
923 1831 974 1884 in
1016 1844 1242 1899 corpore
1281 1843 1560 1899 suspensa,
1613 1830 1851 1885 adhibito
1890 1830 2075 1885 subter
2109 1829 2155 1891 B
2186 1828 2383 1884 fectum
2412 1830 2687 1899 perducti;
2706 1831 2834 1885 Erat
2859 1831 3001 1886 enim
3027 1831 3188 1901 judex
3220 1830 3508 1896 Fabianus,
3546 1833 3759 1900 quieos

507 1920 658 1977 fumo
696 1923 747 1977 in
787 1922 1126 1977 confessione
1155 1921 1362 1975 Domini
1395 1921 1575 1976 emisit
1604 1922 1875 1991 spiritum.
1912 1921 1967 1976 ln
1997 1920 2082 1978 Si—

509 2012 635 2067 cilia
680 2012 856 2067 natale
906 2011 1199 2082 Agathonis
1245 2019 1299 2064 et
1339 2010 1629 2081 Triphinm.
1659 2011 1723 2067 Et
1754 2011 1807 2066 in
1837 2012 2078 2080 Tbomis,

507 2104 720 2172 Marini,
753 2106 1014 2161 Theodoti
1042 2113 1096 2161 et
1124 2104 1407 2174 Sodcpliae.

575 2197 639 2252 E.
682 2198 854 2254 Prun.‘
880 2199 1013 2254 Non.
1061 2197 1219 2252 Juui.
1271 2196 1420 2251 isaiie
1445 2205 1498 2250 et
1525 2195 1640 2250 Joel
1679 2200 2079 2266 prophetarum,

508 2300 566 2344 et
608 2300 795 2346 octava
849 2290 1252 2360 apostolorum,
1308 2297 1362 2340 et
1415 2289 1616 2356 primus
1667 2288 1803 2342 beati
1854 2289 2080 2358 apostoli

508 2381 659 2436 Pauli
703 2380 943 2450 ingessus
974 2381 1026 2434 in
1058 2380 1239 2433 urbem
1272 2379 1493 2433 Romam
1538 2394 1678 2433 anno
1717 2382 1951 2434 secundo
1979 2381 2082 2434 Ne-

516 2471 690 2525 ronis.
740 2469 870 2524 Item
915 2470 1176 2538 depositio
1220 2468 1357 2524 beati
1403 2466 1591 2523 Goaris
1620 2470 1960 2533 confessoris,
1992 2470 2082 2540 qui

501 2558 570 2615 in
620 2558 887 2629 provincia
938 2560 1233 2628 Aquitania:
1276 2569 1460 2625 ortus,
1514 2561 1842 2626 temporibus
1897 2561 2082 2615 Hilde-

509 2647 646 2703 berti
676 2650 815 2718 regis
845 2648 1192 2716 Francorum,
1224 2650 1402 2704 statim
1432 2650 1499 2703 ab
1531 2650 1750 2705 infantia
1786 2666 1944 2705 verus
1957 2653 2082 2719 ,cul-

502 2747 590 2795 tor
610 2738 706 2796 Dei
735 2741 847 2795 fuit.
884 2739 980 2795 Hic
1010 2741 1347 2810 postmodum
1378 2740 1448 2795 ibi
1477 2743 1753 2812 presbyter
1782 2756 1850 2796 co
1864 2756 2081 2796 nsecra-

509 2843 618 2899 tus,
662 2835 885 2904 patriam
929 2842 1283 2904 parentesque
1316 2832 1573 2901 deseruit,
1605 2842 1661 2889 et
1704 2834 1756 2888 in
1787 2834 2075 2900 provincia,

2190 1921 2500 1978 hortabatur
2525 1923 2589 1978 ad
2618 1922 3049 1986 sacriﬁcandum,
3101 1939 3196 1992 per
3239 1924 3421 1979 decem
3453 1923 3574 1977 dies
3604 1923 3760 1977 minis

2191 2030 2287 2070 eos
2314 2026 2368 2070 et
2390 2016 2660 2071 blanditiis
2708 2029 2908 2085 agens,
2960 2026 3013 2071 et
3064 2016 3265 2070 nullum
3322 2020 3539 2085 penitus
3593 2018 3761 2084 potuit

2186 2121 2547 2161 commovere.
2581 2105 2729 2161 Tunc
2757 2106 2883 2160 fecit
2908 2106 2974 2161 de
3002 2107 3079 2161 eis
3107 2105 3504 2174 suggestionem
3532 2105 3761 2170 impera-

2191 2202 2396 2254 tiirihiis
2436 2200 2634 2269 quique
2678 2199 2887 2269 iussere
2915 2214 3009 2255 eos
3039 2199 3194 2254 tertio
3213 2198 3473 2268 torqueri.
3518 2197 3762 2266 Cumque

2192 2291 2334 2344 nulla
2388 2291 2591 2345 ratione
2636 2290 2897 2355 compulsi
2946 2288 3220 2353 cederent,
3265 2287 3546 2357 jusserunt
3586 2302 3681 2341 eos
3711 2286 3760 2341 in

2186 2397 2336 2434 mare
2368 2380 2668 2448 praecipites
2696 2379 2845 2434 dare.
2878 2380 3155 2434 lmmensis
3184 2379 3363 2449 itaque
3391 2378 3589 2432 arctati
3626 2393 3758 2444 pon-

2186 2473 2427 2537 deribus,
2463 2474 2631 2543 pelagi
2660 2472 2907 2529 ﬂuctibus
2931 2474 3038 2527 dati
3065 2478 3210 2537 sunt,
3244 2480 3303 2525 ut
3328 2471 3380 2526 in
3411 2472 3537 2527 loco
3567 2472 3764 2526 mundo

2194 2562 2329 2617 inter
2359 2578 2524 2631 aquas
2551 2578 2802 2619 coronam
2850 2564 3089 2633 martyrii
3130 2563 3492 2619 celebrarent.
3542 2563 3605 2616 In
3642 2563 3765 2617 Ale-

2192 2655 2411 2708 xaiidria
2452 2657 2619 2710 sancti
2662 2654 2907 2723 Panteni,
2938 2655 3036 2710 viri
3071 2653 3369 2723 apostolici.
3404 2653 3631 2707 Vienna:
3665 2652 3765 2706 Eo-

2187 2744 2294 2799 oldi
2322 2747 2585 2813 episcOpi.
2626 2746 2755 2801 Item
2803 2748 2856 2801 in
2902 2745 3221 2800 Alexandria
3266 2743 3441 2799 natale
3488 2743 3761 2809 Parnieni,

2190 2835 2357 2891 Eracli
2387 2878 2403 2905 ,
2458 2838 2623 2905 Elia,
2665 2838 2962 2908 Apollonii,
3011 2836 3220 2905 Anovi,
3287 2847 3344 2892 et
3387 2836 3622 2892 aliorum
3667 2835 3764 2891 de-

1753 2922 1978 2979 EDITIO
2018 2923 2513 2983 BOLLANDIANA.

575 3016 631 3072 5.
662 3015 832 3072 -ιΙΙΙ
865 3015 1059 3070 Nonas.
1099 3014 1262 3069 Vacat
1293 3014 1468 3069 Bicda.

574 3106 665 3170 D.,
695 3107 846 3178 Syria
868 3107 923 3178 S.
949 3114 981 3178 ξι
1012 3107 1194 3178 Donati
1225 3107 1492 3178 martyris.
1532 3105 1713 3178 Roma:
1737 3106 1764 3145 δ
1790 3106 1914 3162 Zoa:
1944 3122 2078 3162 uxo-

505 3178 581 3233 ris
605 3175 906 3232 Nicostrati.
935 3175 1001 3246 C.
1030 3176 1093 3229 V.
1114 3217 1129 3241 ,
1166 3177 1219 3230 In
1266 3175 1443 3230 Sicilia
1495 3176 1814 3246 Agathonis,
1848 3178 2078 3246 Tripho-

509 3250 613 3311 nis,
648 3247 915 3303 Feratoris
941 3245 1231 3316 [Feratoris
1260 3247 1311 3298 in
1342 3248 1450 3300 solo
1478 3245 1584 3316 6.],
1622 3247 1929 3310 Theodosii,
1976 3250 2077 3303 Se-

505 3317 746 3371 cundini.
779 3322 840 3371 A.
862 3316 925 3370 Τ.
958 3316 1042 3379 L.,
1072 3317 1126 3370 In
1147 3316 1326 3383 Tomis
1348 3316 1560 3371 civitate
1587 3318 1761 3371 natale
1780 3318 1875 3373 SS.
1900 3317 2076 3372 Theo-

507 3386 619 3441 doti
646 3396 700 3441 et
730 3387 1035 3456 Secundini.
1086 3389 1149 3439 A.
1185 3386 1272 3451 T.,
1306 3384 1361 3438 In
1395 3386 1709 3456 Alexandria
1751 3388 1810 3443 S.
1839 3387 2073 3456 ArpOIis.

506 3455 572 3510 T.
601 3457 659 3509 L.
693 3457 778 3519 D.,
808 3457 864 3509 In
892 3453 1067 3510 Sicilia
1113 3456 1283 3522 passio
1312 3456 1411 3511 SS.
1436 3455 1727 3525 Agathonis
1774 3472 1825 3512 ei
1850 3453 2079 3525 Tripha-

509 3525 612 3581 nis.
645 3526 729 3588 Β..
762 3526 814 3578 lu
841 3524 1022 3595 Tomis
1048 3525 1324 3588 Stratoris,
1349 3524 1650 3593 Theodori,
1682 3524 2083 3595 Rodofize,’Se-

510 3595 748 3651 cundini.
785 3595 838 3649 In
866 3594 1189 3649 Alexandria
1224 3595 1457 3663 Erpotis.

581 3690 634 3739 δ.
661 3715 732 3728 -
757 3688 800 3742 ιι
828 3686 1025 3741 Nonas.
1068 3696 1090 3725 ε
1120 3685 1269 3740 lsaia:
1318 3686 1588 3757 propheta
1633 3696 1687 3744 et
1715 3696 1915 3745 octavae
1953 3703 2086 3759 apo-

508 3780 791 3834 stolorum.

602 3871 790 3926 Florus
828 3872 879 3926 in
910 3874 975 3928 A.
1004 3871 1067 3925 Τ.
1098 3871 1159 3926 L.
1179 3912 1195 3938 ,
1223 3870 1406 3927 Romae
1449 3872 1624 3942 passio
1668 3872 1727 3929 S.
1754 3870 1781 3911 ά
1805 3874 2087 3944 Tranquil-

516 3962 633 4027 lini,
665 3961 835 4017 Patris
867 3963 976 4033 |A.,
1001 3960 1189 4033 Petris]
1217 3963 1376 4017 Muret
1402 3973 1456 4019 et
1482 3963 1801 4019 Marcelliani
1830 3986 1841 4019 :
1873 3967 1961 4034 qui
1992 3965 2090 4020 do-

514 4056 698 4111 ctrinis
726 4056 787 4111 B.
838 4057 1137 4111 Sebastiani
1168 4056 1653 4113 Christianissimus
1682 4058 1900 4113 effectus
1920 4101 1935 4124 ,
1964 4058 2090 4112 dum

2104 3019 2150 3080 C
2181 3018 2245 3071 ad
2299 3025 2323 3053 ε
2352 3017 2743 3073 confessionem
2786 3017 2849 3072 Β.
2905 3016 3053 3073 Pauli
3082 3016 3423 3084 accessisset,
3476 3031 3765 3087 perpessus

2186 3108 2424 3174 insidias,
2452 3118 2628 3165 tentus
2679 3118 2732 3164 et
2775 3123 2807 3162 a
2838 3108 3030 3178 populo
3057 3109 3335 3173 iapidatus,
3386 3119 3634 3162 mortuus
3660 3117 3764 3173 est,

2183 3210 2481 3267 corpusque
2506 3198 2619 3266 ejus
2649 3196 2902 3253 Tiberino
2945 3199 3134 3267 giirgiti
3185 3198 3570 3268 mancipatum.
3624 3199 3766 3254 Scri-

2186 3296 2333 3359 ptum
2373 3290 2426 3342 in
2452 3289 2614 3359 gestis
2645 3290 2703 3344 Β.
2738 3290 3056 3346 Sebastiani.

2258 3380 2342 3444 8.,
2376 3380 2429 3433 In
2459 3381 2609 3450 Syria
2642 3380 2829 3445 Zotici,
2864 3381 3107 3445 Amandi,
3136 3380 3358 3436 Arteris.
3393 3380 3767 3451 Augiistiduno

2186 3449 2452 3519 depOsitiO
2478 3449 2534 3506 S.
2569 3452 2775 3506 Leontii
2802 3453 3059 3519 episcopi.
3090 3455 3145 3504 ln
3174 3449 3505 3505 Alexandria
3536 3454 3764 3514 Arthoti,

2187 3520 2319 3591 Zeti.
2355 3521 2412 3574 Β.
2445 3519 2533 3587 L.,
2568 3522 2632 3574 Et
2661 3522 2711 3574 in
2739 3523 2901 3591 Binga
2930 3523 3105 3576 natale
3140 3521 3198 3577 S.
3233 3519 3254 3559 ί
3286 3521 3476 3577 Goaris
3505 3519 3595 3591 [Β.
3626 3522 3768 3576 (ἰδοο

2187 3589 2281 3659 ris]
2311 3591 2650 3646 confessoris.
2844 3589 2857 3591 ί
3498 3632 3501 3635 Α

2262 3686 2314 3739 7.
2337 3715 2405 3725 -—
2425 3684 2613 3739 Nosis.
2648 3684 2806 3739 Vacat
2835 3685 3012 3739 Baeda.

2262 3776 2322 3829 C.
2370 3775 2429 3829 Β.
2464 3775 2550 3845 γη
2594 3774 2647 3829 In
2697 3776 3007 3829 Alexandria
3060 3774 3387 3845 Parthemii,
3419 3772 3616 3828 Eraclii
3651 3771 3766 3845 [B.,

2193 3845 2455 3914 Apollonii
2476 3843 2492 3913 j
2517 3887 2531 3909 ,
2563 3845 2736 3917 Publii
2766 3860 2883 3899 cum
2928 3846 3045 3917 aliis
3073 3846 3254 3900 decem
3284 3845 3305 3917 [
3334 3843 3424 3917 Υ..
3455 3843 3685 3917 novent]
3716 3854 3771 3917 et

2195 3927 2335 3970 octo.
2370 3919 2431 3967 A.
2465 3916 2526 3968 Τ.
2561 3914 2643 3979 L.,
2692 3919 2745 3967 lu
2786 3916 3101 3971 Alexandria
3148 3914 3323 3970 natale
3351 3915 3453 3971 SS.
3488 3914 3769 3983 Apollonii

2199 3985 2308 4055 [L.,
2337 3984 2596 4055 Heraclei]
2619 4028 2633 4051 ,
2666 3984 2813 4039 Helei
2852 3996 2905 4040 et
2934 3985 3172 4039 Parmeni
3198 4025 3212 4047 ,
3244 3985 3496 4040 hactenus
3526 3991 3613 4047 A.,
3645 3998 3770 4037 ciim

2198 4058 2318 4110 aliis
2347 4055 2730 4110 novemdecim.
2764 4055 2847 4121 D.,
2875 4057 2938 4109 Et
2960 4057 3082 4109 alibi
3109 4056 3419 4121 Alexandri,
3449 4055 3768 4108 Partiiniuii.

1894 4149 2097 4207 SMITH
2138 4147 2367 4203 NOTAE.

531 4242 642 4293 dem
666 4238 847 4293 Totin
872 4240 1082 4308 imperio
1126 4240 1179 4293 in
1209 4237 1432 4295 Francia
1461 4242 1623 4309 capite
1655 4250 1963 4296 truncatum.
1997 4238 2096 4293 Ca-

519 4322 607 4380 put
643 4309 894 4380 Hispalim
925 4312 1171 4374 delatum,
1204 4312 1457 4363 civitatem
1487 4314 1657 4364 multis
1696 4311 2093 4373 calamitatibus,

2202 4238 2343 4306 quod
2371 4237 2508 4307 apud
2541 4238 2755 4293 Griecos
2795 4239 3140 4308 martyrium;
3191 4239 3429 4308 quamvis
3472 4254 3576 4293 non
3627 4240 3771 4295 idem

2207 4324 2423 4375 prorsus
2450 4309 2587 4377 apud
2616 4309 2754 4373 illos,
2787 4309 2873 4377 qui
2902 4310 3039 4373 apud
3072 4324 3188 4373 nos,
3220 4324 3403 4363 earum
3430 4324 3623 4361 vocum
3649 4326 3776 4365 sen-

515 4359 699 4448 rrluibus
729 4359 820 4432 Iioc
851 4389 954 4433 toto
986 4359 1241 4447 septennia
1272 4381 1608 4449 laboraverat,
1643 4384 1936 4434 asseruisse.
1964 4359 2096 4434 Cor:-
2127 4359 2175 4419 Ῑ)
2199 4359 2291 4432 sus
2328 4379 2416 4430 sit.
2450 4359 2580 4431 Nram
2625 4359 2820 4432 Grae'ci‘
2842 4359 3083 4449 martyrii
3113 4359 3346 4449 nomine
3390 4386 3774 4448 nonnunquam

523 4465 620 4517 pus
658 4466 685 4501 a
719 4449 777 4502 Β.
805 4451 1031 4520 Eusebio
1074 4452 1365 4505 Arelatensi
1413 4453 1662 4520 episcopo
1713 4453 1762 4505 in
1806 4450 2090 4520 Biturensi,

523 4522 638 4587 lege
660 4519 993 4573 ~Bituricensi
1017 4529 1100 4590 “et
1135 4520 1369 4590 iiitellige
1409 4536 1510 4574 non
1543 4522 1608 4575 de
1651 4522 1761 4587 ipsa
1790 4519 2090 4588 Metropoli,

519 4591 613 4660 sed
641 4590 707 4643 de
735 4590 836 4643 alia
867 4604 985 4660 qua:
1011 4588 1502 4660 ,V’astiuuin,'Vatan
1532 4592 1843 4659 appellatur,
1875 4593 2097 4660 civitate

521 4659 609 4727 pie
660 4658 949 4728 sepultum.
1000 4659 1128 4727 Ejus
1176 4660 1350 4728 passio
1396 4658 1721 4714 describitur
1769 4662 1907 4727 apud
1954 4658 2093 4713 Phil.

527 4730 727 4795 Labbe,
762 4730 895 4783 Bibl.
927 4728 1059 4782 Nov.
1091 4739 1219 4783 toni.
1244 4728 1309 4793 ll,
1335 4745 1387 4797 p.
1410 4731 1539 4793 4H,
1567 4730 1657 4793 qui
1682 4730 1755 4782 ait
1786 4739 2096 4796 persecuto-

520 4815 634 4853 rem
669 4800 912 4854 Lauriani
957 4800 1130 4866 potius
1172 4798 1452 4853 dicendum
1484 4801 1716 4870 Agilam,
1749 4801 1836 4866 qui
1888 4809 2011 4853 tunc
2041 4798 2094 4852 in

524 4870 777 4938 Hispania
805 4870 1140 4937 Wesegothis
1172 4879 1416 4936 praeerat,
1449 4884 1602 4935 quam
1632 4870 1882 4923 Totilam.

600 4946 627 4973 ⁸
658 4940 867 4994 Donati.
913 4938 1131 4993 Rei-tius
1158 4938 1391 5003 Domitii,
1420 4947 1475 4990 ut
1510 4947 1769 4992 testantur
1798 4938 2095 5001 Usuardus,

528 5010 667 5072 Ado,
695 5011 972 5074 Batonius,
1022 5010 1087 5061 de
1118 5022 1222 5076 quo
1243 5005 1401 5076 Greg.
1427 5007 1629 5061 Turon.
1660 5010 1727 5064 de
1756 5007 1934 5061 Gloria
1963 5023 2100 5061 mar-

526 5092 721 5151 tyrum,
740 5096 775 5144 ι,
803 5081 923 5151 ποι).
959 5080 1104 5151 llunc
1133 5077 1387 5151 Baronius
1418 5078 1595 5151 nescio
1622 5093 1722 5147 qua
1752 5080 1817 5133 de
1845 5094 2004 5133 causa
2031 5077 2099 5132 ab

526 5148 652 5217 isto,
676 5166 834 5219 quem
866 5149 1150 5215 Gregorius
1184 5149 1378 5219 laudat,
1413 5148 1706 5216 distinguit.

596 5223 624 5258 ι’
656 5216 783 5274 ibid.
814 5220 953 5274 Zow.
988 5219 1061 5272 De
1090 5232 1150 5271 ea
1182 5216 1349 5285 pridie
1374 5218 1644 5286 agebatur.

603 5304 624 5330 ε
654 5289 831 5345 Isaiae.
863 5293 958 5356 Qui
991 5289 1087 5343 sub
1113 5288 1351 5341 Manassc
1382 5303 1502 5355 rege
1523 5300 1707 5341 seems
1737 5287 1786 5339 in
1817 5287 1950 5341 duas
1978 5301 2099 5356 par-

529 5369 609 5414 tes
634 5361 903 5423 occubuit,
928 5360 1271 5426 sepultusque
1295 5366 1378 5411 est
1402 5359 1500 5411 sub
1526 5372 1723 5426 quercu
1750 5357 1914 5426 Rogel
1939 5356 2095 5426 juxta

528 5432 807 5484 transitum
836 5446 1113 5497 aquarum.
1161 5428 1441 5481 Banomus.

604 5503 629 5541 d
666 5494 1025 5569 Tmnquiflini.
1054 5497 1339 5553 VideiActa
1364 5495 1661 5554 Sebastiani
1690 5495 1828 5567 apud
1857 5494 2093 5550 Bollaiid.

530 5569 617 5624 die
647 5586 671 5621 κ
686 5586 713 5620 it
744 5569 1004 5624 Januarii.

603 5649 626 5676 σ
658 5640 1055 5706 (ἐυηίεεδῐοηρηι.
1096 5638 1375 5696 Confessio
1413 5637 1548 5710 apud
1579 5638 1792 5696 Latinos
1824 5635 1962 5693 idem
1993 5643 2095 5701 est,

2200 4455 2363 4501 totam
2398 4448 2671 4502 Basilicam
2722 4448 3043 4518 martyribus
3072 4448 3301 4501 dicatam
3350 4452 3640 4516 appellant.
3678 4451 3772 4503 La-

2202 4518 2294 4570 tini
2328 4532 2452 4572 vero
2483 4529 2681 4586 partem
2725 4527 2925 4571 tantum
2965 4519 3109 4570 illam
3151 4519 3206 4570 in
3246 4519 3490 4577 ecclesia.
3524 4520 3613 4573 ubi
3647 4537 3777 4573 con-

2199 4588 2325 4641 diia:
2364 4597 2488 4641 sunt
2526 4588 2764 4656 reliquiae
2807 4588 2904 4641 sub
2946 4588 3121 4651 altari,
3155 4603 3257 4641 non
3298 4589 3467 4657 ipsam
3510 4590 3775 4655 integram

2199 4658 2481 4739 ecclesiam
2554 4659 2825 4727 appellant
2894 4659 3305 4713 confessionem.
3388 4659 3665 4713 BARONIUS
3722 4662 3775 4713 in

2200 4737 2360 4780 notis.

2276 4795 2528 4851 ‘Goari'a.
2581 4797 2636 4851 ln
2689 4810 2822 4867 pago
2867 4796 3191 4852 Trevirensi.
3247 4798 3349 4865 Qui
3398 4799 3450 4851 in
3498 4799 3777 4867 provincia

2202 4867 2503 4936 Aquitaniae
2531 4877 2702 4931 ortus,
2750 4867 3076 4935 temporibus
3102 4867 3393 4924 Hildeberti
3436 4874 3577 4938 regis
3608 4870 3776 4923 Fran-

2199 4950 2385 4990 corum
2421 4940 2638 5007 patriam
2673 4947 3021 5004 parentesque
3045 4938 3304 5003 deseruit,
3336 4950 3390 4993 et
3420 4940 3472 4993 in
3503 4940 3776 5007 provincia

2201 5021 2319 5073 qua:
2371 5007 2554 5058 lilieno
2604 5006 2805 5060 flumini
2854 5009 3123 5073 contigua,
3164 5008 3402 5075 Trigoria
3450 5006 3775 5077 appellatur,

2200 5087 2359 5143 atque
2407 5078 2470 5127 ad
2501 5077 2757 5130 dimi-esin
2791 5080 3022 5143 pertinet
3050 5078 3412 5142 Trevirorum,
3451 5080 3563 5133 Deo
3592 5080 3779 5132 deser-

2200 5146 2313 5198 vire
2345 5146 2600 5201 decrevit.
2638 5146 3012 5213 Episcopatum
3044 5146 3412 5203 Trevirensem
3451 5149 3555 5203 sibi
3585 5163 3777 5215 magna

2202 5215 2449 5269 instantia
2480 5217 2736 5280 oblatum,
2770 5218 2962 5270 nedum
2993 5220 3275 5282 recusavit,
3306 5221 3398 5272 sed
3429 5233 3497 5272 ne
3525 5219 3596 5272 ad
3628 5220 3777 5273 illum

2203 5286 2501 5337 traliereiiir
2552 5288 2764 5348 invitus,
2819 5302 2847 5338 a
2879 5286 2989 5339 Deo
3037 5288 3263 5340 obtinuit
3308 5289 3441 5341 intra
3488 5288 3777 5341 terminum

2200 5353 2270 5406 20
2301 5356 2505 5407 dierum
2535 5356 2615 5408 sui
2646 5359 2885 5421 corporis
2913 5355 3255 5411 solutionem.
3295 5358 3499 5425 Corpus
3524 5370 3707 5411 autem
3745 5371 3777 5409 a

2201 5426 2406 5494 duobus
2437 5425 2759 5494 presbyteris
2800 5427 2959 5479 sociis
3005 5430 3137 5488 suis,
3165 5441 3219 5480 et
3259 5429 3326 5480 ab
3355 5428 3477 5481 aliis
3508 5430 3779 5493 sepultum

2201 5492 2302 5547 fuit
2353 5498 2402 5547 in
2432 5492 2617 5549 eadem
2648 5495 2873 5549 ecclesia
2904 5510 3060 5562 quam
3112 5496 3224 5563 ipse
3253 5492 3611 5553 mdificavcrat
3639 5511 3780 5551 anno

2203 5563 2410 5620 Domitii
2440 5563 2563 5621 600.
2597 5565 2766 5620 Perit.
2793 5580 2859 5621 υε
2886 5565 3098 5621 Non!”
3130 5569 3286 5622 UtllN.
3316 5568 3441 5623 Ssx.
