3988 6346
250 282 351 339 969

1360 256 1566 338 'SECT.
1610 281 1670 336 ιι.
1710 257 1783 326 '_'
1818 283 2373 343 MARTYROIDGIA.

3383 282 3484 342 970

1529 394 1752 450 EDITIO
1790 397 2252 455 COLONIENSIS.

244 497 359 539 cem
389 491 445 539 et
472 496 683 539 novem.
729 483 928 541 Eodem
976 483 1062 541 die
1103 485 1272 540 sancti
1298 483 1566 541 Wilibaldi
1610 486 1818 543 confes-
1843 506 1894 563 Α
1921 491 2088 544 sancti
2139 491 2368 548 Zenonis
2405 494 2675 565 martyris,
2708 503 2762 549 et
2784 492 3008 549 aliorum
3038 492 3223 549 decem
3255 492 3479 549 miilium

245 590 403 630 801⁵18.

313 664 381 738 C.
427 665 537 721 Vill
582 665 701 723 Inus
745 668 902 723 Jour.
944 667 1000 722 In
1047 683 1178 738 pago
1228 670 1487 734 Austrirc,
1544 678 1598 724 et
1643 680 1817 727 castro

243 757 460 811 nomine
486 757 977 829 Wircibnrg,,juxta
998 759 1210 814 Menum
1237 760 1448 815 ﬂuvium
1482 762 1604 827 sito,
1639 764 1815 817 natale

242 849 414 902 sancti
443 848 640 903 Kiliani
681 850 953 920 martyris,
1002 859 1057 905 et
1100 850 1323 906 duorum
1371 852 1631 905 sociorum
1680 854 1817 921 ejus,

242 938 327 1006 qui
373 939 441 992 ab
482 939 728 994 Hibernia
777 940 1059 995 Scotorum
1090 941 1260 995 insula
1296 941 1586 1007 venientes,
1621 957 1815 998 nomen

240 1024 441 1082 Christi
488 1029 540 1083 in
588 1030 858 1099 praedictis
887 1031 1019 1085 locis
1051 1032 1492 1102 prirdicaverunt,
1541 1036 1715 1104 ibique
1747 1038 1817 1092 ob

238 1119 484 1174 veritatis
530 1122 925 1177 confessionem
960 1123 1059 1177 sub
1087 1125 1316 1192 quodam
1344 1126 1523 1192 judice
1547 1127 1815 1183 Gozberto

240 1213 497 1268 trucidati
541 1224 686 1280 sunt,
734 1225 789 1269 et
834 1215 1014 1269 multis
1062 1226 1244 1285 postea
1283 1217 1449 1287 signis
1477 1220 1588 1273 veri
1616 1219 1814 1276 Christi

236 1314 505 1374 martyres
533 1319 654 1362 esse
681 1306 1008 1361 claruerunt.
1040 1305 1096 1359 In
1131 1306 1411 1361 Palaestina
1443 1310 1618 1364 natale
1643 1312 1813 1366 sancti

235 1394 509 1465 Procopii,
552 1396 701 1466 quia
728 1397 971 1467 Nicopoli
1020 1398 1213 1453 ductus
1252 1397 1573 1468 Cazsaream,
1612 1402 1679 1456 ad
1704 1404 1813 1469 pri-

234 1503 379 1543 mam
433 1490 839 1559 responsionum
887 1490 1287 1551 confidentiam.
1334 1492 1466 1547 irato
1497 1492 1677 1562 judice
1705 1494 1810 1548 Fac

233 1580 415 1648 hiano,
448 1583 620 1651 capite
648 1597 819 1638 caesus
846 1591 949 1637 est.
983 1583 1136 1649 Apud
1180 1580 1357 1637 Asiam
1393 1584 1650 1639 minorem
1682 1599 1809 1639 san-

231 1680 442 1725 ctorum
499 1671 701 1741 Aquilae
735 1664 799 1727 'et
844 1671 1103 1727 Priscilla:
1150 1673 1333 1727 uxoris
1386 1673 1522 1742 ejus,
1578 1689 1803 1743 quorum

230 1757 407 1815 Lucas
437 1762 488 1814 in
519 1762 738 1816 Actibus
767 1762 1134 1830 apostolorum
1167 1762 1427 1816 meminit.

1922 579 2265 637 ducentorum
2291 594 2344 639 et
2377 585 2556 640 trium.
2589 585 2643 641 In
2666 585 2879 641 civitate
2906 584 3049 653 Tyro
3078 582 3252 639 natale
3276 594 3486 640 sancto-

1924 686 2040 726 rum
2070 674 2361 729 Anatholiae
2388 683 2441 731 et
2470 679 2715 737 Audaris.
2768 678 2865 729 sub
2922 674 3083 732 Decio
3136 674 3483 745 imperatore.

1898 757 2133 827 Quorum
2163 761 2445 818 Anatholia
2485 779 2608 820 cum
2633 766 2828 819 multos
2864 765 2916 820 in
2950 765 3148 821 Piceno
3168 766 3365 835 oppido
3397 768 3483 822 in-

1904 849 2111 919 ﬁrmos,
2136 851 2397 909 Innaticos
2420 869 2481 910 ac
2508 856 2870 912 dmmoniacos
2914 868 3178 925 curasset,
3210 857 3366 913 ducta
3387 867 3491 924 est,

1895 944 2118 1015 jubente
2149 948 2511 1018 Faustiniano,
2558 952 2624 1005 ad
2675 952 2941 1007 civitatem
2971 952 3192 1023 Tyrum,
3236 962 3292 1008 et
3320 950 3495 1007 diver-

1866 1036 1983 1091 sis
2040 1039 2309 1108 plagarum
2352 1041 2638 1110 generibus
2682 1051 2912 1109 vexata;
2968 1042 3159 1097 deinde
3198 1058 3320 1097 cum
3376 1056 3493 1097 ser-

1902 1138 2062 1197 pente
2082 1140 2191 1186 tota
2219 1142 2374 1189 nocte
2407 1134 2631 1200 inclusa,
2664 1135 2793 1189 nihil
2826 1136 2950 1191 laesa
2978 1144 3081 1203 est,
3099 1137 3225 1206 quin
3241 1144 3296 1191 et
3317 1135 3490 1205 ipsum

1899 1218 2153 1290 Marsum,
2183 1224 2270 1293 qui
2298 1236 2598 1294 serpentem
2632 1227 2932 1290 dimiserat.
2953 1230 3166 1283 nomine
3200 1230 3491 1283 Audacem.

1914 1318 2073 1359 mane
2112 1320 2143 1359 a
2181 1321 2277 1361 suo
2321 1318 2571 1378 serpente
2616 1306 3002 1374 devorandum,
3049 1308 3263 1379 eripuit,
3314 1318 3369 1363 et
3414 1311 3480 1364 ad

1910 1395 2178 1453 Christum
2226 1400 2655 1472 martyriumque
2697 1402 2983 1457 convertit.
3039 1400 3169 1457 Nam
3199 1402 3313 1470 ipse
3360 1409 3482 1470 post

1913 1487 2026 1543 haec
2050 1490 2118 1544 ob
2146 1490 2537 1546 confessionem
2594 1492 2832 1547 veritatis
2872 1493 2927 1548 in
2966 1492 3256 1549 custodiam
3292 1492 3478 1557 .datus,

1912 1596 2011 1637 nec
2040 1597 2189 1637 mora
2218 1583 2430 1650 capitali
2460 1572 2721 1639 sententia
2750 1592 2833 1641 est
2859 1595 3165 1641 coronatus.
3200 1585 3313 1653 Ipsa
3342 1598 3481 1651 quo-

1910 1691 2014 1749 que
2040 1677 2187 1746 virgo
2223 1676 2421 1733 Christi
2469 1677 2920 1745 transverberata,
2954 1692 3071 1733 cum
3100 1684 3265 1731 staret
3292 1685 3482 1729 exten-

1910 1771 1989 1825 sis
2038 1772 2281 1826 manibus
2309 1771 2362 1825 in
2393 1772 2653 1837 oratione,
2706 1771 2775 1825 ita
2824 1778 2882 1824 ut
2926 1784 3022 1839 per
3066 1769 3309 1823 dextrum
3341 1767 3483 1820 latus

308 1855 379 1907 A.
418 1852 508 1908 Vl
540 1852 657 1909 Inus
694 1852 857 1910 Ιυιιι.
897 1851 1085 1907 Romae
1127 1852 1194 1908 ad
1242 1852 1459 1909 Guttam
1506 1866 1807 1912 manantem
1840 1848 2117 1930 Bgladius
2167 1862 2402 1928 missus,
2450 1874 2545 1929 per
2591 1860 2869 1915 sinistrum
2917 1860 3108 1925 exiret,
3152 1857 3355 1924 sepulta
3400 1861 3484 1910 est

1487 1952 1710 2022 EDITIO
1751 1968 2250 2025 BOLLANDIANA.

232 2074 322 2138 D.,
359 2071 683 2145 Alexandria
710 2070 779 2145 8ζ
800 2070 1316 2145 ιΡειιιιθηῂδΒοῃιθε,
1347 2082 1633 2145 martyrum
1664 2074 1687 2112 δ
1712 2075 1807 2129 Ni-

229 2143 450 2196 costrati
473 2184 488 2208 ,
524 2141 714 2203 Primi,
746 2140 965 2208 Sesinii,
999 2152 1021 2180 ο
1045 2141 1244 2196 Claudii
1274 2140 1801 2210 commentariensis,

230 2213 461 2267 Castorii
486 2252 501 2278 ,
539 2212 787 2266 Victorini
814 2251 828 2271 .
878 2212 1244 2281 Symphoriani
1272 2254 1286 2278 ,
1329 2227 1462 2280 quos
1514 2216 1570 2266 Β.
1609 2215 1806 2269 Sebas-

230 2285 410 2336 tianus
451 2283 676 2354 credere
718 2282 987 2335 Christum
1030 2283 1245 2347 docuit,
1294 2292 1348 2337 et
1386 2282 1443 2338 S.
1478 2284 1803 2354 Polycarpus

229 2354 511 2423 presbyter
542 2352 842 2422 baptizavit.

303 2441 589 2498 8.—Vlll
644 2441 781 2496 lous.
828 2441 1013 2498 Natale
1052 2439 1341 2512 dProc0pii
1390 2444 1441 2497 in
1490 2442 1801 2513 Palaestina,

227 2535 319 2603 qui
353 2535 423 2589 ab
446 2533 758 2605 Scythopoli
788 2534 975 2588 ductus
1002 2533 1317 2599 Ciesaream,
1342 2535 1408 2591 ad
1436 2538 1659 2604 primam
1690 2554 1804 2594 res-

230 2626 552 2695 ponsionum
587 2627 699 2694 ejus
729 2625 1101 2681 confidentiam
1134 2625 1269 2697 irato
1298 2620 1482 2684 Judice
1513 2630 1803 2699 Flaviano,

226 2717 403 2783 capite
431 2729 602 2770 caesus
627 2724 726 2770 est.

304 2804 389 2867 Β..
446 2803 681 2874 Angusta
710 2802 1112 2859 Virmandorum
1165 2806 1399 2862 inventio
1447 2807 1687 2874 corporis
1738 2809 1797 2865 S.

231 2873 514 2945 _°Qnint_ini
564 2874 853 2945 martyris.
887 2876 950 2928 Et
999 2876 1125 2930 alibi
1170 2876 1421 2945 Agresti,
1466 2873 1701 2933 Primuli.
1747 2880 1806 2935 In

226 2943 389 2998 Nicea
422 2943 668 3009 Sostrati,
701 2944 898 2998 Eradii.

300 3033 453 3089 9.—
476 3033 567 3089 VII
616 3032 752 3090 Inus.
786 3035 843 3090 In
890 3035 1101 3091 civitate
1150 3035 1349 3108 fTyras
1399 3037 1494 3111 [V.
1528 3038 1704 3095 Terre.
1742 3039 1805 3095 T.

224 3123 431 3196 Thyro.
466 3125 530 3179 L.
559 3122 761 3198 Tiriae],
792 3128 970 3183 natale
999 3128 1099 3184 SS.
1132 3128 1423 3185 Anathoiia:
1465 3139 1519 3185 et
1573 3132 1805 3190 Audacis

1904 2080 2004 2134 sub
2036 2078 2196 2133 Decio
2226 2080 2577 2149 imperatore;
2603 2095 2829 2150 quorum
2857 2080 3159 2146 Anatholia,
3192 2096 3311 2137 cum
3338 2085 3475 2139 mul-

1905 2176 1988 2222 tos
2040 2168 2091 2221 in
2138 2165 2330 2225 Piceno
2380 2170 2659 2237 inﬁrmos,
2709 2171 2968 2226 lunaticos
3016 2186 3077 2226 ac
3122 2172 3478 2229 daemoniacos

1903 2270 2180 2325 curasset;
2220 2260 2378 2315 ducta
2406 2271 2487 2316 eSt
2518 2262 2737 2331 jubente
2769 2262 3073 2317 Festiniano
3107 2263 3171 2316 ad
3204 2263 3477 2319 civitatem

1905 2350 2076 2421 Tyra},
2105 2360 2157 2405 et
2181 2351 2406 2407 diversis
2436 2352 2706 2421 plagarum
2734 2353 3017 2421 generibus
3038 2363 3245 2408 vexata.
3274 2354 3477 2410 Deinde

1905 2459 2025 2499 cum
2074 2451 2327 2514 serpente
2378 2453 2485 2498 tota
2535 2454 2688 2499 nocte
2735 2444 2935 2499 inclusa
2963 2483 2979 2509 ,
3010 2443 3138 2499 nihil
3188 2445 3313 2499 laesa
3355 2454 3475 2500 est:

1905 2534 2030 2604 quin
2061 2544 2115 2589 et
2143 2538 2315 2605 ipsum
2349 2534 2671 2597 ministrum,
2702 2536 2790 2603 qui
2822 2531 3120 2605 serpentem
3152 2536 3469 2604 immiserat,

1907 2629 2119 2682 nomine
2149 2627 2444 2693 Audacem,
2472 2640 2625 2679 mane
2652 2642 2678 2678 a
2709 2641 2806 2680 suo
2837 2635 3086 2694 serpente
3113 2627 3473 2681 devorandum

1906 2720 2121 2787 eripuit,
2149 2728 2202 2773 et
2229 2720 2295 2773 ad
2316 2721 2515 2776 Christi
2538 2721 2844 2790 martyrium
2872 2722 3147 2777 convertit.
3180 2720 3471 2794 (Hactenus

1911 2815 2001 2884 A.)
2031 2814 2160 2868 Nam
2190 2816 2301 2883 ipse
2331 2825 2452 2883 post
2498 2817 2598 2869 hoc
2626 2816 2695 2869 ob
2732 2816 3116 2871 confessionem
3150 2817 3387 2871 veritatis
3420 2817 3471 2872 in

1910 2906 2207 2961 custodiam
2236 2908 2410 2969 datus,
2452 2922 2549 2961 nec
2578 2921 2751 2972 mora,
2782 2906 2993 2976 capitali
3025 2907 3284 2961 sententia
3315 2923 3472 2963 coro-

1914 3007 2069 3052 natus
2114 3008 2213 3053 est.
2246 2999 2362 3068 Ipsa
2406 3014 2613 3068 quoque
2644 2999 2802 3068 Virgo
2837 2999 3031 3053 Christi
3077 3000 3251 3069 gladio
3299 3008 3471 3053 trans.

1913 3090 2190 3146 verberata
2219 3098 2303 3147 est
2325 3133 2338 3157 ,
2371 3104 2492 3145 cum
2532 3097 2699 3145 staret
2725 3089 2957 3145 extensis
2986 3091 3227 3145 manibus
3264 3090 3317 3145 in
3344 3105 3471 3145 ora-

303 3319 329 3347 ι
367 3310 599 3366 Pantem'.
652 3310 841 3366 Stoicae
893 3317 1050 3365 secta:
1105 3310 1445 3379 philosophi,
1498 3312 1585 3379 qni
1615 3221 2104 3381 ῗῗιίἒῖεξίοᾟῖῗῗιι
2133 3310 2253 3365 Idus
2285 3310 2472 3365 Julias.
2505 3310 2672 3365 Graeci
2708 3325 2922 3380 quoque
2963 3310 3062 3365 hoc
3100 3312 3215 3380 ipso
3242 3312 3331 3367 die
3358 3328 3467 3367 me-

226 3385 514 3450 quamdam
567 3391 800 3436 veterem
849 3382 901 3433 in
948 3382 1264 3435 Alexandria
1310 3383 1790 3450 consuetudinem,

229 3455 319 3507 ubi
347 3467 377 3504 a
410 3452 587 3506 Marco
632 3452 954 3519 evangelista
987 3465 1199 3520 semper
1244 3451 1591 3505 ecclesiastici
1644 3451 1795 3508 fuere

228 3524 522 3586 doctores,
578 3530 736 3575 tanta:
785 3522 1075 3589 prudentia:
1123 3529 1176 3573 et
1222 3522 1535 3575 eruditionis
1588 3532 1691 3576 tam
1746 3526 1796 3578 in

231 3592 532 3660 Scripturis
561 3593 751 3645 divinis
780 3605 936 3659 quam
968 3595 1018 3644 in
1065 3591 1303 3644 saeculari
1339 3593 1631 3646 litteratura
1662 3593 1793 3658 fuit,

231 3674 291 3716 ut
326 3664 379 3715 in
412 3662 611 3715 lndiam
638 3676 873 3732 quoque;
898 3671 1111 3732 regatus
1141 3661 1209 3715 ab
1246 3660 1385 3714 illius
1415 3664 1584 3729 gentis
1611 3664 1797 3732 legatis

229 3748 260 3786 a
320 3732 588 3785 Demetrio
641 3730 983 3784 Alexandriai
1020 3731 1268 3798 episc0po
1316 3730 1796 3798 mitteretur;_ubi

233 3804 442 3868 reperit
469 3800 910 3854 Bartholoinasum
955 3801 1020 3853 de
1065 3802 1340 3855 duodecim
1391 3804 1647 3869 apostolis
1697 3803 1793 3856 ad-

229 3883 452 3931 ventum
482 3872 688 3925 Domini
715 3870 837 3924 .Iesu
864 3872 1011 3938 juxta
1038 3870 1263 3924 Matthiei
1287 3870 1627 3938 Evangelium
1661 3887 1796 3938 prte-

228 3943 443 3995 dicasse
466 3981 480 4003 ,
510 3942 647 4008 quod
680 3940 953 3995 Hebraicis
981 3942 1168 3994 litteris
1198 3941 1486 4007 scriptum,
1520 3951 1795 3996 revertens

229 4013 632 4078 Alexandriam,
657 4027 835 4065 secum
859 4012 1066 4065 detulit.
1095 4011 1282 4063 Docuit
1301 4012 1399 4064 sub
1425 4012 1624 4065 Severo
1650 4014 1797 4078 prin-

226 4083 353 4149 cipe
383 4089 437 4134 et
464 4082 732 4135 Antonino
758 4090 1107 4149 cognomento
1135 4080 1425 4149 Caracalla.
1460 4080 1579 4134 Fuit
1602 4082 1798 4136 etCle-

232 4148 433 4204 mentis
476 4148 840 4220 Alexandrini
864 4161 1173 4220 praeceptor.
1208 4148 1422 4204 Hieron.
1457 4152 1508 4203 in
1541 4152 1792 4220 Catalogo

227 4225 417 4287 Seript.
449 4222 578 4275 eccl.
613 4222 801 4275 Euseb.
830 4219 965 4274 Hist.
994 4237 1042 4283 v,
1077 4221 1159 4286 10,
1190 4222 1274 4275 II.

309 4290 335 4327 b
368 4288 648 4327 Νῐηηιηηό
722 4292 882 4327 Man-ili
934 4291 970 4327 Ω
1037 4290 1158 4327 Ὶηειι
1233 4306 1349 4327 mvn
1395 4304 1551 4327 cum-ca
1602 4290 1701 4327 οτιΙί

360 4288 667 4345 Nicostrati.
720 4292 883 4344 Mariti
934 4291 990 4344 S.
1037 4290 1199 4353 Zom,
1233 4306 1349 4359 quae
1395 4304 1551 4356 supra
1602 4290 1794 4345 colitur

225 4376 279 4413 iv
315 4361 451 4414 Non.
486 4359 628 4414 Julii.
680 4361 798 4415 Fuit
848 4371 900 4414 et
948 4362 1047 4431 hic
1081 4361 1464 4428 primiscriuius
1490 4400 1506 4427 ,
1555 4376 1649 4429 pro
1687 4375 1793 4431 quo

230 4435 372 4484 male
393 4431 641 4484 scribitur
673 4432 850 4495 Primi,
883 4430 1093 4484 Sesinii.

310 4512 333 4537 ο
360 4500 586 4555 Claudii.
614 4501 687 4553 De
715 4501 795 4553 his
824 4503 1066 4553 omnibus
1094 4499 1345 4565 scriptum
1377 4510 1458 4554 est
1484 4500 1533 4553 in
1556 4500 1702 4554 Actis
1729 4500 1789 4557 S.

230 4571 529 4625 Sebastiani
575 4570 712 4639 apud
763 4571 1068 4623 Bollandum
1115 4571 1269 4623 editis
1302 4587 1369 4622 xx
1400 4570 1656 4624 Januarii.
1703 4572 1791 4625 Di-

239 4642 382 4721 versi
415 4642 629 4724 oiumino
654 4651 774 4693 sunt
804 4639 1081 4724 hilabjllis
1113 4641 1568 4720 tuartyribus,'qtti
1601 4641 1786 4724 iisdem
1816 4664 1868 4724 D

234 4711 539 4763 numinibus
568 4719 691 4763 sunt
727 4710 994 4779 appellati,
1027 4720 1080 4761 et
1119 4725 1339 4776 quorum
1387 4710 1559 4776 agitur
1604 4712 1791 4765 natalis

233 4783 459 4833 interius
508 4780 572 4831 ad
618 4795 667 4832 v1
714 4780 832 4833 ldus
862 4779 1114 4833 Novemb.
1166 4790 1318 4847 prout
1362 4779 1569 4834 diversa
1607 4795 1789 4836 eorum

232 4857 366 4904 Acta
398 4850 689 4903 declarant.

306 4920 332 4955 ά
360 4918 621 4988 ProcOpii.
657 4919 943 4987 Procopius
968 4918 1125 4971 domo
1152 4919 1248 4973 fuit
1275 4919 1553 4985 Eliensis,
1587 4920 1792 4974 habita-

233 4990 303 5043 vit
358 5004 485 5043 vero
529 4990 835 5058 Scythopoli
864 5030 877 5054 ,
910 4999 1066 5056 atque
1114 4991 1164 5041 in
1212 5004 1272 5043 ea
1322 4992 1450 5044 urbe
1500 4994 1662 5045 lector
1700 4991 1795 5045 fuit

234 5070 396 5128 atque
424 5070 703 5121 exoretsta,
723 5068 775 5113 et
800 5072 975 5111 sacras
997 5058 1295 5125 Scripturas
1320 5075 1435 5128 qua:
1467 5058 1654 5114 Graeco
1680 5075 1794 5114 ser-

235 5145 397 5183 mone
428 5132 479 5181 in
506 5131 729 5183 ecclesia
758 5130 1084 5196 legebantur,
1118 5131 1437 5194 vernacula,
1474 5131 1523 5183 id
1551 5140 1635 5186 est
1661 5132 1793 5199 Syra

236 5203 414 5267 lingua
443 5241 456 5263 ,
492 5199 627 5265 plebi
671 5200 1041 5266 interpretatus
1070 5209 1167 5252 est.
1211 5200 1470 5253 Eusebius
1516 5203 1569 5254 in
1618 5201 1794 5255 libello

232 5272 302 5324 de
332 5269 644 5339 Martyribus
674 5267 965 5339 Palaestina:
995 5283 1110 5331 cap.
1140 5284 1176 5336 ι,
1212 5271 1353 5322 hunc
1383 5280 1536 5324 vocat
1566 5271 1791 5337 primum

235 5355 302 5393 ex
345 5336 660 5409 martyribus
689 5336 981 5390 Palmstinae
1006 5378 1021 5401 ,
1054 5340 1312 5409 docetque
1339 5354 1460 5392 eum
1493 5336 1791 5394 truncatum

235 5424 356 5463 esse
393 5408 495 5463 die
522 5419 710 5460 octavo
756 5409 950 5460 mensis
994 5408 1172 5473 Desii,
1202 5410 1302 5462 hoc
1331 5421 1449 5474 est,
1482 5420 1538 5463 ut
1568 5411 1791 5464 Romani

236 5482 419 5532 dicunt
444 5517 462 5543 ,
492 5487 612 5530 ante
645 5477 782 5530 diem
810 5478 1091 5541 septimum
1120 5478 1239 5531 Idus
1268 5479 1450 5532 Iunias
1476 5497 1488 5532 :
1517 5479 1791 5548 Inscriptio

238 5548 396 5616 hujus
425 5554 676 5601 Actorum
710 5563 757 5599 tv
790 5548 965 5599 Nonas
994 5548 1212 5615 Augusti
1241 5551 1470 5603 natalem
1498 5552 1636 5603 diem
1665 5565 1792 5602 con-

234 5618 447 5686 signat:
479 5622 606 5671 Acta
651 5617 765 5684 ipsa
795 5616 971 5686 Nonas
1015 5617 1200 5673 .lnlias.
1230 5620 1285 5672 In
1325 5620 1570 5673 omnibus
1617 5631 1793 5673 tamen

237 5685 616 5758 ilartyrologiis
666 5685 854 5739 natalis
902 5689 961 5738 Β.
1021 5688 1257 5756 Procopii
1308 5691 1661 5745 celebrandus
1714 5698 1795 5744 est

517 5801 786 5862 PATBUL.
834 5798 1046 5859 XCIV.

1901 3385 2125 3437 moriam
2165 3381 2437 3437 celebrant
2486 3382 2661 3449 magni
2709 3383 2955 3450 martyris
2986 3381 3225 3446 Procopii
3255 3422 3269 3445 ,
3302 3392 3359 3435 ut
3388 3386 3467 3435 vi-

1898 3454 2026 3508 dere
2074 3463 2155 3507 est
2206 3453 2257 3505 in
2307 3466 2491 3507 eorum
2539 3450 2755 3505 Menmo.
2793 3451 2984 3504 Verum
3034 3452 3133 3504 iste
3177 3451 3466 3519 Proc0pius

1900 3525 2053 3591 longe
2080 3524 2321 3577 diversus
2344 3531 2423 3575 est
2449 3536 2477 3574 a
2507 3531 2719 3587 nostro,
2754 3522 2877 3575 licet
2902 3520 3159 3575 IEliensis
3191 3520 3382 3588 fuerit,
3413 3534 3469 3579 et

1898 3594 2084 3647 eodem
2119 3593 2230 3645 fere
2265 3601 2504 3658 tempore
2532 3593 2823 3660 eademque
2853 3591 2905 3644 in
2937 3592 3149 3645 civitate
3180 3605 3369 3659 passus
3392 3595 3463 3648 sit

1900 3679 2001 3732 qua
2020 3661 2212 3715 'noster
2235 3662 2546 3732 Procopius.
2573 3662 2699 3715 Nam
2727 3664 2808 3714 hic
2829 3662 3041 3732 quidem
3065 3674 3264 3726 noster,
3293 3663 3461 3717 lector

1898 3724 2054 3802 atque
2081 3731 2345 3802 exorcista
2380 3724 2496 3802 l'ii'it,
2526 3740 2582 3783 ut
2614 3724 3133 3802 testatur'Eusebius.
3157 3724 3305 3785 Alter
3332 3748 3458 3788 vero

1899 3800 1987 3856 ille
2014 3842 2028 3865 ,
2069 3806 2175 3858 dux
2214 3801 2312 3854 fuit
2353 3801 2589 3870 .Egypti.
2623 3801 2772 3854 Prior
2813 3800 3145 3854 Christianus
3187 3815 3216 3853 a
3259 3817 3463 3868 puero;

1899 3873 2032 3924 alter
2059 3873 2209 3925 initio
2237 3870 2333 3923 fuit
2359 3872 2657 3924 daemonum
2686 3871 2878 3924 cultor.
2905 3870 3096 3923 Noster
3117 3872 3271 3926 nullis
3299 3886 3457 3926 vexa-

1900 3949 1982 3994 tus
2013 3942 2288 3994 tormentis
2316 3941 2488 4005 gladio
2513 3942 2671 3992 vitam
2705 3940 2899 4003 amisit,
2927 3939 3240 3993 brevissimo
3272 3944 3457 3995 mortis

1895 4025 2089 4079 genere
2118 4024 2371 4079 coronam
2399 4009 2637 4073 martyrii
2667 4012 3005 4079 promeritus.
3033 4010 3180 4079 Alter
3211 4024 3335 4062 vero
3362 4010 3457 4064 ille

1895 4077 2144 4135 diuturno
2188 4093 2249 4132 ac
2295 4078 2604 4132 diflicillimo
2659 4078 2910 4146 martyrio
2959 4077 3265 4145 perfunctus
3298 4118 3312 4141 ,
3356 4081 3455 4134 sub

1895 4151 2102 4203 duobus
2132 4150 2429 4203 PalaeStinaa
2461 4148 2772 4216 praesidibus
2800 4148 2950 4200 Justo
2974 4156 3027 4201 et
3054 4146 3307 4202 Flaviano
3336 4164 3456 4216 gra-

1896 4221 2109 4274 vissima
2158 4230 2414 4272 tormenta
2463 4219 2728 4271 sustinuit.
2772 4217 2961 4271 Noster
2998 4217 3226 4285 denique
3272 4227 3457 4285 captus

1896 4300 1980 4345 est
2027 4290 2373 4359 Scythopoli,
2425 4296 2582 4356 atque
2632 4290 2754 4341 inde
2806 4288 3115 4359 CaeSaream
3158 4286 3455 4344 Palaestina:

1895 4358 2211 4429 perductus,
2246 4359 2441 4413 ibidem
2488 4361 2659 4424 capite
2701 4368 3009 4429 cmsusiest.
3056 4358 3362 4429 AlterAvero
3401 4359 3455 4414 in

1895 4426 2132 4500 Egypto
2159 4429 2605 4497 comprehensus,
2641 4429 2692 4482 in
2723 4428 2856 4483 urbe
2889 4428 3167 4482 Phoenices
3198 4426 3455 4500 Caasarete

1893 4498 2093 4569 quaeet
2122 4501 2322 4554 Paneas
2349 4500 2489 4567 dicta
2520 4508 2601 4569 est
2628 4538 2643 4562 ,
2675 4500 2987 4569 martyrium
3025 4498 3412 4569 consummavit
3440 4542 3452 4563 ,

1895 4567 1937 4623 si
1969 4570 2235 4625 credimus
2262 4569 2495 4624 Simeoni
2524 4567 2913 4637 Metaphrastre.
2953 4568 3186 4624 Valesius
3216 4570 3266 4621 in
3306 4567 3454 4622 Notis

1895 4640 1959 4695 ad
1992 4641 2205 4695 Eusebii
2230 4648 2385 4706 caput
2418 4639 2745 4706 praedictum.

1974 4721 1996 4746 ⁸
2021 4711 2271 4777 Quintini.
2302 4712 2374 4763 De
2403 4711 2499 4761 hac.
2528 4711 2831 4764 inventione
2859 4709 2935 4763 sic
2962 4706 3145 4762 scribit
3171 4708 3357 4761 Petrus
3385 4708 3455 4764 de

1900 4778 2070 4834 Nalal.
2112 4799 2131 4832 ‹
2170 4782 2292 4834 Post
2321 4780 2598 4833 decursum
2642 4790 2818 4834 autem
2866 4794 3122 4831 annorum
3155 4778 3285 4842 520,
3329 4779 3455 4833 dum

1906 4867 1926 4900 ε
1964 4865 2154 4918 corpus
2182 4854 2348 4904 sancti
2384 4852 2632 4918 martyris
2655 4851 2844 4904 iterum
2868 4858 3006 4903 esset
3024 4848 3368 4918 incognitum,
3393 4850 3449 4904 S.

1908 4937 1926 4971 ι
1969 4917 2134 4989 Eligio
2175 4917 2811 4987 Noviomcnsrepiseopo
2858 4924 3140 4972 revelatur.
3188 4917 3285 4983 Qui
3333 4928 3453 4989 post

1907 5008 1925 5040 ι
1960 4988 2213 5058 jejunium
2238 4991 2555 5053 triduanum,
2581 4991 2704 5043 dum
2733 4993 2904 5043 locum
2932 4989 3030 5041 sibi
3061 4998 3333 5041 ostensum
3362 4988 3453 5041 ubi

1909 5076 1929 5111 ε
1968 5064 2161 5115 latebat
2186 5061 2441 5115 eli‘oderet
2466 5078 2477 5111 :
2504 5070 2656 5113 nocte
2681 5060 2767 5113 lux
2796 5060 2861 5113 de
2890 5062 3025 5113 caelo
3052 5066 3193 5112 tanta
3225 5059 3454 5111 circum-

1908 5148 1928 5182 ε
1968 5131 2112 5184 fulsit
2141 5149 2153 5184 :
2184 5142 2239 5184 ut
2269 5132 2381 5184 dies
2422 5142 2535 5183 orla
2561 5145 2588 5181 a
2620 5131 2853 5198 pluribus
2900 5130 3205 5198 crederetur
3232 5144 3247 5181 :
3272 5129 3454 5182 odoris

1904 5218 1923 5251 ε
1961 5218 2169 5270 quoque
2212 5201 2512 5255 suavissimi
2557 5197 2827 5270 flagrantia
2867 5199 3059 5265 erupit.
3088 5197 3295 5270 Corpus
3324 5213 3452 5266 ergo

1902 5288 1921 5321 ‹
1958 5269 2127 5326 sancti
2160 5281 2426 5339 repertmn
2452 5284 2512 5323 ac
2541 5270 2766 5323 levatum
2793 5269 3084 5339 honoriﬁco
3107 5269 3296 5339 locello
3321 5283 3454 5339 con-

1901 5358 1919 5391 i
1957 5342 2129 5406 didit,
2178 5338 2560 5407 ecclesiamque
2597 5348 2649 5392 et
2677 5338 3054 5395 monasterium
3098 5338 3295 5392 ibidem
3323 5338 3454 5391 redi-

1899 5428 1917 5461 t
1953 5412 2129 5466 Iicavit
2154 5426 2294 5465 anno
2320 5409 2442 5465 657.
2476 5427 2493 5460 ι

1969 5479 1997 5553 ξ
2016 5481 2395 5553 ΤῃνιεηΡυιίιιε
2424 5480 2619 5553 Thura.
2649 5479 2816 5546 Quam
2862 5479 3081 5553 Dionys.
3127 5479 3457 5553 Halicarnas.

1895 5565 1925 5603 a
1976 5549 2145 5605 Reate
2199 5552 2434 5604 Latinam
2493 5550 2628 5602 viam
2678 5563 2861 5604 versus
2911 5549 3099 5604 stadiis
3147 5549 3217 5605 40
3262 5550 3463 5603 distare

1899 5630 2138 5677 lCSlaltll‘.

2959 5790 3031 5852 31
