3988 6346
543 296 649 359 975

1292 298 1492 357 BEDE
1533 296 1981 357 VENERABILIS
2016 297 2169 358 OPP.
2207 296 2387 355 PARS
2425 296 2518 355 iV.
2553 324 2626 339 -—
2660 295 3043 355 HISTORICA.

1779 410 2006 467 sumo
2051 410 2523 467 COLONIENSIS.
2622 494 2637 501 ι

542 504 706 575 Juda,
736 511 916 575 postea
944 503 1011 559 ab
1050 502 1289 571 apostolo
1322 503 1485 559 Paulo
1510 511 1842 572 assumptus,
1870 502 2126 572 praedica-
2150 505 2207 566 Δ
2230 502 2541 558 discriminc
2586 500 2810 557 liberata
2856 501 2948 557 sit.
2995 500 3178 557 Romae
3228 502 3281 556 in
3325 513 3481 572 portu
3528 504 3800 581 Eutropii,

548 597 709 653 tionis
749 595 977 650 officium
1021 596 1187 663 gratia
1228 592 1433 648 Domini
1480 594 1668 663 plenus
1697 592 1956 648 instanter
1986 581 2127 647 con-

546 686 850 750 summavit,
894 694 1054 753 atque
1100 684 1241 752 apud
1287 682 1645 738 Macedoniam
1694 684 1747 737 in
1793 681 2125 752 passionibus

546 779 658 835 suis
698 775 965 831 Christum
1005 775 1335 842 clarificans,
1364 774 1701 844 postmodum
1746 773 2026 844 requievit.
2067 772 2125 828 in

549 867 828 923 Antiochia
856 864 1032 936 passio
1053 875 1250 920 sancta:
1280 866 1583 934 Margaretze
1609 864 1848 936 virginis.

616 959 678 1013 F.
720 958 868 1013 Pam.
900 958 1018 1013 laus
1063 956 1222 1013 Jour.
1270 957 1421 1025 Apud
1471 957 1695 1012 Pontum
1734 957 1909 1013 natale
1946 956 2116 1012 sancti

549 1048 742 1109 Phoce
771 1048 1007 1119 episcopi
1056 1047 1282 1103 civitatis
1326 1047 1561 1117 Sinopis,
1603 1048 1693 1117 qui
1740 1047 1838 1103 sub
1883 1047 2114 1117 Trajano

544 1138 901 1207 imperatore,
952 1138 1199 1207 praefecto
1225 1138 1497 1203 Africano,
1538 1151 1828 1203 carcerem,
1878 1138 2113 1206 vincula,

545 1229 768 1295 ferrum,
797 1228 972 1299 ignem
1017 1229 1175 1285 etiam
1218 1244 1317 1298 pro
1360 1229 1572 1285 Christo
1618 1230 1927 1297 superavit:
1959 1231 2112 1300 cujus

547 1322 784 1391 reliquiae
824 1322 877 1377 in
926 1321 1143 1377 basilica
1192 1320 1556 1391 apostolorum
1587 1321 1639 1377 in
1674 1321 1870 1377 Vienna
1899 1320 2117 1378 civitate

552 1414 737 1470 Calliae
778 1414 1058 1471 habentur.
1089 1415 1350 1486 Lugduno
1376 1412 1561 1469 Gallia:
1589 1414 1764 1470 natale
1789 1414 1956 1472 sancti
1978 1414 2118 1472 Justi

543 1507 779 1579 episcopi
808 1515 861 1562 et
887 1504 1231 1563 confessoris.

623 1600 688 1656 (ἓ.
725 1601 843 1655 Inus
866 1600 1027 1656 Jt‘Lll.
1060 1597 1225 1653 Nisibi
1258 1598 1430 1653 natale
1452 1598 1621 1653 sancti
1647 1596 1825 1655 Jacobi
1854 1599 2122 1669 episcOpi,

558 1707 765 1764 magnae
794 1692 1006 1747 virtutis
1030 1691 1152 1758 viri,
1189 1690 1256 1744 ita
1290 1699 1346 1745 ut
1365 1690 1431 1746 ad
1458 1690 1573 1761 ejus
1604 1705 1787 1760 preces
1813 1706 1955 1760 saepe
2000 1693 2128 1749 urbs

2231 594 2459 649 ZoSimte
2482 605 2535 649 ct
2558 594 2782 647 Bonosze
2808 606 3076 647 sororum.
3124 593 3181 648 In
3225 593 3549 651 Alexandria
3588 610 3803 655 saneto-

2230 701 2349 742 rum
2398 684 2646 753 Philippi,
2695 682 2949 748 Zenonis,
2985 683 3194 744 Narsci.
3222 693 3279 739 et
3306 684 3567 741 infantum
3598 688 3801 748 decem.

2229 772 2435 829 Eodem
2462 773 2551 829 die
2580 774 2877 829 sublevatio
2916 774 3158 842 corporis
3192 775 3361 829 sancti
3406 775 3621 831 Henrici
3644 780 3805 845 impe-

2232 862 2445 918 ratoris.
2491 863 2548 917 In
2578 859 2898 932 Carthagine
2945 863 3121 918 natale
3173 874 3473 920 sanctorum
3528 867 3803 937 Florentii,

2228 952 2459 1011 Catulini
2498 954 2709 1009 diaconi
2778 953 3033 1023 Januarii,
3057 953 3207 1010 Juliaa
3249 966 3303 1012 et
3347 957 3536 1025 Justaz,
3569 962 3659 1029 qui
3688 974 3805 1020 sunt

2224 1047 2387 1117 positi
2422 1048 2476 1102 in
2510 1046 2725 1101 basilica
2757 1046 2961 1110 Fausti,
2990 1054 3046 1101 et
3077 1047 3130 1101 in
3158 1047 3357 1102 Sirmio
3384 1051 3682 1121 Agrippini,
3715 1054 3805 1111 se.

2224 1139 2466 1205 cundini,
2498 1138 2762 1193 Maximini
2808 1138 3065 1194 Martialis
3094 1148 3151 1194 et
3176 1140 3357 1195 Jacobi
3406 1143 3670 1212 episc0pi.
3703 1146 3802 1199 Eo-

2226 1231 2347 1289 dem
2378 1233 2465 1287 die
2493 1240 2693 1288 sanctas
2721 1230 3361 1305 chinswindai'virginis
3383 1273 3401 1303 ,
3451 1243 3506 1291 et
3544 1235 3803 1307 dispersio

2228 1323 2617 1393 apostolorum.

2301 1415 2366 1470 A.
2402 1413 2541 1469 XVII
2565 1412 2803 1469 KALsnn.
2845 1417 3082 1470 Ancus'r.
3121 1413 3182 1471 in
3223 1415 3371 1472 Ostia
3416 1419 3597 1474 natale
3644 1422 3805 1479 sancti

2231 1504 2497 1574 lilariui,
2538 1505 2629 1575 qui
2673 1505 2775 1561 sub
2822 1506 3189 1573 persecutione
3234 1506 3430 1565 Juliani
3471 1524 3599 1565 cum
3650 1512 3805 1567 nollet

2235 1597 2566 1662 sacrificare,
2600 1595 2827 1651 fustibus
2848 1609 3019 1651 exesus
3042 1600 3350 1668 martyrium
3378 1600 3633 1669 sumpsit.
3662 1602 3803 1672 Apud

2236 1690 2575 1749 Antiochiam
2616 1689 2789 1763 Syria:
2827 1690 3001 1745 natale
3045 1692 3215 1746 sancti
3268 1690 3544 1749 Eustachii
3575 1694 3806 1764 episcopi

1787 1782 2010 1839 EDITIO
2048 1783 2554 1841 BOLLANDIANA.

623 1875 799 1930 ιι.-
828 1874 872 1929 ιι
897 1873 1039 1931 lous.
1071 1873 1129 1929 ε.
1161 1878 1187 1907 ι
1216 1872 1407 1928 Phocae
1454 1872 1543 1946 [In
1588 1874 1657 1929 A.
1688 1874 1754 1930 τ.
1808 1874 1870 1929 ι..
1922 1872 2126 1946 Focati]

2234 1878 2402 1941 cialis,
2431 1886 2486 1929 et
2513 1874 2572 1931 5.
2607 1884 2631 1947 ἕ
2662 1873 2843 1929 Jacobi
2872 1872 3106 1947 episcopi
3136 1872 3352 1947 Nisibis,
3382 1877 3476 1947 qui
3502 1876 3559 1931 in
3587 1891 3804 1947 corpore

549 1969 788 2037 episcopi
821 1965 972 2021 Ponti
1001 1982 1013 2019 :
1046 1964 1134 2037 qui
1166 1965 1266 2019 sub
1295 1964 1523 2035 Trajano
1571 1966 1893 2035 imperatore
1923 2006 1939 2032 ,
1988 1981 2128 2036 prae-

550 2059 691 2115 fecto
735 2057 1004 2123 Africano,
1036 2071 1326 2122 carcerem,
1371 2058 1613 2129 ungulas,
1662 2058 1858 2115 ferrum
1884 2098 1900 2124 ,
1953 2059 2130 2129 ignem

544 2150 703 2205 etiam
751 2162 846 2217 pro
882 2147 1097 2202 Christo
1126 2148 1425 2215 superavit;
1471 2147 1622 2217 cujus
1665 2147 1905 2218 reliquiae
1933 2147 2000 2201 'in
2032 2148 2132 2202 Ba-

548 2241 699 2295 silica
747 2240 1106 2309 apostolorum
1165 2240 1217 2293 in
1272 2238 1440 2292 Callia
1496 2239 1714 2295 civitate
1769 2239 1977 2295 Vienna
2031 2238 2129 2295 ha-

546 2332 761 2391 bentur.

621 2438 708 2498 A.,
738 2432 856 2500 Ipso
884 2433 970 2487 die
1000 2433 1052 2486 in
1099 2432 1220 2486 villa
1251 2448 1369 2501 quze
1398 2433 1592 2488 dicitur
1639 2433 1883 2488 Somnias
1912 2433 2129 2502 deposi-

545 2504 619 2558 tio
666 2505 723 2559 B.
774 2503 800 2541 δ
836 2502 1094 2558 Vincentii
1139 2504 1272 2571 :qui
1322 2505 1535 2559 monitis
1593 2503 1655 2558 Β.
1691 2504 1939 2559 Autbcrti
1995 2519 2132 2574 pon—

547 2574 703 2629 tificis
736 2575 990 2627 mundum
1041 2574 1364 2642 relinquens,
1416 2576 1465 2628 in
1513 2575 1667 2629 factis
1720 2575 1871 2627 bonae
1901 2589 2130 2629 convcr-

549 2644 773 2700 sationis
822 2658 881 2697 se
928 2645 1185 2698 exercuit.
1238 2644 1334 2707 L.,
1390 2646 1540 2712 Apud
1596 2646 1976 2699 monasterium
2030 2644 2133 2699 So-

552 2716 736 2784 negias
792 2713 989 2766 dictum
1050 2718 1222 2767 natale
1284 2716 1341 2769 5.
1407 2715 1663 2769 Vincentii
1730 2716 1981 2779 abbatis;
2039 2715 2129 2781 qui

548 2784 847 2839 construxit
876 2784 1048 2838 locum
1104 2785 1411 2838 Altimontis
1464 2801 1556 2853 per
1604 2786 1849 2849 angelum
1899 2785 2127 2839 Domini.

543 2853 603 2910 C.
638 2856 700 2909 V.
720 2896 735 2920 ,
780 2852 947 2907 Gallia
978 2855 1150 2924 natale
1180 2855 1237 2909 S.
1265 2865 1288 2893 ο
1318 2852 1473 2910 ,Ιιιειι
1498 2856 1729 2924 episcOpi
1762 2865 1815 2909 et
1858 2856 2133 2910 confesso-

543 2926 637 2981 ris.
667 2925 727 2979 Β.
748 2966 763 2991 ,
790 2924 1041 2993 Lugdune
1064 2923 1246 2979 Gallia:
1274 2923 1544 2994 depositio
1573 2926 1629 2980 5.
1660 2925 1794 2982 Justi
1825 2934 1877 2980 et
1898 2930 1926 2970 (ι
1951 2924 2130 2979 Amati

546 3018 940 3088 episcOporum.

619 3128 707 3184 15.
726 3128 1010 3185 —-lmsus.
1035 3129 1198 3184 Vacat
1228 3128 1405 3183 Baeda.

614 3238 676 3293 ο.
705 3240 788 3303 Β..
813 3249 835 3277 ο
857 3240 1027 3311 Cyrici
1053 3250 1108 3295 ct
1136 3240 1319 3311 matris
1336 3238 1471 3307 ejus.
1490 3236 1951 3311 B.,Ju_lit_t:e,qn;e
1978 3236 2122 3311 in_D.

547 3310 849 3390 scribuntur
898 3307 1128 3390 rubrica,
1160 3309 1299 3378 quod
1339 3318 1463 3390 .toto
1485 3310 1562 3390 .in
1613 3308 2012 3390 Iibcl|o_solum
2043 3307 2127 3390 bis

546 3382 812 3449 reperitur
813 3396 849 3462 ﬂ:
879 3382 1188 3462 eorunmdnrn
1214 3378 1597 3462 natale‘pr‘imo
1621 3380 1781 3462 etiam
1813 3378 1943 3462 loco.
1974 3380 2032 3462 i_n_
2059 3378 2120 3433 T.

547 3447 780 3506 notatur.
809 3449 870 3505 C.
901 3452 960 3504 ν.
993 3451 1076 3519 5.,
1103 3447 1122 3488 ί
1146 3450 1343 3520 Cyrici,
1375 3447 1622 3519 Piiilippi,
1657 3449 1963 3515 Secundini,
1988 3450 2125 3503 Mar-

2234 1948 2394 2001 multa
2424 1948 2570 2015 signa
2600 1944 2745 2011 fecit,
2775 1956 2829 2001 et
2855 1959 3034 2000 arcam
3065 1944 3174 1999 Noe
3202 1946 3346 2000 solus
3376 1945 3505 2001 vidit
3557 1949 3613 2002 in
3664 1944 3803 2004 mon-

2234 2024 2325 2072 te:
2359 2016 2488 2071 nulli
2515 2016 2601 2069 alii
2631 2016 2697 2069 de
2743 2016 2806 2069 iis
2832 2017 2919 2084 qui
2968 2030 3087 2070 cum
3118 2029 3184 2069 eo
3231 2028 3584 2084 perrexerant
3631 2020 3802 2075 videre

2232 2096 2313 2143 est
2342 2084 2997 2156 permissum.T.,Eodem
3021 2086 3106 2139 die
3119 2086 3176 2139 5.
3196 2086 3221 2122 ει
3248 2085 3534 2151 Florentii;
3561 2098 3621 2143 et
3639 2089 3696 2144 S.
3721 2090 3799 2145 Ja-

2231 2154 2355 2211 cobi
2376 2155 2633 2227 episc0pi,
2656 2154 2744 2220 L.,
2788 2155 2928 2209 hunc
2958 2156 3244 2226 praesignat
3264 2156 3314 2208 in
3336 2156 3595 2212 Armenia
3639 2166 3691 2213 et
3719 2175 3801 2227 pa-

2232 2227 2363 2300 riter
2393 2226 2750 2300 prosequitur,
2794 2241 2886 2300 per
2915 2243 3079 2300 quem
3127 2226 3404 2300 υο-ιιιὶιιιιξιΔ
3433 2229 3603 2300 multa
3661 2226 3800 2300 signa

2233 2296 2377 2351 fecit.
2410 2296 2491 2363 8.,
2519 2300 2574 2350 In
2604 2296 2918 2351 Alexandria
2939 2295 3118 2351 natale
3146 2298 3239 2352 SS.
3274 2295 3525 2364 Philippi,
3554 2295 3798 2364 Zenonis,

2232 2366 2387 2422 Nasci
2419 2378 2473 2421 ct
2501 2367 2687 2420 decem
2718 2382 2983 2438 sororum.
3017 2368 3069 2419 lu
3098 2368 3411 2438 Carthagine
3440 2368 3503 2424 S.
3545 2368 3801 2427 Catholini

2232 2438 2467 2513 diaconi.
2499 2438 2694 2513 Divisio
2718 2438 2883 2513 pr_i_ma
2915 2436 3105 2513 [prima
3135 2448 3205 2513 est
3248 2436 3433 2513 incolo
3457 2439 3554 2513 A.]
3600 2452 3802 2511 aposto-

2234 2510 2406 2563 lorum
2437 2507 2741 2561 duodecim.
2773 2506 2837 2560 T.
2887 2506 3033 2561 addit
3078 2509 3146 2559 ad
3194 2506 3608 2575 pradicanduin.
3637 2506 3706 2567 Ἀ.
3734 2513 3802 2567 sic

2236 2582 2573 2649 prosequitur
2605 2593 2621 2631 :
2652 2577 2865 2651 quando
2915 2579 3030 2651 ipse
3057 2577 3308 2634 Dominus
3348 2581 3504 2651 Jesus
3531 2592 3661 2637 ante
3695 2598 3801 2651 pas-

2232 2648 2440 2721 sionem
2474 2662 2623 2703 suam
2657 2648 2813 2721 misit
2847 2661 2937 2721 eos
2969 2648 3033 2700 ad
3081 2649 3474 2721 praedicandum
3503 2660 3563 2704 et
3587 2648 3801 2721 evange-

2235 2719 2501 2774 lizandum
2529 2733 2753 2788 regnum
2800 2718 2913 2782 Dei,
2945 2719 3257 2785 prmcipicns
3290 2720 3369 2773 eis
3412 2731 3468 2774 et
3491 2722 3681 2776 dicens
3708 2718 3799 2776 z'ln

2235 2793 2375 2844 viam
2402 2789 2639 2857 gentium
2663 2803 2729 2841 ne
2758 2788 3020 2852 abieritis,
3043 2797 3097 2843 et
3138 2788 3190 2842 in
3218 2789 3485 2845 civitatem
3518 2792 3804 2846 Samarita-

2235 2875 2421 2914 norum
2453 2875 2524 2914 ne
2544 2858 2889 2923 intraveritis,
2914 2869 3015 2913 etc.

2307 2931 2505 2984 Eodem
2538 2929 2623 2983 die
2674 2928 2862 2982 relatio
2892 2929 2949 2983 5.
2984 2927 3000 2966 ί
3035 2928 3248 2984 Vcdasti
3288 2930 3355 2984 de
3402 2930 3637 2988 Belvaco
3678 2948 3804 2987 anno

2234 3001 2681 3068 octingentesimo
2707 3003 3049 3068 nonagesimo
3073 3001 3227 3053 tertio
3258 3001 3546 3056 Dominicae
3572 3004 3805 3059 lncarna-

2236 3071 2417 3127 tionis.
2447 3069 2592 3141 AFuit
2637 3079 2812 3141 autem
2865 3071 3003 3137 apud
3043 3071 3343 3137 przedictaui
3390 3074 3580 3141 urbem
3627 3078 3677 3129 in
3726 3087 3805 3128 ec-

2234 3142 2397 3197 clesia
2437 3139 2494 3196 S.
2526 3138 2779 3209 Stephani
2837 3140 3238 3210 protomartyris
3283 3138 3451 3195 annos
3485 3144 3797 3209 duodecim,

2234 3226 2449 3267 menses
2499 3226 2717 3275 novem,
2767 3210 2880 3263 dies
2907 3211 3089 3280 viginti
3141 3220 3267 3265 tres.
3319 3212 3585 3269 Praedicta
3641 3216 3691 3269 in
3726 3214 3803 3269 die

2232 3290 2389 3351 capta
2413 3280 2853 3353 cstillicrusalem
2899 3281 2967 3333 ab
3012 3284 3247 3335 exercitu
3290 3282 3727 3353 Christianorum,
3757 3292 3805 3339 et

2232 3353 2454 3408 liberata
2482 3352 2551 3407 de
2582 3366 2739 3405 manu
2771 3365 3113 3419 paganorum.

2306 3441 2628 3498 ηιμ-χιιι
2656 3440 2792 3496 Kac.
2821 3440 3060 3497 Aucusr.
3088 3442 3147 3498 In
3167 3442 3314 3500 Ostia
3335 3446 3510 3502 natale
3537 3445 3599 3503 S.
3628 3446 3644 3498 l
3677 3446 3804 3502 Hila-

1955 3537 2163 3594 snmt
2202 3532 2429 3592 nom.
3471 3552 3507 3596 κ

625 3639 649 3668 ι
679 3630 888 3685 Phoca'.
916 3629 1199 3686 Sciendum
1221 3638 1399 3685 autem
1422 3630 1554 3685 duos
1574 3629 1736 3685 fuisse
1759 3629 1961 3685 Phocas
1984 3645 2127 3685 mar-
2159 3651 2166 3659 δ

552 3712 721 3775 tyres,
738 3702 1061 3775 alterumdc
1091 3718 1195 3771 quo
1227 3702 1326 3775 hoc
1365 3701 1473 3775 die,
1505 3701 1901 3775 alterum‘vero
1926 3702 2128 3775 dequo

550 3770 709 3828 tertio
738 3772 912 3826 Nonas
950 3770 1121 3826 Martii
1163 3773 1354 3841 agitur.
1390 3773 1483 3825 llic
1511 3770 1578 3824 de
1604 3786 1709 3839 quo
1744 3772 1899 3824 hodie
1930 3771 2125 3840 agitur,

550 3859 617 3897 ex
649 3853 805 3896 nauta
851 3848 1135 3911 episcopus
1163 3842 1331 3896 factus
1361 3841 1458 3897 fuit
1485 3841 1814 3912 Synopensis
1843 3843 1897 3895 in
1934 3842 2124 3908 Ponto,

550 3916 640 3968 ubi
681 3928 869 3983 passus
899 3923 1004 3977 cst,
1032 3922 1084 3967 et
1109 3923 1225 3981 post
1251 3914 1414 3967 nmlta
1442 3921 1701 3983 tormenta
1725 3914 1924 3983 absque
1953 3913 2127 3980 gladio

550 3982 799 4055 migravit
834 3985 884 4037 in
915 3984 1141 4049 caelum;
1170 3983 1260 4055 ille
1290 3998 1417 4037 vero
1461 3982 1749 4055 hortorum
1765 3982 1936 4036 cultor
1966 3983 2129 4055 fuisse

552 4052 882 4123 perhibetur,
913 4063 965 4109 et
996 4052 1289 4108 Antiochia:
1322 4061 1593 4109 truncatus
1638 4054 1810 4121 capite
1839 4054 2125 4122 complevit

550 4125 881 4180 martvrium.

624 4194 651 4232 ι»
694 4193 960 4249 Vincentii.
990 4194 1276 4249 llannonize
1303 4194 1534 4257 comitis,
1557 4192 1648 4262 qui
1676 4201 1830 4246 antea
1860 4191 2123 4262 Madelga—

552 4264 665 4319 rius
689 4264 882 4328 dictus,
912 4274 966 4319 et
989 4267 1125 4319 inter
1158 4265 1424 4318 Palatinos
1456 4262 1595 4334 regis
1643 4262 1963 4317 Francorum
2011 4264 2125 4315 Da-

552 4336 755 4401 gnherti
780 4350 881 4389 non
902 4336 1117 4388 intimus
1136 4335 1253 4388 fuit.
1275 4334 1641 4388 Habuitetiam
1670 4347 1891 4387 uxorem
1913 4333 2121 4387 beatam

552 4403 950 4459 Waldctrudem
983 4423 995 4457 :
1027 4406 1306 4473 ipsumque
1337 4420 1429 4458 rex
1463 4402 1643 4457 habuit
1689 4403 1755 4455 ad
1807 4417 1977 4456 annos
2024 4403 2122 4456 ali-

2236 3626 2355 3682 vidc
2384 3639 2577 3695 supra;
2608 3623 2777 3678 Graaci
2807 3630 2982 3677 autem
3002 3624 3189 3695 hodie.

2310 3696 2329 3735 τ
2363 3694 2551 3772 Cyrici,
2576 3694 2764 3772 cte.Hi
2779 3708 2885 3772 non
2913 3694 3103 3772 eo_dem_
3134 3696 3417 3772 locopassi
3444 3706 3592 3772 sum.
3625 3699 3685 3758 s,
3714 3700 3805 3772 cy.

2235 3768 2378 3824 ricus
2406 3764 2547 3821 enim
2595 3782 2715 3837 cum
2742 3765 2938 3837 Julitta‘
2955 3764 3141 3831 Tarsi;
3176 3767 3448 3837 Philippus
3496 3771 3551 3825 in
3584 3764 3804 3826 Alexan-

2235 3840 2382 3898 dria;
2431 3836 2763 3892 Secundinus
2791 3846 2845 3889 et
2892 3834 3142 3890 Martialis
3189 3840 3239 3892 in
3268 3834 3463 3894 Sirmio
3497 3849 3555 3896 et
3582 3841 3804 3896 Jacobus

2235 3908 2399 3963 Nisibi
2434 3908 2693 3975 praecipue
2720 3906 2989 3960 coluntur.
3022 3907 3245 3963 HIERON.
3281 3919 3437 3962 mart.

2307 3988 2333 4027 s
2354 3976 2553 4053 Jacobi.
2588 3977 2836 4045 Episcopi
2867 3976 3182 4053 Nisibishvel
3202 3979 3495 4053 Antiochiae
3512 3980 3565 4035 in
3595 3981 3804 4051 Mygdo-

2234 4049 2343 4104 nia.
2375 4047 2473 4101 Hic
2504 4062 2640 4100 unus
2670 4061 2737 4118 ex
2768 4062 2985 4102 numero
3006 4047 3104 4101 sub
3122 4048 3439 4104 Maximiano
3468 4047 3804 4118 persecutore

2230 4120 2591 4192 confessorum
2636 4117 2753 4183 fuit,
2795 4125 2855 4192 et
2904 4133 3088 4192 eorum
3129 4122 3219 4188 qui
3253 4120 3306 4172 in
3345 4119 3557 4174 Nicena
3610 4122 3806 4192 synodo

2231 4191 2547 4243 Arianorum
2573 4187 2975 4257 perversitatem
3005 4187 3357 4252 damnarunt;
3388 4187 3802 4247 interfuit'etiam

2232 4261 2565 4313 Antiocheno
2598 4258 2823 4312 concilio
2880 4271 2976 4326 pro
3018 4259 3296 4313 catholicis
3343 4270 3530 4314 contra
3558 4262 3802 4317 Arianos.

2232 4330 2469 4384 Mortuus
2497 4337 2580 4383 est
2620 4328 2916 4381 Constantii
2963 4331 3307 4395 temporibus,
3359 4338 3415 4383 et
3444 4333 3587 4385 intra
3634 4347 3803 4387 muros

2234 4401 2382 4454 urbis
2423 4400 2685 4454 Nisibena:
2712 4399 2967 4467 sepultus.
2997 4398 3302 4453 Gennadius
3331 4400 3399 4455 de
3437 4399 3636 4456 illustr.
3668 4405 3800 4457 Eccl.

553 4487 680 4545 quot
712 4474 973 4545 Hiberniae
995 4465 1607 4545 guberna'torem.AUndc
1638 4482 1820 4545 postea
1854 4474 1903 4525 in
1927 4473 2124 4526 Gallias
2154 4465 2205 4526 Ι)
2230 4471 2427 4545 Script.
2458 4471 2675 4545 caput.
2700 4465 2976 4545 Quomodo
3010 4479 3186 4524 autem
3216 4469 3301 4522 hic
3328 4470 3430 4537 vir,
3462 4470 3668 4540 Sapore
3692 4487 3805 4541 rege

555 4540 784 4609 rediens,
828 4540 1047 4597 adduxit
1090 4559 1269 4598 secum
1312 4544 1406 4598 SS.
1436 4540 1733 4605 Foilanum,
1767 4540 2034 4595 Fursaeum
2076 4555 2129 4598 et

554 4618 687 4669 alios
738 4615 854 4667 Iidei
890 4614 1282 4678 pra'dicatores.
1332 4616 1571 4666 Autberti
1621 4612 1870 4676 consilio,
1912 4615 2127 4667 militari

554 4686 762 4755 cingulo
789 4686 993 4744 relicto,
1017 4686 1081 4736 ad
1104 4685 1382 4739 Samhrani
1413 4686 1464 4737 in
1490 4681 1772 4755 municipio
1793 4682 1933 4755 quod
1957 4684 2131 4755 Mons-

556 4752 695 4810 altus
741 4759 952 4819 tilClllll‘,
987 4755 1363 4806 monasterium
1408 4752 1740 4814 construxit,
1783 4762 1835 4804 et
1888 4754 2129 4819 pluribus

555 4827 705 4879 annis
738 4825 1047 4895 regulariter
1077 4824 1235 4887 vixit;
1267 4838 1373 4891 quo
1401 4823 1587 4895 et_cjns
1620 4823 1867 4895 exemplo
1886 4822 1971 4874 alii
1992 4837 2129 4895 per-

555 4892 831 4959 rexerunt,
864 4899 1155 4950 Ansbertus
1202 4896 1402 4947 scilicet
1442 4892 1886 4958 Rothomugeusis
1917 4894 2127 4960 episco-

556 4981 654 5034 pus
679 4968 867 5020 cxsilio
895 4966 1243 5033 proscriptus,
1268 4974 1323 5017 et
1349 4963 1455 5034 alii,
1483 4964 1571 5015 Dei
1594 4960 1799 5017 famuli.
1826 4961 2131 5034 IEditieavit

554 5033 715 5091 etiam
761 5034 1013 5104 Sonegias
1066 5034 1392 5097 etenobium,
1448 5033 1497 5104 in
1544 5047 1652 5104 quo
1700 5034 1959 5102 reliquum
2008 5033 2129 5104 vita:

553 5117 752 5160 sancta:
782 5103 950 5170 duxit,
979 5115 1033 5159 et
1055 5108 1354 5157 terminavit
1384 5106 1434 5156 in
1479 5103 1722 5168 Domino,
1753 5112 1807 5156 et
1835 5103 2127 5171 depositio-

555 5191 677 5230 nem
738 5178 970 5243 accepit,
1024 5176 1317 5244 claruitque
1371 5174 1641 5244 miraculis
1682 5179 1825 5244 circa
1882 5189 1971 5226 an.
2023 5171 2128 5226 640

556 5245 773 5301 Games
794 5242 1068 5300 Sessnsts.
1100 5242 1352 5300 MULANUS
1390 5246 1455 5296 de
1480 5242 1577 5297 SS.
1611 5242 1794 5309 Belgii.

632 5328 655 5354 ε
688 5316 845 5369 Jusli.
879 5318 1080 5369 Colitur
1109 5318 1247 5369 hicn
1288 5313 1637 5382 Septembris,
1667 5326 1772 5379 quo
1797 5311 1886 5366 die
1914 5311 2045 5366 obiit
2072 5312 2125 5367 in

555 5386 804 5457 aligygto,
837 5385 922 5439 ubi
950 5385 1373 5439 anachoreticam
1396 5384 1681 5457 egitvitnm
1716 5396 1730 5433 :
1766 5382 1922 5435 hodie
1949 5392 2125 5437 autem

556 5452 869 5525 Lugdunum
898 5457 1131 5525 gloriose
1155 5457 1438 5509 translatus
1462 5452 1839 5525 διε-Μυκη.

626 5520 663 5563 α’
680 5527 870 5581 Amati.
902 5520 1004 5591 Qui
1031 5520 1244 5579 Amicus
1273 5525 1467 5579 dicitur
1496 5537 1525 5574 a
1556 5520 1791 5575 Nutkcro
1828 5532 1880 5575 et
1910 5523 1960 5575 in
2005 5524 2127 5578 Hie-

558 5598 870 5666 ronymiano
907 5595 1306 5667 Martyrologio.
1335 5596 1466 5662 Quis
1493 5592 1577 5646 hic
1601 5594 1692 5658 sit,
1723 5605 1829 5645 non
1857 5594 1983 5646 satis
2006 5609 2123 5648 cer-

559 5676 669 5722 tum
701 5674 803 5719 est.

2235 4538 2514 4595 Persarum
2548 4538 2751 4593 Nisibin
2781 4538 3057 4593 obsidione
3108 4549 3418 4606 premente,
3460 4538 3583 4595 earn
3626 4538 3800 4598 urbem

2272 4611 2484 4665 recibus
2517 4612 2841 4679 incolumem
2871 4610 3125 4675 servavit,
3154 4612 3294 4679 legas
3322 4611 3464 4679 apud
3485 4612 3801 4668 Theodoreti

2282 4680 2368 4737 ist.
2400 4695 2458 4747 ιι,
2508 4680 2599 4735 30.
2631 4678 2802 4733 Gnaei
2830 4693 2950 4733 eum
2996 4680 3176 4735 colunt
3202 4678 3370 4750 pridie
3422 4680 3648 4738 Kalend.
3701 4683 3802 4739 No-

2230 4754 2407 4819 vemb.
2441 4754 2492 4804 in
2516 4750 2834 4819 Mcnologio.

2302 4819 2329 4857 ιι
2357 4818 2627 4873 Florentii.
2662 4818 2756 4873 Hie
2787 4834 2970 4887 passus
2989 4832 3071 4876 cst
3100 4836 3220 4875 cum
3251 4820 3533 4877 Catholino
3553 4824 3795 4889 diacono,

2231 4892 2321 4960 qui
2351 4891 2506 4958 paulo
2533 4890 2755 4944 inferius
2777 4902 3123 4957 memoratur,
3148 4894 3464 4961 Carthagine
3495 4894 3551 4947 in
3575 4893 3802 4949 Wanda-

2235 4962 2332 5015 lica
2367 4962 2759 5027 persecutione.
2785 4962 2879 5015 Hie
2909 4962 2995 5015 ille
3024 4962 3362 5027 Catholitlus,
3385 4977 3481 5017 seu
3505 4964 3798 5028 Catulinus,

2231 5032 2284 5085 in
2310 5030 2463 5099 cujus
2494 5030 2698 5083 laudem
2741 5030 2798 5085 5.
2840 5033 3188 5099 Augustinum
3220 5041 3500 5087 tractatum
3533 5034 3797 5096 habuisse,

2230 5102 2414 5155 scribit
2456 5100 2663 5153 Possid.
2696 5102 2749 5154 in
2794 5101 3031 5155 lndiculo
3072 5117 3121 5155 c.
3156 5101 3208 5155 9.
3242 5102 3402 5156 Positi
3452 5113 3579 5156 sunt
3624 5114 3799 5157 autem

2230 5171 2286 5225 hi
2316 5173 2367 5224 in
2408 5169 2623 5224 basilica
2655 5168 2864 5237 FauSti,
2898 5173 3048 5238 cujus
3077 5172 3315 5226 meminit
3355 5174 3548 5227 concil.
3579 5172 3800 5227 Cartha-

2266 5243 2337 5294 in.
2374 5241 2425 5295 in
2472 5240 2770 5308 principio,
2816 5253 2870 5296 et
2923 5243 3117 5296 concil.
3163 5242 3397 5295 African.
3428 5243 3648 5310 capitul.
3706 5240 3769 5295 Η

2278 5312 2411 5365 ictor
2437 5314 2559 5363 item
2583 5312 2651 5365 de
2679 5311 3051 5377 persecutione
3079 5310 3410 5376 Wandalica,
3438 5313 3532 5366 lib.
3563 5328 3619 5367 ιι.

2308 5381 2322 5419 ί
2366 5380 2596 5434 Vedasti.
2624 5382 2699 5434 De
2731 5383 2833 5435 alia
2866 5384 3208 5435 translatione
3238 5382 3357 5435 vide
3378 5397 3429 5435 vt
3454 5383 3632 5437 Nonas
3653 5382 3779 5436 Julii

2302 5454 2316 5502 ι
2361 5451 2605 5504 Hilarini.
2637 5451 2901 5505 Monachi.
2944 5454 3041 5517 Qui
3072 5454 3138 5506 de
3160 5451 3372 5505 civitate
3418 5451 3584 5505 Aretii
3610 5455 3794 5504 oriun-

2227 5523 2328 5578 dus
2366 5538 2485 5575 cum
2531 5523 2685 5575 beato
2716 5521 2920 5575 Donato
2948 5523 3201 5589 episcopo
3230 5530 3286 5575 et
3330 5532 3562 5592 martyre
3597 5521 3797 5575 dudum

2228 5593 2837 5657 habuitcommercium,
2867 5601 2921 5646 et
2953 5592 3175 5660 plurima
3226 5606 3327 5645 una
3375 5591 3494 5645 cum
3540 5591 3631 5644 illo
3684 5592 3800 5645 fecit

2227 5665 2498 5717 miracula.
2534 5662 2775 5716 Posthac
2802 5663 2854 5717 in
2880 5662 3094 5715 civitate
3123 5662 3353 5716 Ostiensi
3373 5662 3591 5731 degens,
3635 5660 3800 5714 Galli.

686 5735 873 5807 Cytisi.
902 5734 979 5792 De
1009 5736 1089 5792 bis
1118 5734 1289 5791 Latini
1319 5743 1478 5805 agunt
1502 5749 1589 5789 va
1618 5732 1781 5797 Junii,
1805 5748 1960 5805 quem
1985 5734 2123 5794 diem
2224 5746 2415 5787 cauum
2449 5742 2833 5800 martyremeo
2860 5734 3162 5788 venientem
3206 5732 3460 5791 suscepit.
3490 5744 3542 5786 et
3564 5746 3612 5785 tn
3646 5731 3797 5787 Chri-
