3988 6346
253 347 353 402 977

1369 348 1558 406 SECT.
1598 348 1661 403 II.
1699 378 1768 389 —
1807 349 2361 409 MARTYROLOGIA.

3393 362 3498 419 978

1498 458 1725 515 EDITIO
1762 459 2223 519 COLONIENSIS.
3222 502 3225 507 ι

251 555 309 603 ει
330 546 673 614 confessoris,
700 548 787 617 qui
817 547 918 604 sub
938 547 1247 605 Constantio
1285 550 1520 620 principe
1540 553 1609 607 ob
1634 555 1818 609 catho-
1844 557 1897 616 Α
1990 549 2053 608 C.
2084 552 2175 607 XV
2207 554 2460 622 Kinsan.
2505 554 2739 613 Aucusr.
2797 558 2949 628 Apud
2994 559 3363 631 Carthaginem
3399 579 3497 621 na-

252 638 411 693 limm
438 638 597 694 ﬁdem
628 640 681 695 in
710 638 1105 710 Trajanopolim
1136 642 1405 698 civitatem
1437 644 1679 700 Thracia:
1707 647 1822 716 pul‘

254 742 347 785 sus
380 730 589 791 exsilio,
619 731 815 786 ibidem
840 734 1128 801 requievit.

323 827 386 881 Β.
427 826 546 881 XVI
590 826 830 883 Knsao.
873 830 1107 886 Ancus'r.
1134 830 1222 885 .In
1277 829 1596 902 Carthagine
1653 832 1826 890 natale

256 926 557 974 Sanctorum
602 917 1017 987 Scillitanornm,
1066 919 1120 975 id
1150 934 1254 987 est,
1294 922 1529 993 Sperati,
1563 924 1824 993 Narthali,

259 1007 489 1076 Cythini,
538 1008 794 1074 Bethurii,
847 1010 1059 1078 Felicis,
1084 1012 1339 1082 Aquilini.
1371 1015 1597 1084 Letacii,
1629 1016 1830 1071 Ianua-

253 1100 371 1162 riae,
411 1099 721 1165 Generosa,
771 1100 971 1167 Beffiae,
1022 1103 1237 1157 Donata:
1290 1114 1343 1160 et
1381 1105 1672 1171 Secundae,
1726 1108 1825 1163 sub

252 1189 546 1245 Saturnino
589 1191 863 1261 prafecto,
907 1194 993 1263 qui
1038 1205 1155 1263 post
1186 1195 1408 1263 primam
1435 1196 1824 1252 confessionem

252 1279 455 1336 Christi
500 1280 554 1336 in
596 1295 865 1337 carcerem
895 1284 1063 1349 missi,
1106 1294 1159 1339 et
1186 1284 1237 1337 in
1266 1284 1405 1353 ligno
1423 1284 1643 1351 conﬁxi,
1672 1300 1827 1341 mane

254 1373 431 1442 gladio
477 1370 728 1426 decollati
772 1382 914 1427 sunt.
964 1372 1158 1427 Horum
1208 1374 1441 1442 reliquiae
1468 1389 1589 1429 cum
1617 1375 1828 1429 ossibus

252 1464 394 1517 beati
424 1460 695 1532 Cypriani,
721 1471 773 1517 et
797 1465 967 1531 capite
994 1466 1161 1518 sancti
1192 1464 1525 1519 Pantaleonis
1554 1467 1825 1536 martyris,

251 1568 317 1608 ex
363 1555 538 1610 Africa
568 1556 621 1610 in
647 1555 847 1611 Gallias
880 1553 1176 1620 translatae,
1229 1563 1546 1610 venerantur
1587 1556 1827 1623 Lugduni

252 1646 305 1701 in
352 1647 572 1702 basilica
625 1646 763 1703 beati
800 1645 1019 1703 Joannis
1059 1645 1333 1716 Baptistae,
1370 1658 1424 1701 et
1452 1647 1621 1701 sancti
1646 1647 1830 1704 Alexis

252 1737 600 1794 confessoris.

1933 644 2039 699 tale
2069 653 2265 700 sanctae
2288 644 2593 717 Gundenes,
2622 664 2741 717 qua:
2771 649 3051 707 Plautiano
3078 663 3131 708 et
3153 652 3278 717 Zeta
3305 670 3497 712 consu-

1928 733 2114 803 libus,
2180 736 2330 807 jussu
2394 738 2565 794 Rufini
2629 742 2974 811 proconsulis,
3056 753 3242 815 quater
3264 747 3493 805 diversis

1928 827 2257 893 temporibus
2286 830 2495 899 equulei
2517 832 2828 890 extensione
2853 846 3039 892 vexata
3063 875 3078 901 ,
3102 847 3156 892 et
3184 838 3493 909 ungularum

1934 917 2199 974 horrenda
2231 920 2551 978 laceratione
2572 924 2801 980 cruciata
2832 948 2847 993 ,
2886 929 3115 983 carceris
3141 928 3300 985 etiam
3332 946 3496 1000 squa-

1931 1008 2048 1065 lore
2092 1010 2391 1068 diutissime
2417 1015 2964 1082 afflicta,-novissime
3008 1020 3183 1091 gladio
3209 1036 3344 1077 cresa
3389 1034 3490 1079 est.

1925 1100 2076 1171 Apud
2134 1104 2397 1159 civitatem
2444 1104 2751 1163 Metensium
2799 1111 2971 1165 sancti
3010 1112 3210 1167 Arnolli
3253 1114 3489 1184 episcopi

1927 1204 1979 1248 et
2008 1194 2347 1263 confessoris,
2388 1199 2473 1266 qui
2526 1201 2803 1255 sanctitate
2847 1212 2901 1257 et
2946 1204 3338 1260 miraculorum'
3367 1222 3490 1276 gra-

1932 1287 2000 1336 tia
2028 1285 2263 1352 illustris,
2294 1290 2620 1344 eremiticam
2644 1293 2801 1346 vitam
2832 1294 3059 1365 diligens
3102 1296 3256 1352 beato
3279 1297 3382 1352 fine
3413 1288 3525 1353 νει-⁸

1929 1376 2144 1444 quievit.
2202 1378 2268 1433 Et
2318 1382 2488 1436 sancti
2536 1383 2752 1439 Materni
2808 1388 3037 1457 episcopi
3086 1399 3135 1444 et
3176 1390 3493 1446 confessoris

1931 1466 2248 1523 Mediolano.

2004 1556 2065 1610 D.
2100 1555 2215 1611 XIV
2240 1558 2476 1614 KALEND.
2528 1564 2767 1619 Aucnsr.
2797 1565 2947 1633 Apud
2969 1565 3290 1621 Thebaidam
3329 1566 3493 1622 sancti

1935 1646 2104 1703 Patris
2134 1651 2300 1705 nostri
2329 1652 2561 1718 Arsenii,
2592 1652 2661 1708 de
2690 1669 2794 1723 quo
2825 1656 2876 1708 in
2908 1656 3084 1711 verbis
3110 1659 3381 1712 seniorum
3409 1673 3495 1712 re-

1936 1738 2148 1806 fertur,
2215 1740 2336 1810 quia
2382 1754 2596 1813 prapter
2640 1744 3080 1800 redundationem
3143 1746 3493 1817 lacrymarunt

1487 1830 1714 1888 EDITIO
1752 1829 2248 1888 BOLLANDIANA.

253 1924 391 1989 rini;
422 1922 510 1993 qui
555 1921 656 1976 sub
678 1920 1050 1991 persecutione
1076 1919 1291 1988 Juliani,
1320 1935 1439 1976 eum
1469 1922 1633 1977 nollet
1660 1921 1821 1977 sacri-
1850 1920 1901 1981 B
1933 1989 1963 1998 _
1994 1922 2064 1998 C._
2084 1920 2146 1998 _V.
2168 1962 2206 1998 ,__
2238 1922 2655 1998 Autissiodorof
2689 1925 2991 1998 Theodosii
3019 1929 3275 1998 episcopi.
3308 1929 3399 1996 V.,
3433 1929 3497 1984 Et

256 2018 441 2083 ficare,
474 2015 699 2070 fustibus
724 2030 893 2069 caesus
920 2013 1228 2085 martyrium
1265 2014 1507 2084 sumpsit.

326 2110 389 2164 C.
420 2108 507 2170 V.,
540 2106 596 2177 [η
642 2107 920 2161 Antiochia
961 2106 1262 2177 Theodosii.
1314 2106 1543 2161 Eustasii
1576 2105 1827 2177 [Eustasii

256 2180 396 2233 abest
424 2196 455 2231 α
480 2174 605 2248 γ.],
641 2178 895 2247 Dionysii.
931 2177 1013 2248 με,
1035 2176 1154 2248 Ipso
1193 2177 1277 2231 die
1312 2178 1420 2248 ASS.
1458 2185 1482 2248 ξ
1515 2174 1727 2231 Μόιιυιίί
1776 2186 1833 2233 ει

257 2249 505 2303 Gundulti
528 2244 919 2315 episcoporum.
951 2247 1039 2309 Τ.⁹
1070 2247 1267 2301 Eodem
1293 2246 1380 2302 die
1419 2244 1675 2300 adventus
1709 2262 1829 2301 cor-

258 2322 406 2389 poris
435 2319 493 2375 S.
527 2318 768 2372 Cassiani
798 2318 1031 2389 episcopi
1062 2318 1113 2371 in
1148 2318 1385 2389 basilica.
1429 2316 1663 2389 Quintini
1694 2333 1832 2371 mar-

259 2387 413 2461 tyris,
440 2391 602 2457 signis
643 2399 695 2461 et
738 2387 1118 2461 miraculorum
1148 2388 1429 2461 virtutibus
1478 2388 1707 2456 gloriose
1737 2403 1830 2441 co-

258 2455 545 2515 fumantis.
575 2461 639 2513 Et
663 2458 719 2514 S.
738 2455 763 2493 ι’
801 2456 996 2512 Bertini
1015 2472 1204 2525 corpus
1233 2457 1545 2511 transfertur
1565 2466 1619 2512 et
1647 2473 1835 2511 recou-

258 2535 421 2586 ditur.
454 2531 547 2596 B.,
584 2529 642 2583 In
689 2528 928 2582 Caesarea
957 2528 1130 2582 natale
1179 2526 1275 2581 SS.
1321 2528 1464 2581 Pauli
1513 2537 1566 2581 et
1596 2540 1617 2566 ε
1667 2527 1833 2581 Mam-

260 2603 439 2656 metis.
475 2602 544 2655 Et
575 2599 750 2654 natale
778 2609 1084 2654 sanctorum
1120 2596 1427 2663 Valentinae,
1453 2597 1678 2665 Theoni,
1714 2598 1835 2653 Dio+

260 2673 437 2727 cletis.

333 2763 512 2819 17.-
534 2759 652 2817 XVI
677 2760 812 2816 ΚΑι..
847 2759 902 2815 In
945 2758 1263 2829 Carthagine
1299 2758 1731 2827 Scillidanorum,
1781 2756 1831 2814 id

260 2864 364 2920 est,
414 2853 697 2920 Marcialis,
748 2850 910 2907 Cithii
962 2850 1056 2925 [0.
1107 2850 1271 2922 Urii],
1303 2850 1569 2915 Vesturii,
1622 2852 1831 2918 Felicis,

262 2946 519 3016 Aquilini,
546 2944 828 3011 Lactantii,
856 2942 1115 3010 Januarii,
1133 2942 1385 2999 Generosi
1400 2941 1484 3015 [A.
1502 2941 1833 3015 Generosaa],

262 3038 438 3095 Vestae
468 3036 555 3111 [Β.
586 3037 823 3109 Vestae],
858 3037 1073 3105 Donata:
1103 3046 1156 3091 et
1203 3037 1485 3107 Secundae,
1527 3041 1626 3093 sub
1652 3036 1836 3093 Satur-

263 3131 389 3185 nino
438 3129 730 3201 praefecto;
769 3128 859 3199 qui
886 3139 1003 3197 post
1049 3129 1272 3199 primam
1298 3129 1495 3185 Christi
1546 3130 1837 3187 confessio-

265 3235 385 3277 nem
415 3221 467 3277 in
496 3234 764 3277 carcerem
796 3218 943 3275 missi
964 3230 1017 3277 et
1045 3219 1099 3276 in
1128 3220 1268 3292 ligno
1293 3220 1532 3278 cruciﬁxi
1556 3262 1572 3290 ,
1620 3222 1675 3279 in
1704 3222 1834 3279 mari

264 3312 440 3383 gladio
482 3312 726 3370 deeollati
761 3321 905 3368 sunt.

1857 3302 1906 3366 C

1931 1989 1991 2046 St
2036 1993 2208 2065 Alexii
2248 1993 2301 2047 in
2327 1996 2477 2065 Ap...
2514 1995 2575 2050 Et
2605 1996 2835 2051 Marium.
2892 2002 2953 2051 A.
2983 1989 3141 2054 'I‘.'L.
3162 2042 3178 2065 ,
3202 1989 3409 2059 'Roma}
3436 2002 3495 2055 S.

1930 2061 2166 2188 zﬁlexis
2214 2061 2553 2122 confessoris.
2592 2066 2676 2131 8.,
2705 2066 3001 2123 Mediolano
3030 2061 3206 2125 natale
3255 2070 3311 2128 S.
3362 2069 3494 2125 Matt

1962 2149 1990 2187 e
2036 2150 2071 2187 ι.

1962 2149 2071 2187 ειιι.

2006 2225 2091 2279 ts.
2120 2254 2189 2265 —
2209 2226 2301 2280 xv
2331 2227 2463 2283 ΚΑι..
2494 2207 2678 2284 Natale
2703 2232 2758 2285 ε.
2794 2227 3042 2286 uinum
3072 2231 3420 2288 confessoris.

2005 2316 2167 2371 Addit
2193 2317 2383 2371 Florus
2414 2319 2465 2371 in
2494 2323 2561 2374 Α.
2590 2319 2655 2374 Τ.
2688 2320 2774 2386 L.,
2806 2320 2965 2388 Cujus
2988 2322 3098 2374 vita
3131 2320 3377 2375 maximae
3406 2336 3497 2376 ex-

1932 2409 2067 2464 stitit
2096 2410 2414 2465 sanctitatis.

2004 2500 2225 2572 Notatur
2265 2510 2437 2572 autem
2490 2502 2557 2572 in,
2590 2503 2680 2567 A.,
2732 2501 2786 2556 In
2837 2502 3021 2558 Galliis
3062 2502 3208 2559 Silva
3254 2503 3495 2572 Aquilina

1934 2570 2215 2653 passions.
2246 2570 2711 2653 Arnullifpiscopi
2756 2589 2767 2623 :
2892 2573 2966 2653 Τ..
2992 2588 3137 2653 vero,
3175 2570 3383 2653 Eodem
3411 2574 3497 2653 die

1934 2639 1989 2696 in
2020 2640 2187 2712 Gallia
2218 2639 2428 2712 civitate
2455 2641 2609 2712 Metis
2637 2643 2898 2709 depositio
2935 2645 2991 2696 S‘.
3024 2642 3227 2697 Arnulti
3259 2642 3495 2712 episcopi

1932 2722 1989 2782 et
2016 2709 2336 2766 confessoris
2366 2730 2377 2763 :
2405 2722 2487 2764 ast
2507 2711 2558 2764 iu
2592 2712 2651 2765 L.
2678 2728 2778 2765 non
2806 2722 3100 2782 praeuotato
3134 2714 3249 2767 loco
3277 2709 3421 2766 solus
3446 2712 3495 2765 ei

1932 2781 2086 2854 datur
2118 2782 2300 2835 titulus
2330 2784 2591 2853 martyris.
2625 2782 2684 2835 C.
2722 2781 3035 2854 V.,7Ror_n_.fe
3062 2792 3085 2827 κ
3117 2782 3493 2854 Symphorosm

1934 2852 2119 2907 matris
2147 2860 2348 2919 septem
2379 2851 2771 2919 germanorum.
2805 2854 2863 2907 Β.
2892 2851 3036 2906 addit
3066 2851 3278 2906 nomina
3309 2863 3363 2906 et
3385 2853 3497 2905 elo-

1933 2923 2216 2992 gittutqttaa
2254 2924 2384 3003 intra
2425 2920 2807 3003 videnxtthlial:
2850 2924 2938 3003 Δ...
2984 2924 3193 3003 Sanctae
3237 2922 3496 3003 Sympho-

1934 3007 2071 3048 rosze
2094 2991 2212 3046 cum
2243 3001 2447 3061 septem
2491 2991 2629 3047 filiis.
2666 2994 2747 3056 BL,
2787 2992 2856 3061 In,
2885 2992 3049 3047 Ponto
3085 2991 3343 3047 Amantia:
3372 2992 3497 3045 civi-

1935 3070 2063 3132 tate,
2098 3062 2327 3130 Pontiui,
2371 3062 2603 3129 Filautii,
2636 3062 2870 3118 Heliauae
2898 3062 3141 3132 virginis,
3184 3064 3362 3118 Maria:
3387 3062 3496 3117 vir-

1933 3131 2092 3203 ginis.

2008 3225 2181 3281 t9.—
2219 3223 2334 3282 XIV
2377 3222 2513 3281 lin.
2562 3224 2615 3282 8.
2670 3222 2731 3281 Ρ.
2772 3221 2834 3282 Ν.
2867 3221 2894 3264 ιι
2926 3224 3158 3294 Arsenii,
3201 3223 3268 3283 de
3294 3238 3399 3298 quo
3443 3221 3498 3283 in

1632 3404 1834 3463 SMITII
1872 3401 2100 3461 ΝΟΤᾹΞ.

266 3496 336 3553 sti
384 3495 492 3551 fide
540 3495 889 3551 continuavit.
919 3496 1115 3566 Captus
1161 3496 1393 3566 denique
1417 3511 1446 3552 a
1474 3497 1832 3564 Quadratiano

261 3567 496 3637 prmside
523 3566 577 3621 in
621 3566 765 3621 Ostia
794 3569 1000 3637 occisus
1046 3575 1146 3622 est.
1180 3568 1321 3622 Petr.
1352 3568 1419 3623 de
1447 3567 1618 3623 Natal.
1666 3566 1830 3623 Baro-

261 3636 387 3693 nius
425 3651 553 3691 vero
580 3637 816 3709 inMart.
847 3636 922 3690 ait
946 3639 1085 3692 hunc
1122 3637 1291 3709 Aretii
1329 3639 1385 3709 in
1414 3638 1605 3693 Tuscia
1637 3647 1833 3709 marty-

260 3709 405 3764 rium
458 3708 765 3779 sumpsisse,
792 3716 845 3761 et
882 3721 1075 3777 corpus
1119 3706 1239 3779 ejus
1275 3708 1341 3764 ad
1387 3709 1532 3765 Ostia
1580 3706 1832 3765 Tiberina

264 3780 582 3834 translatum
612 3778 792 3832 fuisse.

1941 3514 1961 3549 ι
2001 3496 2304 3551 Invenimus
2331 3505 2385 3552 et
2412 3495 2550 3551 hunc
2576 3501 2815 3551 sanctum
2837 3494 3006 3552 virum
3036 3495 3341 3552 interfuisse
3372 3513 3506 3555 con-

1939 3585 1958 3622 ι
1994 3568 2118 3622 cilio
2147 3567 2539 3635 episcoporum,
2571 3566 2716 3636 quod
2742 3574 2917 3622 actum
2946 3575 3027 3621 est
3047 3582 3112 3622 ex
3138 3567 3289 3635 jussu
3313 3565 3505 3624 Clodo-

1941 3655 1961 3690 ι
1997 3639 2079 3692 vei
2109 3638 2278 3706 Magni
2313 3638 2636 3692 Francorum
2684 3636 2825 3707 regis
2871 3636 3011 3707 apud
3057 3637 3493 3695 Aurelianenscm

1939 3723 1959 3761 ι
2002 3707 2187 3763 Gallia:
2216 3709 2502 3763 civitatem.
2541 3724 2562 3759 ι

2008 3789 2032 3817 ο
2052 3780 2239 3834 Alexis.
2276 3778 2391 3833 Filii
2422 3776 2767 3849 Euphemiani
2796 3777 3058 3832 senatoris
3083 3787 3134 3832 et
3152 3778 3368 3849 Aglaiae.
3400 3779 3501 3845 Qui

344 3855 371 3883 ι
395 3847 668 3919 Monulpln'
718 3858 761 3901 et
815 3848 1127 3919 Condulphi.
1163 3850 1236 3903 Ex
1280 3848 1469 3917 quibus
1499 3849 1833 3917 Monulphus,
1935 3849 2104 3917 prima
2145 3860 2296 3904 nocte
2325 3847 2643 3917 nuptiarum,
2674 3862 2865 3913 sponsa
2911 3849 3126 3912 intacta,
3156 3864 3188 3902 e
3209 3847 3374 3904 'domo
3399 3864 3492 3903 sua

267 3918 573 3990 filiusregis
601 3918 827 3973 Dionati.
855 3923 1004 3990 Apud
1032 3918 1505 3990 Legiamcondidit
1543 3920 1835 3974 oratorium
1934 3920 2245 3984 abscedens,
2277 3934 2339 3973 ac
2361 3928 2503 3990 post
2547 3920 2755 3986 longam
2785 3919 3254 3985 peregrinationem
3297 3919 3364 3972 ad
3396 3919 3496 3972 Ur-

268 3988 374 4045 SS.
393 3987 601 4041 Cosmae
617 4000 669 4058 et
688 3987 950 4056 Damiani;
974 4002 1027 4045 et
1044 3987 1268 4058 Traiecti
1286 3989 1337 4042 in
1362 3990 1613 4043 honorem
1638 3990 1695 4042 S.
1715 3991 1835 4045 Ser-

266 4059 416 4130 vatii
437 4057 769 4130 magnificum
798 4064 1046 4130 templum
1076 4057 1367 4130 exstruxit,
1386 4059 1473 4114 ubi
1507 4061 1726 4114 clericos
1756 4061 1839 4114 in-

270 4128 464 4184 stituit.
490 4128 587 4194 Qui
617 4139 888 4196 postquam
910 4128 1057 4187 circa
1087 4130 1154 4187 '59
1169 4145 1338 4185 annos
1354 4129 1583 4199 Trajecti
1613 4132 1840 4185 resedis-

270 4209 376 4266 set,
410 4199 601 4252 ibidem
636 4199 690 4253 in
719 4201 902 4254 eadem
934 4202 1153 4256 ecclesia
1177 4202 1402 4253 animam
1447 4204 1552 4254 Deo
1580 4202 1835 4268 reddidit,

270 4280 327 4325 et
352 4270 587 4336 sepultus
614 4279 699 4323 εει
727 4287 865 4325 anno
893 4274 1100 4326 circiter
1143 4272 1267 4324 60h.
1308 4273 1363 4325 8.
1396 4278 1570 4325 autem
1603 4270 1838 4325 Gondul-

273 4341 416 4410 phus
465 4338 564 4393 fuit
600 4339 749 4395 ducis
800 4341 1153 4410 Lotharingim
1197 4343 1353 4405 filius,
1394 4351 1447 4394 et
1493 4342 1716 4410 'Irajecti
1776 4342 1839 4394 ad

271 4409 484 4464 Mosam
526 4412 771 4466 nutritus.
804 4412 925 4466 Post
973 4412 1030 4466 8.
1057 4409 1395 4477 Monulphum
1440 4423 1493 4465 et
1539 4409 1842 4477 'I‘rajecten-

276 4496 393 4535 sem
440 4490 495 4536 ει
529 4479 887 4550 Tungrensem
923 4483 1208 4537 Ecclesiam
1245 4483 1520 4547 septennio
1565 4483 1747 4550 rexit,
1791 4490 1843 4533 et

277 4551 530 4619 migravit
578 4549 663 4605 ex’
691 4550 790 4605 hoc
840 4554 1036 4606 sarculo
1082 4553 1218 4605 circa
1251 4552 1603 4614 annuuilitn,
1657 4549 1842 4604 eodem

276 4622 405 4675 armi
427 4621 513 4674 die
538 4634 641 4688 quo
675 4622 1064 4687 predecessor;
1096 4623 1180 4677 cui
1202 4622 1361 4677 etiam
1396 4636 1484 4689 par
1516 4620 1739 4687 meritis,
1766 4631 1847 4673 est

276 4691 624 4817 ἓοιιεερυιιυε
656 4689 708 4745 in
756 4694 932 4746 medio
977 4693 1215 4747 ecclesia:
1262 4691 1318 4745 S.
1350 4692 1593 4746 Servatii.
1624 4691 1844 4744 GHINIUS

322 4775 553 4814 ENENSIS.

322 4775 553 4814 ENENSIS.

357 4830 384 4869 δ
418 4829 632 4887 Bertim'.
658 4832 829 4887 Verba
882 4841 1004 4885 Sunt
1058 4830 1172 4885 hac
1213 4830 1406 4885 Moloni
1456 4831 1506 4883 in
1562 4829 1847 4883 additioni-

284 4903 389 4955 bus
417 4902 483 4953 ad
510 4901 800 4956 Usuardum
834 4920 843 4954 :
877 4900 1192 4955 Monasterio
1233 4902 1401 4954 Sithiu
1432 4900 1491 4955 8.
1523 4899 1689 4953 Patris
1721 4899 1847 4953 Ber-

284 4971 384 5026 tini
413 4985 604 5039 corpus
633 4989 660 5024 a
688 4971 746 5025 Ii.
794 4971 1062 5039 Folquano
1091 4970 1424 5035 transfertur,
1448 4981 1501 5023 et
1548 4969 1846 5023 reconditur

289 5056 430 5095 anno
456 5038 580 5094 846.
610 5041 685 5096 De
705 5043 808 5095 alia
845 5038 1189 5095 translatione
1218 5040 1372 5108 hujus
1416 5041 1584 5093 sancti
1618 5039 1740 5093 vide
1767 5055 1850 5094 su-

289 5126 389 5219 pr:
408 5110 725 5235 [uirgineum
753 5187 923 5249 ιιυιυε
962 5181 1260 5250 passionem
1288 5178 1545 5250 prodigio,
1575 5192 1732 5250 quam
1761 5192 1851 5234 ve-

293 5250 437 5306 ritati
460 5250 768 5305 similiorem
800 5247 1119 5320 explicatam
1164 5249 1344 5320 videas
1367 5249 1504 5320 apud
1536 5247 1850 5320 Notheruni.

365 5320 393 5358 ά
422 5320 714 5376 Theodosii.
746 5323 819 5375 De
847 5315 945 5374 hoc
991 5322 1067 5375 sic
1095 5319 1338 5373 scribitur
1382 5320 1432 5371 in
1466 5315 1607 5373 Phil.
1658 5318 1856 5373 Labbei

293 5392 432 5447 Bibl.
466 5390 597 5445 Nov.
629 5402 756 5446 tom.
785 5391 833 5457 I,
870 5408 919 5457 p.
947 5391 1051 5445 M8
1079 5408 1092 5443 :
1121 5408 1139 5440 ι
1167 5387 1495 5443 Theodosius
1524 5389 1660 5442 sedit
1689 5403 1856 5443 annos

303 5481 321 5515 ‹
363 5462 417 5526 8,
446 5461 560 5514 dies
580 5460 670 5524 23,
694 5475 748 5516 et
788 5462 939 5514 hodie
967 5461 1098 5514 obiit
1126 5468 1337 5527 peracto
1362 5458 1482 5510 vitae
1511 5472 1620 5512 suae
1650 5467 1855 5525 tempo-

304 5550 324 5586 ι
364 5546 423 5587 re
450 5531 520 5586 70
563 5542 615 5586 et
644 5533 676 5586 5
720 5532 870 5585 annis
894 5570 908 5594 ,
953 5544 1150 5595 proque
1187 5541 1300 5582 suae
1348 5527 1538 5581 merito
1566 5527 1859 5581 sanctitatis

304 5621 323 5656 ι
365 5602 592 5656 nobilem
620 5604 669 5655 in
699 5602 919 5657 ecclesia
950 5600 1009 5654 Β.
1056 5598 1301 5655 Germani
1330 5600 1544 5651 sortitus
1575 5608 1655 5651 est
1682 5600 1861 5662 sepul-

305 5692 325 5727 ι
364 5684 555 5727 turam.
583 5670 702 5726 Fuit
728 5681 899 5724 autem
927 5669 1250 5738 temporibus
1282 5668 1553 5730 Bonil'acii,
1584 5677 1638 5722 et
1659 5668 1855 5721 Mercu-

308 5763 328 5796 s
364 5744 431 5798 rii
451 5743 539 5811 qui
569 5752 621 5796 et
646 5743 874 5797 Joannes
900 5750 1113 5795 vocatus
1141 5750 1241 5803 est,
1275 5752 1437 5811 usque
1462 5738 1527 5792 ad
1552 5741 1852 5811 Agapitum,

310 5833 333 5871 ι
367 5809 659 5885 imperante
688 5812 995 5890 .Justiniano
1021 5816 1275 5879 Augusto,
1306 5809 1590 5882 Lampadio
1618 5809 1857 5866 consule.

1934 3990 2053 4044 bem
2082 3990 2315 4053 rediens,
2342 3988 2525 4042 decem
2563 3997 2616 4041 et
2643 3994 2845 4053 septem
2874 4001 3039 4057 annos
3082 3996 3334 4057 tanquam
3373 4002 3497 4054 egeo

1937 4075 2036 4113 nus
2083 4060 2135 4112 in
2183 4060 2340 4112 domo
2392 4064 2604 4122 paterna
2654 4067 2895 4127 receptus
2943 4056 3203 4122 hospitio,
3254 4058 3495 4127 incogni-

1939 4143 2023 4183 tus
2061 4132 2250 4182 mansit
2287 4146 2300 4180 :
2341 4128 2432 4182 sed
2486 4136 2601 4194 poit
2651 4126 2889 4189 obitum,
2932 4138 2984 4179 et
3040 4140 3169 4179 voce
3222 4141 3313 4195 per
3349 4126 3496 4181 urbis

1938 4199 2201 4253 [scelestas
2230 4198 2403 4250 audita
2433 4240 2447 4262 ,
2504 4206 2559 4250 et
2597 4195 2794 4261 scripto
2831 4211 2926 4248 suo
2949 4196 3194 4263 agnitus,
3252 4197 3502 4252 Innocen-

1942 4279 2015 4323 tto
2046 4271 2061 4322 I
2087 4311 2101 4332 ,
2137 4269 2381 4335 pontifice
2409 4270 2658 4329 maximo,
2706 4266 2772 4317 ad
2818 4265 3094 4335 ecclesiam
3150 4268 3205 4322 8.
3242 4268 3495 4322 Bonifacii

1939 4334 2146 4392 summo
2199 4338 2397 4391 honore
2442 4335 2647 4389 delatus
2691 4344 2791 4388 est.
2834 4334 3034 4390 Claruit
3061 4337 3200 4392 circa
3242 4354 3331 4393 an.
3363 4337 3487 4395 388.

1941 4410 2109 4464 PBTR.
2145 4424 2210 4462 os
2236 4410 2553 4462 Narausus.
2635 4424 2639 4429 '

2017 4478 2035 4516 ί
2082 4481 2351 4547 Arnulphi.
2387 4477 2534 4532 Metis
2570 4476 2622 4530 in
2650 4474 2815 4529 Gallia
2840 4475 2900 4547 is.
2933 4476 3190 4547 Arnulphi
3232 4479 3490 4546 episcopi,

1942 4551 2027 4622 qui
2059 4553 2231 4622 clarus
2250 4545 2315 4602 iu
2344 4549 2533 4622 palatio
2565 4546 2727 4613 regis,
2751 4556 2806 4622 et
2835 4545 3346 4622 PipinoBrabantize
3374 4547 3501 4601 duci

1943 4621 2135 4672 chartis
2161 4617 2272 4683 fuit,
2310 4630 2358 4671 et
2382 4621 2447 4670 ab
2470 4633 2533 4670 eo
2560 4632 2587 4668 a
2614 4617 2835 4669 secretis
2864 4618 3128 4670 adhibitus
3152 4635 3167 4681 ;
3193 4618 3344 4685 cujus
3371 4633 3499 4670 con-

1946 4691 2063 4743 sitio
2108 4690 2333 4741 maxime
2381 4688 2594 4755 Pipiuus
2632 4687 3009 4739 delectabatur.
3066 4687 3277 4751 Papone
3322 4699 3497 4740 autem

1950 4758 2169 4813 Meteusi
2199 4760 2444 4827 episcopo
2468 4758 2737 4818 defuncto,
2772 4757 3073 4827 Arnulphus
3104 4757 3299 4810 invitus
3332 4758 3503 4825 praeh-

1954 4837 2087 4881 citur
2119 4846 2131 4879 :
2166 4826 2382 4894 atpost
2430 4844 2598 4879 annos
2626 4826 2923 4893 quindecim
2966 4827 3296 4879 ereutiticam
3341 4830 3502 4880 vitam

1952 4897 2123 4961 duxit,
2155 4908 2207 4949 et
2233 4900 2362 4952 obiit
2388 4912 2528 4949 anno
2557 4897 2679 4959 liiU,
2708 4910 3003 4963 corpusque
3032 4895 3153 4949 inde
3194 4896 3373 4951 Metitn
3405 4897 3502 4951 de-

1953 4968 2139 5021 latum.
2168 4968 2377 5030 Sontes,
2411 4976 2536 5019 tom.
2564 4966 2647 5018 ιν.

2026 5046 2050 5105 β
2094 5036 2473 5105 Synipltorosae.
2501 5038 2572 5089 De
2594 5038 2674 5087 his
2699 5034 2816 5088 vide
2835 5032 2968 5105 intra
2993 5049 3079 5089 xu
3106 5034 3262 5105 hujus
3284 5035 3500 5090 mensis.

2024 5102 2055 5144 δ
2094 5102 2309 5159 Arrenii.
2360 5108 2537 5158 ltoinae
2584 5106 2723 5163 nati;
2769 5105 2856 5173 qui
2895 5103 3074 5173 etiam,
3119 5102 3393 5173 postquam
3438 5106 3505 5158 ad

1956 5177 2067 5246 ipsa
2095 5176 2531 5246 adyta_doctrina3
2548 5185 2607 5246 et
2630 5173 3005 5246 philosophica:
3030 5185 3084 5229 et
3110 5189 3274 5232 saera:
3298 5189 3507 5244 proces-

1955 5244 2135 5310 sisset,
2165 5244 2194 5296 a
2238 5244 2473 5299 Romana
2523 5245 2752 5297 Ecclesia
2798 5244 3048 5298 diaconus
3094 5248 3365 5299 ordinatus
3404 5255 3503 5300 est.

1959 5317 2241 5384 Postquam
2286 5325 2459 5370 autem
2507 5312 2835 5384 Theodosius
2883 5325 2998 5379 post
3033 5316 3301 5373 valentem
3342 5317 3508 5382 impe.

1958 5383 2115 5441 rium’
2142 5389 2478 5453 suscepisset,
2512 5383 2760 5437 Gratiano
2804 5383 3124 5451 imperatore
3168 5395 3223 5439 et
3270 5385 3508 5439 Romano

1960 5456 2183 5526 praesule
2210 5456 2482 5527 suadente,
2522 5453 2772 5527 Arsenius
2804 5455 2996 5527 invitus
3036 5461 3100 5509 ad
3130 5454 3504 5527 Constantino-

1962 5522 2118 5596 polim
2154 5526 2416 5593 profectus
2445 5532 2631 5596 est,et
2658 5522 2940 5596 Theodosii
2981 5526 3177 5581 liberos
3220 5522 3502 5580 Arcadium

1963 5594 2017 5651 et
2064 5595 2353 5649 Honorium
2397 5595 2600 5660 accepit
2627 5594 2943 5647 erudiendos
2993 5613 3006 5649 :
3050 5608 3104 5651 et
3139 5604 3257 5649 cuin
3291 5606 3504 5664 prepter

1957 5667 2204 5721 delictum
2234 5665 2493 5731 quoddam
2522 5666 2808 5716 admissum
2839 5666 3014 5732 flagris
3045 5668 3322 5721 Ancadium
3351 5667 3504 5719 casti-

1963 5745 2153 5806 gasset,
2185 5750 2213 5788 a
2241 5737 2511 5801 Spathario
2543 5734 2749 5806 Arcadii
2782 5736 3013 5789 monitus
3042 5749 3144 5801 est,
3173 5738 3311 5804 quod
3344 5740 3477 5792 Area

1962 5811 2079 5864 dius
2106 5820 2227 5863 eum
2271 5806 2386 5862 neci
2412 5806 2541 5862 dare
2580 5805 2861 5860 meditatus
2888 5819 2970 5863 est
3003 5824 3017 5862 :
3061 5808 3316 5865 Arsenius
3344 5809 3501 5873 igitur
