  <div class='ocr_page' id='page_1' title='image "/cluster/home/n/w/nwhite01/storage/ocr_20150623/94/hvd.32044020406492/498.png"; bbox 0 0 3988 6346; ppageno 0'>
   <div class='ocr_carea' id='block_1_1' title="bbox 195 268 295 327">
    <p class='ocr_par' dir='ltr' id='par_1_1' title="bbox 195 268 295 327">
     <span class='ocr_line' id='line_1_1' title="bbox 195 268 295 327; baseline 0 0"><span class='ocrx_word' id='word_1_1' title='bbox 195 268 295 327; x_wconf 75' lang='grc'><strong>981</strong></span> 
     </span>
    </p>
   </div>
   <div class='ocr_carea' id='block_1_2' title="bbox 1328 272 2333 336">
    <p class='ocr_par' dir='ltr' id='par_1_2' title="bbox 1328 272 2333 336">
     <span class='ocr_line' id='line_1_2' title="bbox 1328 272 2333 336; baseline 0.004 -4"><span class='ocrx_word' id='word_1_2' title='bbox 1328 272 1520 332; x_wconf 88' lang='lat' dir='ltr'><strong>SECT.</strong></span> <span class='ocrx_word' id='word_1_3' title='bbox 1564 272 1627 330; x_wconf 84' lang='lat' dir='ltr'><strong>II.</strong></span> <span class='ocrx_word' id='word_1_4' title='bbox 1666 304 1737 317; x_wconf 89' lang='lat'><strong>—</strong></span> <span class='ocrx_word' id='word_1_5' title='bbox 1774 273 2333 336; x_wconf 81' lang='lat' dir='ltr'><strong>MARTYROLOGIA.</strong></span> 
     </span>
    </p>
   </div>
   <div class='ocr_carea' id='block_1_3' title="bbox 3365 281 3472 341">
    <p class='ocr_par' dir='ltr' id='par_1_3' title="bbox 3365 281 3472 341">
     <span class='ocr_line' id='line_1_3' title="bbox 3365 281 3472 341; baseline -0.056 0"><span class='ocrx_word' id='word_1_6' title='bbox 3365 281 3472 341; x_wconf 69' lang='lat'><strong>982</strong></span> 
     </span>
    </p>
   </div>
   <div class='ocr_carea' id='block_1_4' title="bbox 1468 385 2641 447">
    <p class='ocr_par' dir='ltr' id='par_1_4' title="bbox 1468 385 2641 447">
     <span class='ocr_line' id='line_1_4' title="bbox 1468 385 2641 447; baseline -0.002 -4"><span class='ocrx_word' id='word_1_7' title='bbox 1468 387 1694 444; x_wconf 84' lang='lat' dir='ltr'><strong>EDITlO</strong></span> <span class='ocrx_word' id='word_1_8' title='bbox 1731 385 2195 447; x_wconf 75' lang='lat' dir='ltr'><strong>COLONIENSIS.</strong></span> <span class='ocrx_word' id='word_1_9' title='bbox 2636 436 2641 441; x_wconf 89' lang='lat'><strong>.</strong></span> 
     </span>
    </p>
   </div>
   <div class='ocr_carea' id='block_1_5' title="bbox 194 481 3463 555">
    <p class='ocr_par' dir='ltr' id='par_1_5' title="bbox 194 481 3463 555">
     <span class='ocr_line' id='line_1_5' title="bbox 194 481 3463 555; baseline 0.002 -19"><span class='ocrx_word' id='word_1_10' title='bbox 194 482 437 553; x_wconf 89' lang='lat' dir='ltr'><strong>quievit,</strong></span> <span class='ocrx_word' id='word_1_11' title='bbox 467 481 674 553; x_wconf 89' lang='lat' dir='ltr'><strong>sepulta</strong></span> <span class='ocrx_word' id='word_1_12' title='bbox 700 482 849 554; x_wconf 90' lang='lat' dir='ltr'><strong>juxta</strong></span> <span class='ocrx_word' id='word_1_13' title='bbox 887 497 1125 542; x_wconf 82' lang='lat' dir='ltr'><strong>sororem</strong></span> <span class='ocrx_word' id='word_1_14' title='bbox 1153 498 1305 543; x_wconf 89' lang='lat' dir='ltr'><strong>suam</strong></span> <span class='ocrx_word' id='word_1_15' title='bbox 1334 485 1518 540; x_wconf 63' lang='lat' dir='ltr'><strong>Romae</strong></span> <span class='ocrx_word' id='word_1_16' title='bbox 1552 486 1631 541; x_wconf 86' lang='lat' dir='ltr'><strong>via</strong></span> <span class='ocrx_word' id='word_1_17' title='bbox 1660 485 1771 542; x_wconf 90' lang='lat' dir='ltr'><strong>Sa-</strong></span> <span class='ocrx_word' id='word_1_18' title='bbox 1802 490 1873 549; x_wconf 33' lang='grc' dir='ltr'><strong>Αη</strong></span> <span class='ocrx_word' id='word_1_19' title='bbox 1944 488 2010 543; x_wconf 88' lang='lat' dir='ltr'><strong>G.</strong></span> <span class='ocrx_word' id='word_1_20' title='bbox 2060 490 2131 546; x_wconf 76' lang='grc' dir='ltr'><strong>Χῖ</strong></span> <span class='ocrx_word' id='word_1_21' title='bbox 2180 489 2419 544; x_wconf 65' lang='grc' dir='ltr'><strong>Κλιεκυ.</strong></span> <span class='ocrx_word' id='word_1_22' title='bbox 2469 485 2713 543; x_wconf 82' lang='lat' dir='ltr'><strong>Aususr.</strong></span> <span class='ocrx_word' id='word_1_23' title='bbox 2742 514 2813 529; x_wconf 92' lang='lat'><strong>-—</strong></span> <span class='ocrx_word' id='word_1_24' title='bbox 2840 486 3024 544; x_wconf 86' lang='lat' dir='ltr'><strong>Natale</strong></span> <span class='ocrx_word' id='word_1_25' title='bbox 3052 495 3249 544; x_wconf 76' lang='lat' dir='ltr'><strong>sanctae</strong></span> <span class='ocrx_word' id='word_1_26' title='bbox 3287 486 3463 555; x_wconf 63' lang='lat' dir='ltr'><strong>Mariae</strong></span> 
     </span>
    </p>
   </div>
   <div class='ocr_carea' id='block_1_6' title="bbox 192 572 1779 646">
    <p class='ocr_par' dir='ltr' id='par_1_6' title="bbox 192 572 1779 646">
     <span class='ocr_line' id='line_1_6' title="bbox 192 572 1779 646; baseline 0.003 -18"><span class='ocrx_word' id='word_1_27' title='bbox 192 572 347 629; x_wconf 85' lang='lat' dir='ltr'><strong>laria.</strong></span> <span class='ocrx_word' id='word_1_28' title='bbox 382 573 581 630; x_wconf 84' lang='lat' dir='ltr'><strong>Eodem</strong></span> <span class='ocrx_word' id='word_1_29' title='bbox 609 575 694 631; x_wconf 87' lang='lat' dir='ltr'><strong>die</strong></span> <span class='ocrx_word' id='word_1_30' title='bbox 740 577 916 646; x_wconf 81' lang='lat' dir='ltr'><strong>passio</strong></span> <span class='ocrx_word' id='word_1_31' title='bbox 956 577 1127 633; x_wconf 83' lang='lat' dir='ltr'><strong>sancti</strong></span> <span class='ocrx_word' id='word_1_32' title='bbox 1154 577 1388 633; x_wconf 74' lang='lat' dir='ltr'><strong>Victoris</strong></span> <span class='ocrx_word' id='word_1_33' title='bbox 1417 578 1779 634; x_wconf 83' lang='lat' dir='ltr'><strong>Massiliensis</strong></span> 
     </span>
    </p>
   </div>
   <div class='ocr_carea' id='block_1_7' title="bbox 193 663 1784 739">
    <p class='ocr_par' dir='ltr' id='par_1_7' title="bbox 193 663 1784 739">
     <span class='ocr_line' id='line_1_7' title="bbox 193 663 1784 739; baseline 0.004 -21"><span class='ocrx_word' id='word_1_34' title='bbox 193 663 458 733; x_wconf 80' lang='lat' dir='ltr'><strong>episcopi,</strong></span> <span class='ocrx_word' id='word_1_35' title='bbox 490 666 602 735; x_wconf 89' lang='lat' dir='ltr'><strong>qui,</strong></span> <span class='ocrx_word' id='word_1_36' title='bbox 630 665 728 721; x_wconf 88' lang='lat' dir='ltr'><strong>sub</strong></span> <span class='ocrx_word' id='word_1_37' title='bbox 753 666 1085 724; x_wconf 79' lang='lat' dir='ltr'><strong>Diocletiano</strong></span> <span class='ocrx_word' id='word_1_38' title='bbox 1116 678 1169 723; x_wconf 91' lang='lat' dir='ltr'><strong>et</strong></span> <span class='ocrx_word' id='word_1_39' title='bbox 1195 669 1281 725; x_wconf 87' lang='lat' dir='ltr'><strong>Ma</strong></span> <span class='ocrx_word' id='word_1_40' title='bbox 1297 670 1784 739; x_wconf 82' lang='lat' dir='ltr'><strong>ximianoimpera-</strong></span> 
     </span>
    </p>
   </div>
   <div class='ocr_carea' id='block_1_8' title="bbox 190 756 1783 831">
    <p class='ocr_par' dir='ltr' id='par_1_8' title="bbox 190 756 1783 831">
     <span class='ocr_line' id='line_1_8' title="bbox 190 756 1783 831; baseline 0.004 -22"><span class='ocrx_word' id='word_1_41' title='bbox 190 756 423 823; x_wconf 64' lang='lat' dir='ltr'><strong>uiribus,</strong></span> <span class='ocrx_word' id='word_1_42' title='bbox 456 769 672 827; x_wconf 78' lang='lat' dir='ltr'><strong>propter</strong></span> <span class='ocrx_word' id='word_1_43' title='bbox 700 758 855 814; x_wconf 91' lang='lat' dir='ltr'><strong>ﬁdem</strong></span> <span class='ocrx_word' id='word_1_44' title='bbox 907 757 1105 815; x_wconf 83' lang='lat' dir='ltr'><strong>Christi</strong></span> <span class='ocrx_word' id='word_1_45' title='bbox 1146 776 1238 831; x_wconf 91' lang='lat' dir='ltr'><strong>per</strong></span> <span class='ocrx_word' id='word_1_46' title='bbox 1276 762 1543 815; x_wconf 86' lang='lat' dir='ltr'><strong>Arterium</strong></span> <span class='ocrx_word' id='word_1_47' title='bbox 1593 759 1783 829; x_wconf 68' lang='lat' dir='ltr'><strong>praesi-</strong></span> 
     </span>
    </p>
   </div>
   <div class='ocr_carea' id='block_1_9' title="bbox 191 845 1780 919">
    <p class='ocr_par' dir='ltr' id='par_1_9' title="bbox 191 845 1780 919">
     <span class='ocr_line' id='line_1_9' title="bbox 191 845 1780 919; baseline 0.004 -19"><span class='ocrx_word' id='word_1_48' title='bbox 191 845 317 901; x_wconf 88' lang='lat' dir='ltr'><strong>dem</strong></span> <span class='ocrx_word' id='word_1_49' title='bbox 349 850 639 905; x_wconf 86' lang='lat' dir='ltr'><strong>trucidatus</strong></span> <span class='ocrx_word' id='word_1_50' title='bbox 667 860 771 916; x_wconf 89' lang='lat' dir='ltr'><strong>est,</strong></span> <span class='ocrx_word' id='word_1_51' title='bbox 798 851 954 906; x_wconf 85' lang='lat' dir='ltr'><strong>simul</strong></span> <span class='ocrx_word' id='word_1_52' title='bbox 987 867 1105 906; x_wconf 85' lang='lat' dir='ltr'><strong>cum</strong></span> <span class='ocrx_word' id='word_1_53' title='bbox 1155 851 1415 908; x_wconf 79' lang='lat' dir='ltr'><strong>militibus</strong></span> <span class='ocrx_word' id='word_1_54' title='bbox 1448 850 1780 919; x_wconf 83' lang='lat' dir='ltr'><strong>Alexandro,</strong></span> 
     </span>
    </p>
   </div>
   <div class='ocr_carea' id='block_1_10' title="bbox 188 938 1187 1016">
    <p class='ocr_par' dir='ltr' id='par_1_10' title="bbox 188 938 1187 1016">
     <span class='ocr_line' id='line_1_10' title="bbox 188 938 1187 1016; baseline 0.008 -22"><span class='ocrx_word' id='word_1_55' title='bbox 188 938 485 1008; x_wconf 74' lang='lat' dir='ltr'><strong>Feliciano,</strong></span> <span class='ocrx_word' id='word_1_56' title='bbox 519 942 762 1016; x_wconf 81' lang='lat' dir='ltr'><strong>Longino</strong></span> <span class='ocrx_word' id='word_1_57' title='bbox 785 953 839 1001; x_wconf 93' lang='lat' dir='ltr'><strong>et</strong></span> <span class='ocrx_word' id='word_1_58' title='bbox 864 945 1187 1002; x_wconf 86' lang='lat' dir='ltr'><strong>Deutherio.</strong></span> 
     </span>
    </p>
   </div>
   <div class='ocr_carea' id='block_1_11' title="bbox 1877 579 3463 650">
    <p class='ocr_par' dir='ltr' id='par_1_11' title="bbox 1877 579 3463 650">
     <span class='ocr_line' id='line_1_11' title="bbox 1877 579 3463 650; baseline 0.001 -17"><span class='ocrx_word' id='word_1_59' title='bbox 1877 579 2200 649; x_wconf 65' lang='lat' dir='ltr'><strong>Magdalena:</strong></span> <span class='ocrx_word' id='word_1_60' title='bbox 2221 620 2236 647; x_wconf 90' lang='lat'><strong>,</strong></span> <span class='ocrx_word' id='word_1_61' title='bbox 2259 580 2325 635; x_wconf 89' lang='lat' dir='ltr'><strong>de</strong></span> <span class='ocrx_word' id='word_1_62' title='bbox 2351 594 2454 650; x_wconf 89' lang='lat' dir='ltr'><strong>qua</strong></span> <span class='ocrx_word' id='word_1_63' title='bbox 2473 620 2488 647; x_wconf 94' lang='lat'><strong>,</strong></span> <span class='ocrx_word' id='word_1_64' title='bbox 2518 589 2577 635; x_wconf 90' lang='lat' dir='ltr'><strong>ut</strong></span> <span class='ocrx_word' id='word_1_65' title='bbox 2608 579 2953 648; x_wconf 86' lang='lat' dir='ltr'><strong>Evangelium</strong></span> <span class='ocrx_word' id='word_1_66' title='bbox 3006 579 3210 648; x_wconf 83' lang='lat' dir='ltr'><strong>refert,</strong></span> <span class='ocrx_word' id='word_1_67' title='bbox 3259 590 3463 649; x_wconf 82' lang='lat' dir='ltr'><strong>septem</strong></span> 
     </span>
    </p>
   </div>
   <div class='ocr_carea' id='block_1_12' title="bbox 1876 671 3466 742">
    <p class='ocr_par' dir='ltr' id='par_1_12' title="bbox 1876 671 3466 742">
     <span class='ocr_line' id='line_1_12' title="bbox 1876 671 3466 742; baseline 0 -15"><span class='ocrx_word' id='word_1_68' title='bbox 1876 673 2144 727; x_wconf 84' lang='lat' dir='ltr'><strong>daemonia</strong></span> <span class='ocrx_word' id='word_1_69' title='bbox 2177 673 2334 742; x_wconf 88' lang='lat' dir='ltr'><strong>ejecit</strong></span> <span class='ocrx_word' id='word_1_70' title='bbox 2363 672 2619 729; x_wconf 88' lang='lat' dir='ltr'><strong>Dominus</strong></span> <span class='ocrx_word' id='word_1_71' title='bbox 2645 691 2656 727; x_wconf 92' lang='lat'>:</span> <span class='ocrx_word' id='word_1_72' title='bbox 2690 686 2810 742; x_wconf 77' lang='lat' dir='ltr'><strong>qua:</strong></span> <span class='ocrx_word' id='word_1_73' title='bbox 2840 674 2999 727; x_wconf 90' lang='lat' dir='ltr'><strong>etiam</strong></span> <span class='ocrx_word' id='word_1_74' title='bbox 3024 672 3165 727; x_wconf 90' lang='lat' dir='ltr'><strong>inter</strong></span> <span class='ocrx_word' id='word_1_75' title='bbox 3194 671 3302 726; x_wconf 87' lang='lat' dir='ltr'><strong>alia</strong></span> <span class='ocrx_word' id='word_1_76' title='bbox 3326 673 3466 727; x_wconf 89' lang='lat' dir='ltr'><strong>dona</strong></span> 
     </span>
    </p>
   </div>
   <div class='ocr_carea' id='block_1_13' title="bbox 1874 748 3467 839">
    <p class='ocr_par' dir='ltr' id='par_1_13' title="bbox 1874 748 3467 839">
     <span class='ocr_line' id='line_1_13' title="bbox 1874 748 3467 839; baseline 0.002 -21"><span class='ocrx_word' id='word_1_77' title='bbox 1874 748 2137 833; x_wconf 84' lang='lat' dir='ltr'><strong>insignia,</strong></span> <span class='ocrx_word' id='word_1_78' title='bbox 2166 764 2438 819; x_wconf 84' lang='lat' dir='ltr'><strong>Christum</strong></span> <span class='ocrx_word' id='word_1_79' title='bbox 2467 780 2495 818; x_wconf 91' lang='lat' dir='ltr'><strong>a</strong></span> <span class='ocrx_word' id='word_1_80' title='bbox 2524 765 2747 819; x_wconf 82' lang='lat' dir='ltr'><strong>mortuis</strong></span> <span class='ocrx_word' id='word_1_81' title='bbox 2777 775 3148 837; x_wconf 81' lang='lat' dir='ltr'><strong>resurgentem</strong></span> <span class='ocrx_word' id='word_1_82' title='bbox 3186 765 3362 839; x_wconf 87' lang='lat' dir='ltr'><strong>prima</strong></span> <span class='ocrx_word' id='word_1_83' title='bbox 3390 765 3467 821; x_wconf 83' lang='lat' dir='ltr'><strong>vi-</strong></span> 
     </span>
    </p>
   </div>
   <div class='ocr_carea' id='block_1_14' title="bbox 1883 840 3467 928">
    <p class='ocr_par' dir='ltr' id='par_1_14' title="bbox 1883 840 3467 928">
     <span class='ocr_line' id='line_1_14' title="bbox 1883 840 3467 928; baseline 0.002 -21"><span class='ocrx_word' id='word_1_84' title='bbox 1883 854 2011 909; x_wconf 90' lang='lat' dir='ltr'><strong>dere</strong></span> <span class='ocrx_word' id='word_1_85' title='bbox 2042 856 2261 910; x_wconf 88' lang='lat' dir='ltr'><strong>meruit.</strong></span> <span class='ocrx_word' id='word_1_86' title='bbox 2292 855 2357 909; x_wconf 88' lang='lat' dir='ltr'><strong>Et</strong></span> <span class='ocrx_word' id='word_1_87' title='bbox 2401 855 2723 911; x_wconf 85' lang='lat' dir='ltr'><strong>obdormitio</strong></span> <span class='ocrx_word' id='word_1_88' title='bbox 2764 856 2939 911; x_wconf 68' lang='lat' dir='ltr'><strong>beata:</strong></span> <span class='ocrx_word' id='word_1_89' title='bbox 2984 840 3303 928; x_wconf 82' lang='lat' dir='ltr'><strong>Syntyc‘hae,</strong></span> <span class='ocrx_word' id='word_1_90' title='bbox 3347 869 3467 926; x_wconf 71' lang='lat' dir='ltr'><strong>quae</strong></span> 
     </span>
    </p>
   </div>
   <div class='ocr_carea' id='block_1_15' title="bbox 1880 944 3469 1018">
    <p class='ocr_par' dir='ltr' id='par_1_15' title="bbox 1880 944 3469 1018">
     <span class='ocr_line' id='line_1_15' title="bbox 1880 944 3469 1018; baseline 0.003 -19"><span class='ocrx_word' id='word_1_91' title='bbox 1880 944 2145 1016; x_wconf 80' lang='lat' dir='ltr'><strong>Philippis</strong></span> <span class='ocrx_word' id='word_1_92' title='bbox 2192 945 2389 1015; x_wconf 63' lang='lat' dir='ltr'><strong>dormit</strong></span> <span class='ocrx_word' id='word_1_93' title='bbox 2434 946 2674 1016; x_wconf 77' lang='lat' dir='ltr'><strong>sepulta,</strong></span> <span class='ocrx_word' id='word_1_94' title='bbox 2708 946 2773 1013; x_wconf 82' lang='lat' dir='ltr'><strong>de</strong></span> <span class='ocrx_word' id='word_1_95' title='bbox 2813 963 2915 1017; x_wconf 87' lang='lat' dir='ltr'><strong>qua</strong></span> <span class='ocrx_word' id='word_1_96' title='bbox 2964 947 3469 1018; x_wconf 83' lang='lat' dir='ltr'><strong>beatusApostolus</strong></span> 
     </span>
    </p>
   </div>
   <div class='ocr_carea' id='block_1_16' title="bbox 1456 1057 2226 1116">
    <p class='ocr_par' dir='ltr' id='par_1_16' title="bbox 1456 1057 2226 1116">
     <span class='ocr_line' id='line_1_16' title="bbox 1456 1057 2226 1116; baseline 0.004 -3"><span class='ocrx_word' id='word_1_97' title='bbox 1456 1057 1681 1114; x_wconf 88' lang='lat' dir='ltr'><strong>EDlTlO</strong></span> <span class='ocrx_word' id='word_1_98' title='bbox 1720 1057 2226 1116; x_wconf 81' lang='lat' dir='ltr'><strong>BOLLANDIANA.</strong></span> 
     </span>
    </p>
   </div>
   <div class='ocr_carea' id='block_1_17' title="bbox 190 1147 1770 1224">
    <p class='ocr_par' dir='ltr' id='par_1_17' title="bbox 190 1147 1770 1224">
     <span class='ocr_line' id='line_1_17' title="bbox 190 1147 1770 1224; baseline 0.001 -17"><span class='ocrx_word' id='word_1_99' title='bbox 190 1148 248 1207; x_wconf 93' lang='lat' dir='ltr'><strong>S.</strong></span> <span class='ocrx_word' id='word_1_100' title='bbox 284 1158 311 1186; x_wconf 78' lang='grc' dir='ltr'>ι</span> <span class='ocrx_word' id='word_1_101' title='bbox 344 1147 579 1207; x_wconf 89' lang='lat' dir='ltr'><strong>Danielis</strong></span> <span class='ocrx_word' id='word_1_102' title='bbox 610 1151 903 1222; x_wconf 72' lang='lat' dir='ltr'><strong>prophetae.</strong></span> <span class='ocrx_word' id='word_1_103' title='bbox 941 1152 1020 1219; x_wconf 31' lang='lat' dir='ltr'><strong>,Et</strong></span> <span class='ocrx_word' id='word_1_104' title='bbox 1044 1152 1183 1224; x_wconf 88' lang='lat' dir='ltr'><strong>apud</strong></span> <span class='ocrx_word' id='word_1_105' title='bbox 1209 1152 1550 1209; x_wconf 87' lang='lat' dir='ltr'><strong>Tiburtinam</strong></span> <span class='ocrx_word' id='word_1_106' title='bbox 1581 1154 1770 1209; x_wconf 88' lang='lat' dir='ltr'><strong>urbem</strong></span> 
     </span>
    </p>
   </div>
   <div class='ocr_carea' id='block_1_18' title="bbox 192 1242 1775 1316">
    <p class='ocr_par' dir='ltr' id='par_1_18' title="bbox 192 1242 1775 1316">
     <span class='ocr_line' id='line_1_18' title="bbox 192 1242 1775 1316; baseline 0.001 -19"><span class='ocrx_word' id='word_1_107' title='bbox 192 1242 359 1299; x_wconf 78' lang='lat' dir='ltr'><strong>Italiae</strong></span> <span class='ocrx_word' id='word_1_108' title='bbox 404 1245 579 1300; x_wconf 80' lang='lat' dir='ltr'><strong>natale</strong></span> <span class='ocrx_word' id='word_1_109' title='bbox 618 1245 676 1300; x_wconf 91' lang='lat' dir='ltr'><strong>S.</strong></span> <span class='ocrx_word' id='word_1_110' title='bbox 722 1244 749 1283; x_wconf 74' lang='grc' dir='ltr'><strong>ι)</strong></span> <span class='ocrx_word' id='word_1_111' title='bbox 794 1246 1170 1316; x_wconf 69' lang='lat' dir='ltr'><strong>Symphorosae</strong></span> <span class='ocrx_word' id='word_1_112' title='bbox 1207 1260 1329 1301; x_wconf 90' lang='lat' dir='ltr'><strong>cum</strong></span> <span class='ocrx_word' id='word_1_113' title='bbox 1368 1257 1575 1315; x_wconf 87' lang='lat' dir='ltr'><strong>septem</strong></span> <span class='ocrx_word' id='word_1_114' title='bbox 1631 1246 1775 1311; x_wconf 90' lang='lat' dir='ltr'><strong>ﬁliis,</strong></span> 
     </span>
    </p>
   </div>
   <div class='ocr_carea' id='block_1_19' title="bbox 188 1338 1773 1408">
    <p class='ocr_par' dir='ltr' id='par_1_19' title="bbox 188 1338 1773 1408">
     <span class='ocr_line' id='line_1_19' title="bbox 188 1338 1773 1408; baseline 0 -15"><span class='ocrx_word' id='word_1_115' title='bbox 188 1338 522 1406; x_wconf 85' lang='lat' dir='ltr'><strong>Crescente,</strong></span> <span class='ocrx_word' id='word_1_116' title='bbox 563 1339 798 1407; x_wconf 87' lang='lat' dir='ltr'><strong>Juliano,</strong></span> <span class='ocrx_word' id='word_1_117' title='bbox 855 1340 1123 1408; x_wconf 74' lang='lat' dir='ltr'><strong>Nemesio,</strong></span> <span class='ocrx_word' id='word_1_118' title='bbox 1168 1339 1490 1407; x_wconf 82' lang='lat' dir='ltr'><strong>Primitive,</strong></span> <span class='ocrx_word' id='word_1_119' title='bbox 1540 1338 1773 1404; x_wconf 88' lang='lat' dir='ltr'><strong>Justino,</strong></span> 
     </span>
    </p>
   </div>
   <div class='ocr_carea' id='block_1_20' title="bbox 184 1430 1777 1504">
    <p class='ocr_par' dir='ltr' id='par_1_20' title="bbox 184 1430 1777 1504">
     <span class='ocr_line' id='line_1_20' title="bbox 184 1430 1777 1504; baseline 0.001 -19"><span class='ocrx_word' id='word_1_120' title='bbox 184 1430 424 1495; x_wconf 78' lang='lat' dir='ltr'><strong>Stacleo,</strong></span> <span class='ocrx_word' id='word_1_121' title='bbox 476 1432 713 1502; x_wconf 81' lang='lat' dir='ltr'><strong>Eugenio</strong></span> <span class='ocrx_word' id='word_1_122' title='bbox 748 1449 759 1484; x_wconf 89' lang='lat'><strong>:</strong></span> <span class='ocrx_word' id='word_1_123' title='bbox 794 1448 911 1487; x_wconf 87' lang='lat' dir='ltr'><strong>cum</strong></span> <span class='ocrx_word' id='word_1_124' title='bbox 942 1433 1137 1504; x_wconf 87' lang='lat' dir='ltr'><strong>quibus</strong></span> <span class='ocrx_word' id='word_1_125' title='bbox 1179 1434 1335 1489; x_wconf 91' lang='lat' dir='ltr'><strong>simul</strong></span> <span class='ocrx_word' id='word_1_126' title='bbox 1368 1446 1523 1502; x_wconf 89' lang='lat' dir='ltr'><strong>passa</strong></span> <span class='ocrx_word' id='word_1_127' title='bbox 1576 1440 1665 1486; x_wconf 91' lang='lat' dir='ltr'><strong>est</strong></span> <span class='ocrx_word' id='word_1_128' title='bbox 1711 1431 1777 1486; x_wconf 90' lang='lat' dir='ltr'><strong>ab</strong></span> 
     </span>
    </p>
   </div>
   <div class='ocr_carea' id='block_1_21' title="bbox 185 1522 1773 1597">
    <p class='ocr_par' dir='ltr' id='par_1_21' title="bbox 185 1522 1773 1597">
     <span class='ocr_line' id='line_1_21' title="bbox 185 1522 1773 1597; baseline 0.002 -22"><span class='ocrx_word' id='word_1_129' title='bbox 185 1522 428 1577; x_wconf 80' lang='lat' dir='ltr'><strong>Adriano</strong></span> <span class='ocrx_word' id='word_1_130' title='bbox 468 1524 740 1594; x_wconf 87' lang='lat' dir='ltr'><strong>principe;</strong></span> <span class='ocrx_word' id='word_1_131' title='bbox 798 1528 884 1595; x_wconf 93' lang='lat' dir='ltr'><strong>qui</strong></span> <span class='ocrx_word' id='word_1_132' title='bbox 935 1526 1102 1594; x_wconf 86' lang='lat' dir='ltr'><strong>ipsam</strong></span> <span class='ocrx_word' id='word_1_133' title='bbox 1148 1526 1571 1597; x_wconf 84' lang='lat' dir='ltr'><strong>Symphorosam</strong></span> <span class='ocrx_word' id='word_1_134' title='bbox 1608 1524 1773 1595; x_wconf 86' lang='lat' dir='ltr'><strong>jussit</strong></span> 
     </span>
    </p>
   </div>
   <div class='ocr_carea' id='block_1_22' title="bbox 181 1614 1776 1685">
    <p class='ocr_par' dir='ltr' id='par_1_22' title="bbox 181 1614 1776 1685">
     <span class='ocr_line' id='line_1_22' title="bbox 181 1614 1776 1685; baseline 0.001 -18"><span class='ocrx_word' id='word_1_135' title='bbox 181 1614 375 1684; x_wconf 84' lang='lat' dir='ltr'><strong>palmis</strong></span> <span class='ocrx_word' id='word_1_136' title='bbox 405 1616 560 1680; x_wconf 66' lang='lat' dir='ltr'><strong>credi,</strong></span> <span class='ocrx_word' id='word_1_137' title='bbox 608 1616 802 1671; x_wconf 89' lang='lat' dir='ltr'><strong>deinde</strong></span> <span class='ocrx_word' id='word_1_138' title='bbox 830 1617 1081 1685; x_wconf 77' lang='lat' dir='ltr'><strong>SltSpeltt‘li</strong></span> <span class='ocrx_word' id='word_1_139' title='bbox 1113 1617 1378 1680; x_wconf 85' lang='lat' dir='ltr'><strong>crinibus;</strong></span> <span class='ocrx_word' id='word_1_140' title='bbox 1410 1617 1502 1673; x_wconf 82' lang='lat' dir='ltr'><strong>sed</strong></span> <span class='ocrx_word' id='word_1_141' title='bbox 1532 1632 1652 1671; x_wconf 91' lang='lat' dir='ltr'><strong>cum</strong></span> <span class='ocrx_word' id='word_1_142' title='bbox 1686 1629 1776 1669; x_wconf 89' lang='lat' dir='ltr'><strong>su-</strong></span> 
     </span>
    </p>
   </div>
   <div class='ocr_carea' id='block_1_23' title="bbox 180 1705 1775 1778">
    <p class='ocr_par' dir='ltr' id='par_1_23' title="bbox 180 1705 1775 1778">
     <span class='ocr_line' id='line_1_23' title="bbox 180 1705 1775 1778; baseline 0.002 -21"><span class='ocrx_word' id='word_1_143' title='bbox 180 1705 361 1774; x_wconf 87' lang='lat' dir='ltr'><strong>perari</strong></span> <span class='ocrx_word' id='word_1_144' title='bbox 396 1705 698 1760; x_wconf 87' lang='lat' dir='ltr'><strong>nullatenus</strong></span> <span class='ocrx_word' id='word_1_145' title='bbox 723 1718 922 1777; x_wconf 77' lang='lat' dir='ltr'><strong>posset,</strong></span> <span class='ocrx_word' id='word_1_146' title='bbox 948 1708 1109 1778; x_wconf 83' lang='lat' dir='ltr'><strong>jussit</strong></span> <span class='ocrx_word' id='word_1_147' title='bbox 1137 1723 1257 1762; x_wconf 90' lang='lat' dir='ltr'><strong>eam</strong></span> <span class='ocrx_word' id='word_1_148' title='bbox 1290 1709 1513 1778; x_wconf 82' lang='lat' dir='ltr'><strong>alligato</strong></span> <span class='ocrx_word' id='word_1_149' title='bbox 1547 1722 1678 1762; x_wconf 78' lang='lat' dir='ltr'><strong>saxo</strong></span> <span class='ocrx_word' id='word_1_150' title='bbox 1722 1706 1775 1761; x_wconf 91' lang='lat' dir='ltr'><strong>in</strong></span> 
     </span>
    </p>
   </div>
   <div class='ocr_carea' id='block_1_24' title="bbox 180 1792 1776 1869">
    <p class='ocr_par' dir='ltr' id='par_1_24' title="bbox 180 1792 1776 1869">
     <span class='ocr_line' id='line_1_24' title="bbox 180 1792 1776 1869; baseline 0.003 -23"><span class='ocrx_word' id='word_1_151' title='bbox 180 1792 407 1848; x_wconf 83' lang='lat' dir='ltr'><strong>ﬂuvium</strong></span> <span class='ocrx_word' id='word_1_152' title='bbox 437 1796 756 1863; x_wconf 72' lang='lat' dir='ltr'><strong>praecipitari</strong></span> <span class='ocrx_word' id='word_1_153' title='bbox 806 1812 822 1851; x_wconf 90' lang='lat'><strong>:</strong></span> <span class='ocrx_word' id='word_1_154' title='bbox 872 1798 1021 1867; x_wconf 87' lang='lat' dir='ltr'><strong>cujus</strong></span> <span class='ocrx_word' id='word_1_155' title='bbox 1056 1799 1217 1855; x_wconf 82' lang='lat' dir='ltr'><strong>frater</strong></span> <span class='ocrx_word' id='word_1_156' title='bbox 1242 1798 1534 1869; x_wconf 85' lang='lat' dir='ltr'><strong>Eugenius,</strong></span> <span class='ocrx_word' id='word_1_157' title='bbox 1574 1797 1776 1866; x_wconf 84' lang='lat' dir='ltr'><strong>princi-</strong></span> 
     </span>
    </p>
   </div>
   <div class='ocr_carea' id='block_1_25' title="bbox 179 1852 1927 1978">
    <p class='ocr_par' dir='ltr' id='par_1_25' title="bbox 179 1852 1927 1978">
     <span class='ocr_line' id='line_1_25' title="bbox 179 1852 1927 1978; baseline 0.005 -41"><span class='ocrx_word' id='word_1_158' title='bbox 179 1883 320 1955; x_wconf 82' lang='lat' dir='ltr'><strong>palis</strong></span> <span class='ocrx_word' id='word_1_159' title='bbox 352 1886 514 1940; x_wconf 76' lang='lat' dir='ltr'><strong>curia:</strong></span> <span class='ocrx_word' id='word_1_160' title='bbox 538 1884 868 1953; x_wconf 71' lang='lat' dir='ltr'><strong>Tiburtinae,</strong></span> <span class='ocrx_word' id='word_1_161' title='bbox 916 1890 1170 1959; x_wconf 81' lang='lat' dir='ltr'><strong>colligens</strong></span> <span class='ocrx_word' id='word_1_162' title='bbox 1202 1905 1397 1959; x_wconf 87' lang='lat' dir='ltr'><strong>corpus</strong></span> <span class='ocrx_word' id='word_1_163' title='bbox 1429 1889 1550 1960; x_wconf 86' lang='lat' dir='ltr'><strong>ejus</strong></span> <span class='ocrx_word' id='word_1_164' title='bbox 1580 1888 1775 1957; x_wconf 86' lang='lat' dir='ltr'><strong>sepeli-</strong></span> <span class='ocrx_word' id='word_1_165' title='bbox 1809 1852 1927 1978; x_wconf 60' lang='grc' dir='ltr'>Βὲ</span> 
     </span>
    </p>
   </div>
   <div class='ocr_carea' id='block_1_26' title="bbox 179 1974 1770 2051">
    <p class='ocr_par' dir='ltr' id='par_1_26' title="bbox 179 1974 1770 2051">
     <span class='ocr_line' id='line_1_26' title="bbox 179 1974 1770 2051; baseline 0.004 -24"><span class='ocrx_word' id='word_1_166' title='bbox 179 1976 273 2029; x_wconf 79' lang='lat' dir='ltr'><strong>vit.</strong></span> <span class='ocrx_word' id='word_1_167' title='bbox 320 1974 393 2031; x_wconf 79' lang='lat' dir='ltr'><strong>Et</strong></span> <span class='ocrx_word' id='word_1_168' title='bbox 437 1992 593 2033; x_wconf 87' lang='lat' dir='ltr'><strong>mane</strong></span> <span class='ocrx_word' id='word_1_169' title='bbox 635 1980 927 2047; x_wconf 86' lang='lat' dir='ltr'><strong>imperator</strong></span> <span class='ocrx_word' id='word_1_170' title='bbox 958 1978 1119 2050; x_wconf 88' lang='lat' dir='ltr'><strong>jussit</strong></span> <span class='ocrx_word' id='word_1_171' title='bbox 1147 1992 1355 2051; x_wconf 84' lang='lat' dir='ltr'><strong>septem</strong></span> <span class='ocrx_word' id='word_1_172' title='bbox 1406 1980 1497 2051; x_wconf 86' lang='lat' dir='ltr'><strong>ﬁgi</strong></span> <span class='ocrx_word' id='word_1_173' title='bbox 1539 1981 1770 2050; x_wconf 85' lang='lat' dir='ltr'><strong>stipites,</strong></span> 
     </span>
    </p>
   </div>
   <div class='ocr_carea' id='block_1_27' title="bbox 178 2065 1775 2138">
    <p class='ocr_par' dir='ltr' id='par_1_27' title="bbox 178 2065 1775 2138">
     <span class='ocr_line' id='line_1_27' title="bbox 178 2065 1775 2138; baseline 0.003 -18"><span class='ocrx_word' id='word_1_174' title='bbox 178 2065 364 2138; x_wconf 79' lang='lat' dir='ltr'><strong>ibique</strong></span> <span class='ocrx_word' id='word_1_175' title='bbox 395 2068 534 2123; x_wconf 84' lang='lat' dir='ltr'><strong>ﬁlios</strong></span> <span class='ocrx_word' id='word_1_176' title='bbox 563 2072 679 2138; x_wconf 89' lang='lat' dir='ltr'><strong>ejus</strong></span> <span class='ocrx_word' id='word_1_177' title='bbox 710 2070 776 2126; x_wconf 91' lang='lat' dir='ltr'><strong>ad</strong></span> <span class='ocrx_word' id='word_1_178' title='bbox 809 2071 1078 2137; x_wconf 87' lang='lat' dir='ltr'><strong>trochleas</strong></span> <span class='ocrx_word' id='word_1_179' title='bbox 1104 2072 1320 2127; x_wconf 78' lang='lat' dir='ltr'><strong>extendi</strong></span> <span class='ocrx_word' id='word_1_180' title='bbox 1363 2090 1375 2127; x_wconf 90' lang='lat'><strong>:</strong></span> <span class='ocrx_word' id='word_1_181' title='bbox 1428 2082 1481 2128; x_wconf 90' lang='lat' dir='ltr'><strong>et</strong></span> <span class='ocrx_word' id='word_1_182' title='bbox 1512 2073 1775 2128; x_wconf 83' lang='lat' dir='ltr'><strong>Crescen-</strong></span> 
     </span>
    </p>
   </div>
   <div class='ocr_carea' id='block_1_28' title="bbox 176 2158 1769 2232">
    <p class='ocr_par' dir='ltr' id='par_1_28' title="bbox 176 2158 1769 2232">
     <span class='ocr_line' id='line_1_28' title="bbox 176 2158 1769 2232; baseline 0.002 -22"><span class='ocrx_word' id='word_1_183' title='bbox 176 2164 290 2211; x_wconf 86' lang='lat' dir='ltr'><strong>tem</strong></span> <span class='ocrx_word' id='word_1_184' title='bbox 340 2158 393 2212; x_wconf 92' lang='lat' dir='ltr'><strong>in</strong></span> <span class='ocrx_word' id='word_1_185' title='bbox 442 2167 654 2229; x_wconf 80' lang='lat' dir='ltr'><strong>gutture</strong></span> <span class='ocrx_word' id='word_1_186' title='bbox 699 2160 980 2230; x_wconf 90' lang='lat' dir='ltr'><strong>transﬁgi,</strong></span> <span class='ocrx_word' id='word_1_187' title='bbox 1036 2160 1327 2218; x_wconf 81' lang='lat' dir='ltr'><strong>Lucianuni</strong></span> <span class='ocrx_word' id='word_1_188' title='bbox 1390 2164 1446 2217; x_wconf 90' lang='lat' dir='ltr'><strong>in</strong></span> <span class='ocrx_word' id='word_1_189' title='bbox 1504 2171 1725 2232; x_wconf 82' lang='lat' dir='ltr'><strong>pectore</strong></span> <span class='ocrx_word' id='word_1_190' title='bbox 1756 2204 1769 2230; x_wconf 85' lang='lat'><strong>,</strong></span> 
     </span>
    </p>
   </div>
   <div class='ocr_carea' id='block_1_29' title="bbox 177 2247 1771 2327">
    <p class='ocr_par' dir='ltr' id='par_1_29' title="bbox 177 2247 1771 2327">
     <span class='ocr_line' id='line_1_29' title="bbox 177 2247 1771 2327; baseline 0.005 -24"><span class='ocrx_word' id='word_1_191' title='bbox 177 2247 495 2307; x_wconf 81' lang='lat' dir='ltr'><strong>Nemesium</strong></span> <span class='ocrx_word' id='word_1_192' title='bbox 550 2252 603 2307; x_wconf 91' lang='lat' dir='ltr'><strong>in</strong></span> <span class='ocrx_word' id='word_1_193' title='bbox 667 2254 853 2319; x_wconf 90' lang='lat' dir='ltr'><strong>corde,</strong></span> <span class='ocrx_word' id='word_1_194' title='bbox 911 2254 1242 2310; x_wconf 86' lang='lat' dir='ltr'><strong>Primitivum</strong></span> <span class='ocrx_word' id='word_1_195' title='bbox 1299 2271 1392 2327; x_wconf 92' lang='lat' dir='ltr'><strong>per</strong></span> <span class='ocrx_word' id='word_1_196' title='bbox 1435 2256 1771 2324; x_wconf 85' lang='lat' dir='ltr'><strong>umbilicum,</strong></span> 
     </span>
    </p>
   </div>
   <div class='ocr_carea' id='block_1_30' title="bbox 178 2339 1773 2420">
    <p class='ocr_par' dir='ltr' id='par_1_30' title="bbox 178 2339 1773 2420">
     <span class='ocr_line' id='line_1_30' title="bbox 178 2339 1773 2420; baseline 0.004 -23"><span class='ocrx_word' id='word_1_197' title='bbox 178 2339 450 2398; x_wconf 86' lang='lat' dir='ltr'><strong>Justinum</strong></span> <span class='ocrx_word' id='word_1_198' title='bbox 516 2359 613 2414; x_wconf 91' lang='lat' dir='ltr'><strong>per</strong></span> <span class='ocrx_word' id='word_1_199' title='bbox 662 2346 902 2401; x_wconf 90' lang='lat' dir='ltr'><strong>membra</strong></span> <span class='ocrx_word' id='word_1_200' title='bbox 954 2346 1248 2402; x_wconf 65' lang='lat' dir='ltr'><strong>dimensum</strong></span> <span class='ocrx_word' id='word_1_201' title='bbox 1300 2348 1469 2403; x_wconf 85' lang='lat' dir='ltr'><strong>scindi</strong></span> <span class='ocrx_word' id='word_1_202' title='bbox 1520 2365 1614 2420; x_wconf 86' lang='lat' dir='ltr'><strong>per</strong></span> <span class='ocrx_word' id='word_1_203' title='bbox 1662 2350 1773 2403; x_wconf 84' lang='lat' dir='ltr'><strong>sin-</strong></span> 
     </span>
    </p>
   </div>
   <div class='ocr_carea' id='block_1_31' title="bbox 178 2432 1769 2509">
    <p class='ocr_par' dir='ltr' id='par_1_31' title="bbox 178 2432 1769 2509">
     <span class='ocr_line' id='line_1_31' title="bbox 178 2432 1769 2509; baseline 0.006 -24"><span class='ocrx_word' id='word_1_204' title='bbox 178 2432 339 2502; x_wconf 89' lang='lat' dir='ltr'><strong>gulos</strong></span> <span class='ocrx_word' id='word_1_205' title='bbox 395 2434 637 2505; x_wconf 90' lang='lat' dir='ltr'><strong>corporis</strong></span> <span class='ocrx_word' id='word_1_206' title='bbox 692 2437 860 2493; x_wconf 86' lang='lat' dir='ltr'><strong>nodos</strong></span> <span class='ocrx_word' id='word_1_207' title='bbox 917 2446 1076 2508; x_wconf 89' lang='lat' dir='ltr'><strong>atque</strong></span> <span class='ocrx_word' id='word_1_208' title='bbox 1128 2438 1442 2509; x_wconf 88' lang='lat' dir='ltr'><strong>juncturas,</strong></span> <span class='ocrx_word' id='word_1_209' title='bbox 1498 2441 1769 2497; x_wconf 91' lang='lat' dir='ltr'><strong>Stacteum</strong></span> 
     </span>
    </p>
   </div>
   <div class='ocr_carea' id='block_1_32' title="bbox 176 2526 1769 2591">
    <p class='ocr_par' dir='ltr' id='par_1_32' title="bbox 176 2526 1769 2591">
     <span class='ocr_line' id='line_1_32' title="bbox 176 2526 1769 2591; baseline 0.003 -8"><span class='ocrx_word' id='word_1_210' title='bbox 176 2526 382 2585; x_wconf 83' lang='lat' dir='ltr'><strong>lanceis</strong></span> <span class='ocrx_word' id='word_1_211' title='bbox 423 2526 900 2587; x_wconf 87' lang='lat' dir='ltr'><strong>innumerabilibus</strong></span> <span class='ocrx_word' id='word_1_212' title='bbox 946 2531 1120 2588; x_wconf 91' lang='lat' dir='ltr'><strong>donec</strong></span> <span class='ocrx_word' id='word_1_213' title='bbox 1165 2543 1467 2591; x_wconf 87' lang='lat' dir='ltr'><strong>moreretur</strong></span> <span class='ocrx_word' id='word_1_214' title='bbox 1515 2534 1569 2590; x_wconf 90' lang='lat' dir='ltr'><strong>in</strong></span> <span class='ocrx_word' id='word_1_215' title='bbox 1628 2544 1769 2590; x_wconf 91' lang='lat' dir='ltr'><strong>terra</strong></span> 
     </span>
    </p>
   </div>
   <div class='ocr_carea' id='block_1_33' title="bbox 1876 1150 3458 1224">
    <p class='ocr_par' dir='ltr' id='par_1_33' title="bbox 1876 1150 3458 1224">
     <span class='ocr_line' id='line_1_33' title="bbox 1876 1150 3458 1224; baseline -0.002 -16"><span class='ocrx_word' id='word_1_216' title='bbox 1876 1152 2099 1223; x_wconf 88' lang='lat' dir='ltr'><strong>conﬁgi,</strong></span> <span class='ocrx_word' id='word_1_217' title='bbox 2151 1151 2447 1224; x_wconf 80' lang='lat' dir='ltr'><strong>Eugenium</strong></span> <span class='ocrx_word' id='word_1_218' title='bbox 2508 1151 2636 1207; x_wconf 88' lang='lat' dir='ltr'><strong>ﬁndi</strong></span> <span class='ocrx_word' id='word_1_219' title='bbox 2679 1165 2711 1211; x_wconf 87' lang='lat' dir='ltr'><strong>a</strong></span> <span class='ocrx_word' id='word_1_220' title='bbox 2764 1160 2981 1221; x_wconf 83' lang='lat' dir='ltr'><strong>pectore</strong></span> <span class='ocrx_word' id='word_1_221' title='bbox 3035 1166 3203 1222; x_wconf 89' lang='lat' dir='ltr'><strong>usque</strong></span> <span class='ocrx_word' id='word_1_222' title='bbox 3253 1151 3317 1206; x_wconf 85' lang='lat' dir='ltr'><strong>ad</strong></span> <span class='ocrx_word' id='word_1_223' title='bbox 3372 1150 3458 1205; x_wconf 88' lang='lat' dir='ltr'><strong>in-</strong></span> 
     </span>
    </p>
   </div>
   <div class='ocr_carea' id='block_1_34' title="bbox 1878 1244 3462 1317">
    <p class='ocr_par' dir='ltr' id='par_1_34' title="bbox 1878 1244 3462 1317">
     <span class='ocr_line' id='line_1_34' title="bbox 1878 1244 3462 1317; baseline -0.001 -18"><span class='ocrx_word' id='word_1_224' title='bbox 1878 1246 2099 1301; x_wconf 77' lang='lat' dir='ltr'><strong>feriores</strong></span> <span class='ocrx_word' id='word_1_225' title='bbox 2144 1253 2341 1317; x_wconf 87' lang='lat' dir='ltr'><strong>partes.</strong></span> <span class='ocrx_word' id='word_1_226' title='bbox 2382 1244 2696 1317; x_wconf 69' lang='lat' dir='ltr'><strong>(Hactenus</strong></span> <span class='ocrx_word' id='word_1_227' title='bbox 2746 1244 2854 1315; x_wconf 82' lang='lat' dir='ltr'><strong>A.)</strong></span> <span class='ocrx_word' id='word_1_228' title='bbox 2914 1245 3092 1302; x_wconf 84' lang='lat' dir='ltr'><strong>Altera</strong></span> <span class='ocrx_word' id='word_1_229' title='bbox 3144 1254 3320 1300; x_wconf 90' lang='lat' dir='ltr'><strong>autem</strong></span> <span class='ocrx_word' id='word_1_230' title='bbox 3375 1244 3462 1299; x_wconf 91' lang='lat' dir='ltr'><strong>die</strong></span> 
     </span>
    </p>
   </div>
   <div class='ocr_carea' id='block_1_35' title="bbox 1878 1338 3457 1411">
    <p class='ocr_par' dir='ltr' id='par_1_35' title="bbox 1878 1338 3457 1411">
     <span class='ocr_line' id='line_1_35' title="bbox 1878 1338 3457 1411; baseline -0.004 -14"><span class='ocrx_word' id='word_1_231' title='bbox 1878 1342 2143 1397; x_wconf 82' lang='lat' dir='ltr'><strong>Adrianus</strong></span> <span class='ocrx_word' id='word_1_232' title='bbox 2175 1339 2425 1410; x_wconf 74' lang='lat' dir='ltr'><strong>prmeepit</strong></span> <span class='ocrx_word' id='word_1_233' title='bbox 2460 1354 2683 1409; x_wconf 87' lang='lat' dir='ltr'><strong>corpora</strong></span> <span class='ocrx_word' id='word_1_234' title='bbox 2715 1338 2768 1411; x_wconf 84' lang='grc' dir='ltr'><strong>[α</strong></span> <span class='ocrx_word' id='word_1_235' title='bbox 2794 1354 3016 1408; x_wconf 83' lang='lat' dir='ltr'><strong>corpora</strong></span> <span class='ocrx_word' id='word_1_236' title='bbox 3061 1338 3298 1394; x_wconf 82' lang='lat' dir='ltr'><strong>mutilum</strong></span> <span class='ocrx_word' id='word_1_237' title='bbox 3347 1346 3457 1392; x_wconf 86' lang='lat' dir='ltr'><strong>erat</strong></span> 
     </span>
    </p>
   </div>
   <div class='ocr_carea' id='block_1_36' title="bbox 1880 1430 3460 1503">
    <p class='ocr_par' dir='ltr' id='par_1_36' title="bbox 1880 1430 3460 1503">
     <span class='ocr_line' id='line_1_36' title="bbox 1880 1430 3460 1503; baseline -0.003 -14"><span class='ocrx_word' id='word_1_238' title='bbox 1880 1432 1969 1503; x_wconf 73' lang='lat' dir='ltr'><strong>D.l</strong></span> <span class='ocrx_word' id='word_1_239' title='bbox 2013 1448 2196 1489; x_wconf 90' lang='lat' dir='ltr'><strong>eorum</strong></span> <span class='ocrx_word' id='word_1_240' title='bbox 2226 1432 2425 1487; x_wconf 80' lang='lat' dir='ltr'><strong>auferri</strong></span> <span class='ocrx_word' id='word_1_241' title='bbox 2454 1440 2507 1488; x_wconf 87' lang='lat' dir='ltr'><strong>et</strong></span> <span class='ocrx_word' id='word_1_242' title='bbox 2536 1430 2722 1503; x_wconf 86' lang='lat' dir='ltr'><strong>projici</strong></span> <span class='ocrx_word' id='word_1_243' title='bbox 2754 1432 2806 1486; x_wconf 94' lang='lat' dir='ltr'><strong>in</strong></span> <span class='ocrx_word' id='word_1_244' title='bbox 2836 1430 3043 1488; x_wconf 83' lang='lat' dir='ltr'><strong>foveam</strong></span> <span class='ocrx_word' id='word_1_245' title='bbox 3073 1432 3257 1497; x_wconf 86' lang='lat' dir='ltr'><strong>altam,</strong></span> <span class='ocrx_word' id='word_1_246' title='bbox 3284 1438 3337 1486; x_wconf 88' lang='lat' dir='ltr'><strong>et</strong></span> <span class='ocrx_word' id='word_1_247' title='bbox 3362 1445 3460 1499; x_wconf 81' lang='lat' dir='ltr'><strong>po-</strong></span> 
     </span>
    </p>
   </div>
   <div class='ocr_carea' id='block_1_37' title="bbox 1879 1521 3527 1595">
    <p class='ocr_par' dir='ltr' id='par_1_37' title="bbox 1879 1521 3527 1595">
     <span class='ocr_line' id='line_1_37' title="bbox 1879 1521 3527 1595; baseline -0.001 -18"><span class='ocrx_word' id='word_1_248' title='bbox 1879 1534 2100 1579; x_wconf 85' lang='lat' dir='ltr'><strong>suerunt</strong></span> <span class='ocrx_word' id='word_1_249' title='bbox 2141 1522 2417 1595; x_wconf 87' lang='lat' dir='ltr'><strong>pontiﬁces</strong></span> <span class='ocrx_word' id='word_1_250' title='bbox 2444 1538 2639 1579; x_wconf 86' lang='lat' dir='ltr'><strong>nomen</strong></span> <span class='ocrx_word' id='word_1_251' title='bbox 2675 1523 2775 1579; x_wconf 82' lang='lat' dir='ltr'><strong>loci</strong></span> <span class='ocrx_word' id='word_1_252' title='bbox 2805 1523 2943 1579; x_wconf 89' lang='lat' dir='ltr'><strong>illius</strong></span> <span class='ocrx_word' id='word_1_253' title='bbox 2972 1522 3054 1581; x_wconf 82' lang='lat' dir='ltr'><strong>Ad</strong></span> <span class='ocrx_word' id='word_1_254' title='bbox 3094 1531 3306 1592; x_wconf 78' lang='lat' dir='ltr'><strong>septem</strong></span> <span class='ocrx_word' id='word_1_255' title='bbox 3335 1521 3457 1577; x_wconf 85' lang='lat' dir='ltr'><strong>Bio—</strong></span> <span class='ocrx_word' id='word_1_256' title='bbox 3522 1542 3527 1545; x_wconf 59' lang='grc' dir='ltr'><em>ι</em></span> 
     </span>
    </p>
   </div>
   <div class='ocr_carea' id='block_1_38' title="bbox 1883 1614 2149 1671">
    <p class='ocr_par' dir='ltr' id='par_1_38' title="bbox 1883 1614 2149 1671">
     <span class='ocr_line' id='line_1_38' title="bbox 1883 1614 2149 1671; baseline 0.004 -3"><span class='ocrx_word' id='word_1_257' title='bbox 1883 1614 2149 1671; x_wconf 85' lang='lat' dir='ltr'><strong>thanatos.</strong></span> 
     </span>
    </p>
   </div>
   <div class='ocr_carea' id='block_1_39' title="bbox 1955 1710 3449 1777">
    <p class='ocr_par' dir='ltr' id='par_1_39' title="bbox 1955 1710 3449 1777">
     <span class='ocr_line' id='line_1_39' title="bbox 1955 1710 3449 1777; baseline 0 -13"><span class='ocrx_word' id='word_1_258' title='bbox 1955 1711 2238 1765; x_wconf 60' lang='lat' dir='ltr'><strong>Deest‘hoc</strong></span> <span class='ocrx_word' id='word_1_259' title='bbox 2269 1711 2509 1767; x_wconf 90' lang='lat' dir='ltr'><strong>ultimum</strong></span> <span class='ocrx_word' id='word_1_260' title='bbox 2540 1710 2593 1763; x_wconf 92' lang='lat' dir='ltr'><strong>in</strong></span> <span class='ocrx_word' id='word_1_261' title='bbox 2626 1710 2687 1769; x_wconf 89' lang='grc' dir='ltr'><strong>Τ.</strong></span> <span class='ocrx_word' id='word_1_262' title='bbox 2717 1724 2779 1763; x_wconf 87' lang='lat' dir='ltr'><strong>ac</strong></span> <span class='ocrx_word' id='word_1_263' title='bbox 2808 1710 2872 1764; x_wconf 85' lang='lat' dir='ltr'><strong>L.</strong></span> <span class='ocrx_word' id='word_1_264' title='bbox 2900 1718 2957 1765; x_wconf 84' lang='lat' dir='ltr'><strong>et</strong></span> <span class='ocrx_word' id='word_1_265' title='bbox 2988 1725 3082 1777; x_wconf 91' lang='lat' dir='ltr'><strong>pro</strong></span> <span class='ocrx_word' id='word_1_266' title='bbox 3108 1724 3172 1764; x_wconf 89' lang='lat' dir='ltr'><strong>eo</strong></span> <span class='ocrx_word' id='word_1_267' title='bbox 3222 1710 3449 1776; x_wconf 79' lang='lat' dir='ltr'><strong>ponitur,</strong></span> 
     </span>
    </p>
   </div>
   <div class='ocr_carea' id='block_1_40' title="bbox 1884 1780 3456 1836">
    <p class='ocr_par' dir='ltr' id='par_1_40' title="bbox 1884 1780 3456 1836">
     <span class='ocr_line' id='line_1_40' title="bbox 1884 1780 3456 1836; baseline 0 -2"><span class='ocrx_word' id='word_1_268' title='bbox 1884 1796 1982 1836; x_wconf 89' lang='lat' dir='ltr'><strong>nec</strong></span> <span class='ocrx_word' id='word_1_269' title='bbox 2024 1783 2297 1834; x_wconf 84' lang='lat' dir='ltr'><strong>christiani</strong></span> <span class='ocrx_word' id='word_1_270' title='bbox 2338 1798 2396 1835; x_wconf 90' lang='lat' dir='ltr'><strong>ea</strong></span> <span class='ocrx_word' id='word_1_271' title='bbox 2432 1782 2688 1834; x_wconf 83' lang='lat' dir='ltr'><strong>haberent</strong></span> <span class='ocrx_word' id='word_1_272' title='bbox 2715 1798 2727 1832; x_wconf 92' lang='lat'>:</span> <span class='ocrx_word' id='word_1_273' title='bbox 2759 1782 2907 1834; x_wconf 88' lang='lat' dir='ltr'><strong>deest</strong></span> <span class='ocrx_word' id='word_1_274' title='bbox 2934 1780 3092 1833; x_wconf 84' lang='lat' dir='ltr'><strong>etiam</strong></span> <span class='ocrx_word' id='word_1_275' title='bbox 3122 1781 3173 1834; x_wconf 92' lang='lat' dir='ltr'><strong>in</strong></span> <span class='ocrx_word' id='word_1_276' title='bbox 3208 1781 3264 1832; x_wconf 79' lang='grc' dir='ltr'><strong>Β.</strong></span> <span class='ocrx_word' id='word_1_277' title='bbox 3299 1781 3360 1833; x_wconf 91' lang='lat' dir='ltr'><strong>ad</strong></span> <span class='ocrx_word' id='word_1_278' title='bbox 3388 1794 3456 1834; x_wconf 84' lang='lat' dir='ltr'><strong>xv</strong></span> 
     </span>
    </p>
   </div>
   <div class='ocr_carea' id='block_1_41' title="bbox 1930 1849 3455 1919">
    <p class='ocr_par' dir='ltr' id='par_1_41' title="bbox 1930 1849 3455 1919">
     <span class='ocr_line' id='line_1_41' title="bbox 1930 1849 3455 1919; baseline 0.001 -16"><span class='ocrx_word' id='word_1_279' title='bbox 1930 1855 1996 1905; x_wconf 76' lang='lat' dir='ltr'><strong>al.</strong></span> <span class='ocrx_word' id='word_1_280' title='bbox 2030 1853 2113 1915; x_wconf 70' lang='lat' dir='ltr'><strong>l..,</strong></span> <span class='ocrx_word' id='word_1_281' title='bbox 2152 1854 2353 1905; x_wconf 67' lang='lat' dir='ltr'><strong>Eodem</strong></span> <span class='ocrx_word' id='word_1_282' title='bbox 2392 1854 2478 1907; x_wconf 89' lang='lat' dir='ltr'><strong>die</strong></span> <span class='ocrx_word' id='word_1_283' title='bbox 2510 1852 2738 1905; x_wconf 81' lang='lat' dir='ltr'><strong>Victoris</strong></span> <span class='ocrx_word' id='word_1_284' title='bbox 2769 1854 3138 1919; x_wconf 84' lang='lat' dir='ltr'><strong>sociorumque</strong></span> <span class='ocrx_word' id='word_1_285' title='bbox 3185 1851 3317 1919; x_wconf 85' lang='lat' dir='ltr'><strong>ejus.</strong></span> <span class='ocrx_word' id='word_1_286' title='bbox 3366 1849 3455 1913; x_wconf 87' lang='lat' dir='ltr'><strong>B.,</strong></span> 
     </span>
    </p>
   </div>
   <div class='ocr_carea' id='block_1_42' title="bbox 1932 1920 3453 1989">
    <p class='ocr_par' dir='ltr' id='par_1_42' title="bbox 1932 1920 3453 1989">
     <span class='ocr_line' id='line_1_42' title="bbox 1932 1920 3453 1989; baseline -0.002 -11"><span class='ocrx_word' id='word_1_287' title='bbox 1932 1925 2083 1978; x_wconf 69' lang='lat' dir='ltr'><strong>oden)</strong></span> <span class='ocrx_word' id='word_1_288' title='bbox 2115 1923 2202 1977; x_wconf 71' lang='lat' dir='ltr'><strong>die</strong></span> <span class='ocrx_word' id='word_1_289' title='bbox 2230 1924 2286 1977; x_wconf 79' lang='grc'><strong>8.</strong></span> <span class='ocrx_word' id='word_1_290' title='bbox 2318 1922 2551 1977; x_wconf 79' lang='lat' dir='ltr'><strong>Dauielis</strong></span> <span class='ocrx_word' id='word_1_291' title='bbox 2582 1923 2881 1989; x_wconf 65' lang='lat' dir='ltr'><strong>pnophetai.</strong></span> <span class='ocrx_word' id='word_1_292' title='bbox 2912 1924 2970 1975; x_wconf 79' lang='lat' dir='ltr'><strong>in</strong></span> <span class='ocrx_word' id='word_1_293' title='bbox 3011 1922 3240 1975; x_wconf 82' lang='lat' dir='ltr'><strong>Massilia</strong></span> <span class='ocrx_word' id='word_1_294' title='bbox 3270 1920 3453 1976; x_wconf 83' lang='lat' dir='ltr'><strong>natale</strong></span> 
     </span>
    </p>
   </div>
   <div class='ocr_carea' id='block_1_43' title="bbox 1880 1992 3309 2062">
    <p class='ocr_par' dir='ltr' id='par_1_43' title="bbox 1880 1992 3309 2062">
     <span class='ocr_line' id='line_1_43' title="bbox 1880 1992 3309 2062; baseline -0.003 -11"><span class='ocrx_word' id='word_1_295' title='bbox 1880 1994 1977 2051; x_wconf 84' lang='lat' dir='ltr'><strong>SS.</strong></span> <span class='ocrx_word' id='word_1_296' title='bbox 2008 2006 2028 2033; x_wconf 77' lang='grc' dir='ltr'><em>ε</em></span> <span class='ocrx_word' id='word_1_297' title='bbox 2065 1994 2315 2059; x_wconf 74' lang='lat' dir='ltr'><strong>Victoris,</strong></span> <span class='ocrx_word' id='word_1_298' title='bbox 2344 1993 2656 2057; x_wconf 76' lang='lat' dir='ltr'><strong>Alexandri,</strong></span> <span class='ocrx_word' id='word_1_299' title='bbox 2692 1992 2947 2048; x_wconf 85' lang='lat' dir='ltr'><strong>Feliciani</strong></span> <span class='ocrx_word' id='word_1_300' title='bbox 2980 2001 3035 2049; x_wconf 86' lang='lat' dir='ltr'><strong>et</strong></span> <span class='ocrx_word' id='word_1_301' title='bbox 3062 1993 3309 2062; x_wconf 80' lang='lat' dir='ltr'><strong>Longini.</strong></span> 
     </span>
    </p>
   </div>
   <div class='ocr_carea' id='block_1_44' title="bbox 1949 2084 3264 2155">
    <p class='ocr_par' dir='ltr' id='par_1_44' title="bbox 1949 2084 3264 2155">
     <span class='ocr_line' id='line_1_44' title="bbox 1949 2084 3264 2155; baseline 0.002 -15"><span class='ocrx_word' id='word_1_302' title='bbox 1949 2086 2039 2142; x_wconf 70' lang='lat'><strong>22.</strong></span> <span class='ocrx_word' id='word_1_303' title='bbox 2070 2114 2139 2126; x_wconf 89' lang='lat'><strong>-—-</strong></span> <span class='ocrx_word' id='word_1_304' title='bbox 2168 2084 2237 2139; x_wconf 81' lang='lat' dir='ltr'><strong>XI</strong></span> <span class='ocrx_word' id='word_1_305' title='bbox 2262 2084 2399 2141; x_wconf 71' lang='lat' dir='ltr'><strong>KiL.</strong></span> <span class='ocrx_word' id='word_1_306' title='bbox 2440 2085 2622 2141; x_wconf 79' lang='lat' dir='ltr'><strong>Natale</strong></span> <span class='ocrx_word' id='word_1_307' title='bbox 2648 2091 2674 2132; x_wconf 75' lang='grc' dir='ltr'>ά</span> <span class='ocrx_word' id='word_1_308' title='bbox 2705 2085 2883 2140; x_wconf 76' lang='lat' dir='ltr'><strong>Maria:</strong></span> <span class='ocrx_word' id='word_1_309' title='bbox 2912 2085 3264 2155; x_wconf 66' lang='lat' dir='ltr'><strong>Magdalenze.</strong></span> 
     </span>
    </p>
   </div>
   <div class='ocr_carea' id='block_1_45' title="bbox 1952 2175 3461 2241">
    <p class='ocr_par' dir='ltr' id='par_1_45' title="bbox 1952 2175 3461 2241">
     <span class='ocr_line' id='line_1_45' title="bbox 1952 2175 3461 2241; baseline 0.001 -10"><span class='ocrx_word' id='word_1_310' title='bbox 1952 2179 2282 2232; x_wconf 75' lang='lat' dir='ltr'><strong>Prrnotatur</strong></span> <span class='ocrx_word' id='word_1_311' title='bbox 2313 2177 2365 2230; x_wconf 92' lang='lat' dir='ltr'><strong>in</strong></span> <span class='ocrx_word' id='word_1_312' title='bbox 2392 2176 2480 2239; x_wconf 85' lang='lat' dir='ltr'><strong>T.,</strong></span> <span class='ocrx_word' id='word_1_313' title='bbox 2514 2177 2569 2230; x_wconf 81' lang='lat' dir='ltr'><strong>In</strong></span> <span class='ocrx_word' id='word_1_314' title='bbox 2597 2176 2841 2231; x_wconf 76' lang='lat' dir='ltr'><strong>Massilia.</strong></span> <span class='ocrx_word' id='word_1_315' title='bbox 2874 2177 2938 2231; x_wconf 84' lang='grc' dir='ltr'><strong>Β.</strong></span> <span class='ocrx_word' id='word_1_316' title='bbox 2964 2175 3031 2230; x_wconf 30' lang='grc' dir='ltr'><strong>γε.</strong></span> <span class='ocrx_word' id='word_1_317' title='bbox 3066 2177 3153 2241; x_wconf 82' lang='lat' dir='ltr'><strong>V-,</strong></span> <span class='ocrx_word' id='word_1_318' title='bbox 3180 2177 3236 2231; x_wconf 83' lang='grc' dir='ltr'><strong>ιη</strong></span> <span class='ocrx_word' id='word_1_319' title='bbox 3268 2178 3461 2233; x_wconf 72' lang='lat' dir='ltr'><strong>Antio-</strong></span> 
     </span>
    </p>
   </div>
   <div class='ocr_carea' id='block_1_46' title="bbox 1879 2246 3456 2319">
    <p class='ocr_par' dir='ltr' id='par_1_46' title="bbox 1879 2246 3456 2319">
     <span class='ocr_line' id='line_1_46' title="bbox 1879 2246 3456 2319; baseline -0.001 -16"><span class='ocrx_word' id='word_1_320' title='bbox 1879 2250 1996 2303; x_wconf 89' lang='lat' dir='ltr'><strong>chia</strong></span> <span class='ocrx_word' id='word_1_321' title='bbox 2022 2258 2044 2284; x_wconf 77' lang='grc' dir='ltr'><strong>ο</strong></span> <span class='ocrx_word' id='word_1_322' title='bbox 2076 2246 2255 2317; x_wconf 83' lang='lat' dir='ltr'><strong>Cyrilli</strong></span> <span class='ocrx_word' id='word_1_323' title='bbox 2286 2246 2370 2317; x_wconf 69' lang='lat'><strong>[(3.</strong></span> <span class='ocrx_word' id='word_1_324' title='bbox 2420 2247 2618 2319; x_wconf 53' lang='grc' dir='ltr'><strong>ΔΓΜ]</strong></span> <span class='ocrx_word' id='word_1_325' title='bbox 2666 2246 2914 2319; x_wconf 48' lang='lat' dir='ltr'><strong>Audrey.</strong></span> <span class='ocrx_word' id='word_1_326' title='bbox 2940 2247 3314 2319; x_wconf 76' lang='lat' dir='ltr'><strong>_B.,_Tabelli.</strong></span> <span class='ocrx_word' id='word_1_327' title='bbox 3362 2247 3456 2319; x_wconf 80' lang='grc' dir='ltr'><strong>Τ..</strong></span> 
     </span>
    </p>
   </div>
   <div class='ocr_carea' id='block_1_47' title="bbox 1878 2315 3451 2387">
    <p class='ocr_par' dir='ltr' id='par_1_47' title="bbox 1878 2315 3451 2387">
     <span class='ocr_line' id='line_1_47' title="bbox 1878 2315 3451 2387; baseline -0.001 -14"><span class='ocrx_word' id='word_1_328' title='bbox 1878 2315 2325 2373; x_wconf 70' lang='lat' dir='ltr'><strong>Massilianatale</strong></span> <span class='ocrx_word' id='word_1_329' title='bbox 2363 2320 2419 2372; x_wconf 91' lang='lat' dir='ltr'><strong>S.</strong></span> <span class='ocrx_word' id='word_1_330' title='bbox 2471 2315 2709 2371; x_wconf 75' lang='lat' dir='ltr'><strong>Adriani.</strong></span> <span class='ocrx_word' id='word_1_331' title='bbox 2743 2319 2803 2387; x_wconf 72' lang='grc' dir='ltr'><strong>Α.</strong></span> <span class='ocrx_word' id='word_1_332' title='bbox 2830 2317 2902 2371; x_wconf 83' lang='lat'><strong>1‘.</strong></span> <span class='ocrx_word' id='word_1_333' title='bbox 2939 2316 3022 2382; x_wconf 85' lang='lat' dir='ltr'><strong>L.,</strong></span> <span class='ocrx_word' id='word_1_334' title='bbox 3050 2315 3123 2371; x_wconf 87' lang='lat' dir='ltr'><strong>Et</strong></span> <span class='ocrx_word' id='word_1_335' title='bbox 3153 2318 3209 2371; x_wconf 87' lang='lat' dir='ltr'><strong>S.</strong></span> <span class='ocrx_word' id='word_1_336' title='bbox 3245 2318 3451 2387; x_wconf 83' lang='lat' dir='ltr'><strong>Cyrilli.</strong></span> 
     </span>
    </p>
   </div>
   <div class='ocr_carea' id='block_1_48' title="bbox 1874 2386 3460 2445">
    <p class='ocr_par' dir='ltr' id='par_1_48' title="bbox 1874 2386 3460 2445">
     <span class='ocr_line' id='line_1_48' title="bbox 1874 2386 3460 2445; baseline -0.004 -1"><span class='ocrx_word' id='word_1_337' title='bbox 1874 2390 1948 2445; x_wconf 78' lang='lat' dir='ltr'><strong>Et</strong></span> <span class='ocrx_word' id='word_1_338' title='bbox 1973 2392 2023 2443; x_wconf 92' lang='lat' dir='ltr'><strong>in</strong></span> <span class='ocrx_word' id='word_1_339' title='bbox 2053 2390 2300 2444; x_wconf 74' lang='lat' dir='ltr'><strong>cinnobio</strong></span> <span class='ocrx_word' id='word_1_340' title='bbox 2334 2389 2656 2443; x_wconf 77' lang='lat' dir='ltr'><strong>Fontunellae</strong></span> <span class='ocrx_word' id='word_1_341' title='bbox 2693 2386 2795 2443; x_wconf 54' lang='grc' dir='ltr'><strong>ΞΑ</strong></span> <span class='ocrx_word' id='word_1_342' title='bbox 2833 2388 3213 2445; x_wconf 69' lang='lat' dir='ltr'><strong>Wandreaisili</strong></span> <span class='ocrx_word' id='word_1_343' title='bbox 3229 2386 3460 2442; x_wconf 85' lang='lat' dir='ltr'><strong>abbatis.</strong></span> 
     </span>
    </p>
   </div>
   <div class='ocr_carea' id='block_1_49' title="bbox 1874 2458 3458 2531">
    <p class='ocr_par' dir='ltr' id='par_1_49' title="bbox 1874 2458 3458 2531">
     <span class='ocr_line' id='line_1_49' title="bbox 1874 2458 3458 2531; baseline -0.004 -14"><span class='ocrx_word' id='word_1_344' title='bbox 1874 2464 1970 2526; x_wconf 76' lang='grc' dir='ltr'><strong>Δ..</strong></span> <span class='ocrx_word' id='word_1_345' title='bbox 2026 2461 2088 2517; x_wconf 74' lang='lat' dir='ltr'><strong>Et</strong></span> <span class='ocrx_word' id='word_1_346' title='bbox 2120 2468 2366 2531; x_wconf 9' lang='lat' dir='ltr'><strong>Kroctava</strong></span> <span class='ocrx_word' id='word_1_347' title='bbox 2400 2460 2468 2517; x_wconf 85' lang='lat' dir='ltr'><strong>S.</strong></span> <span class='ocrx_word' id='word_1_348' title='bbox 2511 2459 2720 2531; x_wconf 69' lang='lat' dir='ltr'><strong>Vedasti</strong></span> <span class='ocrx_word' id='word_1_349' title='bbox 2766 2460 3030 2531; x_wconf 86' lang='lat' dir='ltr'><strong>episcopi.</strong></span> <span class='ocrx_word' id='word_1_350' title='bbox 3061 2458 3235 2515; x_wconf 82' lang='lat' dir='ltr'><strong>Patris</strong></span> <span class='ocrx_word' id='word_1_351' title='bbox 3257 2458 3458 2516; x_wconf 76' lang='lat' dir='ltr'><strong>nostri.</strong></span> 
     </span>
    </p>
   </div>
   <div class='ocr_carea' id='block_1_50' title="bbox 1881 2528 2839 2599">
    <p class='ocr_par' dir='ltr' id='par_1_50' title="bbox 1881 2528 2839 2599">
     <span class='ocr_line' id='line_1_50' title="bbox 1881 2528 2839 2599; baseline 0.001 -14"><span class='ocrx_word' id='word_1_352' title='bbox 1881 2532 1965 2599; x_wconf 71' lang='lat'><strong>13.,</strong></span> <span class='ocrx_word' id='word_1_353' title='bbox 1999 2532 2063 2591; x_wconf 85' lang='lat' dir='ltr'><strong>Et</strong></span> <span class='ocrx_word' id='word_1_354' title='bbox 2080 2530 2203 2586; x_wconf 84' lang='lat' dir='ltr'><strong>alibi</strong></span> <span class='ocrx_word' id='word_1_355' title='bbox 2230 2531 2403 2593; x_wconf 85' lang='lat' dir='ltr'><strong>natale</strong></span> <span class='ocrx_word' id='word_1_356' title='bbox 2433 2532 2488 2593; x_wconf 85' lang='lat' dir='ltr'><strong>S.</strong></span> <span class='ocrx_word' id='word_1_357' title='bbox 2517 2528 2547 2568; x_wconf 65' lang='grc' dir='ltr'><strong>ιι</strong></span> <span class='ocrx_word' id='word_1_358' title='bbox 2578 2528 2839 2591; x_wconf 77' lang='lat' dir='ltr'><strong>Platonis.</strong></span> 
     </span>
    </p>
   </div>
   <div class='ocr_carea' id='block_1_51' title="bbox 1618 2641 2092 2703">
    <p class='ocr_par' dir='ltr' id='par_1_51' title="bbox 1618 2641 2092 2703">
     <span class='ocr_line' id='line_1_51' title="bbox 1618 2641 2092 2703; baseline -0.008 -1"><span class='ocrx_word' id='word_1_359' title='bbox 1618 2643 1827 2703; x_wconf 75' lang='lat' dir='ltr'><strong>SMITH</strong></span> <span class='ocrx_word' id='word_1_360' title='bbox 1865 2641 2092 2699; x_wconf 67' lang='lat' dir='ltr'><strong>NOTAE.</strong></span> 
     </span>
    </p>
   </div>
   <div class='ocr_carea' id='block_1_52' title="bbox 178 2732 1764 2809">
    <p class='ocr_par' dir='ltr' id='par_1_52' title="bbox 178 2732 1764 2809">
     <span class='ocr_line' id='line_1_52' title="bbox 178 2732 1764 2809; baseline -0.001 -16"><span class='ocrx_word' id='word_1_361' title='bbox 178 2733 282 2809; x_wconf 55' lang='lat' dir='ltr'><strong>gub</strong></span> <span class='ocrx_word' id='word_1_362' title='bbox 302 2732 395 2809; x_wconf 79' lang='lat' dir='ltr'><strong>die</strong></span> <span class='ocrx_word' id='word_1_363' title='bbox 420 2749 493 2789; x_wconf 83' lang='lat' dir='ltr'><strong>vn</strong></span> <span class='ocrx_word' id='word_1_364' title='bbox 522 2732 657 2809; x_wconf 39' lang='lat' dir='ltr'><strong>Itala</strong></span> <span class='ocrx_word' id='word_1_365' title='bbox 672 2732 813 2791; x_wconf 80' lang='lat' dir='ltr'><strong>Junii</strong></span> <span class='ocrx_word' id='word_1_366' title='bbox 837 2736 892 2809; x_wconf 80' lang='lat' dir='ltr'><strong>in</strong></span> <span class='ocrx_word' id='word_1_367' title='bbox 908 2737 1224 2794; x_wconf 79' lang='lat' dir='ltr'><strong>cmmeterio</strong></span> <span class='ocrx_word' id='word_1_368' title='bbox 1246 2736 1502 2797; x_wconf 59' lang='lat' dir='ltr'><strong>Priscilla</strong></span> <span class='ocrx_word' id='word_1_369' title='bbox 1528 2756 1540 2767; x_wconf 80' lang='lat'><strong>&#39;</strong></span> <span class='ocrx_word' id='word_1_370' title='bbox 1568 2749 1622 2795; x_wconf 88' lang='lat' dir='ltr'><strong>et</strong></span> <span class='ocrx_word' id='word_1_371' title='bbox 1643 2746 1764 2809; x_wconf 87' lang='lat' dir='ltr'><strong>post</strong></span> 
     </span>
    </p>
   </div>
   <div class='ocr_carea' id='block_1_53' title="bbox 177 2804 1761 2879">
    <p class='ocr_par' dir='ltr' id='par_1_53' title="bbox 177 2804 1761 2879">
     <span class='ocr_line' id='line_1_53' title="bbox 177 2804 1761 2879; baseline 0.005 -22"><span class='ocrx_word' id='word_1_372' title='bbox 177 2804 298 2879; x_wconf 76' lang='lat' dir='ltr'><strong>dies</strong></span> <span class='ocrx_word' id='word_1_373' title='bbox 326 2805 395 2858; x_wconf 64' lang='lat'><strong>55</strong></span> <span class='ocrx_word' id='word_1_374' title='bbox 418 2806 690 2879; x_wconf 82' lang='lat' dir='ltr'><strong>passionis</strong></span> <span class='ocrx_word' id='word_1_375' title='bbox 738 2808 1113 2879; x_wconf 58' lang='lat' dir='ltr'><strong>pragdictorum</strong></span> <span class='ocrx_word' id='word_1_376' title='bbox 1159 2819 1464 2864; x_wconf 89' lang='lat' dir='ltr'><strong>sanctorum</strong></span> <span class='ocrx_word' id='word_1_377' title='bbox 1506 2810 1619 2879; x_wconf 89' lang='lat' dir='ltr'><strong>ipsa</strong></span> <span class='ocrx_word' id='word_1_378' title='bbox 1643 2804 1761 2865; x_wconf 59' lang='lat' dir='ltr'><strong>&#39;de-</strong></span> 
     </span>
    </p>
   </div>
   <div class='ocr_carea' id='block_1_54' title="bbox 176 2875 1762 2950">
    <p class='ocr_par' dir='ltr' id='par_1_54' title="bbox 176 2875 1762 2950">
     <span class='ocr_line' id='line_1_54' title="bbox 176 2875 1762 2950; baseline 0.001 -19"><span class='ocrx_word' id='word_1_379' title='bbox 176 2876 385 2940; x_wconf 78' lang='lat' dir='ltr'><strong>iuncta,</strong></span> <span class='ocrx_word' id='word_1_380' title='bbox 411 2875 560 2950; x_wconf 81' lang='lat' dir='ltr'><strong>juxta</strong></span> <span class='ocrx_word' id='word_1_381' title='bbox 587 2885 791 2950; x_wconf 81' lang='lat' dir='ltr'><strong>patrem</strong></span> <span class='ocrx_word' id='word_1_382' title='bbox 823 2877 1113 2950; x_wconf 77' lang='lat' dir='ltr'><strong>Pudentem</strong></span> <span class='ocrx_word' id='word_1_383' title='bbox 1145 2895 1175 2933; x_wconf 92' lang='lat' dir='ltr'><strong>a</strong></span> <span class='ocrx_word' id='word_1_384' title='bbox 1204 2880 1262 2933; x_wconf 88' lang='grc' dir='ltr'><strong>Β.</strong></span> <span class='ocrx_word' id='word_1_385' title='bbox 1294 2881 1516 2935; x_wconf 84' lang='lat' dir='ltr'><strong>Pastore</strong></span> <span class='ocrx_word' id='word_1_386' title='bbox 1529 2875 1762 2950; x_wconf 69' lang='lat' dir='ltr'><strong>presby-</strong></span> 
     </span>
    </p>
   </div>
   <div class='ocr_carea' id='block_1_55' title="bbox 180 2948 1753 3017">
    <p class='ocr_par' dir='ltr' id='par_1_55' title="bbox 180 2948 1753 3017">
     <span class='ocr_line' id='line_1_55' title="bbox 180 2948 1753 3017; baseline 0.004 -14"><span class='ocrx_word' id='word_1_387' title='bbox 180 2956 298 3003; x_wconf 82' lang='lat' dir='ltr'><strong>tero</strong></span> <span class='ocrx_word' id='word_1_388' title='bbox 318 2948 534 3017; x_wconf 66' lang='lat' dir='ltr'><strong>sepulta</strong></span> <span class='ocrx_word' id='word_1_389' title='bbox 564 2956 647 3003; x_wconf 84' lang='lat' dir='ltr'><strong>est</strong></span> <span class='ocrx_word' id='word_1_390' title='bbox 680 2948 765 3005; x_wconf 66' lang='lat' dir='ltr'><strong>uia</strong></span> <span class='ocrx_word' id='word_1_391' title='bbox 808 2949 1011 3007; x_wconf 77' lang='lat' dir='ltr'><strong>Salaria</strong></span> <span class='ocrx_word' id='word_1_392' title='bbox 1049 2951 1101 3007; x_wconf 89' lang='lat' dir='ltr'><strong>in</strong></span> <span class='ocrx_word' id='word_1_393' title='bbox 1132 2952 1442 3011; x_wconf 70' lang='lat' dir='ltr'><strong>cmmeterie</strong></span> <span class='ocrx_word' id='word_1_394' title='bbox 1474 2948 1753 3011; x_wconf 61' lang='lat' dir='ltr'><strong>Priscillae.</strong></span> 
     </span>
    </p>
   </div>
   <div class='ocr_carea' id='block_1_56' title="bbox 180 3018 1757 3087">
    <p class='ocr_par' dir='ltr' id='par_1_56' title="bbox 180 3018 1757 3087">
     <span class='ocr_line' id='line_1_56' title="bbox 180 3018 1757 3087; baseline 0.003 -15"><span class='ocrx_word' id='word_1_395' title='bbox 180 3018 346 3079; x_wconf 82' lang='lat' dir='ltr'><strong>Juxta</strong></span> <span class='ocrx_word' id='word_1_396' title='bbox 393 3028 700 3087; x_wconf 83' lang='lat' dir='ltr'><strong>computum</strong></span> <span class='ocrx_word' id='word_1_397' title='bbox 751 3019 1221 3075; x_wconf 84' lang='lat' dir='ltr'><strong>Bollandianorum</strong></span> <span class='ocrx_word' id='word_1_398' title='bbox 1274 3024 1491 3083; x_wconf 78' lang='lat' dir='ltr'><strong>fratrum</strong></span> <span class='ocrx_word' id='word_1_399' title='bbox 1525 3023 1579 3076; x_wconf 91' lang='lat' dir='ltr'><strong>in</strong></span> <span class='ocrx_word' id='word_1_400' title='bbox 1610 3037 1757 3076; x_wconf 86' lang='lat' dir='ltr'><strong>com-</strong></span> 
     </span>
    </p>
   </div>
   <div class='ocr_carea' id='block_1_57' title="bbox 1870 2702 3452 2804">
    <p class='ocr_par' dir='ltr' id='par_1_57' title="bbox 1870 2702 3452 2804">
     <span class='ocr_line' id='line_1_57' title="bbox 1870 2702 3452 2804; baseline 0.001 -15"><span class='ocrx_word' id='word_1_401' title='bbox 1870 2736 2111 2800; x_wconf 81' lang='lat' dir='ltr'><strong>abduxit,</strong></span> <span class='ocrx_word' id='word_1_402' title='bbox 2139 2742 2194 2792; x_wconf 89' lang='lat' dir='ltr'><strong>et</strong></span> <span class='ocrx_word' id='word_1_403' title='bbox 2358 2732 2499 2803; x_wconf 78' lang='lat' dir='ltr'><strong>apud</strong></span> <span class='ocrx_word' id='word_1_404' title='bbox 2514 2735 2825 2801; x_wconf 69' lang='lat' dir='ltr'><strong>.Aquensem</strong></span> <span class='ocrx_word' id='word_1_405' title='bbox 2846 2731 3060 2799; x_wconf 80' lang='lat' dir='ltr'><strong>urbem,</strong></span> <span class='ocrx_word' id='word_1_406' title='bbox 3089 2736 3171 2789; x_wconf 84' lang='lat' dir='ltr'><strong>cui</strong></span> <span class='ocrx_word' id='word_1_407' title='bbox 3197 2734 3452 2804; x_wconf 66' lang='lat' dir='ltr'><strong>praeside-</strong></span> 
     </span>
    </p>
   </div>
   <div class='ocr_carea' id='block_1_58' title="bbox 1860 2804 3451 2877">
    <p class='ocr_par' dir='ltr' id='par_1_58' title="bbox 1860 2804 3451 2877">
     <span class='ocr_line' id='line_1_58' title="bbox 1860 2804 3451 2877; baseline -0.001 -15"><span class='ocrx_word' id='word_1_408' title='bbox 1860 2806 1976 2877; x_wconf 89' lang='lat' dir='ltr'><strong>bat,</strong></span> <span class='ocrx_word' id='word_1_409' title='bbox 2013 2805 2255 2877; x_wconf 81' lang='lat' dir='ltr'><strong>sepelivit</strong></span> <span class='ocrx_word' id='word_1_410' title='bbox 2303 2804 2899 2877; x_wconf 41' lang='lat' dir='ltr'><strong>del‘unctamaAquensi</strong></span> <span class='ocrx_word' id='word_1_411' title='bbox 2948 2819 3078 2877; x_wconf 88' lang='lat' dir='ltr'><strong>vero</strong></span> <span class='ocrx_word' id='word_1_412' title='bbox 3109 2805 3243 2877; x_wconf 84' lang='lat' dir='ltr'><strong>urbe</strong></span> <span class='ocrx_word' id='word_1_413' title='bbox 3267 2806 3451 2877; x_wconf 22' lang='lat' dir='ltr'><strong>aﬂSar-</strong></span> 
     </span>
    </p>
   </div>
   <div class='ocr_carea' id='block_1_59' title="bbox 1854 2875 3446 2944">
    <p class='ocr_par' dir='ltr' id='par_1_59' title="bbox 1854 2875 3446 2944">
     <span class='ocr_line' id='line_1_59' title="bbox 1854 2875 3446 2944; baseline 0 -12"><span class='ocrx_word' id='word_1_414' title='bbox 1854 2875 2355 2940; x_wconf 34' lang='lat' dir='ltr'><strong>recepis’deselata,</strong></span> <span class='ocrx_word' id='word_1_415' title='bbox 2382 2891 2574 2942; x_wconf 76' lang='lat' dir='ltr'><strong>corpus</strong></span> <span class='ocrx_word' id='word_1_416' title='bbox 2600 2875 2714 2944; x_wconf 88' lang='lat' dir='ltr'><strong>ejus</strong></span> <span class='ocrx_word' id='word_1_417' title='bbox 2744 2890 2773 2929; x_wconf 91' lang='lat' dir='ltr'><strong>a</strong></span> <span class='ocrx_word' id='word_1_418' title='bbox 2821 2875 3060 2930; x_wconf 87' lang='lat' dir='ltr'><strong>Gerardo</strong></span> <span class='ocrx_word' id='word_1_419' title='bbox 3089 2875 3283 2931; x_wconf 90' lang='lat' dir='ltr'><strong>comite</strong></span> <span class='ocrx_word' id='word_1_420' title='bbox 3310 2875 3446 2932; x_wconf 85' lang='lat' dir='ltr'><strong>Bur-</strong></span> 
     </span>
    </p>
   </div>
   <div class='ocr_carea' id='block_1_60' title="bbox 1861 2946 3446 3017">
    <p class='ocr_par' dir='ltr' id='par_1_60' title="bbox 1861 2946 3446 3017">
     <span class='ocr_line' id='line_1_60' title="bbox 1861 2946 3446 3017; baseline 0 -14"><span class='ocrx_word' id='word_1_421' title='bbox 1861 2949 2071 3017; x_wconf 76' lang='lat' dir='ltr'><strong>gundiae</strong></span> <span class='ocrx_word' id='word_1_422' title='bbox 2109 2948 2176 3003; x_wconf 90' lang='lat' dir='ltr'><strong>ad</strong></span> <span class='ocrx_word' id='word_1_423' title='bbox 2218 2947 2519 3006; x_wconf 60' lang='lat' dir='ltr'><strong>casuum</strong></span> <span class='ocrx_word' id='word_1_424' title='bbox 2570 2946 2886 3003; x_wconf 85' lang='lat' dir='ltr'><strong>Vieeliacum</strong></span> <span class='ocrx_word' id='word_1_425' title='bbox 2926 2961 2962 3017; x_wconf 12' lang='lat' dir='ltr'><strong>ra</strong></span> <span class='ocrx_word' id='word_1_426' title='bbox 2992 2960 3051 3002; x_wconf 85' lang='lat' dir='ltr'><strong>se</strong></span> <span class='ocrx_word' id='word_1_427' title='bbox 3082 2957 3446 3003; x_wconf 76' lang='lat' dir='ltr'><strong>constructum</strong></span> 
     </span>
    </p>
   </div>
   <div class='ocr_carea' id='block_1_61' title="bbox 1866 3016 3448 3087">
    <p class='ocr_par' dir='ltr' id='par_1_61' title="bbox 1866 3016 3448 3087">
     <span class='ocr_line' id='line_1_61' title="bbox 1866 3016 3448 3087; baseline 0.002 -13"><span class='ocrx_word' id='word_1_428' title='bbox 1866 3016 2198 3077; x_wconf 76' lang='lat' dir='ltr'><strong>transfertur.</strong></span> <span class='ocrx_word' id='word_1_429' title='bbox 2245 3020 2572 3084; x_wconf 78' lang='lat' dir='ltr'><strong>Quamquam</strong></span> <span class='ocrx_word' id='word_1_430' title='bbox 2612 3017 2773 3086; x_wconf 83' lang='lat' dir='ltr'><strong>aliqui</strong></span> <span class='ocrx_word' id='word_1_431' title='bbox 2813 3016 3047 3071; x_wconf 86' lang='lat' dir='ltr'><strong>scribant</strong></span> <span class='ocrx_word' id='word_1_432' title='bbox 3074 3057 3089 3083; x_wconf 93' lang='lat'><strong>,</strong></span> <span class='ocrx_word' id='word_1_433' title='bbox 3137 3019 3275 3087; x_wconf 85' lang='lat' dir='ltr'><strong>quod</strong></span> <span class='ocrx_word' id='word_1_434' title='bbox 3313 3020 3448 3077; x_wconf 85' lang='lat' dir='ltr'><strong>illud</strong></span> 
     </span>
    </p>
   </div>
   <div class='ocr_carea' id='block_1_62' title="bbox 174 3088 3448 3165">
    <p class='ocr_par' dir='ltr' id='par_1_62' title="bbox 174 3088 3448 3165">
     <span class='ocr_line' id='line_1_62' title="bbox 174 3088 3448 3165; baseline 0.001 -21"><span class='ocrx_word' id='word_1_435' title='bbox 174 3088 448 3165; x_wconf 85' lang='lat' dir='ltr'><strong>mentario</strong></span> <span class='ocrx_word' id='word_1_436' title='bbox 490 3090 692 3165; x_wconf 72' lang='lat' dir='ltr'><strong>prmvio</strong></span> <span class='ocrx_word' id='word_1_437' title='bbox 733 3090 880 3145; x_wconf 84' lang='lat' dir='ltr'><strong>Actis</strong></span> <span class='ocrx_word' id='word_1_438' title='bbox 934 3093 1296 3165; x_wconf 76' lang='lat' dir='ltr'><strong>Pudentiante,</strong></span> <span class='ocrx_word' id='word_1_439' title='bbox 1347 3103 1453 3149; x_wconf 88' lang='lat' dir='ltr'><strong>etc.</strong></span> <span class='ocrx_word' id='word_1_440' title='bbox 1502 3090 1761 3150; x_wconf 80' lang='lat' dir='ltr'><strong>Praxedis</strong></span> <span class='ocrx_word' id='word_1_441' title='bbox 1792 3090 1838 3155; x_wconf 86' lang='lat' dir='ltr'><strong><em>C</em></strong></span> <span class='ocrx_word' id='word_1_442' title='bbox 1867 3093 2004 3165; x_wconf 83' lang='lat' dir='ltr'><strong>apud</strong></span> <span class='ocrx_word' id='word_1_443' title='bbox 2028 3089 2297 3165; x_wconf 70' lang='lat' dir='ltr'><strong>Ephesum</strong></span> <span class='ocrx_word' id='word_1_444' title='bbox 2321 3091 2577 3165; x_wconf 49' lang='lat' dir='ltr'><strong>quiescat.</strong></span> <span class='ocrx_word' id='word_1_445' title='bbox 2609 3089 2810 3165; x_wconf 81' lang='lat' dir='ltr'><strong>IH_Il|um</strong></span> <span class='ocrx_word' id='word_1_446' title='bbox 2834 3101 3078 3165; x_wconf 76' lang='lat' dir='ltr'><strong>Supel‘_se</strong></span> <span class='ocrx_word' id='word_1_447' title='bbox 3110 3090 3448 3165; x_wconf 76' lang='lat' dir='ltr'><strong>legmcn_lta-</strong></span> 
     </span>
    </p>
   </div>
   <div class='ocr_carea' id='block_1_63' title="bbox 175 3163 1219 3218">
    <p class='ocr_par' dir='ltr' id='par_1_63' title="bbox 175 3163 1219 3218">
     <span class='ocr_line' id='line_1_63' title="bbox 175 3163 1219 3218; baseline 0.003 -3"><span class='ocrx_word' id='word_1_448' title='bbox 175 3163 383 3216; x_wconf 68' lang='lat' dir='ltr'><strong>abiisse</strong></span> <span class='ocrx_word' id='word_1_449' title='bbox 405 3163 658 3216; x_wconf 73' lang='lat' dir='ltr'><strong>censet-ur</strong></span> <span class='ocrx_word' id='word_1_450' title='bbox 687 3176 826 3215; x_wconf 79' lang='lat' dir='ltr'><strong>anno</strong></span> <span class='ocrx_word' id='word_1_451' title='bbox 855 3164 1066 3218; x_wconf 79' lang='lat' dir='ltr'><strong>circiter</strong></span> <span class='ocrx_word' id='word_1_452' title='bbox 1095 3163 1219 3218; x_wconf 82' lang='grc'><strong>159.</strong></span> 
     </span>
    </p>
   </div>
   <div class='ocr_carea' id='block_1_64' title="bbox 256 3231 1764 3301">
    <p class='ocr_par' dir='ltr' id='par_1_64' title="bbox 256 3231 1764 3301">
     <span class='ocr_line' id='line_1_64' title="bbox 256 3231 1764 3301; baseline 0.004 -15"><span class='ocrx_word' id='word_1_453' title='bbox 256 3242 282 3268; x_wconf 73' lang='grc' dir='ltr'><strong><em>ο</em></strong></span> <span class='ocrx_word' id='word_1_454' title='bbox 328 3231 795 3301; x_wconf 45' lang='grc' dir='ltr'><strong>υαηίειὸεεϐτωᾱ</strong></span> <span class='ocrx_word' id='word_1_455' title='bbox 845 3233 912 3288; x_wconf 87' lang='lat' dir='ltr'><strong>de</strong></span> <span class='ocrx_word' id='word_1_456' title='bbox 961 3248 1025 3287; x_wconf 89' lang='lat' dir='ltr'><strong>eo</strong></span> <span class='ocrx_word' id='word_1_457' title='bbox 1063 3240 1227 3301; x_wconf 81' lang='lat' dir='ltr'><strong>agunt</strong></span> <span class='ocrx_word' id='word_1_458' title='bbox 1272 3250 1377 3289; x_wconf 81' lang='lat' dir='ltr'><strong>una</strong></span> <span class='ocrx_word' id='word_1_459' title='bbox 1416 3250 1545 3290; x_wconf 83' lang='lat' dir='ltr'><strong>eum</strong></span> <span class='ocrx_word' id='word_1_460' title='bbox 1590 3235 1764 3292; x_wconf 85' lang='lat' dir='ltr'><strong>tribus</strong></span> 
     </span>
    </p>
   </div>
   <div class='ocr_carea' id='block_1_65' title="bbox 177 3300 1764 3377">
    <p class='ocr_par' dir='ltr' id='par_1_65' title="bbox 177 3300 1764 3377">
     <span class='ocr_line' id='line_1_65' title="bbox 177 3300 1764 3377; baseline 0.003 -18"><span class='ocrx_word' id='word_1_461' title='bbox 177 3304 363 3377; x_wconf 87' lang='lat' dir='ltr'><strong>pueris</strong></span> <span class='ocrx_word' id='word_1_462' title='bbox 387 3304 454 3357; x_wconf 90' lang='lat' dir='ltr'><strong>ad</strong></span> <span class='ocrx_word' id='word_1_463' title='bbox 482 3318 569 3377; x_wconf 81' lang='lat' dir='ltr'><strong>xvi</strong></span> <span class='ocrx_word' id='word_1_464' title='bbox 597 3300 716 3377; x_wconf 83' lang='lat' dir='ltr'><strong>Kal.</strong></span> <span class='ocrx_word' id='word_1_465' title='bbox 738 3302 971 3377; x_wconf 83' lang='lat' dir='ltr'><strong>Januarii</strong></span> <span class='ocrx_word' id='word_1_466' title='bbox 1005 3306 1055 3358; x_wconf 92' lang='lat' dir='ltr'><strong>in</strong></span> <span class='ocrx_word' id='word_1_467' title='bbox 1088 3300 1404 3375; x_wconf 80' lang='lat' dir='ltr'><strong>Meuologio.</strong></span> <span class='ocrx_word' id='word_1_468' title='bbox 1439 3308 1764 3377; x_wconf 81' lang='lat' dir='ltr'><strong>Epiphanius</strong></span> 
     </span>
    </p>
   </div>
   <div class='ocr_carea' id='block_1_66' title="bbox 178 3374 1765 3443">
    <p class='ocr_par' dir='ltr' id='par_1_66' title="bbox 178 3374 1765 3443">
     <span class='ocr_line' id='line_1_66' title="bbox 178 3374 1765 3443; baseline 0.001 -12"><span class='ocrx_word' id='word_1_469' title='bbox 178 3374 250 3431; x_wconf 84' lang='lat' dir='ltr'><strong>de</strong></span> <span class='ocrx_word' id='word_1_470' title='bbox 281 3376 388 3428; x_wconf 78' lang='lat' dir='ltr'><strong>vita</strong></span> <span class='ocrx_word' id='word_1_471' title='bbox 422 3385 486 3439; x_wconf 20' lang='lat' dir='ltr'><strong>yet</strong></span> <span class='ocrx_word' id='word_1_472' title='bbox 532 3374 749 3427; x_wconf 87' lang='lat' dir='ltr'><strong>interitu</strong></span> <span class='ocrx_word' id='word_1_473' title='bbox 802 3376 1046 3443; x_wconf 82' lang='lat' dir='ltr'><strong>prephet.</strong></span> <span class='ocrx_word' id='word_1_474' title='bbox 1094 3390 1212 3443; x_wconf 89' lang='lat' dir='ltr'><strong>cap.</strong></span> <span class='ocrx_word' id='word_1_475' title='bbox 1265 3374 1331 3431; x_wconf 82' lang='grc'><strong>10</strong></span> <span class='ocrx_word' id='word_1_476' title='bbox 1381 3374 1499 3432; x_wconf 69' lang='lat' dir='ltr'><strong>hinc</strong></span> <span class='ocrx_word' id='word_1_477' title='bbox 1523 3374 1679 3432; x_wconf 84' lang='lat' dir='ltr'><strong>habet</strong></span> <span class='ocrx_word' id='word_1_478' title='bbox 1712 3380 1765 3433; x_wconf 92' lang='lat' dir='ltr'><strong>in</strong></span> 
     </span>
    </p>
   </div>
   <div class='ocr_carea' id='block_1_67' title="bbox 179 3444 1764 3515">
    <p class='ocr_par' dir='ltr' id='par_1_67' title="bbox 179 3444 1764 3515">
     <span class='ocr_line' id='line_1_67' title="bbox 179 3444 1764 3515; baseline 0.002 -14"><span class='ocrx_word' id='word_1_479' title='bbox 179 3448 292 3501; x_wconf 76' lang='lat' dir='ltr'><strong>ﬁne</strong></span> <span class='ocrx_word' id='word_1_480' title='bbox 327 3464 342 3499; x_wconf 87' lang='lat'><strong>:</strong></span> <span class='ocrx_word' id='word_1_481' title='bbox 381 3464 401 3497; x_wconf 78' lang='grc' dir='ltr'>ι</span> <span class='ocrx_word' id='word_1_482' title='bbox 432 3444 693 3499; x_wconf 58' lang='lat' dir='ltr'><strong>“mutatus</strong></span> <span class='ocrx_word' id='word_1_483' title='bbox 728 3453 817 3499; x_wconf 85' lang='lat' dir='ltr'><strong>est</strong></span> <span class='ocrx_word' id='word_1_484' title='bbox 855 3446 909 3500; x_wconf 88' lang='lat' dir='ltr'><strong>in</strong></span> <span class='ocrx_word' id='word_1_485' title='bbox 947 3456 1167 3515; x_wconf 86' lang='lat' dir='ltr'><strong>augusta</strong></span> <span class='ocrx_word' id='word_1_486' title='bbox 1198 3462 1427 3502; x_wconf 79' lang='lat' dir='ltr'><strong>caverna</strong></span> <span class='ocrx_word' id='word_1_487' title='bbox 1470 3449 1764 3504; x_wconf 77' lang='lat' dir='ltr'><strong>honoribus</strong></span> 
     </span>
    </p>
   </div>
   <div class='ocr_carea' id='block_1_68' title="bbox 184 3516 1766 3588">
    <p class='ocr_par' dir='ltr' id='par_1_68' title="bbox 184 3516 1766 3588">
     <span class='ocr_line' id='line_1_68' title="bbox 184 3516 1766 3588; baseline 0.003 -18"><span class='ocrx_word' id='word_1_488' title='bbox 184 3536 205 3570; x_wconf 80' lang='grc' dir='ltr'>ι</span> <span class='ocrx_word' id='word_1_489' title='bbox 250 3516 495 3585; x_wconf 77' lang='lat' dir='ltr'><strong>magnis;</strong></span> <span class='ocrx_word' id='word_1_490' title='bbox 518 3522 1226 3584; x_wconf 70' lang='lat' dir='ltr'><strong>exslatquernoaumentum</strong></span> <span class='ocrx_word' id='word_1_491' title='bbox 1245 3517 1363 3587; x_wconf 83' lang='lat' dir='ltr'><strong>ejus</strong></span> <span class='ocrx_word' id='word_1_492' title='bbox 1386 3533 1552 3588; x_wconf 86' lang='lat' dir='ltr'><strong>usque</strong></span> <span class='ocrx_word' id='word_1_493' title='bbox 1571 3520 1637 3573; x_wconf 88' lang='lat' dir='ltr'><strong>ad</strong></span> <span class='ocrx_word' id='word_1_494' title='bbox 1664 3521 1766 3575; x_wconf 84' lang='lat' dir='ltr'><strong>hoc</strong></span> 
     </span>
    </p>
   </div>
   <div class='ocr_carea' id='block_1_69' title="bbox 188 3588 1766 3659">
    <p class='ocr_par' dir='ltr' id='par_1_69' title="bbox 188 3588 1766 3659">
     <span class='ocr_line' id='line_1_69' title="bbox 188 3588 1766 3659; baseline 0.003 -18"><span class='ocrx_word' id='word_1_495' title='bbox 188 3607 208 3641; x_wconf 73' lang='grc' dir='ltr'>ι</span> <span class='ocrx_word' id='word_1_496' title='bbox 249 3589 505 3642; x_wconf 68' lang='lat' dir='ltr'><strong>saeculum</strong></span> <span class='ocrx_word' id='word_1_497' title='bbox 550 3595 812 3659; x_wconf 12' lang='lat' dir='ltr'><strong>Anostrﬁum</strong></span> <span class='ocrx_word' id='word_1_498' title='bbox 862 3588 913 3642; x_wconf 92' lang='lat' dir='ltr'><strong>in</strong></span> <span class='ocrx_word' id='word_1_499' title='bbox 973 3588 1243 3659; x_wconf 80' lang='lat' dir='ltr'><strong>Babylone</strong></span> <span class='ocrx_word' id='word_1_500' title='bbox 1282 3591 1494 3646; x_wconf 83' lang='lat' dir='ltr'><strong>cunctis</strong></span> <span class='ocrx_word' id='word_1_501' title='bbox 1549 3590 1766 3645; x_wconf 71' lang='lat' dir='ltr'><strong>notissi-</strong></span> 
     </span>
    </p>
   </div>
   <div class='ocr_carea' id='block_1_70' title="bbox 186 3657 1764 3733">
    <p class='ocr_par' dir='ltr' id='par_1_70' title="bbox 186 3657 1764 3733">
     <span class='ocr_line' id='line_1_70' title="bbox 186 3657 1764 3733; baseline 0.003 -21"><span class='ocrx_word' id='word_1_502' title='bbox 186 3677 206 3712; x_wconf 82' lang='grc' dir='ltr'><strong><em>ι</em></strong></span> <span class='ocrx_word' id='word_1_503' title='bbox 248 3675 424 3733; x_wconf 65' lang='lat' dir='ltr'><strong>mum.</strong></span> <span class='ocrx_word' id='word_1_504' title='bbox 460 3676 487 3733; x_wconf 51' lang='grc' dir='ltr'><strong>ηρ</strong></span> <span class='ocrx_word' id='word_1_505' title='bbox 547 3657 851 3733; x_wconf 77' lang='lat' dir='ltr'><strong>Translatas</strong></span> <span class='ocrx_word' id='word_1_506' title='bbox 906 3657 1096 3733; x_wconf 68' lang='lat' dir='ltr'><strong>eorum</strong></span> <span class='ocrx_word' id='word_1_507' title='bbox 1162 3660 1416 3729; x_wconf 74' lang='lat' dir='ltr'><strong>reliquias</strong></span> <span class='ocrx_word' id='word_1_508' title='bbox 1464 3663 1764 3733; x_wconf 72' lang='lat' dir='ltr'><strong>Babylone</strong></span> 
     </span>
    </p>
   </div>
   <div class='ocr_carea' id='block_1_71' title="bbox 182 3729 1765 3795">
    <p class='ocr_par' dir='ltr' id='par_1_71' title="bbox 182 3729 1765 3795">
     <span class='ocr_line' id='line_1_71' title="bbox 182 3729 1765 3795; baseline 0.001 -11"><span class='ocrx_word' id='word_1_509' title='bbox 182 3729 589 3795; x_wconf 80' lang='lat' dir='ltr'><strong>Alexandriam,</strong></span> <span class='ocrx_word' id='word_1_510' title='bbox 641 3736 695 3784; x_wconf 91' lang='lat' dir='ltr'><strong>et</strong></span> <span class='ocrx_word' id='word_1_511' title='bbox 727 3730 778 3782; x_wconf 94' lang='lat' dir='ltr'><strong>in</strong></span> <span class='ocrx_word' id='word_1_512' title='bbox 822 3730 1047 3785; x_wconf 89' lang='lat' dir='ltr'><strong>ecclesia</strong></span> <span class='ocrx_word' id='word_1_513' title='bbox 1096 3742 1402 3786; x_wconf 85' lang='lat' dir='ltr'><strong>sanctorum</strong></span> <span class='ocrx_word' id='word_1_514' title='bbox 1446 3729 1672 3788; x_wconf 82' lang='lat' dir='ltr'><strong>Joannis</strong></span> <span class='ocrx_word' id='word_1_515' title='bbox 1702 3744 1765 3788; x_wconf 85' lang='lat' dir='ltr'><strong>et</strong></span> 
     </span>
    </p>
   </div>
   <div class='ocr_carea' id='block_1_72' title="bbox 174 3799 1764 3872">
    <p class='ocr_par' dir='ltr' id='par_1_72' title="bbox 174 3799 1764 3872">
     <span class='ocr_line' id='line_1_72' title="bbox 174 3799 1764 3872; baseline 0.001 -16"><span class='ocrx_word' id='word_1_516' title='bbox 174 3802 302 3871; x_wconf 80' lang='lat' dir='ltr'><strong>Cyri</strong></span> <span class='ocrx_word' id='word_1_517' title='bbox 338 3799 563 3869; x_wconf 85' lang='lat' dir='ltr'><strong>positas,</strong></span> <span class='ocrx_word' id='word_1_518' title='bbox 597 3799 1053 3872; x_wconf 81' lang='lat' dir='ltr'><strong>Actaeorumdem</strong></span> <span class='ocrx_word' id='word_1_519' title='bbox 1086 3802 1420 3870; x_wconf 75' lang='lat' dir='ltr'><strong>signiﬁcant;</strong></span> <span class='ocrx_word' id='word_1_520' title='bbox 1448 3804 1764 3872; x_wconf 72' lang='lat' dir='ltr'><strong>etedemqne</strong></span> 
     </span>
    </p>
   </div>
   <div class='ocr_carea' id='block_1_73' title="bbox 178 3871 1765 3937">
    <p class='ocr_par' dir='ltr' id='par_1_73' title="bbox 178 3871 1765 3937">
     <span class='ocr_line' id='line_1_73' title="bbox 178 3871 1765 3937; baseline 0.001 -11"><span class='ocrx_word' id='word_1_521' title='bbox 178 3872 435 3926; x_wconf 75' lang='lat' dir='ltr'><strong>Vcnetias</strong></span> <span class='ocrx_word' id='word_1_522' title='bbox 481 3873 749 3924; x_wconf 84' lang='lat' dir='ltr'><strong>translatae</strong></span> <span class='ocrx_word' id='word_1_523' title='bbox 802 3871 1071 3925; x_wconf 86' lang='lat' dir='ltr'><strong>dicuntur.</strong></span> <span class='ocrx_word' id='word_1_524' title='bbox 1128 3872 1346 3937; x_wconf 88' lang='lat' dir='ltr'><strong>Insuper</strong></span> <span class='ocrx_word' id='word_1_525' title='bbox 1402 3883 1455 3926; x_wconf 89' lang='lat' dir='ltr'><strong>et</strong></span> <span class='ocrx_word' id='word_1_526' title='bbox 1510 3871 1765 3929; x_wconf 79' lang='lat' dir='ltr'><strong>Vercellis</strong></span> 
     </span>
    </p>
   </div>
   <div class='ocr_carea' id='block_1_74' title="bbox 174 3940 1764 4014">
    <p class='ocr_par' dir='ltr' id='par_1_74' title="bbox 174 3940 1764 4014">
     <span class='ocr_line' id='line_1_74' title="bbox 174 3940 1764 4014; baseline -0.001 -15"><span class='ocrx_word' id='word_1_527' title='bbox 174 3958 304 3999; x_wconf 78' lang='lat' dir='ltr'><strong>crus</strong></span> <span class='ocrx_word' id='word_1_528' title='bbox 332 3943 391 3998; x_wconf 90' lang='lat' dir='ltr'><strong>S.</strong></span> <span class='ocrx_word' id='word_1_529' title='bbox 423 3940 651 4014; x_wconf 80' lang='lat' dir='ltr'><strong>Danietis</strong></span> <span class='ocrx_word' id='word_1_530' title='bbox 680 3944 945 4014; x_wconf 73' lang='lat' dir='ltr'><strong>asservari</strong></span> <span class='ocrx_word' id='word_1_531' title='bbox 980 3943 1171 4001; x_wconf 67' lang='lat' dir='ltr'><strong>term.</strong></span> <span class='ocrx_word' id='word_1_532' title='bbox 1217 3946 1486 4000; x_wconf 72' lang='lat' dir='ltr'><strong>BARONIUS</strong></span> <span class='ocrx_word' id='word_1_533' title='bbox 1519 3944 1573 3998; x_wconf 90' lang='lat' dir='ltr'><strong>in</strong></span> <span class='ocrx_word' id='word_1_534' title='bbox 1614 3945 1764 4001; x_wconf 80' lang='lat' dir='ltr'><strong>Notis</strong></span> 
     </span>
    </p>
   </div>
   <div class='ocr_carea' id='block_1_75' title="bbox 176 4012 738 4085">
    <p class='ocr_par' dir='ltr' id='par_1_75' title="bbox 176 4012 738 4085">
     <span class='ocr_line' id='line_1_75' title="bbox 176 4012 738 4085; baseline -0.005 -16"><span class='ocrx_word' id='word_1_535' title='bbox 176 4016 245 4069; x_wconf 88' lang='lat' dir='ltr'><strong>ad</strong></span> <span class='ocrx_word' id='word_1_536' title='bbox 278 4012 738 4085; x_wconf 65' lang='lat' dir='ltr'><strong>Martyrologium.</strong></span> 
     </span>
    </p>
   </div>
   <div class='ocr_carea' id='block_1_76' title="bbox 250 4082 1764 4156">
    <p class='ocr_par' dir='ltr' id='par_1_76' title="bbox 250 4082 1764 4156">
     <span class='ocr_line' id='line_1_76' title="bbox 250 4082 1764 4156; baseline 0.002 -16"><span class='ocrx_word' id='word_1_537' title='bbox 250 4087 277 4125; x_wconf 68' lang='grc' dir='ltr'><strong>ι»</strong></span> <span class='ocrx_word' id='word_1_538' title='bbox 318 4082 707 4156; x_wconf 67' lang='lat' dir='ltr'><strong>Syuipliorosw.</strong></span> <span class='ocrx_word' id='word_1_539' title='bbox 750 4082 1015 4154; x_wconf 73' lang='lat' dir='ltr'><strong>Martyres</strong></span> <span class='ocrx_word' id='word_1_540' title='bbox 1044 4084 1101 4141; x_wconf 81' lang='lat' dir='ltr'><strong>bi</strong></span> <span class='ocrx_word' id='word_1_541' title='bbox 1130 4094 1184 4142; x_wconf 83' lang='lat' dir='ltr'><strong>et</strong></span> <span class='ocrx_word' id='word_1_542' title='bbox 1217 4100 1377 4156; x_wconf 76' lang='lat' dir='ltr'><strong>supra</strong></span> <span class='ocrx_word' id='word_1_543' title='bbox 1414 4084 1764 4145; x_wconf 64' lang='lat' dir='ltr'><strong>coiciuntur</strong></span> 
     </span>
    </p>
   </div>
   <div class='ocr_carea' id='block_1_77' title="bbox 174 4154 871 4223">
    <p class='ocr_par' dir='ltr' id='par_1_77' title="bbox 174 4154 871 4223">
     <span class='ocr_line' id='line_1_77' title="bbox 174 4154 871 4223; baseline -0.006 -10"><span class='ocrx_word' id='word_1_544' title='bbox 174 4172 310 4213; x_wconf 84' lang='lat' dir='ltr'><strong>xvin</strong></span> <span class='ocrx_word' id='word_1_545' title='bbox 344 4158 433 4211; x_wconf 84' lang='lat' dir='ltr'><strong>die</strong></span> <span class='ocrx_word' id='word_1_546' title='bbox 465 4154 623 4223; x_wconf 77' lang='lat' dir='ltr'><strong>hujus</strong></span> <span class='ocrx_word' id='word_1_547' title='bbox 653 4156 871 4215; x_wconf 77' lang='lat' dir='ltr'><strong>mensis.</strong></span> 
     </span>
    </p>
   </div>
   <div class='ocr_carea' id='block_1_78' title="bbox 252 4225 1763 4295">
    <p class='ocr_par' dir='ltr' id='par_1_78' title="bbox 252 4225 1763 4295">
     <span class='ocr_line' id='line_1_78' title="bbox 252 4225 1763 4295; baseline 0.003 -16"><span class='ocrx_word' id='word_1_548' title='bbox 252 4238 273 4263; x_wconf 78' lang='grc' dir='ltr'><strong><em>ε</em></strong></span> <span class='ocrx_word' id='word_1_549' title='bbox 326 4225 571 4280; x_wconf 75' lang='lat' dir='ltr'><strong>Victoris.</strong></span> <span class='ocrx_word' id='word_1_550' title='bbox 622 4225 724 4291; x_wconf 82' lang='lat' dir='ltr'><strong>Qui</strong></span> <span class='ocrx_word' id='word_1_551' title='bbox 767 4225 864 4281; x_wconf 85' lang='lat' dir='ltr'><strong>sub</strong></span> <span class='ocrx_word' id='word_1_552' title='bbox 902 4228 1285 4295; x_wconf 77' lang='lat' dir='ltr'><strong>persecutione</strong></span> <span class='ocrx_word' id='word_1_553' title='bbox 1332 4227 1651 4289; x_wconf 61' lang='lat' dir='ltr'><strong>Diocletiani</strong></span> <span class='ocrx_word' id='word_1_554' title='bbox 1696 4238 1763 4284; x_wconf 81' lang='lat' dir='ltr'><strong>.et</strong></span> 
     </span>
    </p>
   </div>
   <div class='ocr_carea' id='block_1_79' title="bbox 174 4296 1762 4364">
    <p class='ocr_par' dir='ltr' id='par_1_79' title="bbox 174 4296 1762 4364">
     <span class='ocr_line' id='line_1_79' title="bbox 174 4296 1762 4364; baseline 0 -10"><span class='ocrx_word' id='word_1_555' title='bbox 174 4296 510 4361; x_wconf 70' lang='lat' dir='ltr'><strong>Maximiani,</strong></span> <span class='ocrx_word' id='word_1_556' title='bbox 539 4309 659 4350; x_wconf 91' lang='lat' dir='ltr'><strong>cum</strong></span> <span class='ocrx_word' id='word_1_557' title='bbox 692 4306 835 4351; x_wconf 87' lang='lat' dir='ltr'><strong>esset</strong></span> <span class='ocrx_word' id='word_1_558' title='bbox 856 4297 1032 4364; x_wconf 89' lang='lat' dir='ltr'><strong>miles,</strong></span> <span class='ocrx_word' id='word_1_559' title='bbox 1056 4310 1110 4355; x_wconf 91' lang='lat' dir='ltr'><strong>et</strong></span> <span class='ocrx_word' id='word_1_560' title='bbox 1136 4315 1234 4355; x_wconf 90' lang='lat' dir='ltr'><strong>nec</strong></span> <span class='ocrx_word' id='word_1_561' title='bbox 1258 4301 1484 4355; x_wconf 80' lang='lat' dir='ltr'><strong>militare</strong></span> <span class='ocrx_word' id='word_1_562' title='bbox 1503 4314 1612 4355; x_wconf 79' lang='lat' dir='ltr'><strong>nec</strong></span> <span class='ocrx_word' id='word_1_563' title='bbox 1642 4300 1762 4355; x_wconf 84' lang='lat' dir='ltr'><strong>ido-</strong></span> 
     </span>
    </p>
   </div>
   <div class='ocr_carea' id='block_1_80' title="bbox 176 4367 1764 4435">
    <p class='ocr_par' dir='ltr' id='par_1_80' title="bbox 176 4367 1764 4435">
     <span class='ocr_line' id='line_1_80' title="bbox 176 4367 1764 4435; baseline 0.001 -11"><span class='ocrx_word' id='word_1_564' title='bbox 176 4371 243 4425; x_wconf 89' lang='lat' dir='ltr'><strong>lis</strong></span> <span class='ocrx_word' id='word_1_565' title='bbox 278 4367 584 4423; x_wconf 89' lang='lat' dir='ltr'><strong>sacriﬁcare</strong></span> <span class='ocrx_word' id='word_1_566' title='bbox 612 4367 791 4434; x_wconf 82' lang='lat' dir='ltr'><strong>vellet,</strong></span> <span class='ocrx_word' id='word_1_567' title='bbox 825 4369 1051 4435; x_wconf 91' lang='lat' dir='ltr'><strong>primum</strong></span> <span class='ocrx_word' id='word_1_568' title='bbox 1083 4385 1110 4422; x_wconf 94' lang='lat' dir='ltr'><strong>a</strong></span> <span class='ocrx_word' id='word_1_569' title='bbox 1140 4371 1352 4425; x_wconf 90' lang='lat' dir='ltr'><strong>tribuno</strong></span> <span class='ocrx_word' id='word_1_570' title='bbox 1383 4384 1480 4424; x_wconf 92' lang='lat' dir='ltr'><strong>suo</strong></span> <span class='ocrx_word' id='word_1_571' title='bbox 1516 4374 1764 4425; x_wconf 88' lang='lat' dir='ltr'><strong>Austerio</strong></span> 
     </span>
    </p>
   </div>
   <div class='ocr_carea' id='block_1_81' title="bbox 174 4439 2945 4533">
    <p class='ocr_par' dir='ltr' id='par_1_81' title="bbox 174 4439 2945 4533">
     <span class='ocr_line' id='line_1_81' title="bbox 174 4439 2945 4533; baseline -0.002 -38"><span class='ocrx_word' id='word_1_572' title='bbox 174 4443 228 4533; x_wconf 53' lang='lat' dir='ltr'><strong>in</strong></span> <span class='ocrx_word' id='word_1_573' title='bbox 256 4452 534 4533; x_wconf 57' lang='lat' dir='ltr'><strong>carcerem</strong></span> <span class='ocrx_word' id='word_1_574' title='bbox 564 4446 783 4533; x_wconf 54' lang='lat' dir='ltr'><strong>tru&#39;sus,l</strong></span> <span class='ocrx_word' id='word_1_575' title='bbox 792 4439 889 4493; x_wconf 92' lang='lat' dir='ltr'><strong>sed</strong></span> <span class='ocrx_word' id='word_1_576' title='bbox 918 4440 1063 4495; x_wconf 91' lang='lat' dir='ltr'><strong>omni</strong></span> <span class='ocrx_word' id='word_1_577' title='bbox 1091 4451 1245 4533; x_wconf 55' lang='lat' dir='ltr'><strong>n&#39;octe</strong></span> <span class='ocrx_word' id='word_1_578' title='bbox 1268 4441 1659 4533; x_wconf 49' lang='lat' dir='ltr'><strong>advisitalndos</strong></span> <span class='ocrx_word' id='word_1_579' title='bbox 1680 4442 1760 4533; x_wconf 55' lang='lat' dir='ltr'><strong>in:</strong></span> <span class='ocrx_word' id='word_1_580' title='bbox 1790 4474 1845 4533; x_wconf 65' lang='grc' dir='ltr'>υ</span> <span class='ocrx_word' id='word_1_581' title='bbox 1871 4439 2093 4533; x_wconf 60' lang='lat' dir='ltr'><strong>domare</strong></span> <span class='ocrx_word' id='word_1_582' title='bbox 2134 4439 2410 4506; x_wconf 84' lang='lat' dir='ltr'><strong>presbyter</strong></span> <span class='ocrx_word' id='word_1_583' title='bbox 2447 4443 2814 4533; x_wconf 46' lang='lat' dir='ltr'><strong>cpnsecraztpg.</strong></span> <span class='ocrx_word' id='word_1_584' title='bbox 2861 4439 2945 4533; x_wconf 34' lang='lat' dir='ltr'><strong>F‘o.</strong></span> 
     </span>
    </p>
   </div>
   <div class='ocr_carea' id='block_1_82' title="bbox 1112 4503 3439 4581">
    <p class='ocr_par' dir='ltr' id='par_1_82' title="bbox 1112 4503 3439 4581">
     <span class='ocr_line' id='line_1_82' title="bbox 1112 4503 3439 4581; baseline -0.002 -16"><span class='ocrx_word' id='word_1_585' title='bbox 1112 4511 1314 4579; x_wconf 68' lang='lat' dir='ltr'><strong>Deinde</strong></span> <span class='ocrx_word' id='word_1_586' title='bbox 1335 4513 1485 4581; x_wconf 86' lang='lat' dir='ltr'><strong>jussu</strong></span> <span class='ocrx_word' id='word_1_587' title='bbox 1520 4513 1761 4581; x_wconf 83' lang='lat' dir='ltr'><strong>Eutycbii</strong></span> <span class='ocrx_word' id='word_1_588' title='bbox 1796 4503 1845 4549; x_wconf 73' lang='grc' dir='ltr'>ν</span> <span class='ocrx_word' id='word_1_589' title='bbox 1873 4503 2176 4581; x_wconf 62' lang='lat' dir='ltr'><strong>cmnobiuin</strong></span> <span class='ocrx_word' id='word_1_590' title='bbox 2203 4503 2499 4581; x_wconf 77' lang='lat' dir='ltr'><strong>construxit</strong></span> <span class='ocrx_word' id='word_1_591' title='bbox 2522 4519 2664 4561; x_wconf 89' lang='lat' dir='ltr'><strong>anno</strong></span> <span class='ocrx_word' id='word_1_592' title='bbox 2684 4503 2812 4581; x_wconf 51' lang='lat' dir='ltr'><strong>bis,</strong></span> <span class='ocrx_word' id='word_1_593' title='bbox 2836 4508 2949 4581; x_wconf 80' lang='lat' dir='ltr'><strong>_uhi</strong></span> <span class='ocrx_word' id='word_1_594' title='bbox 2982 4521 3147 4575; x_wconf 84' lang='lat' dir='ltr'><strong>usque</strong></span> <span class='ocrx_word' id='word_1_595' title='bbox 3175 4506 3241 4581; x_wconf 86' lang='lat' dir='ltr'><strong>ad</strong></span> <span class='ocrx_word' id='word_1_596' title='bbox 3268 4520 3439 4561; x_wconf 89' lang='lat' dir='ltr'><strong>annos</strong></span> 
     </span>
    </p>
   </div>
   <div class='ocr_carea' id='block_1_83' title="bbox 177 4508 1081 4579">
    <p class='ocr_par' dir='ltr' id='par_1_83' title="bbox 177 4508 1081 4579">
     <span class='ocr_line' id='line_1_83' title="bbox 177 4508 1081 4579; baseline -0.001 -14"><span class='ocrx_word' id='word_1_597' title='bbox 177 4512 368 4567; x_wconf 82' lang='lat' dir='ltr'><strong>ﬁrmos</strong></span> <span class='ocrx_word' id='word_1_598' title='bbox 395 4509 463 4565; x_wconf 89' lang='lat' dir='ltr'><strong>ab</strong></span> <span class='ocrx_word' id='word_1_599' title='bbox 504 4509 693 4579; x_wconf 80' lang='lat' dir='ltr'><strong>angelo</strong></span> <span class='ocrx_word' id='word_1_600' title='bbox 721 4508 942 4572; x_wconf 87' lang='lat' dir='ltr'><strong>eductus</strong></span> <span class='ocrx_word' id='word_1_601' title='bbox 973 4521 1081 4564; x_wconf 84' lang='lat' dir='ltr'><strong>est.</strong></span> 
     </span>
    </p>
   </div>
   <div class='ocr_carea' id='block_1_84' title="bbox 177 4579 1764 4653">
    <p class='ocr_par' dir='ltr' id='par_1_84' title="bbox 177 4579 1764 4653">
     <span class='ocr_line' id='line_1_84' title="bbox 177 4579 1764 4653; baseline 0.001 -18"><span class='ocrx_word' id='word_1_602' title='bbox 177 4580 422 4653; x_wconf 71' lang='lat' dir='ltr'><strong>prznfccti</strong></span> <span class='ocrx_word' id='word_1_603' title='bbox 443 4580 675 4653; x_wconf 67' lang='lat' dir='ltr'><strong>retortis</strong></span> <span class='ocrx_word' id='word_1_604' title='bbox 702 4579 934 4653; x_wconf 76' lang='lat' dir='ltr'><strong>brachiis</strong></span> <span class='ocrx_word' id='word_1_605' title='bbox 965 4580 1095 4637; x_wconf 88' lang='lat' dir='ltr'><strong>loris</strong></span> <span class='ocrx_word' id='word_1_606' title='bbox 1136 4579 1420 4638; x_wconf 85' lang='lat' dir='ltr'><strong>subtilibus</strong></span> <span class='ocrx_word' id='word_1_607' title='bbox 1456 4579 1677 4653; x_wconf 77' lang='lat' dir='ltr'><strong>ligatus,</strong></span> <span class='ocrx_word' id='word_1_608' title='bbox 1709 4594 1764 4637; x_wconf 88' lang='lat' dir='ltr'><strong>et</strong></span> 
     </span>
    </p>
   </div>
   <div class='ocr_carea' id='block_1_85' title="bbox 176 4650 1760 4723">
    <p class='ocr_par' dir='ltr' id='par_1_85' title="bbox 176 4650 1760 4723">
     <span class='ocr_line' id='line_1_85' title="bbox 176 4650 1760 4723; baseline 0.001 -18"><span class='ocrx_word' id='word_1_609' title='bbox 176 4650 410 4723; x_wconf 74' lang='lat' dir='ltr'><strong>pedibus</strong></span> <span class='ocrx_word' id='word_1_610' title='bbox 437 4651 561 4723; x_wconf 77' lang='lat' dir='ltr'><strong>fune</strong></span> <span class='ocrx_word' id='word_1_611' title='bbox 589 4650 928 4723; x_wconf 69' lang='lat' dir='ltr'><strong>censuimus,</strong></span> <span class='ocrx_word' id='word_1_612' title='bbox 955 4668 1049 4722; x_wconf 88' lang='lat' dir='ltr'><strong>per</strong></span> <span class='ocrx_word' id='word_1_613' title='bbox 1082 4654 1309 4713; x_wconf 84' lang='lat' dir='ltr'><strong>mediam</strong></span> <span class='ocrx_word' id='word_1_614' title='bbox 1334 4650 1531 4709; x_wconf 68' lang='lat' dir='ltr'><strong>tractus</strong></span> <span class='ocrx_word' id='word_1_615' title='bbox 1563 4662 1645 4708; x_wconf 89' lang='lat' dir='ltr'><strong>est</strong></span> <span class='ocrx_word' id='word_1_616' title='bbox 1672 4654 1760 4707; x_wconf 91' lang='lat' dir='ltr'><strong>ci-</strong></span> 
     </span>
    </p>
   </div>
   <div class='ocr_carea' id='block_1_86' title="bbox 170 4721 1762 4797">
    <p class='ocr_par' dir='ltr' id='par_1_86' title="bbox 170 4721 1762 4797">
     <span class='ocr_line' id='line_1_86' title="bbox 170 4721 1762 4797; baseline 0 -19"><span class='ocrx_word' id='word_1_617' title='bbox 170 4721 423 4779; x_wconf 80' lang='lat' dir='ltr'><strong>vitatein.</strong></span> <span class='ocrx_word' id='word_1_618' title='bbox 449 4722 575 4797; x_wconf 69' lang='lat' dir='ltr'><strong>t’ost</strong></span> <span class='ocrx_word' id='word_1_619' title='bbox 596 4721 711 4777; x_wconf 81' lang='lat' dir='ltr'><strong>haec</strong></span> <span class='ocrx_word' id='word_1_620' title='bbox 733 4723 957 4797; x_wconf 70' lang='lat' dir='ltr'><strong>lustinus</strong></span> <span class='ocrx_word' id='word_1_621' title='bbox 967 4738 1221 4797; x_wconf 27' lang='lat' dir='ltr'><strong>caesusuac</strong></span> <span class='ocrx_word' id='word_1_622' title='bbox 1248 4739 1536 4797; x_wconf 85' lang='lat' dir='ltr'><strong>suspensus</strong></span> <span class='ocrx_word' id='word_1_623' title='bbox 1564 4739 1626 4780; x_wconf 88' lang='lat' dir='ltr'><strong>ac</strong></span> <span class='ocrx_word' id='word_1_624' title='bbox 1652 4735 1762 4778; x_wconf 84' lang='lat' dir='ltr'><strong>tau-</strong></span> 
     </span>
    </p>
   </div>
   <div class='ocr_carea' id='block_1_87' title="bbox 174 4793 1761 4858">
    <p class='ocr_par' dir='ltr' id='par_1_87' title="bbox 174 4793 1761 4858">
     <span class='ocr_line' id='line_1_87' title="bbox 174 4793 1761 4858; baseline -0.001 -7"><span class='ocrx_word' id='word_1_625' title='bbox 174 4799 288 4851; x_wconf 87' lang='lat' dir='ltr'><strong>reis</strong></span> <span class='ocrx_word' id='word_1_626' title='bbox 329 4793 599 4849; x_wconf 88' lang='lat' dir='ltr'><strong>cruciatus</strong></span> <span class='ocrx_word' id='word_1_627' title='bbox 626 4804 725 4847; x_wconf 89' lang='lat' dir='ltr'><strong>est.</strong></span> <span class='ocrx_word' id='word_1_628' title='bbox 762 4796 865 4851; x_wconf 77' lang='lat' dir='ltr'><strong>Ara</strong></span> <span class='ocrx_word' id='word_1_629' title='bbox 907 4795 1070 4851; x_wconf 85' lang='lat' dir='ltr'><strong>etiam</strong></span> <span class='ocrx_word' id='word_1_630' title='bbox 1113 4794 1164 4851; x_wconf 80' lang='lat' dir='ltr'><strong>ei</strong></span> <span class='ocrx_word' id='word_1_631' title='bbox 1212 4795 1463 4858; x_wconf 76' lang='lat' dir='ltr'><strong>exhibita,</strong></span> <span class='ocrx_word' id='word_1_632' title='bbox 1492 4810 1612 4853; x_wconf 89' lang='lat' dir='ltr'><strong>cum</strong></span> <span class='ocrx_word' id='word_1_633' title='bbox 1642 4812 1761 4851; x_wconf 84' lang='lat' dir='ltr'><strong>eam</strong></span> 
     </span>
    </p>
   </div>
   <div class='ocr_carea' id='block_1_88' title="bbox 174 4865 1763 4932">
    <p class='ocr_par' dir='ltr' id='par_1_88' title="bbox 174 4865 1763 4932">
     <span class='ocr_line' id='line_1_88' title="bbox 174 4865 1763 4932; baseline 0.001 -11"><span class='ocrx_word' id='word_1_634' title='bbox 174 4881 282 4921; x_wconf 89' lang='lat' dir='ltr'><strong>nec</strong></span> <span class='ocrx_word' id='word_1_635' title='bbox 306 4865 573 4932; x_wconf 75' lang='lat' dir='ltr'><strong>reapicere</strong></span> <span class='ocrx_word' id='word_1_636' title='bbox 601 4868 890 4931; x_wconf 80' lang='lat' dir='ltr'><strong>sustinens,</strong></span> <span class='ocrx_word' id='word_1_637' title='bbox 918 4866 984 4921; x_wconf 88' lang='lat' dir='ltr'><strong>de</strong></span> <span class='ocrx_word' id='word_1_638' title='bbox 1003 4882 1165 4923; x_wconf 85' lang='lat' dir='ltr'><strong>manu</strong></span> <span class='ocrx_word' id='word_1_639' title='bbox 1195 4866 1484 4922; x_wconf 85' lang='lat' dir='ltr'><strong>sacerdotis</strong></span> <span class='ocrx_word' id='word_1_640' title='bbox 1502 4869 1649 4922; x_wconf 87' lang='lat' dir='ltr'><strong>calce</strong></span> <span class='ocrx_word' id='word_1_641' title='bbox 1673 4884 1763 4922; x_wconf 81' lang='lat' dir='ltr'><strong>ex-</strong></span> 
     </span>
    </p>
   </div>
   <div class='ocr_carea' id='block_1_89' title="bbox 171 4934 1763 5005">
    <p class='ocr_par' dir='ltr' id='par_1_89' title="bbox 171 4934 1763 5005">
     <span class='ocr_line' id='line_1_89' title="bbox 171 4934 1763 5005; baseline 0 -13"><span class='ocrx_word' id='word_1_642' title='bbox 171 4937 457 5000; x_wconf 83' lang='lat' dir='ltr'><strong>cussisset,</strong></span> <span class='ocrx_word' id='word_1_643' title='bbox 489 4934 676 5004; x_wconf 89' lang='lat' dir='ltr'><strong>pedem</strong></span> <span class='ocrx_word' id='word_1_644' title='bbox 708 4950 906 5005; x_wconf 82' lang='lat' dir='ltr'><strong>praeses</strong></span> <span class='ocrx_word' id='word_1_645' title='bbox 927 4937 1086 5005; x_wconf 88' lang='lat' dir='ltr'><strong>jussit</strong></span> <span class='ocrx_word' id='word_1_646' title='bbox 1114 4937 1296 4997; x_wconf 88' lang='lat' dir='ltr'><strong>incidi.</strong></span> <span class='ocrx_word' id='word_1_647' title='bbox 1327 4936 1407 4992; x_wconf 80' lang='lat' dir='ltr'><strong>Ad</strong></span> <span class='ocrx_word' id='word_1_648' title='bbox 1442 4938 1682 4992; x_wconf 89' lang='lat' dir='ltr'><strong>ultimum</strong></span> <span class='ocrx_word' id='word_1_649' title='bbox 1711 4940 1763 4992; x_wconf 93' lang='lat' dir='ltr'><strong>in</strong></span> 
     </span>
    </p>
   </div>
   <div class='ocr_carea' id='block_1_90' title="bbox 174 5005 1763 5075">
    <p class='ocr_par' dir='ltr' id='par_1_90' title="bbox 174 5005 1763 5075">
     <span class='ocr_line' id='line_1_90' title="bbox 174 5005 1763 5075; baseline 0 -11"><span class='ocrx_word' id='word_1_650' title='bbox 174 5005 529 5064; x_wconf 77' lang='lat' dir='ltr'><strong>confessione</strong></span> <span class='ocrx_word' id='word_1_651' title='bbox 556 5005 755 5061; x_wconf 78' lang='lat' dir='ltr'><strong>Christi</strong></span> <span class='ocrx_word' id='word_1_652' title='bbox 790 5008 1110 5075; x_wconf 80' lang='lat' dir='ltr'><strong>persistens,</strong></span> <span class='ocrx_word' id='word_1_653' title='bbox 1146 5010 1338 5062; x_wconf 90' lang='lat' dir='ltr'><strong>missus</strong></span> <span class='ocrx_word' id='word_1_654' title='bbox 1366 5018 1448 5065; x_wconf 83' lang='lat' dir='ltr'><strong>est</strong></span> <span class='ocrx_word' id='word_1_655' title='bbox 1474 5010 1525 5063; x_wconf 88' lang='lat' dir='ltr'><strong>in</strong></span> <span class='ocrx_word' id='word_1_656' title='bbox 1564 5009 1763 5064; x_wconf 89' lang='lat' dir='ltr'><strong>molam</strong></span> 
     </span>
    </p>
   </div>
   <div class='ocr_carea' id='block_1_91' title="bbox 170 5075 1765 5151">
    <p class='ocr_par' dir='ltr' id='par_1_91' title="bbox 170 5075 1765 5151">
     <span class='ocr_line' id='line_1_91' title="bbox 170 5075 1765 5151; baseline 0.002 -17"><span class='ocrx_word' id='word_1_657' title='bbox 170 5078 455 5147; x_wconf 76' lang='lat' dir='ltr'><strong>pistorium</strong></span> <span class='ocrx_word' id='word_1_658' title='bbox 485 5120 499 5144; x_wconf 95' lang='lat'><strong>,</strong></span> <span class='ocrx_word' id='word_1_659' title='bbox 550 5075 729 5151; x_wconf 83' lang='lat' dir='ltr'><strong>ibique</strong></span> <span class='ocrx_word' id='word_1_660' title='bbox 785 5080 1096 5151; x_wconf 77' lang='lat' dir='ltr'><strong>martyrium</strong></span> <span class='ocrx_word' id='word_1_661' title='bbox 1146 5080 1557 5151; x_wconf 83' lang='lat' dir='ltr'><strong>consummavit.</strong></span> <span class='ocrx_word' id='word_1_662' title='bbox 1614 5079 1765 5137; x_wconf 82' lang='lat' dir='ltr'><strong>Passi</strong></span> 
     </span>
    </p>
   </div>
   <div class='ocr_carea' id='block_1_92' title="bbox 169 5149 1761 5219">
    <p class='ocr_par' dir='ltr' id='par_1_92' title="bbox 169 5149 1761 5219">
     <span class='ocr_line' id='line_1_92' title="bbox 169 5149 1761 5219; baseline 0.001 -16"><span class='ocrx_word' id='word_1_663' title='bbox 169 5160 303 5204; x_wconf 87' lang='lat' dir='ltr'><strong>sunt</strong></span> <span class='ocrx_word' id='word_1_664' title='bbox 350 5164 469 5205; x_wconf 91' lang='lat' dir='ltr'><strong>cum</strong></span> <span class='ocrx_word' id='word_1_665' title='bbox 521 5163 599 5219; x_wconf 18' lang='lat' dir='ltr'><strong>eo,</strong></span> <span class='ocrx_word' id='word_1_666' title='bbox 631 5149 950 5215; x_wconf 82' lang='lat' dir='ltr'><strong>Alexander,</strong></span> <span class='ocrx_word' id='word_1_667' title='bbox 1001 5149 1302 5206; x_wconf 85' lang='lat' dir='ltr'><strong>Felicianus</strong></span> <span class='ocrx_word' id='word_1_668' title='bbox 1354 5161 1409 5205; x_wconf 90' lang='lat' dir='ltr'><strong>et</strong></span> <span class='ocrx_word' id='word_1_669' title='bbox 1454 5151 1761 5219; x_wconf 84' lang='lat' dir='ltr'><strong>Longinus;</strong></span> 
     </span>
    </p>
   </div>
   <div class='ocr_carea' id='block_1_93' title="bbox 174 5218 1758 5291">
    <p class='ocr_par' dir='ltr' id='par_1_93' title="bbox 174 5218 1758 5291">
     <span class='ocr_line' id='line_1_93' title="bbox 174 5218 1758 5291; baseline 0.003 -19"><span class='ocrx_word' id='word_1_670' title='bbox 174 5236 316 5291; x_wconf 86' lang='lat' dir='ltr'><strong>puer</strong></span> <span class='ocrx_word' id='word_1_671' title='bbox 346 5236 558 5289; x_wconf 90' lang='lat' dir='ltr'><strong>quoque</strong></span> <span class='ocrx_word' id='word_1_672' title='bbox 580 5218 882 5282; x_wconf 83' lang='lat' dir='ltr'><strong>Deutcrius,</strong></span> <span class='ocrx_word' id='word_1_673' title='bbox 905 5222 1031 5276; x_wconf 91' lang='lat' dir='ltr'><strong>dum</strong></span> <span class='ocrx_word' id='word_1_674' title='bbox 1062 5221 1125 5278; x_wconf 91' lang='lat' dir='ltr'><strong>ad</strong></span> <span class='ocrx_word' id='word_1_675' title='bbox 1155 5223 1459 5290; x_wconf 85' lang='lat' dir='ltr'><strong>sepulcrum</strong></span> <span class='ocrx_word' id='word_1_676' title='bbox 1483 5218 1604 5291; x_wconf 76' lang='lat' dir='ltr'><strong>ejus</strong></span> <span class='ocrx_word' id='word_1_677' title='bbox 1636 5218 1758 5277; x_wconf 62' lang='lat' dir='ltr'><strong>oraé</strong></span> 
     </span>
    </p>
   </div>
   <div class='ocr_carea' id='block_1_94' title="bbox 170 5291 1764 5363">
    <p class='ocr_par' dir='ltr' id='par_1_94' title="bbox 170 5291 1764 5363">
     <span class='ocr_line' id='line_1_94' title="bbox 170 5291 1764 5363; baseline 0.001 -16"><span class='ocrx_word' id='word_1_678' title='bbox 170 5302 283 5359; x_wconf 89' lang='lat' dir='ltr'><strong>ret,</strong></span> <span class='ocrx_word' id='word_1_679' title='bbox 316 5291 496 5349; x_wconf 89' lang='lat' dir='ltr'><strong>emisit</strong></span> <span class='ocrx_word' id='word_1_680' title='bbox 535 5292 803 5360; x_wconf 86' lang='lat' dir='ltr'><strong>spiritum.</strong></span> <span class='ocrx_word' id='word_1_681' title='bbox 839 5292 979 5348; x_wconf 87' lang='lat' dir='ltr'><strong>Petr.</strong></span> <span class='ocrx_word' id='word_1_682' title='bbox 1009 5293 1073 5348; x_wconf 90' lang='lat' dir='ltr'><strong>de</strong></span> <span class='ocrx_word' id='word_1_683' title='bbox 1100 5292 1273 5347; x_wconf 79' lang='lat' dir='ltr'><strong>Natal.</strong></span> <span class='ocrx_word' id='word_1_684' title='bbox 1299 5320 1372 5333; x_wconf 85' lang='lat'><strong>-—-</strong></span> <span class='ocrx_word' id='word_1_685' title='bbox 1391 5291 1513 5349; x_wconf 86' lang='lat' dir='ltr'><strong>Fuit</strong></span> <span class='ocrx_word' id='word_1_686' title='bbox 1542 5294 1764 5363; x_wconf 87' lang='lat' dir='ltr'><strong>insuper</strong></span> 
     </span>
    </p>
   </div>
   <div class='ocr_carea' id='block_1_95' title="bbox 173 5363 1761 5432">
    <p class='ocr_par' dir='ltr' id='par_1_95' title="bbox 173 5363 1761 5432">
     <span class='ocr_line' id='line_1_95' title="bbox 173 5363 1761 5432; baseline 0.001 -14"><span class='ocrx_word' id='word_1_687' title='bbox 173 5364 318 5418; x_wconf 84' lang='lat' dir='ltr'><strong>alius</strong></span> <span class='ocrx_word' id='word_1_688' title='bbox 349 5363 530 5419; x_wconf 72' lang='lat' dir='ltr'><strong>Victor</strong></span> <span class='ocrx_word' id='word_1_689' title='bbox 558 5363 904 5418; x_wconf 81' lang='lat' dir='ltr'><strong>Massiliensis</strong></span> <span class='ocrx_word' id='word_1_690' title='bbox 929 5403 945 5430; x_wconf 93' lang='lat'><strong>,</strong></span> <span class='ocrx_word' id='word_1_691' title='bbox 968 5365 1063 5432; x_wconf 82' lang='lat' dir='ltr'><strong>qui</strong></span> <span class='ocrx_word' id='word_1_692' title='bbox 1091 5364 1389 5419; x_wconf 83' lang='lat' dir='ltr'><strong>eruditione</strong></span> <span class='ocrx_word' id='word_1_693' title='bbox 1420 5365 1595 5420; x_wconf 83' lang='lat' dir='ltr'><strong>clarus</strong></span> <span class='ocrx_word' id='word_1_694' title='bbox 1626 5366 1761 5419; x_wconf 79' lang='lat' dir='ltr'><strong>vixit</strong></span> 
     </span>
    </p>
   </div>
   <div class='ocr_carea' id='block_1_96' title="bbox 134 5434 1817 5501">
    <p class='ocr_par' dir='ltr' id='par_1_96' title="bbox 134 5434 1817 5501">
     <span class='ocr_line' id='line_1_96' title="bbox 134 5434 1817 5501; baseline 0.001 -11"><span class='ocrx_word' id='word_1_695' title='bbox 134 5474 137 5477; x_wconf 62' lang='grc'>‹</span> <span class='ocrx_word' id='word_1_696' title='bbox 175 5434 515 5501; x_wconf 86' lang='lat' dir='ltr'><strong>temporibus</strong></span> <span class='ocrx_word' id='word_1_697' title='bbox 556 5434 840 5489; x_wconf 78' lang='lat' dir='ltr'><strong>Theodosii</strong></span> <span class='ocrx_word' id='word_1_698' title='bbox 880 5436 1114 5491; x_wconf 83' lang='lat' dir='ltr'><strong>Junioris</strong></span> <span class='ocrx_word' id='word_1_699' title='bbox 1157 5448 1211 5491; x_wconf 87' lang='lat' dir='ltr'><strong>et</strong></span> <span class='ocrx_word' id='word_1_700' title='bbox 1252 5434 1610 5492; x_wconf 77' lang='lat' dir='ltr'><strong>Valentiniani</strong></span> <span class='ocrx_word' id='word_1_701' title='bbox 1658 5437 1764 5491; x_wconf 87' lang='lat' dir='ltr'><strong>im-</strong></span> <span class='ocrx_word' id='word_1_702' title='bbox 1816 5470 1817 5473; x_wconf 60' lang='grc' dir='ltr'><strong>η</strong></span> 
     </span>
    </p>
   </div>
   <div class='ocr_carea' id='block_1_97' title="bbox 173 5504 1765 5575">
    <p class='ocr_par' dir='ltr' id='par_1_97' title="bbox 173 5504 1765 5575">
     <span class='ocr_line' id='line_1_97' title="bbox 173 5504 1765 5575; baseline 0.004 -17"><span class='ocrx_word' id='word_1_703' title='bbox 173 5517 490 5573; x_wconf 86' lang='lat' dir='ltr'><strong>peratorum</strong></span> <span class='ocrx_word' id='word_1_704' title='bbox 514 5548 531 5575; x_wconf 93' lang='lat'><strong>,</strong></span> <span class='ocrx_word' id='word_1_705' title='bbox 582 5511 649 5563; x_wconf 86' lang='lat' dir='ltr'><strong>de</strong></span> <span class='ocrx_word' id='word_1_706' title='bbox 695 5520 799 5574; x_wconf 85' lang='lat' dir='ltr'><strong>quo</strong></span> <span class='ocrx_word' id='word_1_707' title='bbox 837 5504 1142 5564; x_wconf 88' lang='lat' dir='ltr'><strong>Gennadius</strong></span> <span class='ocrx_word' id='word_1_708' title='bbox 1182 5507 1249 5565; x_wconf 88' lang='lat' dir='ltr'><strong>de</strong></span> <span class='ocrx_word' id='word_1_709' title='bbox 1278 5505 1421 5564; x_wconf 84' lang='lat' dir='ltr'><strong>Viris</strong></span> <span class='ocrx_word' id='word_1_710' title='bbox 1464 5507 1765 5564; x_wconf 85' lang='lat' dir='ltr'><strong>illustribus</strong></span> 
     </span>
    </p>
   </div>
   <div class='ocr_carea' id='block_1_98' title="bbox 1773 5596 1787 5627">
    <p class='ocr_par' dir='ltr' id='par_1_98' title="bbox 1773 5596 1787 5627">
     <span class='ocr_line' id='line_1_98' title="bbox 1773 5596 1787 5627; baseline 0 0"><span class='ocrx_word' id='word_1_711' title='bbox 1773 5596 1787 5627; x_wconf 66' lang='grc' dir='ltr'><strong>ρ</strong></span> 
     </span>
    </p>
   </div>
   <div class='ocr_carea' id='block_1_99' title="bbox 171 5578 1765 5720">
    <p class='ocr_par' dir='ltr' id='par_1_99' title="bbox 171 5578 1765 5720">
     <span class='ocr_line' id='line_1_99' title="bbox 171 5578 1765 5720; baseline 0.006 -21"><span class='ocrx_word' id='word_1_712' title='bbox 171 5590 300 5685; x_wconf 49' lang='lat' dir='ltr'><strong>qua).</strong></span> <span class='ocrx_word' id='word_1_713' title='bbox 323 5578 530 5703; x_wconf 47' lang='lat' dir='ltr'><strong>fierine.</strong></span> <span class='ocrx_word' id='word_1_714' title='bbox 553 5645 931 5720; x_wconf 85' lang='lat' dir='ltr'><strong>Persecutione</strong></span> <span class='ocrx_word' id='word_1_715' title='bbox 962 5657 1083 5718; x_wconf 89' lang='lat' dir='ltr'><strong>post</strong></span> <span class='ocrx_word' id='word_1_716' title='bbox 1106 5648 1481 5719; x_wconf 86' lang='lat' dir='ltr'><strong>lapidationem</strong></span> <span class='ocrx_word' id='word_1_717' title='bbox 1502 5649 1765 5720; x_wconf 88' lang='lat' dir='ltr'><strong>Stephani</strong></span> 
     </span>
    </p>
   </div>
   <div class='ocr_carea' id='block_1_100' title="bbox 171 5719 1763 5849">
    <p class='ocr_par' dir='ltr' id='par_1_100' title="bbox 171 5719 1763 5849">
     <span class='ocr_line' id='line_1_100' title="bbox 216 5719 1763 5793; baseline 0.004 -20"><span class='ocrx_word' id='word_1_718' title='bbox 216 5720 591 5790; x_wconf 85' lang='lat' dir='ltr'><strong>rotomartyris</strong></span> <span class='ocrx_word' id='word_1_719' title='bbox 617 5730 781 5787; x_wconf 85' lang='lat' dir='ltr'><strong>mota,</strong></span> <span class='ocrx_word' id='word_1_720' title='bbox 814 5719 1137 5777; x_wconf 75' lang='lat' dir='ltr'><strong>Maximinus</strong></span> <span class='ocrx_word' id='word_1_721' title='bbox 1169 5738 1305 5777; x_wconf 86' lang='lat' dir='ltr'><strong>unus</strong></span> <span class='ocrx_word' id='word_1_722' title='bbox 1334 5722 1399 5779; x_wconf 89' lang='lat' dir='ltr'><strong>de</strong></span> <span class='ocrx_word' id='word_1_723' title='bbox 1428 5725 1495 5777; x_wconf 71' lang='lat'><strong>72</strong></span> <span class='ocrx_word' id='word_1_724' title='bbox 1527 5719 1763 5793; x_wconf 78' lang='lat' dir='ltr'><strong>discipu-</strong></span> 
     </span>
     <span class='ocr_line' id='line_1_101' title="bbox 171 5733 1762 5849; baseline 0 0"><span class='ocrx_word' id='word_1_725' title='bbox 171 5733 247 5849; x_wconf 66' lang='lat' dir='ltr'><strong>lis</strong></span> <span class='ocrx_word' id='word_1_726' title='bbox 277 5791 342 5847; x_wconf 83' lang='lat' dir='ltr'><strong>ad</strong></span> <span class='ocrx_word' id='word_1_727' title='bbox 368 5789 567 5848; x_wconf 83' lang='lat' dir='ltr'><strong>Gallias</strong></span> <span class='ocrx_word' id='word_1_728' title='bbox 595 5791 881 5849; x_wconf 82' lang='lat' dir='ltr'><strong>transiens.</strong></span> <span class='ocrx_word' id='word_1_729' title='bbox 922 5794 1139 5849; x_wconf 86' lang='lat' dir='ltr'><strong>Mariam</strong></span> <span class='ocrx_word' id='word_1_730' title='bbox 1186 5797 1548 5849; x_wconf 75' lang='lat' dir='ltr'><strong>litaudalenam</strong></span> <span class='ocrx_word' id='word_1_731' title='bbox 1578 5810 1762 5849; x_wconf 84' lang='lat' dir='ltr'><strong>secum</strong></span> 
     </span>
    </p>
   </div>
   <div class='ocr_carea' id='block_1_101' title="bbox 277 5789 1827 5869">
    <p class='ocr_par' dir='ltr' id='par_1_101' title="bbox 277 5789 1827 5869">
     <span class='ocr_line' id='line_1_102' title="bbox 277 5789 1827 5869; baseline 0.006 -22"><span class='ocrx_word' id='word_1_732' title='bbox 277 5791 342 5847; x_wconf 81' lang='lat' dir='ltr'><strong>ad</strong></span> <span class='ocrx_word' id='word_1_733' title='bbox 368 5789 567 5848; x_wconf 82' lang='lat' dir='ltr'><strong>Gallias</strong></span> <span class='ocrx_word' id='word_1_734' title='bbox 595 5791 881 5862; x_wconf 83' lang='lat' dir='ltr'><strong>transiens,</strong></span> <span class='ocrx_word' id='word_1_735' title='bbox 922 5794 1139 5852; x_wconf 85' lang='lat' dir='ltr'><strong>Mariam</strong></span> <span class='ocrx_word' id='word_1_736' title='bbox 1186 5797 1548 5866; x_wconf 80' lang='lat' dir='ltr'><strong>Magdalenam</strong></span> <span class='ocrx_word' id='word_1_737' title='bbox 1578 5789 1763 5855; x_wconf 78' lang='lat' dir='ltr'><strong>secum</strong></span> <span class='ocrx_word' id='word_1_738' title='bbox 1804 5860 1827 5869; x_wconf 81' lang='lat'><em>__</em></span> 
     </span>
    </p>
   </div>
   <div class='ocr_carea' id='block_1_102' title="bbox 1868 3158 3444 3227">
    <p class='ocr_par' dir='ltr' id='par_1_102' title="bbox 1868 3158 3444 3227">
     <span class='ocr_line' id='line_1_103' title="bbox 1868 3158 3444 3227; baseline -0.001 -11"><span class='ocrx_word' id='word_1_739' title='bbox 1868 3158 2020 3216; x_wconf 85' lang='lat' dir='ltr'><strong>bens.</strong></span> <span class='ocrx_word' id='word_1_740' title='bbox 2052 3160 2316 3215; x_wconf 74' lang='lat' dir='ltr'><strong>SIGEB&#39;ERT</strong></span> <span class='ocrx_word' id='word_1_741' title='bbox 2344 3174 2503 3227; x_wconf 87' lang='lat' dir='ltr'><strong>agens</strong></span> <span class='ocrx_word' id='word_1_742' title='bbox 2533 3158 2599 3211; x_wconf 80' lang='lat' dir='ltr'><strong>de</strong></span> <span class='ocrx_word' id='word_1_743' title='bbox 2621 3159 2735 3226; x_wconf 80' lang='lat' dir='ltr'><strong>ejus</strong></span> <span class='ocrx_word' id='word_1_744' title='bbox 2774 3158 3118 3213; x_wconf 82' lang='lat' dir='ltr'><strong>translatione</strong></span> <span class='ocrx_word' id='word_1_745' title='bbox 3147 3158 3444 3218; x_wconf 57' lang='lat' dir='ltr'><strong>anno&#39;ibd.</strong></span> 
     </span>
    </p>
   </div>
   <div class='ocr_carea' id='block_1_103' title="bbox 1941 3230 3454 3301">
    <p class='ocr_par' dir='ltr' id='par_1_103' title="bbox 1941 3230 3454 3301">
     <span class='ocr_line' id='line_1_104' title="bbox 1941 3230 3454 3301; baseline 0.006 -20"><span class='ocrx_word' id='word_1_746' title='bbox 1941 3240 1965 3269; x_wconf 75' lang='grc' dir='ltr'><strong><em>ο</em></strong></span> <span class='ocrx_word' id='word_1_747' title='bbox 2006 3231 2206 3301; x_wconf 70' lang='lat' dir='ltr'><strong>Cyrilli.</strong></span> <span class='ocrx_word' id='word_1_748' title='bbox 2236 3232 2335 3295; x_wconf 80' lang='lat' dir='ltr'><strong>Qui</strong></span> <span class='ocrx_word' id='word_1_749' title='bbox 2356 3230 2458 3283; x_wconf 80' lang='lat' dir='ltr'><strong>Iuit</strong></span> <span class='ocrx_word' id='word_1_750' title='bbox 2480 3245 2569 3283; x_wconf 69' lang='lat' dir='ltr'><strong>xix</strong></span> <span class='ocrx_word' id='word_1_751' title='bbox 2589 3231 3207 3300; x_wconf 64' lang='lat' dir='ltr'><strong>Autiochimepisooiius.</strong></span> <span class='ocrx_word' id='word_1_752' title='bbox 3236 3233 3454 3301; x_wconf 75' lang='lat' dir='ltr'><strong>Agitde</strong></span> 
     </span>
    </p>
   </div>
   <div class='ocr_carea' id='block_1_104' title="bbox 1866 3300 3453 3366">
    <p class='ocr_par' dir='ltr' id='par_1_104' title="bbox 1866 3300 3453 3366">
     <span class='ocr_line' id='line_1_105' title="bbox 1866 3300 3453 3366; baseline -0.001 -5"><span class='ocrx_word' id='word_1_753' title='bbox 1866 3318 1930 3361; x_wconf 84' lang='lat' dir='ltr'><strong>eo</strong></span> <span class='ocrx_word' id='word_1_754' title='bbox 1954 3300 2217 3359; x_wconf 65' lang='lat' dir='ltr'><strong>Enaebius</strong></span> <span class='ocrx_word' id='word_1_755' title='bbox 2241 3303 2298 3357; x_wconf 86' lang='lat' dir='ltr'><strong>in</strong></span> <span class='ocrx_word' id='word_1_756' title='bbox 2330 3300 2530 3357; x_wconf 77' lang='lat' dir='ltr'><strong>Chron.</strong></span> <span class='ocrx_word' id='word_1_757' title='bbox 2558 3311 2614 3357; x_wconf 84' lang='lat' dir='ltr'><strong>et</strong></span> <span class='ocrx_word' id='word_1_758' title='bbox 2646 3303 2791 3357; x_wconf 83' lang='lat' dir='ltr'><strong>Eccl.</strong></span> <span class='ocrx_word' id='word_1_759' title='bbox 2825 3302 2961 3356; x_wconf 84' lang='lat' dir='ltr'><strong>Hist.</strong></span> <span class='ocrx_word' id='word_1_760' title='bbox 3000 3318 3089 3366; x_wconf 87' lang='lat' dir='ltr'><strong>vn,</strong></span> <span class='ocrx_word' id='word_1_761' title='bbox 3120 3301 3207 3355; x_wconf 74' lang='grc'><strong>52.</strong></span> <span class='ocrx_word' id='word_1_762' title='bbox 3240 3300 3453 3359; x_wconf 77' lang='lat' dir='ltr'><strong>Sedere</strong></span> 
     </span>
    </p>
   </div>
   <div class='ocr_carea' id='block_1_105' title="bbox 1866 3370 3454 3442">
    <p class='ocr_par' dir='ltr' id='par_1_105' title="bbox 1866 3370 3454 3442">
     <span class='ocr_line' id='line_1_106' title="bbox 1866 3370 3454 3442; baseline 0.002 -15"><span class='ocrx_word' id='word_1_763' title='bbox 1866 3384 2043 3427; x_wconf 85' lang='lat' dir='ltr'><strong>autem</strong></span> <span class='ocrx_word' id='word_1_764' title='bbox 2090 3374 2249 3441; x_wconf 81' lang='lat' dir='ltr'><strong>coepit</strong></span> <span class='ocrx_word' id='word_1_765' title='bbox 2301 3373 2368 3430; x_wconf 86' lang='lat' dir='ltr'><strong>ab</strong></span> <span class='ocrx_word' id='word_1_766' title='bbox 2417 3389 2557 3429; x_wconf 86' lang='lat' dir='ltr'><strong>anno</strong></span> <span class='ocrx_word' id='word_1_767' title='bbox 2587 3370 2621 3423; x_wconf 73' lang='grc'>4</span> <span class='ocrx_word' id='word_1_768' title='bbox 2662 3374 2791 3442; x_wconf 90' lang='lat' dir='ltr'><strong>imp.</strong></span> <span class='ocrx_word' id='word_1_769' title='bbox 2826 3372 3008 3441; x_wconf 83' lang='lat' dir='ltr'><strong>Probi,</strong></span> <span class='ocrx_word' id='word_1_770' title='bbox 3055 3374 3355 3430; x_wconf 88' lang='lat' dir='ltr'><strong>mansituue</strong></span> <span class='ocrx_word' id='word_1_771' title='bbox 3386 3373 3454 3430; x_wconf 88' lang='lat' dir='ltr'><strong>ad</strong></span> 
     </span>
    </p>
   </div>
   <div class='ocr_carea' id='block_1_106' title="bbox 1868 3444 2772 3512">
    <p class='ocr_par' dir='ltr' id='par_1_106' title="bbox 1868 3444 2772 3512">
     <span class='ocr_line' id='line_1_107' title="bbox 1868 3444 2772 3512; baseline -0.001 -14"><span class='ocrx_word' id='word_1_772' title='bbox 1868 3459 2069 3500; x_wconf 83' lang='lat' dir='ltr'><strong>annum</strong></span> <span class='ocrx_word' id='word_1_773' title='bbox 2096 3459 2270 3512; x_wconf 84' lang='lat' dir='ltr'><strong>usque</strong></span> <span class='ocrx_word' id='word_1_774' title='bbox 2297 3460 2403 3497; x_wconf 81' lang='lat' dir='ltr'><strong>xvn</strong></span> <span class='ocrx_word' id='word_1_775' title='bbox 2436 3444 2772 3498; x_wconf 88' lang='lat' dir='ltr'><strong>Diocletiani.</strong></span> 
     </span>
    </p>
   </div>
   <div class='ocr_carea' id='block_1_107' title="bbox 1940 3512 3454 3587">
    <p class='ocr_par' dir='ltr' id='par_1_107' title="bbox 1940 3512 3454 3587">
     <span class='ocr_line' id='line_1_108' title="bbox 1940 3512 3454 3587; baseline 0.004 -21"><span class='ocrx_word' id='word_1_776' title='bbox 1940 3512 1964 3553; x_wconf 71' lang='grc' dir='ltr'><strong>ί</strong></span> <span class='ocrx_word' id='word_1_777' title='bbox 2007 3514 2399 3587; x_wconf 64' lang='lat' dir='ltr'><strong>Wundi-ogisili.</strong></span> <span class='ocrx_word' id='word_1_778' title='bbox 2448 3516 2549 3581; x_wconf 75' lang='lat' dir='ltr'><strong>Qui</strong></span> <span class='ocrx_word' id='word_1_779' title='bbox 2576 3517 2807 3583; x_wconf 85' lang='lat' dir='ltr'><strong>primum</strong></span> <span class='ocrx_word' id='word_1_780' title='bbox 2829 3515 2928 3570; x_wconf 80' lang='lat' dir='ltr'><strong>sub</strong></span> <span class='ocrx_word' id='word_1_781' title='bbox 2948 3516 3251 3587; x_wconf 69' lang='lat' dir='ltr'><strong>Dagoberto</strong></span> <span class='ocrx_word' id='word_1_782' title='bbox 3272 3529 3454 3572; x_wconf 88' lang='lat' dir='ltr'><strong>comes</strong></span> 
     </span>
    </p>
   </div>
   <div class='ocr_carea' id='block_1_108' title="bbox 1865 3586 3457 3656">
    <p class='ocr_par' dir='ltr' id='par_1_108' title="bbox 1865 3586 3457 3656">
     <span class='ocr_line' id='line_1_109' title="bbox 1865 3586 3457 3656; baseline 0.001 -17"><span class='ocrx_word' id='word_1_783' title='bbox 1865 3586 2043 3656; x_wconf 71' lang='lat' dir='ltr'><strong>palatii</strong></span> <span class='ocrx_word' id='word_1_784' title='bbox 2074 3586 2208 3640; x_wconf 73' lang='lat' dir='ltr'><strong>fuit:</strong></span> <span class='ocrx_word' id='word_1_785' title='bbox 2238 3586 2365 3639; x_wconf 71' lang='lat' dir='ltr'><strong>Erat</strong></span> <span class='ocrx_word' id='word_1_786' title='bbox 2388 3594 2565 3642; x_wconf 84' lang='lat' dir='ltr'><strong>autem</strong></span> <span class='ocrx_word' id='word_1_787' title='bbox 2594 3601 2721 3640; x_wconf 82' lang='lat' dir='ltr'><strong>avus</strong></span> <span class='ocrx_word' id='word_1_788' title='bbox 2748 3588 2867 3653; x_wconf 78' lang='lat' dir='ltr'><strong>ejus</strong></span> <span class='ocrx_word' id='word_1_789' title='bbox 2884 3589 2951 3644; x_wconf 70' lang='grc' dir='ltr'><strong>ὃ.</strong></span> <span class='ocrx_word' id='word_1_790' title='bbox 2979 3586 3286 3655; x_wconf 75' lang='lat' dir='ltr'><strong>Arunlphus</strong></span> <span class='ocrx_word' id='word_1_791' title='bbox 3312 3589 3457 3655; x_wconf 86' lang='lat' dir='ltr'><strong>prin-</strong></span> 
     </span>
    </p>
   </div>
   <div class='ocr_carea' id='block_1_109' title="bbox 1865 3656 3450 3728">
    <p class='ocr_par' dir='ltr' id='par_1_109' title="bbox 1865 3656 3450 3728">
     <span class='ocr_line' id='line_1_110' title="bbox 1865 3656 3450 3728; baseline -0.001 -16"><span class='ocrx_word' id='word_1_792' title='bbox 1865 3672 1993 3728; x_wconf 81' lang='lat' dir='ltr'><strong>ceps</strong></span> <span class='ocrx_word' id='word_1_793' title='bbox 2018 3657 2408 3722; x_wconf 87' lang='lat' dir='ltr'><strong>Lothariensis,</strong></span> <span class='ocrx_word' id='word_1_794' title='bbox 2439 3665 2494 3711; x_wconf 90' lang='lat' dir='ltr'><strong>et</strong></span> <span class='ocrx_word' id='word_1_795' title='bbox 2516 3656 2770 3713; x_wconf 84' lang='lat' dir='ltr'><strong>Metensis</strong></span> <span class='ocrx_word' id='word_1_796' title='bbox 2800 3657 3104 3726; x_wconf 82' lang='lat' dir='ltr'><strong>episcOpus.</strong></span> <span class='ocrx_word' id='word_1_797' title='bbox 3134 3658 3296 3728; x_wconf 74' lang='lat' dir='ltr'><strong>Regia</strong></span> <span class='ocrx_word' id='word_1_798' title='bbox 3324 3672 3450 3712; x_wconf 86' lang='lat' dir='ltr'><strong>vero</strong></span> 
     </span>
    </p>
   </div>
   <div class='ocr_carea' id='block_1_110' title="bbox 1868 3727 3451 3797">
    <p class='ocr_par' dir='ltr' id='par_1_110' title="bbox 1868 3727 3451 3797">
     <span class='ocr_line' id='line_1_111' title="bbox 1868 3727 3451 3797; baseline 0.001 -16"><span class='ocrx_word' id='word_1_799' title='bbox 1868 3727 2150 3795; x_wconf 82' lang='lat' dir='ltr'><strong>Dagoberti</strong></span> <span class='ocrx_word' id='word_1_800' title='bbox 2181 3729 2321 3791; x_wconf 88' lang='lat' dir='ltr'><strong>aula,</strong></span> <span class='ocrx_word' id='word_1_801' title='bbox 2356 3737 2410 3782; x_wconf 88' lang='lat' dir='ltr'><strong>et</strong></span> <span class='ocrx_word' id='word_1_802' title='bbox 2442 3742 2636 3795; x_wconf 83' lang='lat' dir='ltr'><strong>Sponsa</strong></span> <span class='ocrx_word' id='word_1_803' title='bbox 2668 3744 2787 3781; x_wconf 90' lang='lat' dir='ltr'><strong>cum</strong></span> <span class='ocrx_word' id='word_1_804' title='bbox 2816 3744 2919 3797; x_wconf 81' lang='lat' dir='ltr'><strong>qna</strong></span> <span class='ocrx_word' id='word_1_805' title='bbox 2949 3739 3095 3782; x_wconf 80' lang='lat' dir='ltr'><strong>caste</strong></span> <span class='ocrx_word' id='word_1_806' title='bbox 3131 3727 3363 3797; x_wconf 79' lang='lat' dir='ltr'><strong>vixerat,</strong></span> <span class='ocrx_word' id='word_1_807' title='bbox 3396 3736 3451 3783; x_wconf 87' lang='lat' dir='ltr'><strong>et</strong></span> 
     </span>
    </p>
   </div>
   <div class='ocr_carea' id='block_1_111' title="bbox 1865 3798 3451 3868">
    <p class='ocr_par' dir='ltr' id='par_1_111' title="bbox 1865 3798 3451 3868">
     <span class='ocr_line' id='line_1_112' title="bbox 1865 3798 3451 3868; baseline 0.002 -17"><span class='ocrx_word' id='word_1_808' title='bbox 1865 3814 1982 3868; x_wconf 78' lang='lat' dir='ltr'><strong>qua:</strong></span> <span class='ocrx_word' id='word_1_809' title='bbox 2008 3798 2119 3866; x_wconf 86' lang='lat' dir='ltr'><strong>pari</strong></span> <span class='ocrx_word' id='word_1_810' title='bbox 2150 3812 2413 3852; x_wconf 85' lang='lat' dir='ltr'><strong>consensu</strong></span> <span class='ocrx_word' id='word_1_811' title='bbox 2442 3798 2714 3865; x_wconf 83' lang='lat' dir='ltr'><strong>religionis</strong></span> <span class='ocrx_word' id='word_1_812' title='bbox 2740 3799 2983 3852; x_wconf 82' lang='lat' dir='ltr'><strong>&#39;li&#39;a‘bitum</strong></span> <span class='ocrx_word' id='word_1_813' title='bbox 3004 3808 3336 3868; x_wconf 84' lang='lat' dir='ltr'><strong>sumpserat,</strong></span> <span class='ocrx_word' id='word_1_814' title='bbox 3364 3814 3451 3854; x_wconf 86' lang='lat' dir='ltr'><strong>re-</strong></span> 
     </span>
    </p>
   </div>
   <div class='ocr_carea' id='block_1_112' title="bbox 1864 3868 3449 3937">
    <p class='ocr_par' dir='ltr' id='par_1_112' title="bbox 1864 3868 3449 3937">
     <span class='ocr_line' id='line_1_113' title="bbox 1864 3868 3449 3937; baseline -0.001 -13"><span class='ocrx_word' id='word_1_815' title='bbox 1864 3868 2024 3931; x_wconf 77' lang='lat' dir='ltr'><strong>lictis,</strong></span> <span class='ocrx_word' id='word_1_816' title='bbox 2062 3872 2122 3922; x_wconf 87' lang='lat' dir='ltr'><strong>.in</strong></span> <span class='ocrx_word' id='word_1_817' title='bbox 2158 3868 2482 3923; x_wconf 76' lang='lat' dir='ltr'><strong>Virdunensi</strong></span> <span class='ocrx_word' id='word_1_818' title='bbox 2532 3870 2770 3935; x_wconf 82' lang='lat' dir='ltr'><strong>regione,</strong></span> <span class='ocrx_word' id='word_1_819' title='bbox 2822 3870 2873 3920; x_wconf 85' lang='lat' dir='ltr'><strong>in</strong></span> <span class='ocrx_word' id='word_1_820' title='bbox 2920 3870 3135 3937; x_wconf 71' lang='lat' dir='ltr'><strong>propria</strong></span> <span class='ocrx_word' id='word_1_821' title='bbox 3164 3869 3319 3934; x_wconf 68' lang='lat' dir='ltr'><strong>villa,</strong></span> <span class='ocrx_word' id='word_1_822' title='bbox 3351 3869 3449 3922; x_wconf 86' lang='lat' dir='ltr'><strong>do-</strong></span> 
     </span>
    </p>
   </div>
   <div class='ocr_carea' id='block_1_113' title="bbox 1866 3937 3446 4007">
    <p class='ocr_par' dir='ltr' id='par_1_113' title="bbox 1866 3937 3446 4007">
     <span class='ocr_line' id='line_1_114' title="bbox 1866 3937 3446 4007; baseline -0.001 -13"><span class='ocrx_word' id='word_1_823' title='bbox 1866 3955 2010 3994; x_wconf 87' lang='lat' dir='ltr'><strong>mum</strong></span> <span class='ocrx_word' id='word_1_824' title='bbox 2036 3942 2361 4004; x_wconf 74' lang='lat' dir='ltr'><strong>construxit,</strong></span> <span class='ocrx_word' id='word_1_825' title='bbox 2399 3938 2485 3992; x_wconf 86' lang='lat' dir='ltr'><strong>ubi</strong></span> <span class='ocrx_word' id='word_1_826' title='bbox 2510 3937 2728 4007; x_wconf 81' lang='lat' dir='ltr'><strong>jejunii‘s</strong></span> <span class='ocrx_word' id='word_1_827' title='bbox 2759 3951 2812 3992; x_wconf 88' lang='lat' dir='ltr'><strong>et</strong></span> <span class='ocrx_word' id='word_1_828' title='bbox 2840 3940 3173 3994; x_wconf 84' lang='lat' dir='ltr'><strong>orationibus</strong></span> <span class='ocrx_word' id='word_1_829' title='bbox 3212 3937 3323 3993; x_wconf 87' lang='lat' dir='ltr'><strong>Deo</strong></span> <span class='ocrx_word' id='word_1_830' title='bbox 3353 3954 3446 3992; x_wconf 90' lang='lat' dir='ltr'><strong>va-</strong></span> 
     </span>
    </p>
   </div>
   <div class='ocr_carea' id='block_1_114' title="bbox 1863 4007 3450 4066">
    <p class='ocr_par' dir='ltr' id='par_1_114' title="bbox 1863 4007 3450 4066">
     <span class='ocr_line' id='line_1_115' title="bbox 1863 4007 3450 4066; baseline -0.004 -3"><span class='ocrx_word' id='word_1_831' title='bbox 1863 4010 2022 4066; x_wconf 90' lang='lat' dir='ltr'><strong>cavit.</strong></span> <span class='ocrx_word' id='word_1_832' title='bbox 2052 4009 2255 4065; x_wconf 77' lang='lat' dir='ltr'><strong>D:inde</strong></span> <span class='ocrx_word' id='word_1_833' title='bbox 2283 4008 2545 4063; x_wconf 86' lang='lat' dir='ltr'><strong>Bobieuse</strong></span> <span class='ocrx_word' id='word_1_834' title='bbox 2576 4008 2706 4062; x_wconf 86' lang='lat' dir='ltr'><strong>adiit</strong></span> <span class='ocrx_word' id='word_1_835' title='bbox 2734 4009 3116 4062; x_wconf 87' lang='lat' dir='ltr'><strong>monasterium</strong></span> <span class='ocrx_word' id='word_1_836' title='bbox 3142 4009 3200 4063; x_wconf 86' lang='lat' dir='ltr'><strong>S.</strong></span> <span class='ocrx_word' id='word_1_837' title='bbox 3229 4007 3450 4063; x_wconf 83' lang='lat' dir='ltr'><strong>Colum-</strong></span> 
     </span>
    </p>
   </div>
   <div class='ocr_carea' id='block_1_115' title="bbox 1864 4079 3445 4147">
    <p class='ocr_par' dir='ltr' id='par_1_115' title="bbox 1864 4079 3445 4147">
     <span class='ocr_line' id='line_1_116' title="bbox 1864 4079 3445 4147; baseline -0.002 -10"><span class='ocrx_word' id='word_1_838' title='bbox 1864 4082 2021 4147; x_wconf 89' lang='lat' dir='ltr'><strong>bani;</strong></span> <span class='ocrx_word' id='word_1_839' title='bbox 2075 4090 2130 4136; x_wconf 88' lang='lat' dir='ltr'><strong>et</strong></span> <span class='ocrx_word' id='word_1_840' title='bbox 2183 4079 2367 4134; x_wconf 66' lang='lat' dir='ltr'><strong>Romae</strong></span> <span class='ocrx_word' id='word_1_841' title='bbox 2424 4079 2604 4133; x_wconf 93' lang='lat' dir='ltr'><strong>limina</strong></span> <span class='ocrx_word' id='word_1_842' title='bbox 2660 4080 3019 4146; x_wconf 88' lang='lat' dir='ltr'><strong>apostolorum</strong></span> <span class='ocrx_word' id='word_1_843' title='bbox 3070 4079 3251 4134; x_wconf 89' lang='lat' dir='ltr'><strong>invisit</strong></span> <span class='ocrx_word' id='word_1_844' title='bbox 3302 4094 3316 4132; x_wconf 88' lang='lat'><strong>:</strong></span> <span class='ocrx_word' id='word_1_845' title='bbox 3376 4079 3445 4134; x_wconf 88' lang='lat' dir='ltr'><strong>ad</strong></span> 
     </span>
    </p>
   </div>
   <div class='ocr_carea' id='block_1_116' title="bbox 1866 4149 3446 4221">
    <p class='ocr_par' dir='ltr' id='par_1_116' title="bbox 1866 4149 3446 4221">
     <span class='ocr_line' id='line_1_117' title="bbox 1866 4149 3446 4221; baseline -0.001 -15"><span class='ocrx_word' id='word_1_846' title='bbox 1866 4156 2090 4221; x_wconf 64' lang='lat' dir='ltr'><strong>pariam</strong></span> <span class='ocrx_word' id='word_1_847' title='bbox 2130 4164 2305 4206; x_wconf 74' lang='lat' dir='ltr'><strong>autem</strong></span> <span class='ocrx_word' id='word_1_848' title='bbox 2336 4149 2567 4214; x_wconf 78' lang='lat' dir='ltr'><strong>rediens,</strong></span> <span class='ocrx_word' id='word_1_849' title='bbox 2619 4150 2937 4204; x_wconf 69' lang='lat' dir='ltr'><strong>transversis</strong></span> <span class='ocrx_word' id='word_1_850' title='bbox 2966 4150 3213 4219; x_wconf 76' lang='lat' dir='ltr'><strong>Alpibus,</strong></span> <span class='ocrx_word' id='word_1_851' title='bbox 3243 4150 3294 4204; x_wconf 87' lang='lat' dir='ltr'><strong>in</strong></span> <span class='ocrx_word' id='word_1_852' title='bbox 3327 4164 3446 4205; x_wconf 84' lang='lat' dir='ltr'><strong>mo-</strong></span> 
     </span>
    </p>
   </div>
   <div class='ocr_carea' id='block_1_117' title="bbox 1865 4221 3444 4291">
    <p class='ocr_par' dir='ltr' id='par_1_117' title="bbox 1865 4221 3444 4291">
     <span class='ocr_line' id='line_1_118' title="bbox 1865 4221 3444 4291; baseline 0 -13"><span class='ocrx_word' id='word_1_853' title='bbox 1865 4222 2101 4279; x_wconf 85' lang='lat' dir='ltr'><strong>nasterio</strong></span> <span class='ocrx_word' id='word_1_854' title='bbox 2150 4223 2405 4279; x_wconf 64' lang='lat' dir='ltr'><strong>Romanis</strong></span> <span class='ocrx_word' id='word_1_855' title='bbox 2451 4221 2616 4283; x_wconf 86' lang='lat' dir='ltr'><strong>dicto,</strong></span> <span class='ocrx_word' id='word_1_856' title='bbox 2640 4228 2927 4291; x_wconf 80' lang='lat' dir='ltr'><strong>exceptus,</strong></span> <span class='ocrx_word' id='word_1_857' title='bbox 2969 4222 3219 4277; x_wconf 78' lang='lat' dir='ltr'><strong>tuouacb-i</strong></span> <span class='ocrx_word' id='word_1_858' title='bbox 3274 4222 3444 4278; x_wconf 75' lang='lat' dir='ltr'><strong>vitam</strong></span> 
     </span>
    </p>
   </div>
   <div class='ocr_carea' id='block_1_118' title="bbox 1864 4292 3444 4363">
    <p class='ocr_par' dir='ltr' id='par_1_118' title="bbox 1864 4292 3444 4363">
     <span class='ocr_line' id='line_1_119' title="bbox 1864 4292 3444 4363; baseline -0.003 -13"><span class='ocrx_word' id='word_1_859' title='bbox 1864 4294 2034 4350; x_wconf 72' lang='lat' dir='ltr'><strong>duxit.</strong></span> <span class='ocrx_word' id='word_1_860' title='bbox 2068 4295 2309 4363; x_wconf 82' lang='lat' dir='ltr'><strong>Denique</strong></span> <span class='ocrx_word' id='word_1_861' title='bbox 2331 4292 2721 4361; x_wconf 82' lang='lat' dir='ltr'><strong>Rothomagum</strong></span> <span class='ocrx_word' id='word_1_862' title='bbox 2751 4302 2967 4350; x_wconf 86' lang='lat' dir='ltr'><strong>vocatus</strong></span> <span class='ocrx_word' id='word_1_863' title='bbox 2998 4292 3136 4353; x_wconf 77' lang='lat' dir='ltr'><strong>fama</strong></span> <span class='ocrx_word' id='word_1_864' title='bbox 3164 4304 3217 4350; x_wconf 83' lang='lat' dir='ltr'><strong>et</strong></span> <span class='ocrx_word' id='word_1_865' title='bbox 3246 4296 3444 4349; x_wconf 82' lang='lat' dir='ltr'><strong>sancti-</strong></span> 
     </span>
    </p>
   </div>
   <div class='ocr_carea' id='block_1_119' title="bbox 1867 4362 3443 4437">
    <p class='ocr_par' dir='ltr' id='par_1_119' title="bbox 1867 4362 3443 4437">
     <span class='ocr_line' id='line_1_120' title="bbox 1867 4362 3443 4437; baseline 0.001 -18"><span class='ocrx_word' id='word_1_866' title='bbox 1867 4374 1972 4437; x_wconf 82' lang='lat' dir='ltr'><strong>tate</strong></span> <span class='ocrx_word' id='word_1_867' title='bbox 2002 4362 2239 4419; x_wconf 81' lang='lat' dir='ltr'><strong>Audoeni</strong></span> <span class='ocrx_word' id='word_1_868' title='bbox 2260 4362 2506 4437; x_wconf 84' lang='lat' dir='ltr'><strong>episcopi</strong></span> <span class='ocrx_word' id='word_1_869' title='bbox 2532 4403 2546 4429; x_wconf 91' lang='lat'><strong>,</strong></span> <span class='ocrx_word' id='word_1_870' title='bbox 2576 4364 2815 4431; x_wconf 83' lang='lat' dir='ltr'><strong>ejusdem</strong></span> <span class='ocrx_word' id='word_1_871' title='bbox 2844 4364 2997 4437; x_wconf 67' lang='lat' dir='ltr'><strong>jussu</strong></span> <span class='ocrx_word' id='word_1_872' title='bbox 3038 4379 3066 4417; x_wconf 92' lang='lat' dir='ltr'><strong>a</strong></span> <span class='ocrx_word' id='word_1_873' title='bbox 3109 4374 3295 4437; x_wconf 86' lang='lat' dir='ltr'><strong>sancto</strong></span> <span class='ocrx_word' id='word_1_874' title='bbox 3330 4366 3443 4420; x_wconf 84' lang='lat' dir='ltr'><strong>Au-</strong></span> 
     </span>
    </p>
   </div>
   <div class='ocr_carea' id='block_1_120' title="bbox 1871 4433 3440 4506">
    <p class='ocr_par' dir='ltr' id='par_1_120' title="bbox 1871 4433 3440 4506">
     <span class='ocr_line' id='line_1_121' title="bbox 1871 4433 3440 4506; baseline -0.001 -14"><span class='ocrx_word' id='word_1_875' title='bbox 1871 4436 2093 4493; x_wconf 78' lang='lat' dir='ltr'><strong>doniaro</strong></span> <span class='ocrx_word' id='word_1_876' title='bbox 2134 4433 2410 4506; x_wconf 84' lang='lat' dir='ltr'><strong>presbyter</strong></span> <span class='ocrx_word' id='word_1_877' title='bbox 2447 4443 2814 4506; x_wconf 84' lang='lat' dir='ltr'><strong>consecratur.</strong></span> <span class='ocrx_word' id='word_1_878' title='bbox 2861 4433 3229 4489; x_wconf 86' lang='lat' dir='ltr'><strong>Fontanellam</strong></span> <span class='ocrx_word' id='word_1_879' title='bbox 3261 4444 3440 4491; x_wconf 89' lang='lat' dir='ltr'><strong>autem</strong></span> 
     </span>
    </p>
   </div>
   <div class='ocr_carea' id='block_1_121' title="bbox 1866 4575 3440 4651">
    <p class='ocr_par' dir='ltr' id='par_1_121' title="bbox 1866 4575 3440 4651">
     <span class='ocr_line' id='line_1_122' title="bbox 1866 4575 3440 4651; baseline -0.001 -18"><span class='ocrx_word' id='word_1_880' title='bbox 1866 4577 2150 4651; x_wconf 54' lang='lat' dir='ltr'><strong>mtatisf)?</strong></span> <span class='ocrx_word' id='word_1_881' title='bbox 2198 4578 2510 4651; x_wconf 76' lang='lat' dir='ltr'><strong>permansit,</strong></span> <span class='ocrx_word' id='word_1_882' title='bbox 2552 4588 2607 4631; x_wconf 89' lang='lat' dir='ltr'><strong>et</strong></span> <span class='ocrx_word' id='word_1_883' title='bbox 2648 4575 2739 4651; x_wconf 75' lang='lat' dir='ltr'><strong>ubi</strong></span> <span class='ocrx_word' id='word_1_884' title='bbox 2760 4575 3041 4651; x_wconf 82' lang='lat' dir='ltr'><strong>defunctus</strong></span> <span class='ocrx_word' id='word_1_885' title='bbox 3068 4580 3308 4647; x_wconf 81' lang='lat' dir='ltr'><strong>sepultus</strong></span> <span class='ocrx_word' id='word_1_886' title='bbox 3354 4584 3440 4631; x_wconf 87' lang='lat' dir='ltr'><strong>est</strong></span> 
     </span>
    </p>
   </div>
   <div class='ocr_carea' id='block_1_122' title="bbox 1865 4647 3437 4717">
    <p class='ocr_par' dir='ltr' id='par_1_122' title="bbox 1865 4647 3437 4717">
     <span class='ocr_line' id='line_1_123' title="bbox 1865 4647 3437 4717; baseline -0.003 -12"><span class='ocrx_word' id='word_1_887' title='bbox 1865 4664 2005 4707; x_wconf 87' lang='lat' dir='ltr'><strong>anno</strong></span> <span class='ocrx_word' id='word_1_888' title='bbox 2024 4647 2158 4703; x_wconf 63' lang='lat'><strong>1565.</strong></span> <span class='ocrx_word' id='word_1_889' title='bbox 2194 4649 2387 4704; x_wconf 82' lang='lat' dir='ltr'><strong>Verum</strong></span> <span class='ocrx_word' id='word_1_890' title='bbox 2425 4658 2649 4717; x_wconf 65' lang='lat' dir='ltr'><strong>promer</strong></span> <span class='ocrx_word' id='word_1_891' title='bbox 2698 4647 3134 4705; x_wconf 78' lang='lat' dir='ltr'><strong>Norunannicam</strong></span> <span class='ocrx_word' id='word_1_892' title='bbox 3186 4660 3437 4715; x_wconf 84' lang='lat' dir='ltr'><strong>persecu-</strong></span> 
     </span>
    </p>
   </div>
   <div class='ocr_carea' id='block_1_123' title="bbox 1868 4718 3437 4777">
    <p class='ocr_par' dir='ltr' id='par_1_123' title="bbox 1868 4718 3437 4777">
     <span class='ocr_line' id='line_1_124' title="bbox 1868 4718 3437 4777; baseline 0 -4"><span class='ocrx_word' id='word_1_893' title='bbox 1868 4720 2065 4777; x_wconf 86' lang='lat' dir='ltr'><strong>tionem</strong></span> <span class='ocrx_word' id='word_1_894' title='bbox 2094 4720 2370 4775; x_wconf 70' lang='lat' dir='ltr'><strong>BOlOIIL‘lm</strong></span> <span class='ocrx_word' id='word_1_895' title='bbox 2410 4720 2703 4776; x_wconf 81' lang='lat' dir='ltr'><strong>translatus</strong></span> <span class='ocrx_word' id='word_1_896' title='bbox 2731 4729 2813 4775; x_wconf 83' lang='lat' dir='ltr'><strong>est</strong></span> <span class='ocrx_word' id='word_1_897' title='bbox 2836 4736 2856 4772; x_wconf 86' lang='lat'><strong>.&#39;</strong></span> <span class='ocrx_word' id='word_1_898' title='bbox 2889 4729 2944 4774; x_wconf 84' lang='lat' dir='ltr'><strong>et</strong></span> <span class='ocrx_word' id='word_1_899' title='bbox 2974 4719 3094 4773; x_wconf 85' lang='lat' dir='ltr'><strong>inde</strong></span> <span class='ocrx_word' id='word_1_900' title='bbox 3124 4718 3437 4773; x_wconf 79' lang='lat' dir='ltr'><strong>Galtdavum</strong></span> 
     </span>
    </p>
   </div>
   <div class='ocr_carea' id='block_1_124' title="bbox 1865 4787 3437 4847">
    <p class='ocr_par' dir='ltr' id='par_1_124' title="bbox 1865 4787 3437 4847">
     <span class='ocr_line' id='line_1_125' title="bbox 1865 4787 3437 4847; baseline 0.003 -4"><span class='ocrx_word' id='word_1_901' title='bbox 1865 4806 1984 4846; x_wconf 90' lang='lat' dir='ltr'><strong>cum</strong></span> <span class='ocrx_word' id='word_1_902' title='bbox 2018 4792 2356 4847; x_wconf 75' lang='lat' dir='ltr'><strong>Ansbertoet</strong></span> <span class='ocrx_word' id='word_1_903' title='bbox 2388 4789 2721 4845; x_wconf 78' lang='lat' dir='ltr'><strong>Wulfrauno.</strong></span> <span class='ocrx_word' id='word_1_904' title='bbox 2750 4790 2944 4846; x_wconf 80' lang='lat' dir='ltr'><strong>Sumus</strong></span> <span class='ocrx_word' id='word_1_905' title='bbox 2977 4798 3107 4844; x_wconf 89' lang='lat' dir='ltr'><strong>tom.</strong></span> <span class='ocrx_word' id='word_1_906' title='bbox 3134 4788 3224 4844; x_wconf 75' lang='lat' dir='ltr'><strong>iV.</strong></span> <span class='ocrx_word' id='word_1_907' title='bbox 3250 4787 3437 4847; x_wconf 69' lang='lat' dir='ltr'><strong>Ioui-</strong></span> 
     </span>
    </p>
   </div>
   <div class='ocr_carea' id='block_1_125' title="bbox 1865 4862 2991 4933">
    <p class='ocr_par' dir='ltr' id='par_1_125' title="bbox 1865 4862 2991 4933">
     <span class='ocr_line' id='line_1_126' title="bbox 1865 4862 2991 4933; baseline -0.004 -16"><span class='ocrx_word' id='word_1_908' title='bbox 1865 4877 1961 4917; x_wconf 78' lang='lat' dir='ltr'><strong>Nus</strong></span> <span class='ocrx_word' id='word_1_909' title='bbox 1983 4864 2049 4917; x_wconf 86' lang='lat' dir='ltr'><strong>de</strong></span> <span class='ocrx_word' id='word_1_910' title='bbox 2080 4864 2289 4918; x_wconf 81' lang='lat' dir='ltr'><strong>Sanctis</strong></span> <span class='ocrx_word' id='word_1_911' title='bbox 2320 4863 2463 4933; x_wconf 84' lang='lat' dir='ltr'><strong>Belg.</strong></span> <span class='ocrx_word' id='word_1_912' title='bbox 2497 4862 2630 4917; x_wconf 68' lang='grc' dir='ltr'><strong>ΟΜΝ</strong></span> <span class='ocrx_word' id='word_1_913' title='bbox 2681 4862 2957 4919; x_wconf 63' lang='lat' dir='ltr'><strong>Sesama.</strong></span> <span class='ocrx_word' id='word_1_914' title='bbox 2990 4904 2991 4907; x_wconf 53' lang='grc' dir='ltr'><strong>η</strong></span> 
     </span>
    </p>
   </div>
   <div class='ocr_carea' id='block_1_126' title="bbox 1939 4929 3438 5002">
    <p class='ocr_par' dir='ltr' id='par_1_126' title="bbox 1939 4929 3438 5002">
     <span class='ocr_line' id='line_1_127' title="bbox 1939 4929 3438 5002; baseline -0.002 -15"><span class='ocrx_word' id='word_1_915' title='bbox 1939 4942 1964 4981; x_wconf 75' lang='grc' dir='ltr'>ε</span> <span class='ocrx_word' id='word_1_916' title='bbox 1992 4934 2201 4989; x_wconf 80' lang='lat' dir='ltr'><strong>Octava.</strong></span> <span class='ocrx_word' id='word_1_917' title='bbox 2227 4929 2527 4990; x_wconf 72' lang='lat' dir='ltr'><strong>Translatio</strong></span> <span class='ocrx_word' id='word_1_918' title='bbox 2551 4934 2695 4989; x_wconf 88' lang='lat' dir='ltr'><strong>enim</strong></span> <span class='ocrx_word' id='word_1_919' title='bbox 2722 4932 2876 5002; x_wconf 77' lang='lat' dir='ltr'><strong>hujus</strong></span> <span class='ocrx_word' id='word_1_920' title='bbox 2903 4932 3073 4993; x_wconf 82' lang='lat' dir='ltr'><strong>sancti</strong></span> <span class='ocrx_word' id='word_1_921' title='bbox 3104 4929 3243 4988; x_wconf 77' lang='lat' dir='ltr'><strong>facta</strong></span> <span class='ocrx_word' id='word_1_922' title='bbox 3270 4945 3352 4988; x_wconf 87' lang='lat' dir='ltr'><strong>cst</strong></span> <span class='ocrx_word' id='word_1_923' title='bbox 3376 4949 3438 4985; x_wconf 82' lang='lat' dir='ltr'><strong>xv</strong></span> 
     </span>
    </p>
   </div>
   <div class='ocr_carea' id='block_1_127' title="bbox 1866 5003 2393 5070">
    <p class='ocr_par' dir='ltr' id='par_1_127' title="bbox 1866 5003 2393 5070">
     <span class='ocr_line' id='line_1_128' title="bbox 1866 5003 2393 5070; baseline -0.006 -9"><span class='ocrx_word' id='word_1_924' title='bbox 1866 5003 1954 5061; x_wconf 87' lang='lat' dir='ltr'><strong>dic</strong></span> <span class='ocrx_word' id='word_1_925' title='bbox 1985 5004 2142 5070; x_wconf 80' lang='lat' dir='ltr'><strong>hujus</strong></span> <span class='ocrx_word' id='word_1_926' title='bbox 2170 5007 2393 5061; x_wconf 81' lang='lat' dir='ltr'><strong>mensis.</strong></span> 
     </span>
    </p>
   </div>
   <div class='ocr_carea' id='block_1_128' title="bbox 1939 5072 3440 5146">
    <p class='ocr_par' dir='ltr' id='par_1_128' title="bbox 1939 5072 3440 5146">
     <span class='ocr_line' id='line_1_129' title="bbox 1939 5072 3440 5146; baseline 0.009 -17"><span class='ocrx_word' id='word_1_927' title='bbox 1939 5074 1963 5112; x_wconf 70' lang='grc' dir='ltr'>δ</span> <span class='ocrx_word' id='word_1_928' title='bbox 2004 5074 2264 5133; x_wconf 84' lang='lat' dir='ltr'><strong>Plutonis.</strong></span> <span class='ocrx_word' id='word_1_929' title='bbox 2290 5076 2443 5145; x_wconf 88' lang='lat' dir='ltr'><strong>Apud</strong></span> <span class='ocrx_word' id='word_1_930' title='bbox 2473 5075 2737 5146; x_wconf 71' lang='lat' dir='ltr'><strong>Ancyram</strong></span> <span class='ocrx_word' id='word_1_931' title='bbox 2768 5074 3037 5131; x_wconf 78' lang='lat' dir='ltr'><strong>civitatem</strong></span> <span class='ocrx_word' id='word_1_932' title='bbox 3067 5072 3292 5130; x_wconf 68' lang='lat' dir='ltr'><strong>Galatiae</strong></span> <span class='ocrx_word' id='word_1_933' title='bbox 3322 5088 3440 5142; x_wconf 73' lang='grc' dir='ltr'><strong>Ρω-</strong></span> 
     </span>
    </p>
   </div>
   <div class='ocr_carea' id='block_1_129' title="bbox 1866 5145 3443 5218">
    <p class='ocr_par' dir='ltr' id='par_1_129' title="bbox 1866 5145 3443 5218">
     <span class='ocr_line' id='line_1_130' title="bbox 1866 5145 3443 5218; baseline -0.001 -17"><span class='ocrx_word' id='word_1_934' title='bbox 1866 5147 2056 5211; x_wconf 73' lang='lat' dir='ltr'><strong>vincite</strong></span> <span class='ocrx_word' id='word_1_935' title='bbox 2078 5149 2219 5217; x_wconf 87' lang='lat' dir='ltr'><strong>passi</strong></span> <span class='ocrx_word' id='word_1_936' title='bbox 2238 5159 2479 5218; x_wconf 83' lang='lat' dir='ltr'><strong>tempore</strong></span> <span class='ocrx_word' id='word_1_937' title='bbox 2500 5145 2803 5202; x_wconf 71' lang='lat' dir='ltr'><strong>Maiimiani</strong></span> <span class='ocrx_word' id='word_1_938' title='bbox 2830 5145 3164 5218; x_wconf 82' lang='lat' dir='ltr'><strong>imperatoris</strong></span> <span class='ocrx_word' id='word_1_939' title='bbox 3180 5146 3284 5203; x_wconf 83' lang='lat' dir='ltr'><strong>sub</strong></span> <span class='ocrx_word' id='word_1_940' title='bbox 3306 5159 3443 5215; x_wconf 64' lang='lat' dir='ltr'><strong>prai-</strong></span> 
     </span>
    </p>
   </div>
   <div class='ocr_carea' id='block_1_130' title="bbox 1867 5216 3441 5291">
    <p class='ocr_par' dir='ltr' id='par_1_130' title="bbox 1867 5216 3441 5291">
     <span class='ocr_line' id='line_1_131' title="bbox 1867 5216 3441 5291; baseline -0.001 -16"><span class='ocrx_word' id='word_1_941' title='bbox 1867 5218 2010 5276; x_wconf 79' lang='lat' dir='ltr'><strong>Iecto</strong></span> <span class='ocrx_word' id='word_1_942' title='bbox 2034 5216 2363 5291; x_wconf 51' lang='lat' dir='ltr'><strong>Agrippino.</strong></span> <span class='ocrx_word' id='word_1_943' title='bbox 2388 5222 2525 5275; x_wconf 70' lang='lat' dir='ltr'><strong>Cum</strong></span> <span class='ocrx_word' id='word_1_944' title='bbox 2553 5228 2921 5291; x_wconf 9' lang='lat' dir='ltr'><strong>autemisacrag</strong></span> <span class='ocrx_word' id='word_1_945' title='bbox 2940 5216 3041 5291; x_wconf 85' lang='lat' dir='ltr'><strong>diis</strong></span> <span class='ocrx_word' id='word_1_946' title='bbox 3080 5217 3255 5291; x_wconf 73' lang='lat' dir='ltr'><strong>iacere</strong></span> <span class='ocrx_word' id='word_1_947' title='bbox 3282 5230 3441 5273; x_wconf 82' lang='lat' dir='ltr'><strong>recu-</strong></span> 
     </span>
    </p>
   </div>
   <div class='ocr_carea' id='block_1_131' title="bbox 1867 5287 3448 5363">
    <p class='ocr_par' dir='ltr' id='par_1_131' title="bbox 1867 5287 3448 5363">
     <span class='ocr_line' id='line_1_132' title="bbox 1867 5287 3448 5363; baseline 0 -19"><span class='ocrx_word' id='word_1_948' title='bbox 1867 5301 2032 5363; x_wconf 81' lang='lat' dir='ltr'><strong>saret,</strong></span> <span class='ocrx_word' id='word_1_949' title='bbox 2069 5287 2238 5358; x_wconf 69' lang='lat' dir='ltr'><strong>primo</strong></span> <span class='ocrx_word' id='word_1_950' title='bbox 2266 5292 2481 5363; x_wconf 83' lang='lat' dir='ltr'><strong>quidem</strong></span> <span class='ocrx_word' id='word_1_951' title='bbox 2511 5306 2541 5363; x_wconf 73' lang='lat' dir='ltr'><strong>a</strong></span> <span class='ocrx_word' id='word_1_952' title='bbox 2588 5288 2655 5343; x_wconf 76' lang='grc'><strong>12</strong></span> <span class='ocrx_word' id='word_1_953' title='bbox 2701 5287 2962 5363; x_wconf 74' lang='lat' dir='ltr'><strong>virissibi</strong></span> <span class='ocrx_word' id='word_1_954' title='bbox 2990 5288 3216 5363; x_wconf 82' lang='lat' dir='ltr'><strong>invicem</strong></span> <span class='ocrx_word' id='word_1_955' title='bbox 3250 5303 3448 5363; x_wconf 79' lang='lat' dir='ltr'><strong>succe-</strong></span> 
     </span>
    </p>
   </div>
   <div class='ocr_carea' id='block_1_132' title="bbox 1867 5359 3449 5434">
    <p class='ocr_par' dir='ltr' id='par_1_132' title="bbox 1867 5359 3449 5434">
     <span class='ocr_line' id='line_1_133' title="bbox 1867 5359 3449 5434; baseline -0.001 -16"><span class='ocrx_word' id='word_1_956' title='bbox 1867 5362 2115 5421; x_wconf 83' lang='lat' dir='ltr'><strong>dentibus</strong></span> <span class='ocrx_word' id='word_1_957' title='bbox 2138 5359 2375 5434; x_wconf 77' lang='lat' dir='ltr'><strong>graviter</strong></span> <span class='ocrx_word' id='word_1_958' title='bbox 2415 5361 2666 5434; x_wconf 62' lang='lat' dir='ltr'><strong>cazditur,</strong></span> <span class='ocrx_word' id='word_1_959' title='bbox 2699 5360 2796 5434; x_wconf 80' lang='lat' dir='ltr'><strong>sed</strong></span> <span class='ocrx_word' id='word_1_960' title='bbox 2835 5359 3123 5415; x_wconf 80' lang='lat' dir='ltr'><strong>immobilis</strong></span> <span class='ocrx_word' id='word_1_961' title='bbox 3155 5361 3449 5434; x_wconf 75' lang='lat' dir='ltr'><strong>persistens</strong></span> 
     </span>
    </p>
   </div>
   <div class='ocr_carea' id='block_1_133' title="bbox 1869 5430 3445 5505">
    <p class='ocr_par' dir='ltr' id='par_1_133' title="bbox 1869 5430 3445 5505">
     <span class='ocr_line' id='line_1_134' title="bbox 1869 5430 3445 5505; baseline -0.002 -17"><span class='ocrx_word' id='word_1_962' title='bbox 1869 5435 1923 5489; x_wconf 91' lang='lat' dir='ltr'><strong>in</strong></span> <span class='ocrx_word' id='word_1_963' title='bbox 1949 5430 2219 5491; x_wconf 76' lang='lat' dir='ltr'><strong>carcerem</strong></span> <span class='ocrx_word' id='word_1_964' title='bbox 2244 5434 2560 5505; x_wconf 88' lang='lat' dir='ltr'><strong>conjicitur;</strong></span> <span class='ocrx_word' id='word_1_965' title='bbox 2584 5430 3090 5505; x_wconf 71' lang='lat' dir='ltr'><strong>deindeposuluam</strong></span> <span class='ocrx_word' id='word_1_966' title='bbox 3121 5432 3445 5505; x_wconf 80' lang='lat' dir='ltr'><strong>carbonibus</strong></span> 
     </span>
    </p>
   </div>
   <div class='ocr_carea' id='block_1_134' title="bbox 1869 5501 3446 5575">
    <p class='ocr_par' dir='ltr' id='par_1_134' title="bbox 1869 5501 3446 5575">
     <span class='ocr_line' id='line_1_135' title="bbox 1869 5501 3446 5575; baseline -0.001 -15"><span class='ocrx_word' id='word_1_967' title='bbox 1869 5516 2041 5562; x_wconf 84' lang='lat' dir='ltr'><strong>tostus</strong></span> <span class='ocrx_word' id='word_1_968' title='bbox 2070 5518 2232 5573; x_wconf 84' lang='lat' dir='ltr'><strong>esset,</strong></span> <span class='ocrx_word' id='word_1_969' title='bbox 2266 5501 2685 5575; x_wconf 67' lang='lat' dir='ltr'><strong>poétequulcum</strong></span> <span class='ocrx_word' id='word_1_970' title='bbox 2707 5514 2758 5559; x_wconf 90' lang='lat' dir='ltr'><strong>et</strong></span> <span class='ocrx_word' id='word_1_971' title='bbox 2786 5501 2931 5558; x_wconf 82' lang='lat' dir='ltr'><strong>faces</strong></span> <span class='ocrx_word' id='word_1_972' title='bbox 2962 5504 3154 5571; x_wconf 87' lang='lat' dir='ltr'><strong>ignitas</strong></span> <span class='ocrx_word' id='word_1_973' title='bbox 3186 5502 3446 5575; x_wconf 72' lang='lat' dir='ltr'><strong>lateribus</strong></span> 
     </span>
    </p>
   </div>
   <div class='ocr_carea' id='block_1_135' title="bbox 1866 5572 3452 5647">
    <p class='ocr_par' dir='ltr' id='par_1_135' title="bbox 1866 5572 3452 5647">
     <span class='ocr_line' id='line_1_136' title="bbox 1866 5572 3452 5647; baseline -0.004 -12"><span class='ocrx_word' id='word_1_974' title='bbox 1866 5577 2171 5641; x_wconf 80' lang='lat' dir='ltr'><strong>adhibitas,,</strong></span> <span class='ocrx_word' id='word_1_975' title='bbox 2214 5572 2337 5647; x_wconf 77' lang='lat' dir='ltr'><strong>post</strong></span> <span class='ocrx_word' id='word_1_976' title='bbox 2375 5572 2539 5632; x_wconf 75' lang='lat' dir='ltr'><strong>etiam</strong></span> <span class='ocrx_word' id='word_1_977' title='bbox 2571 5576 2670 5629; x_wconf 88' lang='lat' dir='ltr'><strong>alia</strong></span> <span class='ocrx_word' id='word_1_978' title='bbox 2711 5575 2946 5631; x_wconf 83' lang='lat' dir='ltr'><strong>inaudita</strong></span> <span class='ocrx_word' id='word_1_979' title='bbox 2980 5584 3264 5647; x_wconf 87' lang='lat' dir='ltr'><strong>tormenta,</strong></span> <span class='ocrx_word' id='word_1_980' title='bbox 3296 5572 3452 5630; x_wconf 85' lang='lat' dir='ltr'><strong>deni—</strong></span> 
     </span>
    </p>
   </div>
   <div class='ocr_carea' id='block_1_136' title="bbox 1865 5646 3449 5721">
    <p class='ocr_par' dir='ltr' id='par_1_136' title="bbox 1865 5646 3449 5721">
     <span class='ocr_line' id='line_1_137' title="bbox 1865 5646 3449 5721; baseline -0.005 -15"><span class='ocrx_word' id='word_1_981' title='bbox 1865 5665 1971 5721; x_wconf 89' lang='lat' dir='ltr'><strong>que</strong></span> <span class='ocrx_word' id='word_1_982' title='bbox 2014 5649 2187 5721; x_wconf 87' lang='lat' dir='ltr'><strong>gladio</strong></span> <span class='ocrx_word' id='word_1_983' title='bbox 2224 5646 2401 5717; x_wconf 84' lang='lat' dir='ltr'><strong>capite</strong></span> <span class='ocrx_word' id='word_1_984' title='bbox 2438 5656 2721 5704; x_wconf 12' lang='lat' dir='ltr'><strong>atruncJtus</strong></span> <span class='ocrx_word' id='word_1_985' title='bbox 2746 5647 3025 5721; x_wconf 27' lang='lat' dir='ltr'><strong>estaPetr.</strong></span> <span class='ocrx_word' id='word_1_986' title='bbox 3056 5646 3123 5702; x_wconf 86' lang='lat' dir='ltr'><strong>de</strong></span> <span class='ocrx_word' id='word_1_987' title='bbox 3156 5646 3449 5721; x_wconf 70' lang='lat' dir='ltr'><strong>Natalibns.</strong></span> 
     </span>
    </p>
   </div>
   <div class='ocr_carea' id='block_1_137' title="bbox 1866 5716 3456 5789">
    <p class='ocr_par' dir='ltr' id='par_1_137' title="bbox 1866 5716 3456 5789">
     <span class='ocr_line' id='line_1_138' title="bbox 1866 5716 3456 5789; baseline -0.001 -11"><span class='ocrx_word' id='word_1_988' title='bbox 1866 5716 1940 5763; x_wconf 75' lang='grc' dir='ltr'><strong>-ῖ-</strong></span> <span class='ocrx_word' id='word_1_989' title='bbox 1953 5716 2279 5778; x_wconf 71' lang='lat' dir='ltr'><strong>Justinianus</strong></span> <span class='ocrx_word' id='word_1_990' title='bbox 2298 5716 2489 5789; x_wconf 88' lang='lat' dir='ltr'><strong>imper.</strong></span> <span class='ocrx_word' id='word_1_991' title='bbox 2507 5726 2558 5775; x_wconf 90' lang='lat' dir='ltr'><strong>in</strong></span> <span class='ocrx_word' id='word_1_992' title='bbox 2576 5720 2832 5776; x_wconf 87' lang='lat' dir='ltr'><strong>honorem</strong></span> <span class='ocrx_word' id='word_1_993' title='bbox 2929 5718 3163 5774; x_wconf 74' lang='lat' dir='ltr'><strong>Platonis</strong></span> <span class='ocrx_word' id='word_1_994' title='bbox 3183 5732 3268 5772; x_wconf 91' lang='lat' dir='ltr'><strong>am</strong></span> <span class='ocrx_word' id='word_1_995' title='bbox 3276 5716 3456 5788; x_wconf 74' lang='lat' dir='ltr'><strong>plissi-</strong></span> 
     </span>
    </p>
   </div>
   <div class='ocr_carea' id='block_1_138' title="bbox 1868 5780 3286 5859">
    <p class='ocr_par' dir='ltr' id='par_1_138' title="bbox 1868 5780 3286 5859">
     <span class='ocr_line' id='line_1_139' title="bbox 1868 5780 3286 5859; baseline -0.01 0"><span class='ocrx_word' id='word_1_996' title='bbox 1868 5796 2206 5859; x_wconf 73' lang='lat' dir='ltr'><strong>maluerein</strong></span> <span class='ocrx_word' id='word_1_997' title='bbox 2228 5780 2657 5854; x_wconf 79' lang='lat' dir='ltr'><strong>monumentum.</strong></span> <span class='ocrx_word' id='word_1_998' title='bbox 2684 5801 2743 5850; x_wconf 83' lang='lat' dir='ltr'><strong>ut</strong></span> <span class='ocrx_word' id='word_1_999' title='bbox 2760 5780 3286 5850; x_wconf 61' lang='lat' dir='ltr'><strong>scriliitProcouiusJ</strong></span> 
     </span>
    </p>
   </div>
  </div>
