3988 6346
572 382 680 445 985

1327 383 1528 441 BED/E
1568 360 2014 439 VENRRABILIS
2053 381 2203 437 opp.
2247 380 2422 436 usus
2460 379 2547 435 ιν.
2589 358 2659 421 -4
2699 379 3077 439 HISTORICA.
3736 382 3843 443 est

1835 490 2057 547 EDITIO
2096 489 2565 545 COLONIENSIS.

574 586 1006 660 Philippensibus
1038 586 1225 642 scribit
1265 601 1281 641 :
1316 585 1561 640 Evodiam
1606 600 1752 655 rogo,
1779 593 1823 638 et
1853 582 2162 653 Syntychem
2190 586 2245 643 Α
2274 581 2456 634 centii.
2512 581 2663 649 Apud
2707 580 2998 637 Emeritam
3045 580 3312 651 Hispanire
3352 579 3619 635 civitatem
3666 582 3830 640 natals

573 681 819 754 deprecor
845 721 860 746 ,
900 681 955 735 id
977 681 1143 750 ipsum
1168 696 1343 752 sapere
1372 681 1423 733 in
1454 679 1696 733 Domino.
1726 677 1955 746 Ancyra:
1987 676 2156 728 Gala—

572 775 660 829 tiae
695 774 871 829 natale
895 772 1078 829 Sancti
1118 771 1353 826 Platonis
1379 770 1627 840 martyris
1658 813 1671 835 ,
1706 769 1858 837 cujus
1888 778 2033 837 gesta
2062 766 2154 819 ha-

572 861 785 916 bentur.
810 863 866 918 In
901 861 1178 917 Antiochia
1209 861 1389 932 Cyrilli
1420 860 1675 929 episcopi,
1709 868 1762 913 et
1788 859 2035 913 Andrem.

650 952 715 1007 A.
746 952 1064 1007 XKALEND.
1117 958 1351 1007 Aucusr.
1406 952 1561 1020 Apud
1629 951 1933 1004 Ravennam
1987 947 2154 1003 sancti

569 1038 886 1109 Apollinaris
934 1042 1190 1110 episcopi.
1243 1041 1337 1096 llic
1368 1040 1548 1095 Romae
1585 1041 1858 1095 ordinatus
1908 1056 1937 1093 a
2001 1040 2157 1097 beato

569 1130 727 1186 Petro
756 1133 1035 1201 apostolo,
1084 1133 1391 1187 Ravennam
1443 1132 1677 1186 directus
1703 1140 1804 1185 est.
1849 1132 1947 1198 Qui
1994 1132 2153 1185 etiam

537 1221 621 1298 {in
654 1223 871 1278 Emilia
897 1226 1208 1294 prmdicavit
1231 1270 1245 1294 ,
1277 1233 1327 1280 et
1357 1226 1589 1294 partibus
1634 1224 2032 1279 Corinthiorum
2059 1268 2073 1291 ,
2100 1235 2154 1281 et

532 1310 542 1317 ’
570 1312 625 1365 in
657 1312 841 1384 Mysia,
876 1325 929 1369 et
952 1316 1003 1369 in
1035 1318 1146 1384 ripa
1176 1315 1415 1377 Danubii,
1446 1324 1500 1369 et
1542 1316 1593 1370 in
1626 1316 1864 1384 partibus
1886 1316 2150 1383 Thraciae,

576 1402 625 1455 in
671 1403 861 1473 quibus
904 1405 1031 1459 locis
1071 1406 1260 1461 exsilio
1307 1406 1572 1474 relegatus
1604 1416 1709 1471 est,
1768 1418 1820 1461 et
1852 1407 2153 1477 ubicunque

567 1494 832 1562 pervenit,
866 1496 1172 1551 innumeras
1222 1498 1443 1552 virtutes
1474 1497 1617 1565 fecit,
1666 1508 1720 1553 et
1762 1500 2037 1568 passiones
2067 1516 2155 1555 su-

564 1574 771 1643 stinuit.
823 1574 954 1643 Nam
981 1606 1102 1643 cum
1134 1591 1297 1644 nimia
1344 1590 1488 1644 caede
1515 1600 1675 1657 esset,
1698 1602 1753 1646 et
1793 1608 2000 1647 rursum
2026 1592 2152 1645 diu-

577 1681 681 1735 tius
724 1680 952 1735 fustibus
999 1696 1190 1748 cazsus,
1222 1696 1284 1736 ac
1312 1681 1469 1735 nudis
1511 1683 1730 1751 pedibus
1772 1698 1933 1751 super
1960 1700 2154 1752 prunas

573 1772 876 1843 impositus,
910 1790 1119 1829 rursum
1149 1789 1339 1844 cassus,
1370 1786 1422 1829 et
1446 1776 1673 1844 equuleo
1704 1792 2011 1846 suspensus,
2047 1788 2155 1832 tor-

491 1918 496 1924 ,
570 1874 655 1917 tus
711 1875 811 1927 est,
838 1874 893 1919 et
943 1880 1071 1920 saxo
1116 1881 1176 1920 os
1236 1867 1351 1936 ejus
1399 1877 1705 1935 contusum,
1753 1879 1807 1924 et
1836 1871 2154 1939 gravissimo

2260 672 2434 726 sancti
2488 672 2715 727 Victoris
2744 673 3010 739 militaris,
3064 674 3151 743 qui
3197 688 3316 726 cum
3354 672 3565 726 duobus
3593 669 3830 728 fratribus

2260 763 2535 828 Trichino,
2587 772 2643 817 et
2682 765 3017 834 Antinogeno
3066 763 3290 817 diversis
3336 762 3669 819 examinatus
3717 776 3830 831 sup-

2260 856 2449 923 pliciis,
2506 857 2816 927 martyrium
2862 858 3271 912 consummavit.
3313 856 3368 910 In
3400 856 3544 925 Tyro
3576 854 3713 921 apud
3738 855 3829 909 Ita-

2258 949 2405 1015 liam,
2438 966 2555 1019 qua:
2583 960 2665 1003 est
2694 950 2835 1003 circa
2882 949 3052 1003 lacum
3089 949 3385 1015 Vulsinum,
3421 947 3599 1001 natale
3647 957 3827 1001 sancte

2256 1041 2537 1097 Christinze
2587 1032 2827 1111 virginis,
2866 1057 2985 1112 quae
3027 1044 3076 1095 in
3120 1040 3385 1094 Christum
3418 1039 3672 1101 credens,
3706 1040 3828 1093 deos

2258 1153 2449 1193 aureos
2478 1145 2531 1192 et
2578 1147 2857 1205 argenteos
2885 1134 3086 1190 Urbani
3120 1134 3351 1203 praefecti
3410 1134 3579 1202 patris
3609 1132 3689 1186 sui
3714 1146 3826 1185 cou-

2259 1231 2437 1299 fregit,
2465 1230 2891 1298 pauperibusque
2906 1229 3193 1283 distribuit.
3220 1228 3299 1282 0b
3325 1227 3423 1281 hoc
3443 1227 3673 1296 jubente
3693 1235 3826 1295 patre

2258 1323 2451 1378 afﬂicta
2487 1324 2675 1392 alapis,
2704 1324 3116 1392 verberibusque
3144 1322 3418 1390 dilaniata,
3444 1320 3593 1375 ferro
3629 1330 3825 1384 onusta,

2258 1416 2309 1471 in
2341 1431 2609 1470 carcerem
2652 1428 2732 1470 est
2768 1415 3028 1483 conjecta.
3082 1416 3206 1468 Post
3235 1414 3349 1467 haec
3394 1428 3513 1467 cum
3544 1412 3826 1465 diutissime

2257 1516 2311 1561 et
2339 1506 2710 1561 crudelissime
2756 1506 3127 1570 dilaniaretur,
3179 1506 3245 1560 de
3273 1504 3525 1559 carnibus
3572 1503 3684 1557 suis
3708 1504 3825 1571 patri

2256 1601 2309 1655 in
2369 1600 2556 1655 faciem
2589 1601 2829 1672 projecit.
2864 1593 3098 1667 Cumque
3145 1598 3359 1668 alligata
3403 1606 3536 1651 rotae
3578 1596 3685 1665 igni
3712 1610 3822 1663 sup-

2257 1695 2432 1764 posito
2463 1706 2512 1750 et
2558 1696 2675 1749 fuso
2724 1695 2953 1761 desuper
3012 1693 3135 1747 oleo
3183 1700 3495 1753 terreretur,
3555 1702 3824 1757 erumpens

2256 1786 2468 1840 ﬂamma
2514 1786 2657 1840 mille
2707 1785 2985 1854 gentilium
3048 1782 3329 1837 interfecit.
3388 1781 3586 1835 lterum
3644 1778 3824 1834 carceri

2259 1880 2469 1945 tradita,
2503 1881 2695 1945 angelo
2726 1878 2973 1933 visitante
3003 1886 3185 1931 sanata
3213 1885 3295 1931 est
3342 1884 3397 1929 et
3438 1875 3639 1929 refecta
3667 1892 3681 1939 ;
3719 1872 3824 1927 dein

569 1955 701 2009 ferri
736 1956 971 2024 pondere
1018 1954 1275 2024 inclusus,
1324 1958 1373 2011 in
1406 1973 1621 2013 carcere
1666 1960 1941 2027 horrifico,
1992 1970 2150 2030 atque
2185 1960 2229 2020 B
2257 1989 2375 2027 cum
2401 1987 2590 2041 magno
2621 1970 2731 2025 saxi
2763 1970 2993 2040 pondere
3039 1970 3088 2021 in
3120 1982 3267 2021 mare
3291 1967 3489 2036 jactata
3524 2008 3542 2032 ,
3605 1965 3825 2034 angelico

565 2047 621 2100 in
648 2047 790 2117 ligno
818 2059 1071 2103 extensus
1113 2059 1216 2115 est,
1251 2049 1336 2103 ubi
1372 2050 1438 2103 ab
1470 2050 1772 2105 hominibus
1802 2052 2014 2120 quidem
2053 2069 2146 2105 ne-

567 2142 792 2208 glectus,
819 2141 913 2195 sed
961 2140 1028 2195 ab
1056 2141 1299 2210 angelico
1343 2141 1552 2209 publice
1581 2150 1767 2211 pastus
1802 2153 1884 2197 est
1911 2161 1924 2211 ;
1956 2145 2151 2200 deinde

559 2242 836 2287 catenatus
876 2235 927 2287 in
975 2234 1217 2288 exsilium
1248 2233 1504 2287 directus
1547 2242 1649 2299 est,
1706 2236 1759 2289 in
1808 2252 1913 2303 quo
1941 2252 2146 2291 rursum

563 2324 761 2378 diutius
794 2326 1017 2382 fustibus
1047 2341 1238 2391 caesus,
1286 2337 1339 2381 et
1378 2342 1589 2380 rursum
1621 2328 1811 2396 ligatus
1845 2346 1872 2382 a
1908 2333 2143 2400 paganis,

564 2430 736 2469 caesus
760 2425 842 2471 est
872 2428 927 2473 et
957 2418 1285 2484 vulneratus,
1329 2428 1383 2473 et
1413 2418 1604 2473 iterum
1634 2421 1684 2474 in
1717 2436 1984 2477 carcerem
2012 2423 2143 2477 mis-

558 2521 649 2560 sus
676 2548 689 2573 ,
714 2518 767 2563 et
794 2525 962 2564 caesus
996 2512 1305 2580 martyrium
1347 2512 1760 2579 consummavit,
1802 2514 1900 2567 sub
1935 2514 2149 2584 Vespa-

558 2597 710 2654 siano
735 2600 968 2667 Caesare,
1001 2601 1364 2657 Demosthene
1396 2604 1637 2672 patricio.
1659 2603 1815 2659 Rexit
1841 2604 2143 2661 Ecclesiam

556 2703 728 2781 armos
756 2693 940 2761 viginti
968 2704 1113 2760 octo,
1138 2696 1253 2750 dies
1282 2706 1529 2765 quatuor.

674 2828 688 2841 .
719 2787 791 2842 IX
818 2786 1058 2845 Kacsun.
1093 2791 1335 2847 Aucusr.‘
1373 2790 1559 2846 Roma:
1598 2791 1774 2847 natale
1813 2794 1983 2848 sancti
2013 2793 2140 2847 Vin-

2261 2062 2505 2131 prmsidio
2557 2061 2771 2115 liberata
2829 2070 2929 2114 est.
2988 2058 3117 2112 Cum
3157 2067 3333 2111 autem
3388 2066 3611 2125 propter
3642 2056 3825 2109 scelera

2268 2164 2361 2204 sua
2390 2158 2540 2218 pater
2566 2150 2680 2217 ejus
2707 2150 2885 2203 fuisset
2907 2150 3219 2213 exstinctus,
3246 2161 3524 2202 successor
3555 2145 3674 2215 ejus
3708 2145 3824 2199 Dion

2258 2245 2438 2297 tnultis
2471 2259 2584 2297 eam
2635 2244 2906 2312 suppliciis
2952 2242 3157 2295 afflixit.
3206 2240 3505 2295 Novissime
3561 2252 3827 2293 successor

2258 2336 2516 2404 praadicti,
2549 2335 2791 2392 Julianus
2820 2341 3034 2391 nomine
3068 2377 3083 2401 ,
3134 2344 3253 2404 post
3282 2334 3551 2389 fornacem
3604 2332 3826 2387 canden-

2260 2438 2389 2493 tem,
2425 2430 2509 2483 ubi
2533 2431 2765 2498 quinque
2792 2430 2977 2481 diebus
3035 2428 3195 2482 illa-sa
3229 2426 3555 2496 permansit,
3580 2436 3699 2495 post
3725 2440 3825 2479 ser-

2253 2530 2439 2590 pentes
2463 2537 2489 2573 a
2509 2524 2743 2575 venefico
2768 2521 3060 2585 immissos,
3078 2518 3168 2572 sed
3187 2518 3289 2572 fide
3304 2517 3509 2573 Christi
3536 2529 3823 2585 superatos,

2251 2620 2371 2679 post
2399 2612 2777 2666 abscissionem
2829 2612 3042 2681 linguae,
3075 2609 3281 2679 sagittis
3307 2625 3424 2664 eam
3474 2609 3825 2676 conligipra—

2255 2703 2395 2771 cepit
2423 2745 2436 2766 ,
2467 2704 2649 2770 sicque
2697 2703 2937 2772 martyrii
2984 2701 3066 2755 sui
3100 2714 3317 2755 cursum
3351 2699 3669 2767 complevit,
3697 2711 3825 2751 anno

2248 2794 2422 2848 tetatis
2448 2794 2745 2848 undecimo.
2772 2792 2973 2848 Eodem
2996 2793 3081 2847 die
3097 2790 3277 2862 vigilia
3294 2791 3351 2847 S.
3370 2790 3559 2846 Jacobi
3577 2789 3819 2860 Apostoli.

1797 2903 2021 2958 EDITIO
2060 2903 2563 2960 BOLLANDIANA.

628 2989 720 3049 25.
762 3021 830 3032 —
866 2992 914 3047 Χ
953 2992 1087 3048 ΚΑι.
1128 2992 1313 3049 Natale
1341 2995 1398 3049 S.
1440 2994 1760 3064 Apollinaris
1809 2994 2043 3064 episcopi
2088 2995 2141 3076 i_n

560 3083 811 3140 Ravenna
845 3101 859 3138 :
891 3086 978 3154 qui
1011 3083 1195 3140 Romte
1226 3085 1504 3140 ordinatus
1553 3095 1635 3141 est
1665 3085 1731 3140 ab
1772 3086 2015 3153 apostolo
2047 3086 2145 3142 Pe-

559 3186 641 3231 tro
672 3186 727 3231 et
751 3176 877 3231 illuc
903 3176 1098 3230 missus
1126 3186 1205 3231 est
1241 3194 1252 3229 :
1286 3177 1374 3246 qui
1404 3175 1564 3231 etiam
1606 3176 1659 3230 in
1704 3174 1922 3230 AEmilia
1956 3173 2145 3243 prtedi-

2252 3011 2443 3061 cmsus,
2474 3005 2528 3051 et
2568 3009 2781 3050 rursum
2826 2994 2880 3048 in
2911 2992 3163 3047 Ravenna
3198 2992 3387 3061 ligatus
3430 3006 3460 3045 a
3491 2990 3712 3061 paganis
3736 3005 3824 3045 ur.-

2253 3106 2341 3144 sus
2388 3100 2441 3145 et
2484 3088 2815 3153 vulneratus,
2865 3096 2917 3141 et
2962 3100 3172 3140 rursum
3214 3084 3266 3138 in
3307 3097 3525 3138 carcere
3555 3084 3746 3138 missus
3778 3089 3825 3137 et

2252 3195 2421 3235 caesus
2469 3180 2546 3234 sic
2593 3179 2907 3249 martyrium
2935 3175 3332 3233 consummavit
3374 3175 3474 3229 sub
3512 3174 3823 3244 Vespasiano

559 3270 719 3335 cavit,
751 3280 804 3324 et
834 3270 885 3323 in
916 3271 1154 3339 partibus
1183 3267 1578 3350 Corinthiorum
1608 3266 1727 3341 [D.,
1754 3268 2142 3336 'l‘horitiorum,
2173 3304 2221 3367 ο
2253 3272 2483 3339 (lzesare,
2534 3271 2897 3327 Demosthene
2942 3269 3182 3340 patricio.
3227 3266 3388 3323 Rexit
3418 3266 3713 3322 Ecclesiam
3741 3281 3821 3320 an-

560 3365 690 3434 farte
728 3362 1172 3433 Carinthiorum],
1204 3373 1258 3418 et
1306 3364 1358 3417 in
1386 3346 1549 3431 Mysia
1587 3363 1721 3417 etin
1764 3361 1881 3431 ripa
1920 3361 2147 3416 Danubii

554 3454 692 3510 etin
725 3454 962 3521 partibus
993 3454 1271 3509 Tarachize
1302 3453 1389 3525 [Τ.
1423 3453 1510 3517 L.,
1534 3453 1794 3525 Thracia]
1831 3472 1842 3507 :
1877 3454 1929 3508 in
1959 3454 2151 3523 quibus

560 3546 691 3601 locis
721 3545 908 3601 exsilio
938 3544 1204 3613 relegatus
1234 3552 1334 3598 est.
1390 3545 1453 3597 Et
1496 3545 1802 3628 ubicunque
1850 3545 2025 3614 potuit
2070 3544 2144 3599 in-

560 3651 810 3691 numeras
839 3638 1066 3691 virtutes
1112 3636 1259 3702 fecit,
1289 3643 1343 3689 et
1386 3637 1661 3703 passiones
1699 3635 1947 3690 sustinuit
1981 3654 1993 3688 :
2028 3651 2148 3690 nam

558 3725 721 3782 nimia
773 3742 893 3781 cum
944 3726 1091 3782 cazde
1137 3734 1402 3779 mactatus
1452 3734 1555 3792 est,
1606 3735 1659 3779 et
1704 3739 1913 3779 rursum
1952 3724 2150 3778 diutius

558 3817 784 3872 fustibus
832 3833 1022 3884 caesus,
1074 3832 1136 3873 ac
1182 3818 1338 3873 nudis
1380 3816 1601 3886 pedibus
1630 3831 1789 3886 super
1820 3830 2017 3887 prunas
2040 3816 2141 3869 im-

558 3909 787 3980 positus,
817 3922 870 3966 et
896 3910 1123 3981 equuleo
1166 3924 1435 3979 appensus
1484 3918 1664 3963 tensus
1690 3917 1790 3973 est,
1832 3916 1887 3962 et
1924 3921 2054 3961 saxo
2083 3920 2144 3961 os

560 4000 677 4072 ejus
707 4012 991 4056 contusum
1019 4012 1121 4070 est,
1154 4012 1207 4055 et
1235 4016 1354 4054 cum
1395 3999 1714 4069 gravissimo
1754 3998 1877 4053 ferri
1908 3998 2144 4067 pondere

559 4091 797 4147 inclusus
845 4108 1060 4147 carcere
1111 4091 1351 4146 horribili
1400 4102 1558 4159 atque
1608 4091 1661 4144 in
1700 4090 1842 4159 ligno
1894 4099 2145 4143 extensus

556 4190 664 4249 est,
695 4182 719 4209 ⁸
753 4183 841 4237 ubi
896 4182 1201 4237 [nominibus
1244 4182 1457 4252 quidem
1506 4182 1795 4251 neglectus,
1829 4180 1924 4234 sed
1957 4181 2022 4234 ab
2050 4196 2144 4234 an-

559 4275 679 4344 gelo
702 4275 917 4345 publice
939 4291 1125 4345 passus
1154 4284 1257 4331 est.
1285 4272 1313 4311 ι)
1352 4275 1555 4329 Deinde
1583 4282 1860 4329 catenatus
1889 4280 1943 4327 et
1973 4275 2025 4327 in
2057 4288 2149 4327 ex-

557 4365 737 4421 silium
781 4366 1015 4423 directus
1060 4376 1163 4435 est,
1209 4367 1264 4422 in
1309 4380 1417 4436 quo
1462 4380 1673 4421 rursum
1698 4365 1897 4420 diutius
1928 4364 2150 4420 fustibus

2256 3367 2339 3419 nis
2365 3364 2550 3433 viginti
2577 3364 2692 3417 dies
2721 3372 2863 3418 octo.

2328 3477 2403 3531 Ita
2444 3477 2507 3533 Ι).
2540 3478 2635 3531 Ast
2664 3480 2719 3532 Β.
2751 3475 2812 3531 C.
2855 3477 2920 3531 A.
2967 3476 3055 3539 T.,
3086 3475 3253 3530 Annis
3281 3475 3469 3545 viginti
3497 3482 3623 3531 octo
3650 3482 3702 3529 et
3726 3472 3825 3527 dies

2255 3558 2503 3617 quatuor.
2524 3548 2611 3610 V..
2641 3548 2809 3602 Annis
2838 3548 3049 3617 triginta
3079 3557 3132 3602 et
3159 3557 3303 3602 octo.
3329 3549 3415 3613 L.,
3448 3546 3622 3601 Annis
3655 3546 3824 3600 decem

2255 3630 2309 3675 et
2336 3628 2456 3673 octo
2486 3627 2539 3673 et
2563 3619 2749 3673 diebus
2778 3628 3025 3688 quatuor.

2325 3689 2386 3744 (ἒ.
2422 3688 2508 3755 V.,
2559 3690 2741 3744 Romae
2769 3686 2809 3719 θ’
2838 3688 3123 3744 Vincentii.
3171 3686 3361 3743 Natale
3406 3686 3698 3743 Primitivi.
3742 3686 3826 3754 B.,

2254 3759 2285 3797 ἀ
2311 3760 2613 3815 Primitive.

2318 3872 2408 3930 24.
2425 3903 2495 3915 ——
2517 3873 2587 3927 IX
2608 3872 2745 3928 KAL.
2768 3872 2953 3929 Natale
2975 3873 3031 3930 S.
3069 3876 3092 3906 ⁸
3113 3872 3430 3928 Christianae
3450 3872 3569 3941 (sic)
3601 3870 3826 3941 virginis.

2321 3990 2384 4043 A.
2425 3989 2489 4043 Τ.
2535 3990 2617 4051 L.,
2653 3996 2949 4052 prmnotant
2991 3988 3045 4041 in
3088 3990 3283 4041 civitate
3323 3987 3484 4057 Tyro.
3534 3987 3598 4041 C.
3651 3986 3741 4049 V.,
3780 3985 3829 4038 In

2248 4061 2467 4115 Am.....
2499 4062 2556 4115 S.
2595 4059 2611 4097 ί
2649 4060 2923 4113 Victorini.
2952 4060 3009 4113 Β.
3041 4060 3105 4113 Α.
3136 4059 3198 4111 Τ.
3234 4059 3316 4122 L.,
3346 4059 3401 4110 In
3436 4058 3690 4110 Armenia
3722 4070 3831 4123 pas-

2248 4129 2476 4201 sioisS.
2521 4132 2814 4193 Theozoni,
2853 4130 3098 4193 Victoris,
3143 4140 3193 4181 et
3236 4128 3478 4201 Militaris
3509 4128 3621 4201 [B.,
3656 4128 3833 4180 Milita-

2256 4200 2360 4272 nis]
2395 4204 2525 4270 :qui
2559 4205 2721 4272 multa
2754 4211 3013 4255 tormenta
3046 4201 3185 4267 passi
3224 4209 3366 4252 sunt.
3405 4200 3607 4251 llorum
3643 4200 3833 4267 primus

2256 4271 2407 4326 abest
2455 4288 2484 4325 a
2533 4287 2632 4326 ms.
2678 4271 2738 4324 L.
2788 4272 2911 4327 Sola
2948 4272 3179 4339 regionis
3207 4278 3261 4323 et
3290 4279 3587 4339 martyrum
3630 4272 3833 4325 nomina

2256 4352 2525 4411 ponuntur
2553 4345 2604 4396 in
2637 4344 2697 4397 Β.

1951 4479 2159 4536 SMITH
2199 4478 2423 4537 NOT/E.

626 4579 656 4609 ι
688 4570 864 4626 Verba
890 4570 975 4624 ubi
996 4570 1215 4639 homin.,
1242 4579 1372 4637 elc.,
1396 4585 1564 4639 usque
1590 4570 1657 4626 ad
1683 4586 1845 4626 catsus
1872 4586 1981 4627 om.
2013 4571 2073 4627 L.

628 4639 656 4679 ι’
688 4640 863 4695 Verba
897 4640 1158 4696 Deinde...
1188 4642 1409 4695 directus
1439 4651 1513 4695 est
1539 4657 1646 4695 om.
1678 4641 1745 4696 A.

632 4723 655 4752 ο
697 4709 969 4766 Vincentii.
1021 4711 1204 4765 Roma:
1250 4712 1333 4765 via
1381 4712 1677 4766 Tiburtina.
1724 4713 1800 4766 De
1848 4727 1952 4781 quo
1992 4714 2144 4768 Baeda

559 4782 721 4853 vulg:
738 4783 993 4847 Usuard.,
1022 4782 1157 4853 Ado,
1180 4781 1438 4853 Baronius
1463 4782 1658 4851 aliique
1687 4782 1939 4851 postridie
1962 4794 2142 4853 agunt.

632 4856 654 4887 α
694 4851 988 4906 Primitivw.
1029 4852 1121 4906 Via
1167 4852 1364 4906 Accula
1415 4866 1583 4921 passa:
1623 4853 1773 4922 juxta
1804 4851 2093 4910 Notkerum
2129 4872 2143 4909 :

562 4924 665 4983 Alii
695 4922 879 4976 Romae
910 4923 1073 4977 solius
1101 4923 1424 4977 mentionem
1456 4924 1675 4978 faciunt.

635 4990 979 5066 °_Cliris_tince.
1005 4992 1070 5066 In
1093 4993 1281 5049 Tuscia
1313 4994 1449 5060 apud
1484 4996 1751 5066 civitatem
1778 4994 2000 5066 Tyrum,
2025 5011 2145 5063 quae

558 5076 642 5119 est
662 5063 1009 5133 juxtalacum
1030 5064 1330 5133 Vulsinum,
1356 5079 1547 5133 passae.
1572 5065 1669 5131 Qui
1700 5068 1749 5119 in
1783 5063 1961 5120 tenera
1984 5077 2143 5122 aetate

558 5135 753 5191 Christi
805 5132 908 5187 fide
957 5132 1286 5202 conﬁrmata,
1332 5132 1462 5188 deos
1509 5151 1699 5189 aureos
1752 5136 1949 5189 Urbani
1984 5137 2144 5200 patris

562 5209 642 5261 sui
676 5204 910 5274 prazfecli
939 5204 1190 5258 contrivit
1210 5214 1262 5258 et
1286 5206 1607 5272 pauperibus
1630 5205 1916 5259 distribuit.
1940 5208 2020 5261 0b
2043 5207 2144 5261 hoc

556 5278 776 5347 jubente
822 5285 970 5343 patre
1014 5275 1182 5343 alapis
1229 5275 1445 5343 afflicta,
1499 5276 1809 5347 verberibus
1866 5277 2140 5347 dilaniata,

558 5344 703 5403 ferro
749 5354 991 5407 onerata,
1042 5347 1090 5398 in
1135 5360 1405 5400 carcerem
1454 5344 1694 5414 conjecta
1741 5356 1841 5400 est.
1874 5346 2000 5399 Post
2031 5350 2145 5402 haec

559 5434 681 5475 cum
711 5416 1010 5471 diutissime
1032 5424 1084 5468 et
1105 5416 1475 5471 crudelissime
1500 5417 1864 5481 dilaniaretur,
1890 5416 1954 5470 de
1982 5431 2143 5473 carne

560 5505 656 5544 sua
706 5489 839 5555 patri
894 5489 943 5539 in
990 5486 1177 5540 faciem
1208 5486 1447 5554 projecit.
1483 5487 1719 5555 Cumque
1757 5487 1966 5555 alligata
2012 5499 2143 5542 rota:

561 5560 667 5627 igni
698 5558 969 5626 supposito
998 5566 1051 5611 et
1075 5562 1189 5611 fuso
1210 5558 1438 5625 desuper
1480 5557 1601 5612 oleo
1632 5568 1940 5627 torreretur,
1966 5574 2144 5611 crum-

560 5626 693 5699 pens
720 5628 931 5681 ﬂamma
956 5627 1100 5682 mille
1122 5628 1399 5699 gentilium
1428 5629 1713 5682 interfecit.
1747 5626 1940 5699 lterum
1965 5638 2143 5683 autem

560 5698 759 5753 i-arccri
813 5699 1043 5762 tradita,
1096 5698 1162 5751 ab
1212 5699 1402 5767 angelo
1455 5707 1635 5752 sanata
1689 5708 1742 5751 et
1789 5698 1983 5753 refeCta
2041 5712 2145 5754 est.

560 5769 779 5825 Deinde.
810 5782 930 5821 cum
985 5784 1181 5839 magno,
1219 5770 1331 5823 saxi
1378 5770 1612 5837 pondere
1656 5770 1711 5822 in
1753 5785 1900 5825 mare
1926 5771 2143 5838 jactata,

562 5840 799 5913 angelico
838 5838 1093 5909 praesidio
1133 5838 1353 5895 liberata
1399 5849 1500 5896 est.
1542 5839 1732 5910 Quam,
1777 5848 1925 5911 patre
1971 5840 2148 5899 subito

2172 4572 2225 4632 D
2251 4572 2525 4639 defuncto,
2557 4587 2836 4627 successor
2868 4570 2984 4641 ejus
3014 4570 3152 4626 Dion
3182 4571 3366 4625 multis
3405 4569 3599 4625 iterum
3640 4571 3835 4639 suppli-

2252 4644 2347 4697 ciis
2392 4644 2578 4697 afﬂixit
2609 4663 2618 4696 :
2650 4644 2743 4698 sed
2794 4653 2980 4697 orante
3028 4642 3139 4701 illa.
3188 4642 3535 4695 simulacrum
3580 4642 3834 4710 Apollinis

2254 4729 2410 4783 quem
2441 4716 2663 4767 adorare
2688 4715 2995 4781 jubebatur,
3022 4714 3074 4766 in
3102 4712 3334 4765 favillam
3365 4714 3541 4783 suhilo
3571 4714 3835 4765 redactum

2255 4782 2356 4840 est.
2409 4787 2526 4851 Quo
2571 4785 2828 4839 miraculo
2880 4785 2975 4854 tria
3025 4783 3190 4836 millia
3239 4782 3512 4854 hominum
3559 4784 3623 4835 ad
3686 4784 3834 4835 fidem

2253 4855 2447 4909 Christi
2479 4870 2736 4909 conversa
2777 4852 2928 4909 sunt.
2950 4854 3270 4918 Novissime,
3301 4852 3469 4907 Dione
3494 4854 3657 4906 etiam
3699 4866 3836 4906 mor-

2254 4936 2364 4991 tuo,
2421 4941 2589 4979 novus
2638 4925 2918 4993 prtefectus
2967 4925 3209 4980 Julianus
3245 4934 3361 4989 post
3402 4924 3677 4977 fornacem
3719 4938 3839 4975 can-

2252 4997 2486 5057 dentem,
2532 5007 2648 5065 post
2696 5008 2970 5064 serpentes
3014 5012 3043 5048 a
3090 4996 3325 5048 venefico
3374 4994 3678 5057 immissos,
3732 5000 3841 5065 post

2253 5064 2634 5120 abscissionem
2666 5068 2877 5135 lingum,
2908 5066 3111 5133 sagittis
3150 5081 3266 5117 eam
3308 5065 3500 5131 conligi
3548 5064 3840 5131 przecepit:

2255 5138 2435 5203 sicque
2482 5152 2696 5191 cursum
2751 5139 2989 5209 martyrii
3035 5137 3115 5209 sui
3162 5137 3310 5209 beata
3362 5137 3509 5203 virgo
3554 5135 3838 5209 complevit

2254 5222 2392 5261 anno
2434 5209 2604 5261 artatis
2642 5224 2753 5261 sua:
2782 5206 3007 5262 decimo.
3056 5206 3188 5269 Auo,
3221 5207 3460 5259 Norncn.
3492 5216 3545 5257 et
3574 5206 3718 5257 circa
3751 5220 3842 5256 an-

2254 5294 2379 5331 num
2427 5278 2557 5332 287.
2590 5279 2795 5346 Curpns
2843 5295 3015 5332 autem
3065 5279 3179 5343 ejus
3226 5278 3457 5329 delatum
3505 5275 3762 5330 Venetiae
3795 5277 3841 5327 in

2254 5351 2639 5403 monasterium
2670 5353 2723 5404 S.
2752 5350 2909 5403 Mare:
2938 5354 3005 5400 ah
3034 5348 3217 5401 incolis
3245 5348 3365 5411 loci,
3399 5362 3538 5400 nunc
3566 5348 3845 5410 quiescere

2254 5421 2580 5488 perhibetur.
2634 5423 2799 5474 l’ern.
2851 5437 2917 5474 ne
2966 5418 3168 5472 Name.
3214 5420 3416 5482 Corpus
3457 5420 3513 5471 δ.
3556 5416 3845 5488 Christina:

2252 5487 2503 5545 Panormi
2556 5493 2606 5545 in
2658 5491 2838 5545 Sicilia
2884 5491 3143 5543 asservari
3190 5489 3402 5551 dicitur,
3452 5503 3547 5540 nec
3585 5489 3750 5539 aliam
3781 5487 3845 5540 ab

2252 5560 2351 5615 hac
2382 5578 2502 5617 esse
2534 5564 2766 5615 tradunt.
2804 5564 2999 5616 BARON.
3032 5561 3082 5613 in
3116 5560 3264 5612 Notis
3292 5560 3355 5613 ad
3391 5559 3658 5625 Martyrol.
3747 5573 3765 5590 ο

2325 5631 2342 5670 ί
2384 5632 2655 5687 Victorini.
2708 5634 2761 5685 In
2800 5632 3128 5686 Amiternina
3173 5632 3387 5685 civitate
3418 5629 3670 5682 milliaria
3695 5640 3843 5683 oct0~

2287 5705 2454 5758 esinio
2488 5708 2644 5758 tertio
2675 5705 2741 5757 ab
2772 5705 2903 5757 urbe
2936 5703 3125 5765 Roma,
3151 5702 3233 5755 via
3272 5702 3494 5760 Salaria.
3529 5700 3843 5771 Hieronymi

2249 5719 2523 5828 glartvrol.
2565 5775 2699 5828 Eum
2738 5773 2923 5828 Roma:
2954 5786 3167 5828 nassum
3195 5772 3384 5828 scribit
3408 5770 3697 5827 Notkerus.

2276 5773 2523 5845 lartyrol.
2565 5775 2699 5831 Eum
2738 5773 2923 5832 Roma:
2954 5786 3167 5844 passum
3195 5772 3384 5829 scribit
3408 5770 3697 5827 Notkerus.
