3988 6346
166 376 271 435 9δ5

1266 362 1269 367 '
1365 374 1553 433 sccr.
1588 374 1648 429 ιι.
1680 400 1749 415 -υ
1774 373 2322 433 ιιιΑιιτγιιοωςιΑ.

3340 377 3443 435 986

1464 488 1687 543 EDITIO
1711 485 2169 547 COLONIENSIS.

237 580 302 637 C.
342 578 450 633 Vlll
496 578 733 633 ΚΑΜ-ΞΜ).
788 580 1023 634 Aucusr.
1079 579 1263 634 l‘iatale
1310 577 1368 635 S.
1411 578 1589 633 Jacobi
1636 595 1758 647 apo-
1784 583 1835 637 A
1866 587 1970 645 tus,
2003 592 2155 635 aceto
2177 589 2231 635 et
2258 582 2441 650 sinape
2472 576 2715 649 perfusus
2735 586 2835 633 est.
2865 577 3106 647 Cumque
3147 575 3344 633 illaesus
3374 578 3444 634 ab

164 675 315 739 stoli,
358 672 442 725 filii
475 671 737 726 Zebedaai.
775 671 826 724 In
855 672 1058 733 Cilicia,
1086 672 1297 726 civitate
1326 672 1544 737 Samon,
1581 673 1758 727 natale

167 762 347 817 sancti
401 760 764 829 Chi-istophori
820 764 1098 831 martyris,
1144 766 1229 830 qui
1277 764 1375 817 sub
1425 762 1604 832 Dagno
1633 777 1758 831 rege

162 853 333 921 virgis
367 852 549 907 ferreis
590 852 798 907 attritus
824 895 838 921 ,
886 869 914 906 a
962 852 1187 909 ﬂammis
1216 856 1487 908 aestuantis
1526 852 1756 908 incendii

162 946 367 999 Christi
416 946 608 999 virtute
637 947 871 999 salvatus
901 957 1018 1012 est,
1050 947 1115 1000 ad
1164 947 1401 1001 ultimum
1441 947 1750 1017 sagittarum

164 1036 364 1090 ictibus
403 1037 712 1101 confossus,
756 1036 1063 1107 martyrium
1114 1036 1301 1105 capitis
1345 1036 1752 1093 obtruncatione

166 1126 482 1195 complevit.
508 1125 564 1179 In
594 1124 1117 1195 Hispaniis,civitate
1149 1125 1462 1191 Barcinona,
1488 1127 1660 1180 natale
1690 1128 1750 1181 S.

164 1220 499 1288 Cucuphatis
522 1221 792 1289 martyris,
823 1218 909 1288 qui
934 1233 1002 1273 ex
1026 1219 1239 1273 civitate
1262 1219 1537 1273 Scillitana
1568 1218 1751 1272 oriun-

168 1312 268 1365 dus
300 1311 427 1377 fuit,
460 1322 515 1367 et
545 1313 856 1367 Barcinona:
899 1314 997 1367 sub
1027 1312 1238 1368 Galerio
1264 1322 1315 1368 et
1352 1314 1675 1368 Maximiano
1703 1323 1755 1369 et

165 1404 366 1459 Rulino
396 1421 605 1475 passus,
638 1406 810 1475 primo
841 1408 1154 1476 gravissime
1184 1416 1350 1461 tortus
1376 1417 1429 1461 et
1452 1422 1622 1461 cmsus
1650 1418 1749 1473 est,

164 1497 290 1552 dein
341 1499 550 1553 catenis
596 1499 875 1565 astrictus,
922 1499 975 1553 in
1021 1498 1271 1554 craticula
1323 1500 1535 1566 insuper
1574 1509 1758 1551 exten-

1868 672 1990 741 igne
2033 673 2393 742 apparuisset,
2445 671 2633 725 iterum
2692 670 2832 724 ferro
2874 669 3118 737 vinctus,
3165 669 3217 724 in
3262 678 3447 724 custo-

1862 764 2001 817 diam
2035 775 2272 817 retrusus
2303 772 2416 827 est;
2448 764 2535 816 ubi
2568 762 2747 816 divino
2787 761 3069 829 Splendore
3117 761 3443 825 consolatur,

1862 864 1915 908 et
1967 863 2090 909 tunc
2141 855 2316 909 nervis
2365 852 2553 907 ferreis
2600 864 2653 908 et
2702 854 2925 909 taurinis
2970 851 3335 907 crudelissime
3364 860 3447 906 est

1861 962 2050 1001 caesus.
2089 946 2143 1000 In
2170 947 2355 1001 ultimo
2384 947 2578 1001 dictata
2601 957 2685 1001 est
2706 946 2967 1001 sententia
2995 963 3006 997 :
3034 963 3052 996 ι
3083 944 3443 1011 Cucuphatem

1860 1039 2112 1093 rebellem
2133 1039 2310 1107 gladio
2334 1039 2489 1095 ferire
2506 1039 2774 1109 juhemus.
2806 1058 2824 1092 ι
2849 1038 3011 1109 Cujus
3031 1054 3221 1108 corpus
3245 1054 3272 1091 a
3293 1039 3446 1093 Chri—

1862 1132 2051 1185 stianis
2080 1134 2358 1197 sepelitur.

1936 1224 1999 1277 D.
2035 1223 2123 1277 Vll
2154 1223 2394 1279 Kaumu.
2428 1227 2664 1279 Aucusr.
2704 1225 2886 1279 Natale
2914 1224 3061 1281 beati
3090 1224 3320 1293 llerasti,
3351 1221 3445 1294 qui

1865 1312 2124 1383 Philippis
2152 1332 2180 1369 a
2212 1316 2367 1369 beato
2398 1302 2567 1369 Paulo
2596 1318 2878 1385 episcopus
2920 1318 3133 1371 relictus
3159 1356 3175 1381 ,
3207 1316 3275 1370 ibi
3301 1330 3443 1368 mar-

1866 1404 2000 1475 tyrio
2027 1418 2311 1460 coronatus
2342 1408 2560 1475 quievit.
2599 1407 2779 1462 Romae
2808 1409 2857 1462 iu
2886 1420 3037 1477 portu
3070 1408 3314 1475 lacincti,
3347 1408 3445 1462 sub

1866 1497 2134 1551 consulari
2181 1498 2423 1564 Leontio,
2475 1498 2732 1565 Lttxurio,
2778 1499 2948 1569 primo
2988 1500 3213 1554 civitatis
3244 1500 3449 1553 Terra-

1437 1590 1662 1646 EDITIO
1694 1588 2185 1645 BOLLANDIANA.

230 1682 328 1737 25.
362 1715 435 1724 —
466 1682 578 1739 Vlll
620 1683 757 1737 ΚΑι..
802 1682 989 1738 Natale
1033 1682 1093 1739 S.
1136 1682 1320 1738 Jacobi
1367 1683 1625 1753 apostoli,
1666 1682 1762 1737 Ze-

166 1777 370 1833 bedazi.

229 1870 399 1923 Addit
429 1868 617 1935 Florus
645 1870 696 1923 in
726 1869 788 1923 Τ.
821 1880 872 1923 et
903 1868 989 1934 L.,
1023 1868 1228 1923 Fratris
1275 1867 1499 1922 Joannis
1539 1882 1765 1936 evange-

1870 1690 1924 1735 et
1972 1697 1999 1733 a
2054 1681 2308 1735 militibus
2352 1683 2663 1752 sagittarum
2711 1682 2901 1737 ictibus
2932 1680 3173 1751 pulsatus
3210 1688 3309 1734 est.
3346 1678 3450 1734 Sed

1873 1775 2079 1843 sagittis
2110 1791 2137 1827 a
2168 1774 2371 1827 dextris
2401 1772 2516 1842 ejus
2542 1783 2595 1828 et
2624 1789 2651 1826 a
2680 1774 2910 1828 sinistris
2937 1773 3228 1841 suspensis,
3261 1786 3364 1826 una
3386 1787 3451 1825 cx

1871 1868 1949 1922 eis
1972 1867 2119 1921 velut
2150 1867 2289 1921 venti
2319 1866 2534 1920 ﬂamine
2571 1875 2771 1931 retorta
2798 1908 2811 1929 ,
2843 1868 2894 1919 in
2926 1867 3134 1919 oculum
3170 1864 3329 1933 Dagni
3360 1878 3452 1930 pe-

160 1962 320 2027 listaa,
355 1962 505 2031 cujus
551 1962 852 2029 passionem
885 1969 909 1996 ⁸
938 1961 1190 2015 Clemens
1240 1960 1631 2014 Alexandrinus
1669 1962 1735 2014 de
1789 1999 1839 2060 Β
1872 1962 2121 2027 netravit,
2155 1960 2337 2029 sicque
2376 1960 2494 2011 data
2527 1959 2787 2033 sententia
2817 1958 2984 2012 isdem
3032 1957 3227 2011 athleta
3258 1954 3453 2008 Christi

159 2053 447 2107 scribens:
492 2070 509 2103 ι
552 2054 613 2106 lit
645 2052 709 2119 is,
742 2052 933 2121 inquit,
965 2052 1053 2121 qui
1082 2052 1343 2105 obtulerat
1365 2067 1485 2105 eum
1508 2094 1521 2119 ,
1553 2050 1577 2087 ιι
1608 2050 1762 2104 Jaco-

160 2150 280 2205 bum
318 2149 550 2213 scilicet,
578 2148 746 2218 judici
781 2148 845 2200 ad
874 2147 1185 2216 martyrium
1208 2191 1220 2214 ,
1252 2156 1425 2200 motus
1456 2144 1613 2198 etiam
1646 2146 1759 2213 ipse

160 2243 447 2297 confessus
478 2252 559 2296 est
585 2256 643 2295 se
692 2256 811 2296 esse
848 2241 1217 2295 christianum.
1261 2259 1278 2290 ι
1318 2240 1469 2293 Ducti
1501 2248 1626 2291 sunt
1656 2254 1758 2291 au-

162 2341 264 2387 tem
299 2332 470 2387 ambo
497 2334 693 2401 pariter
726 2332 790 2385 ad
815 2332 1151 2401 supplicium.
1180 2331 1245 2385 Et
1268 2346 1387 2385 cum
1411 2331 1757 2397 ducerentur,

162 2424 336 2478 invia
383 2422 592 2489 rogavit
639 2421 897 2476 Jacobum
942 2422 1069 2476 dare
1119 2421 1218 2475 sibi
1260 2422 1650 2476 remissionem.
1695 2424 1763 2476 At

160 2516 247 2571 ille
276 2530 572 2585 parumper
589 2514 915 2576 deliberans.
950 2533 968 2566 ‹
997 2514 1102 2567 Pax
1130 2514 1243 2579 tibi,
1275 2535 1291 2565 ι
1322 2516 1506 2583 inquit,
1531 2522 1586 2568 et
1608 2528 1763 2568 oscu-

160 2607 297 2663 latus
334 2619 417 2663 est
445 2623 565 2662 eum
595 2626 605 2660 :
630 2617 683 2662 et
716 2607 785 2660 ita
818 2607 975 2661 ambo
1006 2607 1165 2660 simul
1206 2607 1375 2672 capite
1428 2605 1571 2673 plcxi
1614 2614 1761 2660 sunt.

230 2700 382 2753 Idem
415 2697 605 2751 Florus
634 2698 684 2751 in
717 2699 782 2751 A.
808 2706 862 2750 et
889 2696 977 2761 T.,
1009 2694 1209 2748 Eodem
1240 2695 1325 2749 die
1364 2694 1415 2748 in
1447 2694 1604 2763 Lycia
1635 2693 1764 2748 civi-

163 2799 268 2845 tate
302 2789 509 2845 Samon
541 2788 717 2842 natale
742 2788 799 2843 S.
838 2798 859 2825 ι·
892 2785 1285 2855 ChristOphori.
1315 2785 1459 2840 Idem
1490 2786 1680 2855 legitur
1708 2787 1777 2857 in.

168 2882 252 2948 8.,
285 2892 347 2937 et
371 2882 543 2951 pergit
570 2881 741 2936 solum
772 2881 862 2945 T.,
895 2880 995 2948 Qui
1017 2880 1168 2949 jussu
1198 2880 1360 2949 Dagni
1396 2881 1533 2949 regis
1562 2880 1615 2935 in
1638 2896 1756 2935 car-

164 2990 287 3029 cere
338 2974 613 3038 reclusus,
648 2974 858 3027 Niceam
886 2981 942 3027 et
980 2972 1282 3041 Aquilinam
1306 3014 1319 3037 ,
1354 2989 1486 3042 quas
1532 2974 1646 3043 ipse
1681 2985 1765 3045 ty-

164 3080 367 3120 rannus
398 3065 463 3118 ad
498 3064 861 3119 seducendum
911 3078 1033 3117 eum
1079 3064 1317 3128 miserat,
1353 3065 1425 3117 ita
1455 3068 1762 3133 convertit,

167 3166 221 3211 ut
252 3156 398 3211 idola
428 3154 575 3210 Jovis
602 3164 653 3210 et
684 3154 946 3225 Apollinis
967 3196 980 3217 ,
1016 3170 1134 3223 quae
1166 3164 1290 3209 ante
1336 3156 1623 3224 colebant,
1661 3157 1763 3213 fide

169 3248 378 3303 Christi
427 3247 719 3312 ferventes,
763 3247 911 3300 zonis
947 3248 1058 3299 suis
1087 3247 1241 3315 ligata
1289 3247 1356 3302 ad
1408 3258 1602 3304 terram
1634 3264 1764 3319 pro-

170 3347 497 3393 sternerent.
550 3335 743 3407 Unde,
799 3337 1141 3406 prtecipieute
1191 3337 1409 3409 Dagno,
1462 3342 1627 3397 altera
1683 3354 1763 3398 est

167 3431 431 3485 membris
477 3430 738 3498 disrupta,
789 3430 955 3485 altera
1005 3432 1168 3500 stipiti
1218 3446 1498 3502 suspensa,
1559 3443 1613 3490 et
1656 3440 1765 3507 igni

173 3526 456 3595 apposita,
502 3538 565 3579 ac
608 3523 803 3579 deinde
848 3523 1025 3593 gladio
1066 3524 1350 3580 trucidata.
1382 3527 1608 3581 Sanctus
1638 3546 1767 3587 vero

169 3617 637 3686 Chriswphorus,
685 3617 855 3686 ligatis
900 3616 1144 3673 manibus
1197 3630 1251 3673 et
1292 3620 1549 3689 pedibus,
1602 3625 1766 3695 virgis

171 3706 366 3762 ferreis
394 3722 587 3773 cazsus,
623 3708 816 3761 deinde
862 3710 913 3762 in
954 3723 1172 3765 scamno
1216 3712 1422 3776 ferreo,
1467 3724 1521 3769 et
1565 3715 1615 3769 in
1648 3717 1770 3787 igne

164 3799 265 3853 olei
303 3797 517 3867 liquore
538 3797 822 3868 superfuso
851 3799 1087 3868 positus;
1120 3801 1242 3855 hinc
1270 3804 1440 3871 stipiti
1472 3820 1766 3875 appensus,

1866 2052 2041 2119 capite
2074 2052 2260 2120 plexus
2306 2059 2408 2104 est.
2441 2051 2565 2104 Post
2594 2050 2745 2118 cujus
2774 2049 3181 2105 decollationem
3213 2047 3326 2115 ipse
3354 2046 3457 2099 Da-

1866 2158 2002 2211 gnus
2048 2142 2111 2194 ad
2163 2141 2466 2210 sepulcrum
2510 2142 2627 2209 ejus
2668 2142 2831 2196 altera
2876 2141 2962 2195 die
2992 2140 3231 2205 veniens,
3264 2153 3459 2193 secun-

1872 2235 1997 2287 dum
2030 2220 2436 2301 promissionem
2472 2231 2639 2300 ipsius
2681 2232 2930 2301 martyris
2957 2240 3012 2286 et
3037 2230 3175 2284 oculi
3202 2230 3283 2283 sui
3314 2229 3457 2281 sani-

1871 2314 2275 2392 tatem'recepit
2302 2364 2318 2390 ,
2350 2334 2405 2379 et
2455 2324 2735 2395 magnifice
2784 2322 2952 2377 Deum
2996 2323 3053 2376 S.
3083 2318 3455 2388 Christophori

1871 2420 2209 2490 glorificavit.

1936 2534 1996 2588 L.
2026 2532 2090 2587 C.
2118 2530 2180 2585 γ.
2214 2531 2531 2599 simpliciter
2577 2544 2777 2584 nomen
2825 2526 3177 2597 ChrisIOphori
3216 2526 3317 2583 hoc
3368 2525 3457 2582 die

1868 2604 2064 2659 habent
2092 2622 2103 2655 :
2134 2603 2218 2657 cui
2246 2604 2392 2656 addit
2422 2601 2482 2656 V.
2518 2599 2584 2654 In
2616 2613 2765 2671 portu
2789 2599 2849 2656 S.
2875 2600 3096 2654 Acontii.

1940 2716 2194 2785 Ejusdem
2228 2714 2375 2770 Flori
2406 2728 2527 2769 esse
2557 2712 2769 2767 videtur
2793 2714 2843 2767 in
2874 2711 2934 2766 T.
2969 2723 3023 2766 et
3063 2710 3151 2777 L.,
3182 2709 3236 2764 ln
3281 2709 3459 2764 Barci-

1868 2824 2005 2864 nona
2032 2808 2243 2863 civitate
2264 2806 2323 2861 S.
2356 2805 2381 2845 ά
2408 2804 2733 2874 Cucophatis
2782 2804 3053 2874 martyris.
3094 2803 3157 2856 Et
3200 2800 3260 2858 S.
3290 2806 3314 2834 °
3346 2800 3454 2854 Eu-

1869 2899 2065 2971 tyciani
2099 2914 2247 2968 papa:
2277 2907 2330 2952 et
2360 2897 2612 2965 martyris
2648 2914 2659 2947 :
2692 2895 2780 2964 qui
2831 2910 2951 2949 cum
3006 2892 3302 2947 Ecclesiam
3350 2891 3457 2945 Ro-

1870 3006 2081 3045 manam
2104 2991 2257 3044 annis
2282 2990 2467 3060 viginti
2493 2988 2579 3061 [L.
2600 3006 2701 3042 om.
2728 2986 2939 3059 viginti]
2961 2996 3080 3042 octo
3102 2994 3223 3056 post
3244 2983 3455 3039 Petrum

1870 3084 2134 3151 rexisset,
2185 3092 2452 3138 trecentos
2483 3082 2827 3153 quadraginta
2858 3083 2993 3137 duos
3036 3091 3299 3151 martyres
3332 3094 3456 3148 pro-

1872 3176 2001 3243 priis
2046 3176 2290 3230 inanibus
2340 3176 2621 3245 sepelivit,
2655 3190 2950 3245 passusque
3006 3183 3090 3229 est
3140 3173 3454 3245 martyrium

1874 3267 2203 3336 temporibus
2233 3266 2525 3321 Aureliani.

1799 3382 1847 3445 C
1949 3406 2038 3469 A.,
2070 3406 2187 3474 Ipsi)
2213 3406 2299 3459 die
2327 3404 2586 3472 depositio
2619 3403 2701 3469 n.,
2725 3400 2745 3441 τ
2779 3400 2963 3457 Judoci
3010 3399 3209 3472 egregii
3248 3400 3461 3456 confes-

1879 3480 2057 3532 soris:
2090 3479 2173 3531 cui
2207 3476 2522 3543 astipulatur
2572 3477 2708 3528 inter
2758 3484 2980 3529 czeteras
3029 3476 3285 3536 virtutes,
3334 3486 3456 3543 qua:

1877 3563 1988 3617 pra:
2020 3542 2357 3601 multitudine
2376 3547 2701 3599 dinumerari
2734 3560 2836 3599 non
2863 3554 3106 3617 possunt,
3130 3545 3294 3617 etiam
3316 3542 3451 3617 duos

1882 3613 2123 3672 inortuos
2170 3619 2475 3671 suscitasse.
2516 3617 2595 3676 Β..
2636 3617 2849 3668 Parisiis
2898 3615 3175 3670 translatio
3222 3613 3463 3684 corporis

1877 3688 1936 3743 S.
1965 3698 1989 3735 ε
2016 3688 2262 3744 Germani
2297 3688 2530 3756 episcopi
2561 3698 2613 3740 et
2655 3688 2995 3742 confessoris.

1949 3802 2037 3856 26.
2066 3832 2136 3843 —
2160 3802 2241 3857 VII
2270 3802 2404 3858 ΚΑι..
2436 3801 2598 3856 Vacat
2629 3800 2800 3855 Baeda.

1565 3917 1770 3972 SMITH
1824 3914 2046 3971 NOTIE.

238 4012 263 4039 α
313 4000 566 4056 Clemens.
625 4001 775 4067 Quod
830 4002 914 4055 hic
969 4001 1291 4055 exscribitur
1349 4018 1410 4057 ex
1469 4004 1760 4062 Clementis

168 4072 516 4127 Alexandrini
548 4073 773 4140 septimo
805 4072 1196 4125 lnstitutionum
1231 4072 1364 4127 libro
1389 4114 1404 4138 ,
1435 4075 1561 4129 citat
1599 4080 1757 4131 etiam

175 4143 443 4196 Eusebius
476 4144 527 4197 in
556 4144 701 4201 Eccl.
726 4143 871 4195 llist.
904 4160 962 4202 it.
993 4143 1045 4195 9.

240 4214 267 4251 δ
296 4214 577 4266 Jacobum.
613 4216 685 4267 De
713 4231 776 4266 eo
798 4214 968 4267 Gra'ci
1003 4214 1052 4265 ιιι
1084 4214 1387 4282 Menologio
1408 4226 1573 4283 agunt
1596 4218 1763 4281 pridie

169 4284 287 4337 Kal.
325 4284 469 4347 Maii,
501 4300 604 4351 quo
633 4285 717 4338 die
740 4286 806 4336 ab
829 4284 1037 4337 llerode
1058 4285 1227 4337 ovcidi
1252 4284 1432 4352 jussus
1457 4296 1561 4341 est.
1591 4289 1762 4343 Latini

170 4372 302 4408 vero
336 4355 433 4407 hac
462 4355 544 4425 die
576 4370 697 4408 eum
725 4356 1032 4415 celebrant,
1068 4355 1278 4423 quando
1317 4355 1431 4423 ejus
1461 4373 1655 4425 Corpus
1695 4376 1763 4414 ex

170 4425 259 4478 Ilia
298 4424 476 4478 Flavia
503 4423 915 4490 Compostellam
968 4427 1279 4478 translatum
1328 4436 1444 4493 est,
1494 4423 1580 4482 ubi
1627 4432 1765 4486 cele-

170 4496 410 4549 berriino
438 4497 620 4547 officio
654 4496 905 4548 hactenus
934 4495 1201 4550 coluntur.

248 4579 270 4605 ε
306 4564 680 4631 ChristOpltort'.
727 4566 982 4619 Baronius
1014 4575 1197 4619 censet
1227 4583 1347 4620 eum
1382 4583 1484 4621 non
1527 4570 1625 4623 sub
1660 4571 1763 4624 Da-

171 4651 313 4700 gno,
347 4635 441 4689 sed
468 4638 566 4689 sub
600 4637 760 4689 Decio
798 4636 1115 4703 imperatore
1147 4652 1377 4703 passum.
1413 4639 1465 4691 In
1509 4640 1667 4694 Petro
1696 4643 1763 4696 de

171 4706 449 4761 Natalihus
480 4708 715 4760 inaudita
738 4716 819 4759 est
848 4707 1041 4771 fabula,
1069 4710 1118 4760 in
1148 4724 1250 4773 qua
1274 4707 1469 4761 dicitur
1490 4710 1760 4767 Christum

176 4788 327 4831 trans
354 4775 575 4849 ﬂuvium
612 4776 847 4830 humeris
878 4785 1114 4849 portasse
1134 4818 1148 4840 ,
1181 4787 1235 4831 et
1264 4779 1359 4831 alia
1389 4779 1506 4846 ejus
1540 4782 1723 4837 farinae
1744 4822 1761 4849 ,

173 4863 298 4919 quin
322 4858 381 4919 et
411 4846 578 4919 Judaei
612 4849 775 4915 ipsius
804 4848 1001 4913 ΑρρΙιςε
1034 4845 1191 4901 fidem
1212 4845 1494 4919 superant.

246 4916 272 4955 ἀ
307 4916 829 4993 Cucupltatis._0rtus
858 4927 939 4972 est
964 4928 1141 4993 autem
1176 4917 1257 4993 hic
1280 4936 1342 4972 ex
1374 4922 1585 4993 civitate
1609 4925 1763 4993 Scyl-

174 4989 341 5042 litana
367 5004 385 5049 ;
414 4998 463 5041 et
494 5004 613 5041 cum
648 4988 822 5042 Felice
848 4988 1077 5057 quodam
1124 4989 1391 5056 profectus
1434 4988 1731 5048 Caesaream
1753 5036 1766 5059 ,

176 5060 267 5111 uhi
318 5070 595 5125 comperto
649 5060 788 5123 quod
842 5059 1144 5125 persecutio
1201 5061 1297 5113 sub
1338 5061 1662 5118 Maximiano
1714 5077 1768 5120 et

178 5129 508 5183 Diocletiano
557 5139 686 5182 {lell
744 5131 975 5183 maximo
1031 5132 1080 5181 in
1131 5133 1343 5183 Oriente
1392 5136 1677 5200 ﬂagraret,
1714 5138 1767 5189 in

177 5200 522 5253 Occidentem
556 5200 866 5269 navigantes
892 5200 1240 5253 Barcinonem
1271 5204 1507 5268 appulit,
1546 5206 1629 5259 ubi
1661 5207 1764 5259 Cu-

178 5270 386 5339 cuphas
416 5270 684 5325 miracolis
714 5272 929 5331 claruit;
962 5286 1185 5339 quorum
1220 5270 1353 5323 fama
1386 5274 1449 5324 ad
1482 5290 1636 5329 aures
1663 5278 1767 5329 Ga-

181 5341 303 5395 lerii
351 5340 683 5408 proconsulis
712 5341 1082 5409 perveniente,
1115 5342 1310 5395 milites
1352 5344 1492 5396 misit
1525 5346 1611 5411 qui
1642 5362 1764 5401 eum

180 5411 246 5464 ad
282 5413 512 5465 tribunal
555 5413 798 5477 trahunt,
829 5421 883 5465 et
926 5412 1323 5484 Clllltdiisrllou
1375 5414 1526 5468 thura
1581 5416 1762 5484 daret,

179 5484 495 5551 gravissime
522 5497 691 5537 exesus
731 5492 812 5535 cst
844 5499 1007 5551 usque
1035 5483 1160 5555 dum
1192 5483 1407 5555 dirupto
1435 5501 1662 5555 corpore
1687 5489 1768 5541 vi-

182 5568 332 5606 scera
385 5556 499 5622 ejus
542 5555 1003 5622 conspicerentur.
1040 5554 1239 5607 Deinde
1284 5556 1397 5607 viro
1440 5554 1547 5610 Dei
1581 5574 1766 5623 preces

187 5624 413 5677 Domino
441 5626 692 5678 fundente
711 5664 725 5689 ,
761 5623 1002 5677 Galerius
1033 5636 1247 5693 repente
1275 5638 1511 5681 mortuus
1540 5628 1764 5685 decidit.

188 5693 233 5745 Λ
260 5694 574 5749 Maximiano
604 5695 829 5765 praeside
860 5708 1037 5759 postea
1078 5696 1129 5748 iu
1164 5697 1486 5751 craticulam
1518 5711 1767 5755 extensus

186 5774 290 5827 est,
320 5767 620 5837 illmsusque
668 5766 954 5837 crudeliter
1001 5767 1211 5821 carduis
1260 5766 1451 5822 ferreis
1480 5779 1538 5823 et
1566 5774 1768 5827 tant-eis

186 5838 523 5905 caedebatur;
546 5836 671 5893 dum
700 5844 879 5894 autem
908 5836 1224 5906 ﬂagellatur,
1251 5837 1360 5897 Dco
1385 5842 1551 5897 sancti
1585 5856 1767 5912 preces

1876 4009 2067 4059 iterum
2094 4006 2415 4060 exaudiente
2438 4014 2492 4057 et
2522 4003 2865 4055 Maximianus
2887 4000 3047 4066 judex
3080 4008 3251 4053 morte
3284 4000 3455 4053 subita

1870 4078 2122 4140 abreptus
2144 4086 2242 4129 est.
2266 4075 2451 4128 Rufino
2474 4090 2601 4127 vero
2626 4073 2786 4140 impio
2805 4071 3047 4139 jubente.
3077 4072 3250 4138 capite
3271 4071 3456 4137 plexos

1871 4092 1997 4129 :IUI'C
2042 4092 2122 4127 ωδ
2144 4092 2242 4129 Cal.
2266 4092 2451 4128 ﬂllllllll
2474 4092 2601 4127 VCI‘O
2626 4092 2786 4140 IlllplO
2805 4092 3047 4139 jUUClIIC.
3077 4092 3250 4138 capite
3271 4092 3454 4137 pleXUS

1871 4158 1970 4201 est.
2001 4092 2255 4213 gepnltus
2280 4156 2361 4199 est
2393 4146 2731 4203 Barcinonce;
2765 4144 2856 4195 sed
2887 4152 3063 4207 po~tea
3096 4144 3383 4195 translatus
3422 4156 3454 4195 a

1878 4220 2113 4272 Fulcado
2136 4217 2326 4270 abbate
2350 4216 2579 4271 εαξηιώἰί
2602 4215 2701 4269 SS.
2731 4213 2987 4281 Dionysii,
3017 4213 3218 4265 ltnstici
3244 4215 3461 4266 etla'len-

1874 4289 2053 4343 therii.
2086 4289 2135 4339 in
2169 4288 2357 4341 cellam
2408 4286 2644 4355 ejusdem
2696 4283 2946 4355 emnobii.
2974 4282 3457 4355 ὃυιιιυςηιοιιιηΙν.

1948 4369 1970 4395 ο
2000 4358 2333 4428 Eutychiaui.
2368 4353 2495 4426 Ejus
2534 4356 2647 4409 dies
2698 4354 2949 4428 obitualis
2980 4364 3063 4408 est
3108 4370 3155 4428 vi
3201 4353 3323 4408 ldus
3356 4354 3459 4428 De:

1874 4432 2052 4485 cemb.
2091 4425 2485 4497 Papebrochius
2513 4429 2561 4479 in
2588 4429 2790 4479 Conatu
2819 4425 3360 4497 chruiiico-ltistorico
3386 4427 3451 4477 ad

1874 4501 2183 4568 Cataloguni
2217 4499 2526 4569 pontificum
2561 4496 3151 4569 Romanorumgcolligit
3203 4497 3458 4569 elevatio-

1874 4588 1994 4627 nem
2028 4566 2109 4625 vel
2140 4566 2536 4624 translationem
2571 4569 2797 4635 aliquam
2836 4566 2993 4620 hodie
3045 4568 3236 4620 factam
3295 4566 3458 4621 fuisse

1877 4643 2072 4698 saeculo
2100 4643 2284 4710 quinto
2312 4643 2410 4694 Sub
2441 4640 2750 4693 Innocentio
2782 4643 2971 4704 primo,
3017 4652 3138 4691 Cum
3180 4637 3229 4710 is»
3254 4640 3319 4710 in_
3345 4652 3457 4691 caa-

1882 4708 2324 4767 meterio‘Calixti
2353 4710 2633 4765 :edilicavit
2660 4710 2918 4779 insignem
2942 4710 2996 4763 S.
3024 4708 3321 4779 Sebastiani
3356 4709 3459 4760 ba-

1876 4785 2081 4838 silicam
2112 4783 2177 4837 ad
2209 4783 2561 4836 Catacumbas
2583 4823 2595 4844 ,
2642 4778 2802 4848 super
2852 4779 3138 4833 l’latoniam
3165 4820 3182 4844 ,
3224 4778 3324 4831 sub
3355 4790 3459 4846 qua

1795 4830 1851 4894 Ῐ)
1878 4864 2182 4909 Sanctorum
2216 4854 2354 4905 l’etri
2382 4863 2436 4906 et
2466 4830 2612 4905 Pauli
2638 4830 2861 4917 corpora
2892 4850 2981 4902 diu
3007 4830 3306 4917 jacuerant.

1952 4925 1970 4963 ί
2001 4924 2211 4977 Judaei.
2247 4924 2411 4991 Hujus
2442 4923 2634 4977 natalis
2662 4922 2974 4991 celebratur
3002 4935 3095 4975 xm
3122 4920 3209 4973 die
3232 4918 3456 4973 Decem—

1874 4997 2006 5061 bris,
2032 5010 2189 5064 quem
2218 4988 2349 5048 infra
2378 4995 2517 5047 vide.
2539 4994 2704 5047 llodie
2728 4992 2905 5064 forsan
2928 4988 3047 5059 ejus
3068 4992 3453 5059 elevatio,qua:

1877 5078 1997 5137 post
2023 5062 2192 5119 annos
2216 5065 2306 5128 ϐυ,
2331 5082 2486 5134 quain
2514 5066 2856 5137 sepeliretur,
2882 5062 3016 5114 facta
3045 5072 3144 5114 est.
3303 5132 3333 5137 __
3397 5078 3431 5137 _'

1948 5148 1972 5185 8
2004 5137 2266 5191 Germani.
2309 5132 2613 5190 Translatio
2646 5138 2757 5188 haec
2789 5136 2920 5187 facta
2950 5141 3032 5185 est
3056 5148 3121 5185 ex
3174 5132 3373 5185 sacello

1876 5208 2272 5280 Symphoriani
2301 5208 2350 5259 in
2385 5208 2660 5259 basilicam
2693 5216 2890 5280 sancta:
2917 5206 3108 5280 Crttcis
3140 5213 3192 5280 et
3329 5203 3451 5280 Vin-

1874 5276 2030 5334 t-entii
2066 5279 2165 5347 ipsi
2197 5279 2592 5341 cohaerentem,
2630 5295 2765 5330 anno
2800 5277 2913 5342 ipso
2944 5292 3047 5343 quo
3094 5276 3349 5343 i’ippinus
3388 5279 3457 5326 ab

1875 5352 2148 5419 Stephano
2191 5366 2324 5417 papa
2371 5360 2557 5402 tinctus
2602 5352 2651 5401 iu
2706 5361 2883 5414 regem
2915 5357 3017 5413 est,
3048 5348 3147 5401 hoc
3189 5359 3269 5398 est
3314 5360 3457 5419 a_nno

1878 5416 2003 5477 754‘.
2031 5416 2418 5475 Translationis
2446 5431 2630 5473 auctor
2657 5419 2752 5472 fuit
2777 5419 3093 5471 Lantl'redus
3118 5418 3302 5477 abbas,
3337 5416 3455 5484 Pip-

1877 5495 2030 5564 pinus
2075 5509 2167 5546 rex
2216 5492 2537 5560 approbatur
2580 5501 2632 5564 ct
2688 5492 2873 5564 testis._
2914 5489 2965 5542 Id
3003 5489 3457 5564 _e5t_l_,_autfredus

1877 5558 2036 5633 quem
2069 5558 2299 5618 Carolus
2320 5564 2563 5633 princeps
2593 5562 2822 5631 legatum
2844 5558 3037 5633 direxit
3058 5561 3121 5614 ad
3147 5560 3449 5633 Hunoldum

1877 5630 2174 5705 Aquitaniae
2204 5633 2413 5687 duceni.
2447 5630 2735 5687 Historiam
2766 5631 2932 5705 hujus
2969 5632 3333 5705 translationis
3356 5633 3453 5705 ile-

1874 5703 1999 5776 gere
2047 5716 2131 5762 est
2183 5707 2233 5760 in
2284 5709 2513 5760 secunda
2561 5714 2713 5775 parte
2758 5703 2937 5759 sicculi
2988 5718 3043 5758 ιιι
3072 5709 3190 5760 Act.
3218 5704 3315 5760 SS.
3350 5704 3455 5758 Be-

1874 5779 2067 5836 ncdict.
