3988 6346
649 372 749 431 θιι

1393 364 1593 429 Βεωε
1632 348 2082 431 γΕΝΕηΑΒιιιε
2120 376 2268 433 opp.
2311 378 2507 435 PARS.
2549 377 2635 434 tv.
2678 352 2749 419 ζ
2783 377 3159 435 illSTORlCA.

3774 372 3891 433 992

1920 487 2141 541 EDITIO
2178 488 2634 545 COLONIENSIS.

649 570 981 635 haereticnm,
1019 586 1138 626 cum
1175 572 1408 627 secundo
1430 573 1847 642 rebaptizaretur
1888 576 1955 630 ab
1984 576 2211 631 Eusebio
2239 583 2287 640 Α
2318 579 2397 647 gis
2448 580 2650 646 Attilae,
2693 581 2779 650 qui
2826 580 3052 637 Galliam
3108 567 3377 647 vastabat;
3402 574 3555 636 sicut
3601 581 3657 636 in
3684 589 3875 653 ny‘mno

648 662 1052 719 Nicomediense
1098 665 1370 734 episcopo,
1419 676 1471 720 et
1499 667 1646 735 juxta
1692 680 2010 738 praeceptum
2062 671 2214 738 ejus-

648 754 768 809 dem
823 754 1116 808 Constantii
1164 755 1379 823 Augusti
1430 757 1601 822 capite
1646 756 2010 812 detruncatur.
2066 760 2213 815 Sedit

649 855 825 901 autem
849 848 899 899 in
925 849 1231 915 episc0patu
1263 863 1459 902 annum
1491 865 1674 916 unum,
1706 866 1915 905 menses
1940 861 2069 917 tres,
2098 854 2212 909 dies

649 936 799 990 duos.
835 937 1034 993 Eodem
1083 939 1168 992 die
1200 939 1373 1007 passio
1412 951 1709 996 sanctorum
1754 944 2032 1012 Simplicii,
2078 946 2216 1001 Fau-

645 1026 766 1080 stini
797 1041 1194 1096 germanorum,
1228 1028 1315 1099 qui
1342 1030 1440 1083 sub
1471 1030 1795 1086 Diocletiano
1815 1043 1867 1087 et
1889 1035 2213 1091 Maximiano

647 1117 698 1171 in
732 1118 859 1172 urbe
906 1118 1141 1174 Romana
1194 1132 1408 1190 propter
1449 1122 1604 1176 fidem
1634 1124 1850 1190 Christi,
1887 1137 2006 1195 post
2048 1130 2211 1182 multa

647 1223 709 1262 ac
734 1208 942 1263 diversa
973 1210 1226 1279 supplicia
1268 1211 1513 1266 decollati
1541 1223 1699 1280 sunt;
1746 1225 1799 1269 et
1836 1232 2085 1285 germana
2126 1234 2216 1271 eo-

647 1316 764 1355 rum
809 1302 1021 1356 Beatrix
1067 1302 1299 1368 nomine,
1346 1319 1410 1357 eo
1453 1305 1591 1372 quod
1619 1320 1837 1373 corpora
1868 1322 2048 1361 eorum
2089 1324 2214 1361 cum

646 1388 830 1460 Crispo
858 1401 913 1446 et
954 1391 1159 1447 Joanne
1203 1393 1527 1463 presbyteris
1577 1396 1834 1462 sepelivit,
1889 1412 1918 1450 a
1963 1398 2211 1453 Lucretio

650 1482 898 1550 praefecto
926 1482 1228 1551 prmfocata,
1262 1483 1473 1538 tradidit
1500 1485 1759 1551 Spiritum.
1796 1486 2076 1542 Lucretius
2116 1504 2212 1543 ve-

647 1587 706 1626 ro
754 1573 820 1627 ab
878 1574 1151 1628 immundo
1206 1575 1393 1644 spiritu
1442 1586 1705 1643 arreptus,
1737 1578 1787 1631 in
1839 1579 2083 1632 convivio
2112 1594 2214 1634 suo

648 1661 929 1729 expiravit.
978 1663 1110 1718 Item
1163 1665 1423 1734 depositio
1479 1667 1615 1721 beati
1656 1667 1785 1735 Lupi
1815 1669 2070 1737 episcopi,
2121 1670 2213 1738 qui

648 1766 769 1807 cum
793 1769 1045 1823 germano
1094 1755 1239 1811 venit
1280 1757 1333 1810 in
1377 1757 1724 1823 Britanniam,
1754 1769 1807 1813 et
1834 1759 2214 1830 quinquaginta

645 1845 850 1902 duobus
877 1848 1030 1905 annis
1057 1848 1356 1905 sacerdotio
1382 1850 1592 1905 functus
1621 1861 1723 1917 est,
1743 1853 1831 1921 qui
1866 1862 2100 1921 tempore
2130 1870 2213 1907 re-

2317 668 2433 732 ejus
2459 668 2687 733 canitur,
2742 668 2866 722 dum
2915 669 3048 724 bella
3097 678 3284 723 cuncta
3332 668 3636 737 perderent,
3679 671 3879 727 orando

2317 756 2514 810 Trecas
2543 758 2785 812 munivit.
2822 758 2887 812 Et
2912 758 3171 827 depositio
3194 757 3333 812 beati
3359 756 3611 827 Prosperi
3632 758 3877 829 episcopi.

2388 851 2453 901 A.
2492 847 2556 900 ΙΙΙ
2595 846 2830 901 ΚΑιεκυ.
2875 849 3103 903 AUGUs'r.
3132 847 3311 902 Romae
3340 848 3527 902 Abdon
3568 858 3622 902 et
3674 848 3875 905 Sennen

2317 937 2585 1006 subreguli
2626 937 2925 991 Persarum.
2952 938 3053 1004 Qui
3081 954 3200 992 cum
3238 938 3477 992 Corduba
3505 939 3718 991 civitate
3756 940 3878 993 Per-

2317 1043 2492 1082 sarum
2542 1027 2748 1080 vincula
2804 1034 3109 1094 paterentur
3163 1042 3191 1080 a
3251 1027 3455 1090 Decio,
3516 1028 3584 1080 ad
3644 1027 3873 1081 ultimum

2316 1118 2464 1172 duxit
2483 1133 2575 1173 eos
2601 1118 2819 1171 Romam
2851 1120 3050 1173 catenis
3077 1118 3352 1187 obligatos,
3386 1128 3439 1172 et
3464 1116 3688 1171 diversis
3716 1118 3876 1185 pinnis

2317 1220 2640 1275 maceratos,
2694 1210 2782 1263 ubi
2830 1210 2998 1277 primo
3041 1208 3323 1276 plumbatis
3360 1209 3506 1273 cmsi,
3557 1209 3680 1261 dein
3714 1209 3875 1277 gladio

2318 1301 2574 1355 interfecti
2616 1311 2757 1354 sunt.
2808 1301 2961 1369 Apud
3014 1300 3249 1354 Africam
3302 1299 3568 1352 civitatem
3621 1299 3874 1361 Taburbo,

2315 1393 2605 1447 lucernaria
2667 1392 2839 1460 passio
2909 1404 3208 1444 sanctarum
3263 1389 3572 1457 virginum,
3624 1389 3872 1455 Maxima,

2317 1484 2592 1538 Donatilla:
2612 1492 2665 1538 et
2688 1481 2961 1545 Secundae,
2995 1483 3093 1536 sub
3126 1480 3356 1551 Anylino
3380 1481 3733 1548 proconsule:
3764 1494 3872 1547 qua

2318 1582 2437 1642 post
2466 1573 2718 1642 plurimas
2747 1586 2878 1641 quas
2906 1571 3275 1625 sustinuerunt
3320 1586 3415 1638 pro
3444 1570 3656 1624 Christo
3688 1570 3871 1635 passio-

2317 1680 2431 1729 nes,
2462 1664 2634 1733 gladio
2663 1678 2814 1717 caesa:
2844 1665 3153 1732 martyrium
3199 1671 3727 1717 consummaverunt.
3770 1663 3871 1715 An-

2319 1756 2602 1809 tissiodoro
2624 1753 2884 1822 depositio
2911 1755 3078 1806 sanati
3107 1752 3226 1808 Ursi
3257 1752 3513 1821 episcopi.

2391 1849 2446 1902 Β.
2482 1848 2629 1901 Pntn.
2671 1845 2803 1900 ΚΑι..
2832 1844 3072 1901 Aucusr.
3103 1844 3358 1900 Caesareae
3385 1846 3559 1915 passio
3587 1845 3751 1899 sancti
3777 1843 3870 1899 Fa-

1870 1965 2094 2020 EDITIO
2138 1960 2634 2019 BOLLANDIANA.
2913 2004 2924 2017 ,
3754 2036 3757 2039 Ι

710 2054 798 2111 '50.
827 2084 898 2095 —
921 2054 989 2110 Ill
1030 2056 1166 2110 ΚΑΙ..
1210 2056 1391 2111 Romae
1423 2060 1448 2088 ⁸
1481 2056 1666 2112 Abdon
1697 2069 1748 2112 et
1780 2058 1981 2113 Sennes
2029 2058 2214 2111 subre-
2248 2062 2289 2119 Β
2321 2055 2415 2107 bus
2445 2052 2669 2105 afﬂictus
2695 2058 2796 2114 est,
2828 2049 3021 2104 deinde
3065 2049 3308 2119 Sapricio
3340 2050 3592 2121 prmfecto
3642 2051 3870 2119 traditus,

638 2146 876 2215 gulorum
903 2165 913 2199 :
940 2162 1026 2216 qut
1044 2163 1161 2200 cum
1192 2149 1243 2201 in
1269 2148 1520 2201 Cerdubm
1552 2148 1663 2219 [D.,
1690 2148 1910 2203 Credula
1934 2167 1945 2213 ;
1974 2146 2062 2213 B.,
2084 2149 2211 2203 Cor-

638 2238 796 2303 dula;
828 2238 907 2304 C.,
957 2237 1222 2309 Corduba]
1251 2240 1462 2294 civitate
1520 2240 1799 2294 Persarum
1832 2241 2035 2295 vincula
2068 2251 2211 2311 pate-

636 2339 819 2382 rentur
845 2344 871 2378 a
906 2328 1087 2395 Decio,
1121 2329 1182 2380 ad
1218 2330 1453 2383 ultimum
1503 2328 1651 2381 duxit
1682 2344 1773 2384 eos
1806 2330 2025 2384 Romam
2069 2345 2211 2386 eate-

636 2419 719 2471 nis
740 2419 994 2486 obligatos
1022 2427 1072 2471 et
1093 2419 1315 2471 diversis
1339 2419 1508 2488 pinnis
1532 2429 1843 2486 maceratus,
1867 2421 1949 2474 tibi
1984 2421 2204 2490 primum

636 2508 920 2578 plumbatis
941 2510 1087 2575 caesi,
1116 2509 1306 2564 deinde
1332 2511 1504 2579 gladio
1534 2511 1793 2565 interfecti
1822 2524 1963 2566 sunt.

708 2597 895 2653 Florus
922 2600 971 2652 in
995 2599 1061 2653 A.
1086 2609 1137 2653 et
1168 2601 1229 2654 T.
1262 2602 1336 2655 sic
1370 2602 1597 2669 phrasim
1630 2604 1852 2656 mutavit
1880 2612 1933 2657 et
1956 2618 2168 2658 sensum
2193 2621 2204 2656 :

592 2698 599 2703 '
635 2690 816 2744 Romae
846 2691 1020 2759 passio
1050 2692 1108 2746 S.
1146 2691 1326 2745 Abdon
1380 2701 1433 2745 et
1488 2693 1688 2746 Sennes
1727 2711 1738 2745 :
1780 2694 1867 2762 qui
1897 2694 1962 2747 de
1991 2695 2205 2748 Persida

636 2777 857 2833 Romam
891 2791 1165 2849 venerunt,
1206 2790 1259 2835 et
1294 2780 1390 2834 sub
1433 2782 1591 2835 Decio
1624 2785 1937 2851 imperatore
1979 2785 2207 2838 diversis

635 2869 809 2938 penis
839 2873 1087 2925 macerati
1119 2872 1184 2925 ad
1214 2872 1451 2925 ultimum
1483 2873 1659 2942 gladio
1689 2873 1947 2929 interfecti
1992 2885 2134 2930 sunt.

706 2960 846 3015 Idem
880 2963 1064 3018 Florus
1096 2966 1145 3018 in
1174 2964 1237 3019 T.
1270 2975 1322 3019 et
1362 2965 1445 3031 L.,
1489 2964 1689 3020 Eodem
1721 2966 1806 3021 die
1856 2966 2035 3020 Romae
2080 2982 2202 3035 pas-

634 3053 716 3109 sio
746 3054 837 3110 5.5
879 3056 1155 3110 Tertullini
1184 3074 1195 3110 :
1229 3058 1315 3126 qui
1342 3070 1604 3127 prmcepto
1638 3057 1897 3112 Valeriani
1943 3074 2061 3113 cum
2102 3058 2205 3115 diis

634 3147 937 3203 sacrificare
966 3149 1150 3217 nollet,
1180 3148 1407 3219 primum
1440 3149 1664 3205 fustibus
1697 3157 1954 3205 mactatus
1993 3160 2047 3205 et
2072 3151 2207 3220 igni-

2322 2156 2438 2211 post
2467 2160 2582 2213 qua:
2610 2157 2670 2197 os
2700 2141 2814 2211 ejus
2844 2141 3103 2209 lapidibus
3151 2141 3294 2194 tundi
3344 2152 3400 2195 et
3446 2142 3635 2196 iterum
3681 2143 3871 2212 ignibus

2314 2237 2493 2304 afﬂigi,
2523 2245 2574 2290 et
2614 2234 2667 2289 itt
2711 2234 2990 2302 equuleum
3039 2232 3284 2300 suspendi
3328 2233 3507 2300 jussus
3538 2242 3641 2286 est.
3670 2234 3728 2287 Et
3757 2249 3868 2289 cum

2314 2329 2446 2380 vinci
2477 2342 2579 2380 non
2613 2332 2812 2389 posset,
2844 2323 3077 2375 nuntiata
3110 2323 3225 2389 ejus
3252 2325 3552 2377 cunstantia
3588 2323 3870 2392 Valeriano,

2312 2419 2429 2471 data
2459 2416 2716 2470 sententia
2742 2417 2910 2482 capite
2936 2417 3112 2478 jussus
3143 2425 3223 2469 est
3253 2417 3444 2483 puniri.
3476 2416 3580 2471 Sed
3616 2418 3721 2472 hac
3748 2431 3875 2472 eou-

2314 2522 2511 2564 tractus
2568 2508 2629 2561 L.
2674 2506 2749 2560 sic
2796 2507 3055 2559 absolvit:
3091 2507 3189 2573 Qui
3235 2508 3384 2575 jussu
3432 2508 3713 2576 Valeriani,
3762 2517 3876 2579 post

2311 2606 2422 2659 dira
2458 2614 2744 2669 tormenta,
2774 2604 2943 2668 capite
2968 2601 3147 2671 jussus
3167 2612 3246 2657 est
3270 2602 3466 2669 puniri.

2385 2695 2470 2759 B.,
2497 2693 2834 2747 Autisiodmo
2860 2693 3117 2760 depositio
3147 2692 3203 2746 8.
3237 2696 3257 2721 θ
3292 2692 3408 2748 Ursi
3441 2693 3689 2764 episcopi.

2384 2788 2470 2841 3|.
2498 2816 2567 2828 —-
2595 2786 2635 2840 ll
2663 2784 2802 2840 Κιι..
2840 2785 3001 2839 Vacat
3026 2786 3204 2839 Baeda.

2385 2878 2549 2933 Vacat
2579 2880 2738 2933 etiam
2770 2877 3200 2947 Supplementum
3237 2877 3576 2935 DiviOoense.

2383 2989 2446 3043 V.
2477 2990 2563 3054 C.,
2590 2989 2955 3045 Autissiodoro
2972 2988 3231 3056 depositio
3254 2991 3314 3045 S.
3338 2988 3611 3045 Germani.
3637 2989 3699 3045 Et
3714 2990 3871 3047 natale

2314 3059 2412 3116 SS.
2464 3060 2773 3123 Secundini,
2806 3060 3060 3114 Maximis.
3084 3058 3146 3113 C.
3177 3060 3377 3115 Eodem
3406 3060 3493 3115 die
3521 3062 3871 3116 reconciliatio

2312 3131 2370 3186 8.
2406 3130 2628 3186 Nicolai.
2673 3132 2754 3199 B.,
2788 3131 2841 3185 In
2870 3127 3047 3186 Africa
3084 3130 3304 3187 civitate
3328 3132 3565 3188 Siudaua
3596 3134 3762 3189 natale
3780 3132 3868 3188 SS.

1998 3241 2203 3297 SM1TH
2241 3240 2468 3298 NOTAE.

706 3345 733 3373 α
764 3336 963 3408 Abdon.
988 3334 1123 3408 Cum
1154 3344 1327 3391 autem
1359 3349 1542 3408 eorum
1573 3349 1794 3404 corpora
1825 3334 2205 3408 ubiiutert‘ecti
2235 3336 2280 3399 C
2310 3336 2523 3405 evecti),
2557 3350 2674 3389 cum
2709 3336 2766 3395 8,.
2813 3334 3079 3390 Germano
3102 3344 3308 3408 contra
3354 3335 3604 3408 haeresim
3635 3336 3869 3408 Pelagia-

634 3417 753 3463 sunt
783 3407 956 3460 triduo
979 3406 1291 3474 jacuissent,
1322 3407 1568 3471 Quirinus
1604 3409 1814 3475 quidam
1854 3406 2207 3460 subdiaconus

634 3492 695 3531 ea
720 3477 948 3543 collegit,
979 3485 1032 3529 et
1061 3477 1112 3529 in
1144 3479 1303 3530 domo
1333 3493 1426 3531 sua
1469 3479 1674 3531 occulte
1703 3476 1965 3544 sepelivit,
2001 3476 2085 3529 ubi
2129 3478 2207 3529 la-

638 3556 849 3599 tuerunt
893 3561 1057 3611 usque
1087 3547 1148 3600 ad
1183 3558 1418 3615 tempora
1466 3545 1820 3612 Coostantini,
1852 3558 1905 3599 ct
1936 3557 2058 3599 tunc
2084 3561 2206 3599 cor-

636 3631 762 3683 pora
810 3616 930 3669 inde
980 3617 1145 3670 levata
1191 3627 1330 3681 sunt,
1364 3625 1415 3669 et
1461 3616 1514 3669 in
1556 3618 1918 3670 coemeterium
1968 3616 2205 3670 Pontiani

637 3684 907 3741 translata.
945 3686 1150 3740 Psruus
1179 3701 1244 3741 ne
1274 3686 1495 3749 ΝΑτΑιέ,
1527 3684 1801 3750 Nouem,
1830 3688 1962 3739 Aoo.

709 3754 736 3792 ι»
765 3754 1048 3810 Tertullini.
1079 3756 1156 3811 De
1202 3756 1303 3811 hoc
1353 3764 1535 3825 postea
1578 3756 1665 3811 die
1709 3772 1761 3809 tv
1812 3756 2034 3825 Augusti
2083 3770 2212 3824 age-

638 3835 740 3880 ίιΙΓ.

713 3910 735 3937 ε
763 3896 899 3951 Ursi.
930 3898 1029 3963 Qui
1057 3896 1201 3966 juxta
1245 3897 1301 3952 8.
1348 3896 1612 3951 Amatoris
1662 3896 1927 3966 basilicam
1975 3896 2209 3952 reclusus

638 3970 1059 4023 anachoreticam
1090 3968 1237 4021 duxit
1264 3967 1443 4032 vitam,
1476 3978 1667 4021 etcum
1700 3965 1751 4019 in
1783 3966 1994 4021 civitate
2022 3966 2205 4020 incen-

642 4037 781 4091 dium
814 4038 1107 4099 accidisset,
1163 4038 1401 4106 precibus
1449 4037 1720 4091 exstinxit.
1771 4038 1882 4105 Qua
1931 4038 2206 4091 occasione

643 4110 807 4161 Sancti
832 4110 926 4161 viri
948 4111 1135 4162 merito
1152 4109 1439 4175 declarato,
1456 4107 1714 4161 Censurio
1733 4108 1939 4161 decimo
1957 4108 2207 4175 episc0po

643 4178 927 4232 decedente
965 4178 1229 4246 pontiﬁce,
1263 4179 1308 4230 vi
1353 4187 1646 4231 extractum
1698 4180 1993 4243 praisulatui
2042 4176 2206 4229 suffe-

641 4263 762 4301 cere
790 4264 803 4299 :
835 4258 888 4300 et
914 4251 1045 4303 cella
1074 4250 1186 4317 ejus
1234 4250 1285 4300 in
1316 4248 1592 4317 ecclesiam
1645 4249 1821 4301 cessit.
1870 4249 2059 4317 Exegit
2089 4248 2208 4317 vitae

642 4331 749 4369 suae
781 4327 984 4383 tempus
1013 4315 1162 4371 antiis
1187 4318 1251 4372 81
1280 4335 1294 4382 ;
1324 4316 1582 4384 hodieque
1626 4320 1876 4383 moriens,
1910 4319 1962 4370 in
1993 4315 2205 4369 basilica

641 4389 696 4439 8.
730 4385 979 4440 Germani
1028 4390 1264 4456 sepultus
1307 4398 1408 4442 est.
1454 4387 1576 4441 Fuit
1624 4390 1947 4457 temporibus
1991 4387 2207 4457 Joannis

2313 3422 2456 3468 nam,
2491 3422 2608 3475 quae
2637 3421 2821 3460 sanam
2852 3407 3189 3475 oppugnabat
3216 3406 3397 3472 fidem,
3451 3406 3507 3461 in
3558 3406 3864 3462 Britanniam

2311 3477 2581 3546 profectus
2630 3486 2731 3530 est.
2770 3476 2986 3547 _i__Eam
3038 3478 3196 3531 etiam
3252 3477 3516 3547 synodum
3563 3476 3869 3533 Gallicanam

2308 3544 2561 3617 autumno
2590 3562 2729 3599 anno
2755 3544 2859 3598 429
2884 3546 3146 3617 habitam,
3175 3544 3315 3600 idem
3344 3561 3650 3617 anonymus
3671 3550 3869 3610 indicat,

2310 3616 2522 3684 quando
2551 3617 2624 3669 ait
2650 3632 2743 3671 eos
2775 3616 3039 3682 profectos
3060 3616 3387 3685 temporibus
3418 3616 3676 3682 hibernis,
3702 3619 3751 3671 id
3774 3628 3867 3683 ﬁt,

2317 3686 2416 3740 sub
2442 3686 2595 3754 hujus
2623 3687 2744 3740 anni
2777 3686 2954 3741 finem.
2983 3688 3241 3757 Praeterea
3266 3686 3317 3739 in
3342 3701 3520 3740 rerum
3547 3688 3865 3757 Anglicarutn

2317 3757 2666 3827 Chronol0gia
2710 3757 2811 3812 hoc
2856 3757 3052 3810 saeculo
3083 3756 3170 3827 alii
3209 3756 3369 3810 duces
3420 3772 3448 3808 a
3495 3756 3764 3823 Sigeberto
3789 3772 3866 3810 se-

2318 3828 2530 3894 quendi,
2564 3828 2682 3894 quia
2715 3827 2758 3879 is
2790 3829 3100 3894 plerumque
3128 3826 3180 3879 in
3211 3841 3425 3893 magnos
3447 3828 3868 3880 anachronisnios

2318 3897 2518 3950 incidit.
2552 3895 2659 3951 Nec
2679 3896 2945 3951 Sirmondi
2979 3898 3028 3949 in
3058 3895 3358 3962 Appendice
3379 3897 3442 3949 ad
3473 3908 3603 3950 tom.
3631 3898 3693 3951 ΙΙΙ
3722 3896 3867 3951 Cone.

2318 3968 2444 4019 edit.
2471 3967 2765 4021 Labbeanae
2793 3978 3158 4035 argumentum
3192 3967 3396 4019 videtur
3424 3972 3657 4022 maxime
3681 3970 3863 4031 valere,

2314 4036 2666 4090 existimantis
2696 4039 2925 4105 priorem
2964 4035 3562 4105 Germanilegationem
3597 4040 3653 4091 in
3681 4038 3866 4090 Britan-

2314 4108 2453 4159 niam
2505 4103 2769 4175 pertinere
2816 4108 2881 4160 ad
2931 4120 3123 4158 annum
3173 4103 3447 4173 446,quia
3480 4108 3637 4161 Baeda
3671 4111 3721 4161 in
3752 4107 3865 4160 Hist.

2315 4177 2456 4230 Eccl.
2491 4192 2530 4238 ι,
2565 4176 2652 4238 10.
2681 4178 2877 4231 scribat
2900 4177 3176 4229 Britannos
3195 4184 3453 4239 praesente
3477 4177 3743 4231 Germano
3766 4191 3867 4230 cum

2314 4246 2472 4300 Pictis
2521 4257 2573 4301 et
2629 4248 2925 4302 Saxonibus
2977 4245 3504 4316 conllixisserlonge
3550 4250 3696 4302 enim
3747 4249 3871 4316 prius

2312 4332 2466 4385 quam
2503 4318 2780 4387 lleugistus
2810 4334 2928 4373 cum
2977 4319 3086 4370 suis
3125 4315 3422 4387 Saxonibus
3451 4315 3517 4371 in
3561 4318 3869 4371 Britanniam

2312 4389 2621 4454 appulisset,
2650 4391 2949 4454 frequenter
2975 4387 3027 4440 in
3064 4402 3178 4440 eam
3208 4386 3442 4440 Saxones
3480 4390 3775 4454 irrumpere
3803 4402 3873 4437 50o

644 4466 974 4547 papaiwatqtte
999 4454 1205 4547 Felicis.
1238 4458 1443 4547 LABABl-ZP
1465 4456 1596 4547 Bibl;
1618 4454 1902 4537 Nov._tom.
1935 4457 1975 4519 l,
1998 4473 2053 4547 p.
2079 4455 2205 4547 4'18.
2238 4487 2290 4547 Β
2315 4457 2510 4539 lebant.
2546 4457 3133 4547 Bar0itius_§ecun‘dant
3173 4456 3240 4547 .S.
3294 4454 3545 4547 Germani
3598 4459 3874 4547 navigatio-

717 4524 741 4562 ά
768 4524 1029 4581 Germani.
1061 4527 1282 4581 Natioue
1326 4526 1801 4580 Autissiodurensis
1831 4543 1891 4580 ex
1930 4538 2074 4595 patre
2104 4526 2210 4579 Ru-

644 4597 777 4649 Stico
804 4606 858 4649 et
887 4608 1050 4650 matre
1081 4597 1398 4651 Gertnanilla
1436 4614 1447 4649 :
1479 4599 1694 4649 sortitus
1737 4605 1819 4649 est
1866 4613 2082 4649 uxorem
2115 4612 2207 4649 no-

646 4671 788 4720 mine
815 4666 1168 4732 Eustachiam,
1200 4667 1643 4733 transmissusque
1672 4668 1736 4719 ad
1770 4665 1983 4731 Gallias,
2019 4675 2075 4719 ut
2104 4668 2210 4719 du-

643 4747 816 4789 catum
856 4737 1114 4791 obtineret
1160 4754 1174 4790 :
1224 4753 1341 4791 cunt
1395 4751 1522 4790 vero
1567 4739 1624 4789 8.
1678 4736 1914 4790 Amatori
1962 4738 2211 4807 episcopo

646 4808 1120 4874 Autissiodorensi,
1168 4807 1306 4876 quod
1348 4807 1469 4860 finis
1515 4807 1634 4861 vitae
1678 4807 1779 4861 sibi
1824 4817 2015 4871 μηθειο
2045 4818 2207 4869 esset,

645 4876 1018 4941 innotesceret,
1058 4878 1115 4933 8.
1158 4878 1420 4931 Germano
1449 4878 1727 4931 ecclesiam
1776 4878 2088 4945 ingredienti
2116 4881 2210 4932 sti-

648 4958 800 5017 palus
826 4948 1032 5001 clericis
1063 4948 1173 5001 suis
1220 4956 1377 5013 caput
1416 4948 1659 5014 totondit,
1711 4964 1830 5001 eum
1876 4963 2212 5016 praenoscens

648 5019 748 5073 sibi
800 5019 850 5072 in
898 5020 1201 5088 episcopatu
1252 5032 1643 5080 successurum,
1685 5033 1790 5085 quo
1838 5034 1934 5072 nec
1979 5020 2066 5073 diu
2096 5029 2214 5087 post

646 5090 895 5154 abeunte,
925 5091 1157 5142 omniunt
1192 5090 1326 5141 votis
1359 5088 1651 5141 Germanus
1694 5089 1983 5158 postulatus
2013 5093 2215 5155 cpisco-

647 5174 768 5229 pus,
799 5172 1010 5213 coaetus
1037 5161 1272 5225 suscepit
1307 5159 1681 5229 sacerdotium.
1717 5162 1788 5212 De
1817 5160 1971 5225 hujus
2002 5162 2214 5228 naviga-

651 5226 792 5283 tione
830 5230 1026 5297 duplici
1072 5232 1123 5281 in
1184 5226 1503 5281 Britanniam
1533 5228 1601 5281 ob
1632 5229 1970 5282 refellendam
2021 5226 2211 5297 Pelagii

649 5301 871 5354 bmresin
907 5301 1020 5353 vide
1052 5299 1181 5352 Hist.
1219 5300 1361 5353 Eccl.
1410 5314 1448 5360 ι,
1498 5300 1561 5351 17
1588 5309 1639 5352 et
1669 5315 1808 5366 seq.,
1831 5310 1883 5352 et
1910 5300 2212 5352 Chronicon

647 5371 747 5425 Bttb
794 5370 1067 5424 Martiano.
1122 5370 1363 5437 Prosperi
1415 5368 1761 5437 Chronologia
1813 5383 1915 5436 qua
1967 5369 2217 5421 statuitur

649 5456 769 5495 eum
816 5441 984 5509 primo
1015 5441 1064 5494 iii
1098 5441 1416 5493 Britanniam
1454 5458 1487 5489 a
1537 5444 1739 5509 synodo
1770 5439 2036 5493 Gallicana
2079 5453 2215 5490 anno

649 5510 752 5565 429
773 5527 888 5565 cum
914 5512 1062 5581 Lupo
1086 5511 1334 5565 Trecensi
1362 5512 1576 5563 missum
1600 5524 1739 5571 esse,
1758 5511 1964 5563 videtur
1986 5523 2103 5581 esse
2127 5524 2216 5562 ve-

650 5582 920 5636 risitnilior
948 5577 1102 5649 quam
1132 5580 1482 5649 Chronologia
1532 5580 1810 5647 Sigeberti,
1856 5581 1943 5646 qui
1990 5577 2214 5649 Germaf

552 5653 559 5661 ’
652 5666 777 5706 tium
810 5654 907 5705 iter
936 5655 1033 5707 hnc
1062 5653 1349 5706 instituisse
1379 5648 1516 5704 anno
1543 5651 1644 5703 446
1676 5649 1865 5713 tradit;
1899 5664 1963 5702 ex
1992 5664 2055 5701 eo
2078 5648 2215 5715 quod

653 5735 946 5793 anonymus
976 5724 1024 5776 in
1058 5722 1168 5777 Vita
1196 5725 1250 5778 8.
1285 5722 1415 5790 Lupi
1466 5722 1701 5793 scribat:
1736 5740 1755 5772 ‹
1793 5722 1988 5793 Exacto
2019 5718 2216 5793 biennii

654 5789 825 5869 Spatio
855 5792 944 5866 (ab
978 5794 1281 5865 episcopatu
1324 5789 1518 5862 nempe
1541 5791 1671 5850 Luoi
1711 5806 1849 5847 anno
1880 5789 1983 5844 428
2008 5791 2071 5845 ad
2096 5804 2215 5846 eum

2315 4544 2434 4581 nem
2467 4530 2517 4581 iit
2548 4546 2743 4583 annum
2773 4527 2878 4584 435
2904 4524 3107 4582 confert
3138 4536 3191 4579 et
3228 4541 3346 4580 eum
3393 4538 3573 4593 postea
3622 4538 3870 4580 mortuum

2314 4602 2522 4652 asserit.
2557 4600 2749 4652 Verum
2781 4597 3026 4652 Germani
3056 4611 3197 4649 mors
3225 4595 3291 4647 ab
3317 4611 3455 4651 anno
3481 4595 3587 4651 448
3623 4598 3869 4652 removeri

2315 4683 2419 4721 non
2454 4679 2645 4735 potest.
2671 4669 3009 4723 Constantius
3038 4669 3178 4719 enim
3206 4669 3257 4718 in
3288 4666 3403 4734 ejus
3439 4666 3556 4719 Vita
3586 4669 3661 4721 ait
3692 4686 3703 4719 :
3740 4689 3759 4718 ι
3793 4668 3869 4720 Se.

2314 4739 2389 4792 dit
2419 4739 2711 4792 Germanus
2763 4740 2813 4791 in
2855 4737 3138 4805 episcopali
3170 4737 3423 4791 cathedra
3454 4753 3626 4790 annos
3656 4738 3744 4799 50,
3774 4738 3873 4789 dies

2312 4807 2383 4860 25
2414 4828 2428 4861 :
2460 4810 2590 4863 obiit
2638 4824 2762 4862 vero
2806 4809 2972 4877 pridie
3017 4805 3136 4860 Kal.
3184 4810 3467 4877 Augustas,
3520 4807 3873 4860 Valentiniano

2316 4879 2487 4931 adhuc
2508 4880 2700 4947 juvene
2729 4871 3021 4947 imperante
3048 4892 3167 4930 cum
3196 4871 3423 4947 Placidia
3452 4888 3646 4930 matre.
3688 4896 3707 4928 ι
3747 4879 3871 4931 Idem

2316 4945 2676 5014 Constantius,
2712 4966 2748 5010 ι,
2776 4945 2828 5013 5,
2871 4948 2979 5016 jam
3026 4952 3311 5014 scripserat
3350 4946 3407 5001 S.
3442 4952 3751 5002 Amatorem
3779 4948 3876 5014 ejus

2319 5017 2653 5072 decessoreiu
2697 5018 2761 5071 ad
2814 5018 2976 5071 Deutn
3026 5022 3280 5086 migrasse
3330 5016 3685 5072 Kalendarum
3732 5017 3874 5070 Maia-

2318 5103 2434 5141 rum
2467 5102 2650 5157 quarta
2685 5089 2833 5154 feria,
2869 5088 3091 5154 ideoque
3130 5103 3269 5140 anno
3301 5088 3477 5155 aliquo
3508 5090 3681 5142 littera
3712 5088 3877 5140 Domi-

2319 5156 2557 5212 nicaliF
2602 5169 2802 5223 notato,
2850 5159 3001 5210 sicuti
3047 5166 3130 5210 est
3175 5172 3345 5211 annus
3388 5158 3589 5212 Christi
3629 5156 3758 5221 M8,
3790 5172 3878 5226 quo

2319 5230 2437 5282 ideo
2468 5229 2553 5282 die
2586 5230 2750 5296 prima
2785 5230 2978 5283 mensis
3002 5227 3144 5294 Maii,
3172 5227 3403 5295 inquam
3437 5228 3568 5281 feria
3598 5240 3783 5296 quarta
3816 5245 3876 5279 tn-

2319 5299 2548 5362 cidebat,
2602 5301 2822 5353 Amator
2869 5299 3111 5365 spiritum
3167 5299 3271 5351 Deo
3316 5299 3566 5353 reddidit.
3613 5301 3788 5364 Quare
3830 5299 3878 5351 S.

2321 5366 2616 5422 Germanus
2639 5384 2703 5423 co
2734 5369 2929 5438 pariter
2950 5383 3113 5434 anno,
3137 5368 3222 5422 die
3251 5371 3475 5436 septima
3504 5368 3653 5436 Julii,
3675 5370 3763 5437 qui
3794 5368 3880 5423 Do-

2321 5439 2582 5492 tuinicalis
2608 5441 2719 5503 fuit,
2747 5448 3087 5508 consecratus
3111 5451 3192 5493 est
3217 5441 3514 5507 episcopus,
3541 5452 3589 5492 et
3617 5448 3874 5508 postquam

2319 5514 2543 5561 Seilisset
2565 5526 2731 5562 annos
2762 5509 2828 5564 ὖυ
2853 5520 2905 5562 et
2927 5510 3039 5562 dies
3058 5507 3150 5573 “2.3,
3192 5510 3320 5563 obiit
3362 5510 3451 5563 die
3478 5507 3664 5563 ultima
3698 5510 3877 5563 mensis

2320 5577 2442 5631 Julii
2474 5582 2595 5632 anni
2636 5578 2760 5633 483.
2790 5580 2921 5631 Cum
2973 5582 3146 5647 itaque
3196 5582 3349 5645 paulo
3379 5590 3501 5634 ante
3557 5594 3800 5643 mortem,
3832 5590 3875 5631 ttt

2321 5662 2528 5701 Constat
2559 5666 2621 5703 ex
2653 5650 2941 5703 COustantii
2975 5650 3068 5705 Ιώ.
3116 5664 3173 5713 tt.
3223 5651 3281 5706 S.
3333 5651 3629 5706 Germanus
3674 5668 3795 5704 cum
3832 5652 3875 5701 S.

2321 5720 2517 5791 Severo
2556 5723 2820 5791 episcopo
2870 5720 3171 5774 Trevirensi
3218 5722 3423 5791 collega
3468 5724 3519 5775 in
3571 5722 3876 5774 Britanniam

2323 5788 2610 5858 trajecerit,
2651 5792 2762 5845 litec
2783 5790 2977 5860 legatio
2997 5792 3065 5847 ad
3088 5806 3285 5849 annum
3307 5788 3519 5849 circiter
3540 5791 3645 5846 447
3668 5799 3877 5859 spectat.
