3988 6346
126 287 238 347 993

1094 264 1103 267 ι
1190 281 1385 342 sscr.
1428 283 1491 340 ιι.
1530 313 1599 325 -
1635 283 2197 343 MARTYROLOGIA.

3283 291 3390 351 994

1339 395 1564 451 EDITIO
1600 395 2064 454 COLONIENSIS.

129 494 247 561 bii;
299 492 389 563 qui
444 506 566 548 cum
618 488 759 548 ferre
812 491 1004 549 vexilla
1054 489 1376 561 praesidialia
1423 499 1711 556 recusaret,
1743 491 2166 560 Aimmergitur.
2199 491 2303 548 Sed
2332 492 2536 548 Domini
2560 492 2751 549 virtute
2798 493 3084 563 integritati
3120 494 3383 553 redditum

132 588 363 658 primum
414 587 467 641 in
517 600 785 641 carcerem
830 594 1011 640 trusus
1041 593 1144 650 est,
1183 581 1376 638 deinde
1423 582 1711 651 productus

130 688 292 747 atque
313 677 691 744 interrogatus,
729 675 781 729 in
818 672 1015 728 Christi
1068 670 1406 727 confessione
1436 671 1710 739 perdurat.

136 770 239 837 Qui
291 784 420 823 mox
442 784 493 823 va
528 768 811 823 furibundo
837 766 1015 836 judice
1041 764 1254 833 capitali
1297 764 1556 819 sententia
1585 778 1715 819 con-

132 861 443 916 demnatur.
494 860 622 916 Post
667 861 781 914 haec
828 872 1023 928 corpus
1070 856 1295 911 reticulo
1348 856 1603 921 insutum,
1655 856 1710 910 in

132 952 301 1010 maris
342 952 600 1021 profunda
630 966 872 1008 seorsum
895 958 1073 1019 caput,
1105 963 1451 1017 seorsumque
1493 948 1721 1003 cadaver

1813 594 2027 649 cOrpus,
2058 583 2121 636 ad
2153 582 2523 638 Carenitanum
2570 583 2715 638 littus
2741 595 3005 650 evectum,
3038 594 3091 640 et
3121 588 3383 656 condigne

1816 672 2000 727 cultua
2023 671 2262 727 fidelibus
2284 674 2333 727 in
2352 674 2564 729 basilica
2583 674 2913 728 tumnlatum.
2936 674 2991 728 In
3012 676 3188 731 Africa
3211 678 3388 734 natale

1816 771 2120 817 sanctorum
2174 764 2497 829 Democriti,
2553 765 2821 829 Secundi,
2884 765 3161 836 Dionysii,
3230 766 3387 822 Tirsi.

1822 850 2087 906 Ravennae
2122 852 2394 909 translatio
2433 854 2604 908 sancti
2631 852 2883 910 Germani
2911 852 3144 923 episcopi
3169 862 3224 910 et
3251 869 3383 910 con-

1823 942 2062 998 fessoris.

1349 1037 1572 1092 EDITlO
1611 1033 2113 1093 BOLLANDIANA.

139 1142 166 1172 ι
209 1118 522 1198 Democriti,
568 1131 819 1198 Secundi,
865 1128 1488 1202 Dionysii,_‘i’hyrsi._A.
1533 1127 1620 1202 T_.,
1652 1127 1718 1202 ιη

133 1205 314 1262 Africa
343 1204 447 1262 SS.
493 1203 750 1275 Dionysii,
797 1197 1024 1259 Secundi
1052 1210 1107 1255 et
1130 1197 1347 1269 Thyrsi.
1400 1197 1527 1254 item
1559 1200 1624 1253 A.
1652 1198 1714 1252 Τ.

1828 1126 1886 1181 L.
1914 1126 2013 1180 hoc
2032 1123 2349 1197 dieJhabent
2371 1110 2639 1197 quaealibi
2674 1124 2911 1196 ubique!
2948 1124 3170 1195 Augusti
3202 1125 3390 1197 legun-
3444 1138 3449 1145 ‘

1826 1206 1909 1250 tur
1932 1196 1997 1251 de
2024 1196 2081 1252 S.
2120 1195 2384 1252 Germano
2408 1209 2472 1249 ex
2496 1194 2671 1251 Bzeda.

855 1326 861 1344 ι
1507 1287 1707 1343 SMITII
1746 1285 1978 1342 NOTAE.

854 1326 861 1344 ι
1549 1288 1707 1341 ιιιτιι
1746 1288 1978 1342 NOTAE.

134 1386 217 1440 An
264 1383 426 1439 Baeda
470 1381 883 1453 ipseintionem
910 1380 1073 1453 _hanc
1120 1389 1413 1453 temporum
1453 1288 1703 1453 diplicis
1807 1392 1965 1453 supra
1996 1377 2363 1453 explicuimus,
2397 1376 2677 1432 maximam
2716 1376 2910 1453 habere
2948 1381 3194 1453 veritatis
3226 1384 3377 1438 simi-

133 1453 191 1510 S.
246 1449 504 1508 Germani
559 1452 762 1506 itineris
810 1451 861 1505 in
908 1449 1232 1503 Britanniam
1285 1449 1701 1515 excogitaverit,

135 1524 330 1579 merito
358 1523 585 1576 dubitari
610 1529 802 1589 potest,
846 1519 891 1573 si
917 1521 1160 1574 conferas
1188 1522 1358 1572 locum
1388 1525 1501 1589 ejus
1532 1519 1702 1589 Gbroe

1810 1447 2085 1520 liptudinein
2118 1450 2375 1520 videatur,
2423 1456 2597 1520 grates
2638 1451 2897 1517 praecipue
2945 1452 3200 1506 habenda:
3250 1464 3374 1508 sunt

1807 1518 2025 1590 viroCl.
2060 1520 2286 1590 Antonio
2316 1518 2638 1590 i‘agit‘cujus
2665 1522 3005 1590 cbronologia
3039 1524 3367 1578 consulenda

135 1594 241 1650 nici
267 1607 429 1662 supra
460 1586 749 1662 laudatum,
793 1589 889 1662 ubi
930 1590 1094 1662 prima
1140 1589 1421 1662 legatio__S_.
1454 1588 1701 1662 Germani
1807 1598 1888 1641 est
1917 1588 2151 1662 in_annis
2173 1588 2359 1662 i290et
2388 1586 2513 1662 455.

135 1672 261 1733 post
288 1658 485 1733 annum
516 1660 621 1733 446
647 1660 895 1733 collocari
928 1660 1153 1725 videtur,
1184 1673 1302 1733 cum
1334 1658 1465 1711 Hist.
1500 1658 1704 1733 Eccl._r,

135 1728 230 1798 ξι,
264 1733 351 1785 ubi
380 1732 516 1785 inter
541 1732 670 1784 duas
696 1730 984 1798 legationes
1009 1744 1111 1782 non
1143 1731 1362 1781 multum
1395 1739 1599 1799 tempus
1625 1728 1706 1781 di—

135 1789 277 1859 a'tnr
296 1789 868 1870 fuisseinterposititm.
894 1799 949 1855 Si
972 1813 1097 1854 vero
1126 1789 1528 1867 chronologiam
1557 1813 1713 1867 quam
1748 1789 1793 1848 Β

1880 1665 1902 1691 δ
1949 1658 2242 1734 Democriti.
2277 1660 2531 1734 Beronius
2560 1658 2826 1733 Synnada:
2855 1662 2909 1717 in
2952 1661 3175 1734 Phrygia
3214 1663 3377 1719 Paca-

1818 1728 1957 1782 tiana
1990 1729 2084 1783 hos
2112 1743 2297 1798 passos
2328 1730 2506 1784 tradit.

144 1940 3389 1970 -———————————-——————————_—-——_—H

1430 2048 2105 2134 AUGUSTUS.
2134 2166 2137 2173 μ

1405 2208 1636 2264 EDITIO
1674 2204 2130 2264 COLONIENSIS.

742 2320 1125 2378 AUGUSTUS.

496 2415 662 2471 Habet
692 2415 797 2469 dies
832 2430 975 2481 xxxi,
1007 2415 1179 2469 lauant
1210 2429 1353 2469 xxix.

209 2510 253 2565 (Ξ
309 2508 553 2564 lium.
613 2508 848 2562 Anaus'r.
900 2506 1217 2560 Sanctorum
1293 2504 1717 2560 Machabacorum

140 2612 354 2670 septem
398 2601 619 2655 fratrum
659 2613 780 2654 cum
817 2608 984 2653 matre
1026 2613 1140 2661 sua,
1164 2598 1251 2668 qui
1284 2597 1428 2667 passi
1458 2607 1579 2652 sunt
1618 2598 1719 2653 sub

142 2690 413 2745 Antiocho
468 2704 610 2758 rege.
660 2689 842 2743 Romae
881 2689 1141 2745 dedicatio
1184 2689 1365 2757 prima:
1405 2690 1645 2744 ecclesiae
1687 2703 1718 2743 a

143 2781 309 2837 beato
350 2781 506 2836 Petro
529 2788 844 2835 constructa
881 2788 935 2833 et
973 2790 1317 2833 consecratae.
1350 2778 1569 2834 Viennae
1595 2794 1721 2833 sau-

139 2873 212 2926 cti
240 2872 363 2926 Veri
388 2870 646 2941 episcopi,
674 2870 765 2941 qui
803 2885 940 2924 unus
978 2870 1076 2925 fuit
1102 2870 1168 2925 de
1198 2870 1473 2940 discipulis
1502 2880 1717 2941 aposto-

139 2963 341 3031 lorum,
370 2975 427 3019 et
460 2964 629 3019 sancti
672 2962 884 3019 Nectari
910 2964 1163 3033 eoiscOpi.
1212 2963 1473 3019 Vercellis
1506 2964 1720 3018 Eusebii

1826 2322 2080 2391 episcopi,
2103 2321 2188 2389 qui
2217 2322 2554 2377 moventibus
2576 2323 2989 2392 persecutionem
3029 2325 3257 2392 Arianis,
3289 2327 3387 2382 sub

1825 2412 2131 2467 Constantio
2161 2413 2395 2483 principe
2436 2412 2741 2485 martyrium
2773 2428 2961 2483 passus
2990 2424 3092 2471 est.
3126 2417 3389 2475 Philadel~

1826 2505 1947 2575 pliia
1980 2505 2212 2583 .civitate
2260 2506 2433 2560 natale
2476 2515 2780 2559 sanctorum
2823 2519 3135 2578 martyrum,
3183 2508 3387 2579 Cyrilli,

1824 2595 2049 2661 Aquilm,
2094 2595 2257 2663 Petri,
2304 2595 2607 2663 Domitiani,
2649 2595 2789 2665 Ruﬁ,
2833 2597 3127 2658 Menandri.
3177 2614 3278 2653 una
3304 2599 3389 2656 die

1825 2700 2219 2745 coronatorum.
2250 2688 2305 2743 In
2330 2691 2539 2745 civitate
2565 2690 2809 2746 Gerunda
2834 2694 3007 2747 natale
3036 2696 3202 2749 sancti
3250 2697 3386 2750 Feli-

1822 2782 1897 2837 cis
1928 2782 2197 2849 martyris,
2223 2783 2309 2852 qni
2338 2784 2515 2837 tandiu
2544 2784 2722 2853 jussus
2754 2795 2836 2841 est
2871 2786 3059 2843 laniari
3104 2803 3134 2843 a
3172 2788 3384 2858 Ruﬁno,

1824 2887 1989 2942 usque
2016 2871 2141 2926 dum
2178 2872 2339 2926 vitam
2370 2872 2560 2929 finiret.

1417 3048 1660 3109 EDITIO'
1684 3049 2172 3109 BOLLANDIANA.

212 3148 267 3203 1.
297 3176 368 3189 --
395 3146 681 3202 Κιιειωιε.
730 3145 813 3201 Ad
862 3146 919 3202 S.
953 3147 979 3177 “
1008 3146 1222 3202 Petrum
1261 3147 1329 3202 ad
1372 3146 1611 3202 Vincula.
1646 3148 1715 3201 Et
1744 3148 1789 3209 C
1821 3148 1918 3202 sub
1983 3143 2290 3201 Constantio
2355 3144 2589 3215 principe
2653 3147 2960 3218 martyrium
3031 3164 3217 3219 passus
3281 3165 3385 3211 est.

138 3239 242 3295 SS.
275 3240 719 3295 Macbabaaorum.

217 3337 305 3402 Β..
332 3336 601 3391 Dedicatio
625 3337 807 3405 primae
828 3334 1058 3390 basilicae
1078 3350 1105 3389 a
1132 3336 1193 3392 Β.
1218 3337 1375 3391 Petro
1399 3346 1717 3392 constructae

143 3422 267 3472 qua:
294 3406 485 3460 dicitur
513 3408 577 3459 ad
602 3407 659 3462 S.
686 3407 897 3461 Petrum
926 3407 989 3459 ad
1019 3406 1267 3462 Vincula.
1298 3407 1370 3461 De
1398 3408 1715 3462 Machahaais

144 3476 200 3530 in
234 3477 300 3529 A.
333 3475 395 3529 Τ.
428 3476 490 3532 L.
523 3476 581 3532 Β.
611 3479 687 3532 sic
728 3477 915 3544 legitur
948 3492 962 3528 :
996 3475 1049 3529 In
1087 3477 1365 3531 Antiochia
1413 3481 1585 3545 passio
1618 3481 1713 3534 SS.

147 3545 589 3611 Hachabaeorum,
619 3547 705 3617 qui
732 3546 871 3615 passi
896 3554 1020 3601 sunt
1039 3547 1138 3601 sub
1162 3547 1426 3602 Antiocho
1446 3563 1570 3617 rege
1598 3565 1717 3604 cum

147 3622 321 3672 matre
353 3629 467 3669 sua.

221 3706 290 3760 Et
321 3706 674 3763 Altissiodoro
716 3706 823 3781 [G.,
866 3705 1201 3779 Calciodoro]
1230 3705 1259 3745 δ
1309 3707 1557 3765 Germani
1597 3713 1721 3782 epi-

143 3798 315 3865 scopi,
357 3799 446 3867 qui
486 3798 664 3853 multis
696 3798 974 3853 virtutibus
1001 3798 1239 3854 doctrina
1287 3808 1345 3855 et
1392 3803 1717 3857 continentia

144 3891 345 3956 clarus,
378 3891 540 3946 etiam
571 3892 843 3946 Britonum
869 3890 1025 3947 fidem
1060 3906 1153 3961 per
1182 3892 1314 3947 duas
1340 3896 1485 3947 vices
1512 3910 1541 3948 a
1574 3894 1722 3949 Pela-

146 3979 303 4047 giana
360 3978 552 4035 haeresi
606 3979 863 4037 defendit.
913 3981 977 4035 Et
1030 3984 1083 4035 in
1130 3980 1387 4036 Vercellis
1431 3985 1453 4013 ο
1508 3983 1723 4037 Eusebii

148 4070 429 4140 episcopi,
475 4070 566 4141 qui
630 4070 961 4126 moventibus
1022 4072 1443 4142 persecutionem
1490 4072 1721 4139 Ariauis,

1897 3238 2084 3293 Florus
2131 3238 2184 3292 in
2236 3239 2302 3294 A.
2357 3237 2421 3291 Τ.
2462 3237 2524 3293 L.
2554 3253 2567 3291 :
2597 3236 2779 3294 Romae
2832 3240 3007 3309 passio
3043 3242 3142 3298 SS.
3172 3241 3198 3280 ἀ
3228 3244 3388 3313 Boni,

1826 3328 2025 3395 Fausti,
2059 3328 2248 3395 Mauri,
2297 3328 2578 3395 Primitivi,
2601 3329 2946 3399 Calumniosi,
2978 3334 3213 3401 Joannis,
3245 3337 3387 3392 Exu-

1824 3421 2080 3493 perantii,
2109 3421 2315 3492 Cyrilli,
2348 3420 2601 3477 Honorati
2629 3440 2644 3478 :
2676 3424 2768 3493 qui
2789 3466 2803 3489 ,
2846 3441 2965 3480 cum
3004 3438 3184 3484 essent
3210 3429 3389 3486 clerici

1827 3513 1886 3567 Β.
1931 3512 2184 3581 Stephani
2220 3513 2488 3582 episcopi,
2530 3528 2560 3567 a
2604 3514 2881 3571 Valeriano
2923 3527 2976 3574 et
3008 3518 3248 3591 Gallieno
3274 3524 3392 3578 sine

1828 3606 1931 3660 ulla
1960 3605 2227 3660 audientia
2256 3621 2349 3673 pro
2376 3607 2588 3661 nomine
2606 3591 2808 3662 'Christi
2841 3612 3037 3678 pariter
3062 3621 3183 3667 sunt
3210 3612 3389 3670 decol-

1824 3696 1935 3751 lati.
1983 3696 2040 3750 In
2084 3696 2147 3751 Τ.
2191 3705 2245 3751 et
2293 3696 2377 3762 L.,
2412 3698 2609 3753 Eodem
2658 3699 2744 3754 die
2790 3698 2974 3757 Romae
3022 3700 3079 3759 S.
3111 3713 3136 3741 ο
3165 3704 3389 3761 Victoris

1825 3804 1992 3859 papae,
2026 3788 2113 3857 qui
2141 3788 2207 3843 ad
2237 3790 2702 3859 interrogationem
2731 3792 3067 3847 sacerdotum
3099 3794 3165 3850 de
3191 3796 3389 3853 circulo

1826 3879 2063 3944 Pascha,
2109 3894 2228 3933 cum
2258 3880 2524 3948 episcOpis
2552 3890 2607 3935 et
2638 3881 2961 3952 presbyteris
2990 3884 3123 3939 facta
3154 3886 3389 3943 collatio~

1826 3988 1916 4035 ne,
1947 3968 1966 4007 τ
1998 3968 2291 4036 Tbeophilo
2318 3969 2652 4024 Alexandriae
2673 3972 2923 4041 episc0po
2950 3974 3229 4039 accersito,
3255 3990 3386 4030 con-

1828 4063 1999 4120 stituit
2028 4072 2129 4117 uta
2153 4070 2339 4128 quarta
2357 4060 2560 4115 decima
2584 4060 2703 4115 luna
2726 4063 2879 4131 primi
2910 4064 3106 4120 mensis
3131 4079 3297 4135 usque
3322 4067 3385 4123 ad

1554 4163 1759 4219 SMITH
1801 4156 2022 4216 ΝΟΤίΕ.

228 4250 255 4279 ⁸
294 4247 526 4304 Petrum.
575 4249 669 4307 Hic
697 4250 990 4306 celebratur
1010 4249 1270 4304 dedicatio
1292 4250 1521 4306 basilicae
1542 4252 1597 4306 S.
1625 4254 1721 4306 Pe-

156 4318 227 4373 tri
256 4321 322 4372 ad
358 4320 572 4373 Vincula
598 4331 829 4390 peracta.
881 4320 1049 4375 Graeci
1078 4322 1237 4374 etiam
1269 4321 1459 4375 festum
1484 4323 1624 4377 diem
1656 4326 1721 4378 de

154 4390 359 4460 catenis
411 4392 468 4444 S.
516 4390 654 4445 Petri
700 4406 853 4460 agere
902 4401 1290 4444 consueverunt
1330 4391 1395 4444 ad
1447 4408 1549 4445 xvn
1600 4391 1717 4445 Kal.

155 4459 289 4511 Feb.
326 4459 537 4512 Duabus
563 4459 749 4514 autem
770 4460 968 4514 catenis
1000 4462 1058 4514 S.
1092 4460 1303 4513 Petrum
1336 4463 1565 4515 vinctum
1599 4479 1717 4515 esse
1750 4465 1799 4524 D

151 4526 539 4596 Hierosolymis
566 4531 793 4598 produnt
821 4530 952 4583 Acta
978 4538 1171 4597 apost.,
1224 4546 1343 4597 cap.
1388 4546 1481 4585 xu.
1525 4532 1718 4585 Harum

150 4599 327 4667 altera
357 4599 423 4651 ab
452 4599 684 4655 Eudocia
714 4602 946 4667 Angusta
977 4599 1491 4667 Constantinopolim
1522 4614 1599 4654 est
1629 4604 1720 4654 de-

150 4665 284 4731 lata,
313 4667 476 4722 altera
500 4670 566 4723 ab
584 4670 772 4724 eadem
801 4665 1017 4723 Romam
1042 4670 1202 4723 missa
1228 4665 1400 4723 estad
1427 4670 1717 4724 Eudoxiam

152 4736 449 4806 Augustam
474 4738 587 4806 ejus
617 4740 796 4802 tiliam,
840 4738 1190 4793 Valentiniani
1235 4740 1720 4806 imperatoriscon-

145 4804 333 4875 jugem
362 4823 375 4859 :
408 4804 683 4877 utrubique
703 4818 878 4862 autem
908 4808 1068 4862 festus
1095 4811 1209 4862 dies
1235 4804 1465 4862 statutus
1486 4820 1587 4863 est.
1620 4810 1721 4864 Ex-

146 4886 261 4931 stat
284 4878 352 4930 de
379 4877 563 4931 iisdem
585 4880 878 4932 encomium
899 4879 1033 4945 apud
1065 4878 1275 4932 Suriurn
1305 4888 1434 4931 tum.
1461 4878 1546 4931 ιν.
1575 4881 1723 4934 Sicut

149 4960 283 5000 vero
306 4945 760 5014 ConstantinOpoli
792 4948 845 5000 in
880 4950 1131 5002 honorem
1164 4948 1383 5001 alterius
1405 4958 1607 5002 catena:
1637 4961 1719 5004 est

150 5024 337 5069 erecta
370 5016 601 5080 basilica,
632 5019 700 5071 ita
724 5018 882 5070 etiam
912 5015 1090 5070 Romae
1114 5017 1295 5071 titulus
1318 5029 1398 5071 est
1424 5029 1632 5072 erectus
1654 5020 1718 5072 ab

151 5084 396 5139 Eudoxia
430 5085 675 5140 Eudocia:
702 5088 831 5149 tilia,
864 5089 949 5153 qui
984 5098 1090 5141 tum
1118 5088 1391 5149 Endoxiae,
1418 5097 1528 5141 tum
1558 5089 1716 5141 etiam

153 5154 497 5208 Vinculorum
523 5156 661 5210 Petri
690 5158 902 5209 nomine
923 5156 1095 5210 dictus
1124 5160 1383 5221 reperitur
1408 5157 1459 5210 in
1488 5158 1719 5225 antiquis

150 5226 446 5295 memoriis.
478 5225 573 5280 Rei
601 5234 761 5295 gestae
787 5226 1057 5295 historiam
1090 5227 1225 5279 inter
1252 5228 1383 5278 alias
1414 5227 1721 5291 Sigebertus

149 5294 411 5349 describit
435 5295 485 5347 in
516 5294 714 5349 Chron.
747 5310 887 5348 anno
914 5294 1039 5361 408,
1070 5297 1194 5350 licet
1224 5297 1557 5349 librariorum
1592 5297 1719 5349 vitio

149 5378 251 5432 pro
283 5365 510 5419 Eudocia
543 5366 849 5428 inventrice,
900 5365 1131 5418 Eudoxia
1166 5374 1413 5431 ponatur,
1441 5380 1559 5419 cum
1612 5368 1716 5417 Eu-

146 5434 307 5487 doxia
340 5434 512 5501 fuerit,
538 5450 655 5501 qua!
685 5436 851 5489 erexit
878 5434 1179 5489 ecclesiam.
1205 5436 1401 5489 Bsaoa.
1429 5436 1479 5488 in
1504 5433 1627 5488 Not.
1650 5434 1717 5487 ad

148 5505 310 5559 Mart.
339 5504 439 5559 Sed
470 5514 523 5557 et
563 5506 674 5558 haec
704 5504 939 5558 Ecclesia
983 5505 1050 5559 ab
1091 5505 1205 5570 ipso
1232 5506 1389 5559 Petro
1429 5505 1479 5558 in
1509 5504 1719 5572 Europa

148 5576 335 5644 prima
348 5582 647 5627 constructa
673 5584 727 5627 et
747 5575 980 5627 dedicata
1009 5573 1223 5630 dicitur.

225 5642 252 5681 δ
278 5640 553 5716 ’ϐαυκιηῂ
604 5644 677 5696 De
716 5645 814 5716 hoc
841 5647 966 5696 satis
1007 5644 1177 5716 pridie
1204 5644 1453 5709 diximus,
1497 5657 1602 5716 quo
1630 5643 1718 5703 die

151 5712 293 5785 apud
320 5728 504 5769 omnes
530 5714 912 5787 martyrologos
940 5713 1257 5787 celebratur.

1900 4253 1922 4280 ο
1970 4242 2189 4298 Eusebii.
2222 4242 2353 4308 Quia
2384 4242 2551 4297 noluit
2580 4257 2698 4297 cum
2731 4244 2939 4299 Arianis
2964 4246 3305 4305 Athanasium
3334 4253 3384 4308 in

1826 4316 2042 4391 synodo
2072 4314 2469 4391 Mediolanensi
2498 4314 2787 4391 deponere",
2826 4330 2854 4368 a
2885 4316 3190 4391 Constantio
3218 4322 3383 4391 impe-

1828 4384 2001 4441 nitore
2032 4386 2083 4436 in
2113 4386 2357 4455 exsilium
2403 4384 2593 4455 missus
2620 4393 2721 4439 est.
2753 4385 2978 4441 Socnsr.
3010 4403 3067 4453 ιι,
3093 4390 3190 4455 36;
3221 4384 3383 4447 Soao~

1828 4474 1951 4511 nm.
2012 4470 2098 4527 tv,
2145 4454 2197 4527 9.
2250 4453 2364 4527 Sub
2402 4453 2610 4527 Juliano
2658 4457 2975 4523 imperatore
3021 4474 3082 4512 ex
3129 4453 3383 4527 superiori

1827 4525 2097 4582 Thebaide
2119 4524 2185 4576 ab
2216 4524 2404 4578 exsilio
2436 4524 2630 4578 rediit:
2661 4536 2716 4579 et
2746 4542 2863 4580 cum
2894 4530 3126 4584 venisset
3157 4524 3382 4588 Alexan-

1823 4598 1990 4651 driam
2022 4607 2122 4647 una
2151 4608 2271 4647 cum
2317 4592 2605 4666 Athanasio
2660 4596 2917 4665 synodum
2966 4603 3292 4666 convocavit,
3330 4606 3379 4657 in

1820 4682 1920 4735 qua
1948 4664 2798 4737 Trinitatem_Cunsubstantialem
2837 4666 3033 4723 diserte
3073 4664 3381 4737 pronuntia-

1823 4733 1965 4789 runt.
2001 4735 2128 4787 Ibid.
2162 4748 2239 4807 In,
2272 4733 2326 4807 7,
2357 4744 2410 4786 et
2449 4734 2576 4790 ibid.
2622 4752 2671 4801 v,
2731 4734 2818 4789 12.
2872 4733 3164 4793 Novissime
3205 4756 3382 4807 perse-

1820 4806 2108 4879 quentibus
2148 4803 2378 4863 Arianis,
2420 4807 2727 4879 martyrium
2774 4809 3035 4879 scalarum
3065 4803 3232 4863 tractu
3260 4827 3377 4879 per-

1822 4888 2025 4949 pessus,
2060 4874 2254 4924 illmsus
2282 4882 2456 4926 tamen
2479 4876 2667 4940 evasit,
2694 4884 2747 4930 et
2769 4876 2977 4930 tandem
3001 4880 3053 4933 in
3080 4892 3208 4947 pace
3229 4874 3375 4949 quie-

1823 4950 1910 5000 vit.
1944 4945 2181 4997 Νοτιιειι.

1890 5017 1915 5056 d
1957 5014 2104 5066 Boni.
2158 5011 2569 5085 HiAobtruncati
2619 5024 2741 5068 sunt
2786 5031 2837 5069 in
2890 5032 2971 5070 via
3026 5030 3142 5085 quae
3188 5020 3377 5078 dicitur

1820 5081 2459 5156 Aquaednctns._Quorum
2485 5098 2709 5156 corpora
2730 5088 2926 5139 curavit
2955 5081 3299 5156 Tertullinus,
3324 5104 3375 5146 et

1820 5152 2000 5209 eorum
2033 5152 2281 5221 reliquias
2310 5154 2545 5223 reposuit
2598 5170 2759 5223 prope
2802 5171 3024 5223 corpora
3064 5159 3160 5214 SS.
3192 5152 3373 5217 Juvini

1824 5234 1876 5277 et
1896 5223 2082 5278 Basilei
2114 5223 2165 5275 in
2193 5222 2273 5275 via
2306 5222 2508 5277 Latina.
2537 5224 2661 5277 SUB.
2694 5224 2778 5285 IV,
2813 5241 2863 5292 ι».
2895 5222 3021 5282 467.

1893 5304 1917 5331 ο
1968 5292 2201 5346 Victoris.
2237 5291 2311 5345 De
2338 5294 2436 5345 hoc
2468 5294 2581 5345 vide
2604 5309 2759 5357 supra
2783 5291 2867 5348 uie
2897 5312 3060 5352 xxvm
3085 5298 3231 5355 Julii.

1896 5361 2276 5449 ‘.The9i3"."°:.
2314 5363 2963 5449 .991,'}°"__.A!?*5‘!1*lt',=9
3015 5371 3374 5449 ορίξεοριιιιιιι

1819 5434 1999 5507 gessit,
2034 5432 2204 5507 sediu
2237 5431 2536 5507 Data-stiria,
2581 5440 2636 5484 ut
2675 5433 2930 5488 Eusebius
2965 5431 3166 5507 scribit,
3197 5431 3247 5507 'v,
3279 5442 3371 5506 25,

1820 5500 1927 5558 imo
1956 5502 2301 5556 Caesariensis
2329 5500 2425 5553 fuit
2452 5501 2731 5568 episcopus
2752 5541 2765 5565 ,
2797 5512 2854 5554 ut
2878 5517 3085 5561 constat
3106 5500 3168 5563 ex
3203 5500 3372 5568 εἰπεάῷ

1821 5574 2060 5647 librode
2082 5570 2309 5647 Vel-nali
2324 5569 2657 5636 aequinoctio,
2684 5574 2770 5627 ubi
2798 5572 2953 5642 hujus
2978 5580 3163 5647 synodi
3191 5580 3370 5643 Caesa.

1818 5644 2007 5700 riensis
2039 5643 2162 5696 Acta
2204 5640 2511 5696 recitantur.
