4064 6346
637 322 739 382 999

1242 269 1258 284 .
1347 319 1546 375 BEIt/E
1586 318 2041 375 VENERABILIS
2078 318 2227 374 OPP.
2271 319 2445 373 PARS
2484 318 2571 372 lV.
2615 348 2682 358 —--
2720 317 3101 376 HISTORICA.

3761 330 3889 389 1000

1910 432 2133 488 EDITIO
2168 432 2635 489 COLONIENSIS.

658 534 665 539 ’
709 536 901 591 A.Vlll
921 536 1033 589 lous
1051 533 1284 588 Ausus-r.
1304 530 1488 586 Romae
1516 532 1565 585 in
1586 530 1894 585 rtemeterio
1917 527 2127 595 Calisti,
2149 530 2227 581 via
2260 539 2310 598 Α
2339 530 2642 593 buerentur,
2672 528 2920 595 projectis
2947 527 2998 581 in
3027 527 3205 582 schola
3231 526 3648 596 tabulis,sponte
3673 530 3736 584 ad
3763 548 3869 590 mar

639 628 808 697 Appia
845 628 1017 680 natale
1062 626 1226 678 sancti
1272 623 1411 676 Sixti
1460 622 1697 691 episcopi
1730 631 1783 675 et
1814 621 2096 690 martyris,
2128 620 2227 673 sub

640 720 799 776 Decio
821 720 1139 787 imperatore
1166 726 1221 771 et
1244 717 1529 770 Valeriano
1549 714 1823 784 prefecto,
1842 722 1901 766 et
1922 722 2223 766 sanctorum

638 810 952 867 Felicissimi
1000 817 1055 863 et
1112 807 1317 875 Agapiti
1364 807 1705 860 diaconorum
1763 802 2044 872 ejusdem,
2095 817 2227 869 quos

639 902 794 958 simul
819 900 981 970 jussit
1030 899 1220 953 Decius
1264 908 1386 951 ante
1424 896 1675 965 templum
1724 895 1904 949 Martis
1948 893 2224 949 decollari.

638 996 806 1052 Noctu
852 1011 980 1051 vero
1027 1004 1282 1050 venerunt
1310 995 1487 1048 clerici
1515 1002 1618 1072 ,.et
1658 992 1887 1045 maxima
1921 1006 2041 1060 pars
2068 989 2228 1044 Chri-

638 1090 952 1153 stianorum,
980 1088 1304 1158 sepelierunt
1332 1094 1634 1140 sanctorum
1662 1100 1895 1154 corpora
1922 1099 2041 1138 cum
2066 1084 2227 1152 digno

640 1179 863 1236 honore.
899 1179 1151 1235 Decollati
1180 1188 1303 1233 sunt
1348 1193 1468 1233 cum
1496 1179 1573 1231 eis
1604 1185 1657 1232 et
1685 1177 1771 1231 alii
1805 1186 2060 1244 quatuor,
2091 1185 2149 1231 ut
2176 1176 2229 1231 in

644 1269 819 1325 Gestis
840 1270 1229 1339 pontiﬁcalibus
1257 1269 1472 1340 legitur,
1493 1266 1796 1334 Ianuarius,
1832 1267 2071 1337 Magnus,
2097 1267 2230 1323 Vin-

641 1362 881 1426 centius,
911 1362 1244 1432 Stephanus,
1277 1360 1612 1415 subdiaconi.
1668 1359 1863 1414 Passus
1894 1368 1972 1414 est
2004 1375 2123 1414 cum
2151 1360 2230 1413 eis

642 1462 695 1507 et
722 1455 905 1509 beatus
930 1454 1194 1522 Quartus,
1231 1462 1289 1510 ut
1319 1454 1500 1508 scribit
1530 1462 1749 1508 sanctus
1775 1450 2099 1525 Cyprianus.
2135 1454 2230 1509 llic

645 1543 832 1599 beatus
855 1545 1032 1601 Sixtus
1061 1546 1465 1614 apud‘Athenas
1496 1556 1649 1600 natus
1674 1553 1729 1601 et
1752 1547 1964 1611 doctus,
1998 1545 2228 1615 primum

647 1637 859 1707 quidem
913 1638 1260 1708 philosophus
1280 1683 1293 1707 ,
1327 1648 1506 1707 postea
1537 1636 1737 1693 Christi
1768 1638 2059 1708 discipulus
2091 1638 2223 1693 fuit:

645 1729 786 1783 sedit
808 1728 860 1783 in
884 1730 1191 1798 episcopatu
1218 1744 1416 1783 annum
1442 1745 1627 1799 unum,
1648 1743 1860 1785 menses
1882 1731 2090 1795 decem,
2117 1729 2232 1784 dies

649 1820 836 1892 viginti
882 1830 1007 1877 tres.
1041 1822 1097 1876 In
1130 1822 1396 1892 Hispaniis
1424 1823 1637 1878 civitate
1666 1824 1981 1894 Compluto,
2011 1822 2149 1877 Justi
2176 1831 2232 1877 et

2333 621 2522 689 tyrinm
2571 628 2960 673 cucurrerunt:
2988 620 3074 688 qui
3118 635 3239 673 mox
3292 620 3446 689 jussu
3478 622 3689 675 Daciani
3721 640 3750 677 a
3778 642 3887 681 car-

2330 709 2574 763 niﬁcibus
2608 711 2829 779 jugulati
2858 718 2981 765 sunt
3010 751 3024 775 ,
3057 711 3145 764 ubi
3178 711 3334 765 etiam
3368 713 3417 767 in
3452 713 3666 767 basilica
3707 717 3785 770 sui
3812 734 3896 772 no-

2330 801 2490 855 minis
2519 804 2818 870 quiescunt.
2852 802 2915 855 Et
2938 803 3112 856 natale
3142 802 3438 857 Hormisdae
3468 819 3644 873 papae,
3667 808 3753 873 qui
3776 810 3898 865 sedit

2332 893 2515 948 Romae
2543 910 2711 949 annos
2742 895 2922 949 decem
2952 906 3002 949 et
3033 905 3258 964 septem.
3309 896 3405 951 llic
3455 903 3759 966 composuit
3804 902 3898 955 cle-

2331 1005 2448 1044 rum
2473 1034 2486 1056 ,
2522 1001 2573 1045 et
2606 991 2838 1059 psalmos
2866 990 3115 1046 erudivit.
3163 991 3274 1047 Sub
3305 976 3461 1060 hujus
3494 1000 3743 1060 tempore
3777 998 3899 1048 Ana-

2332 1086 2526 1136 stasius
2576 1083 2861 1149 imperator
2912 1082 3197 1136 hmrcticus
3253 1097 3538 1150 percussus
3582 1082 3800 1139 fulmine
3828 1086 3900 1139 in-

2333 1173 2492 1228 teriit.
2537 1173 2787 1243 Sepultus
2831 1181 2915 1228 est
2955 1173 3097 1228 idem
3140 1171 3381 1243 pontifex
3428 1174 3479 1227 in
3510 1174 3745 1229 ecclesia
3779 1176 3898 1229 beati

2334 1263 2497 1318 Petri.

2408 1358 2465 1411 Β.
2488 1356 2571 1411 Vll
2595 1357 2708 1411 lous
2735 1356 2964 1411 Accus'r.
2992 1356 3143 1425 Apud
3163 1355 3406 1410 Tusciam
3422 1356 3696 1432 civitatem
3719 1356 3896 1424 Aretio,

2336 1450 2510 1504 natale
2537 1452 2702 1503 sancti
2740 1450 2925 1503 Donati
2955 1449 3193 1518 episcopi
3237 1458 3290 1505 et
3318 1450 3591 1520 martyris,
3624 1451 3718 1519 qui
3746 1459 3898 1504 tentus

2332 1551 2417 1598 est
2460 1552 2700 1609 tempore
2738 1541 2931 1596 Juliani
2980 1542 3313 1610 imperatoris
3343 1557 3371 1595 a
3414 1541 3778 1608 Quadratiaoo
3808 1546 3899 1595 Au-

2334 1632 2548 1703 gustali,
2578 1633 2731 1686 simul
2766 1647 2884 1686 cum
2919 1631 3154 1685 llilarino
3200 1632 3483 1693 monacho,
3513 1630 3797 1699 jussusque
3829 1640 3901 1684 est

2338 1728 2493 1781 idolis
2511 1727 2842 1791 sacrilicare;
2868 1741 2971 1794 quo
3004 1732 3281 1791 renuente,
3302 1722 3460 1793 jussit
3483 1721 3778 1776 Hilarinum
3805 1731 3901 1776 tan-

2337 1820 2428 1875 diu
2462 1820 2688 1874 fustibus
2718 1818 2850 1874 caedi
2883 1820 2933 1873 in
2956 1826 3246 1887 conspectu
3291 1816 3475 1885 ipsius,
3510 1817 3687 1869 donec
3714 1816 3901 1870 emitte-

648 1910 885 1969 Pastoris
916 1913 1160 1980 fratrum,
1192 1916 1281 1983 qui
1320 1929 1439 1970 cum
1485 1914 1660 1971 adhuc
1700 1916 1847 1986 pueri
1888 1915 2079 1969 litteris
2127 1916 2226 1968 im-
2250 1902 2304 1987 ΔΒ
2336 1919 2415 1967 ret
2441 1912 2705 1981 Spiritum,
2730 1908 2921 1965 deinde
2950 1909 3162 1964 beatum
3190 1908 3453 1963 Donatum
3487 1905 3671 1977 gladio
3698 1905 3898 1977 percuti.

1902 2006 2130 2062 EDITIO
2171 2004 2673 2061 BOLLANDIANA.

720 2119 773 2174 6.
802 2148 874 2159 —
903 2118 1009 2175 Vlll
1034 2118 1151 2178 lous
1178 2119 1413 2174 Accus'r.
1444 2117 1628 2173 Romae
1648 2118 1707 2174 S.
1740 2128 1767 2157 α
1796 2117 1948 2189 Xysti
1979 2118 2236 2189 episcopi,

647 2209 675 2249 ιι
696 2210 1013 2267 Felicissimi
1034 2221 1087 2266 et
1109 2212 1318 2281 Agapiti
1347 2213 1714 2277 diaconorum,
1738 2213 1827 2281 qui
1851 2213 2095 2268 decollati
2118 2219 2242 2266 sunt

650 2303 751 2358 sub
783 2313 803 2341 ε
839 2303 1020 2357 Decio.
1056 2302 1345 2372 (Hactenus
1376 2303 1466 2373 Α.)
1510 2304 1766 2358 Decollati
1792 2316 1915 2358 sunt
1944 2319 2062 2358 cum
2094 2319 2158 2359 eo
2188 2313 2241 2358 et

651 2396 739 2447 alii
770 2403 997 2461 quatuor
1022 2395 1355 2460 subdiaconi,
1386 2395 1693 2462 Januarius,
1737 2397 1974 2466 Magnus,
2010 2397 2240 2451 Vincen-

651 2488 756 2541 tius
785 2496 839 2543 ct
870 2488 1192 2556 Stephanus,
1224 2497 1282 2543 ut
1310 2490 1363 2544 in
1395 2490 1568 2546 Gestis
1596 2492 1992 2559 pontiﬁcalibus
2022 2492 2234 2561 legitur.

733 2580 817 2644 V.,
851 2581 1022 2650 primo
1052 2582 1193 2647 loco,
1242 2582 1315 2635 uti
1350 2590 1404 2636 et
1452 2583 1502 2636 in
1546 2583 1631 2647 L.,
1684 2584 1777 2638 sed
1828 2583 1914 2637 die
1957 2583 2238 2650 sequenti:

654 2652 1073 2720 Transtiguratio
1100 2654 1158 2705 D.
1194 2651 1257 2707 N.
1292 2653 1417 2707 Jesu
1448 2654 1668 2717 Christi,
1710 2654 1761 2707 in
1794 2662 1973 2709 monte
2003 2654 2236 2708 Tltabor.

722 2743 915 2800 Florus
946 2748 995 2798 in
1026 2744 1091 2799 A.
1123 2745 1185 2799 Τ.
1218 2744 1301 2809 L.,
1347 2745 1401 2799 In
1429 2744 1795 2815 Complutensi
1822 2746 2037 2800 civitate
2065 2745 2242 2813 passio

651 2836 749 2891 SS.
782 2836 918 2891 Justi
946 2846 998 2891 et
1028 2837 1293 2892 Pastoris:
1326 2838 1413 2907 qui
1445 2853 1563 2892 cum
1587 2846 1766 2893 essent
1799 2840 1945 2908 pueri
1978 2839 2029 2892 in
2057 2837 2240 2892 schola

652 2928 937 2993 discentes,
969 2942 1088 2982 cum
1120 2928 1392 2983 audissent
1430 2929 1495 2983 de
1525 2929 1866 2998 inquisitione
1912 2929 2240 2983 Christiano-

650 3038 794 3087 rum,
825 3021 1079 3092 projectis
1124 3023 1176 3077 in
1227 3022 1409 3076 schola
1453 3022 1645 3077 tabulis
1675 3062 1689 3087 ,
1742 3023 1880 3077 ultro
1918 3035 1976 3076 se
2018 3021 2242 3075 Datiano

656 3114 908 3186 praefecto
937 3117 1247 3171 obtulerunt
1282 3133 1293 3168 :
1347 3130 1481 3186 quos
1528 3116 1617 3171 ille
1657 3123 1933 3184 postquam
1976 3114 2241 3183 ﬁagellare

653 3209 848 3264 acriter
877 3208 1053 3280 jussit,
1085 3207 1283 3277 pariter
1314 3207 1583 3262 decollare
1613 3221 1706 3261 eos
1736 3206 1973 3275 percepit
2004 3204 2144 3275 (sic).

732 3320 789 3371 li.
825 3318 878 3372 lu
913 3319 1179 3387 provincia
1209 3318 1397 3374 Rhetia
1447 3318 1664 3373 civitate
1705 3317 1939 3385 Augusta
1974 3317 2149 3384 passio
2176 3315 2235 3371 S.

657 3387 682 3427 ἀ
705 3388 847 3443 Afrae
864 3385 1082 3458 virginis
1103 3390 1391 3458 etaliorum
1414 3404 1589 3444 CLXVI.
1613 3390 1699 3454 C.,
1725 3389 1929 3443 Eodem
1953 3388 2038 3443 die
2063 3390 2240 3457 passio
2266 3385 2314 3450 C

655 3460 715 3513 8.
746 3460 905 3513 Afrae.

734 3550 784 3603 7.
817 3579 889 3589 —
920 3549 1006 3604 Vll
1038 3551 1173 3606 lous.
1216 3550 1268 3605 In
1307 3551 1491 3605 Aretio
1532 3551 1591 3607 S.
1624 3561 1647 3589 ο
1677 3551 1868 3606 Donati
1918 3550 2151 3621 episcOpi
2184 3558 2239 3604 et

2339 2114 2623 2187 martyris:
2655 2113 2766 2184 qui,
2795 2121 2852 2169 ut
2880 2110 3169 2182 Gregorius
3200 2112 3253 2165 in
3282 2110 3422 2165 libro
3448 2110 3781 2181 Dialogorum
3805 2126 3900 2165 me-

2342 2207 2514 2274 minit,
2548 2206 2769 2261 fractum
2798 2221 2826 2257 a
2858 2205 3075 2276 paganis
3108 2206 3123 2241 ί
3161 2203 3383 2259 calicem
3410 2211 3681 2273 sanctum,
3713 2204 3775 2259 ad
3797 2204 3905 2259 mis-

2342 2313 2427 2354 sas
2458 2299 2658 2353 orando
2688 2299 3027 2353 restauravit.

2416 2440 2604 2494 Florus
2632 2438 2684 2491 in
2715 2437 2777 2493 T.
2809 2446 2863 2493 et
2891 2436 2951 2491 L.
2984 2454 2996 2490 :
3026 2436 3080 2490 In
3113 2434 3326 2489 civitate
3370 2433 3612 2504 Augusta
3653 2434 3820 2503 passio
3853 2433 3903 2491 S.

2344 2542 2369 2581 ε
2395 2533 2535 2588 Afrae
2563 2548 2576 2586 :
2610 2547 2728 2601 qure
2759 2533 2931 2597 primo
2962 2528 3173 2599 quidem
3201 2529 3414 2597 gentilis
3440 2527 3562 2592 fuit,
3596 2540 3772 2597 postea
3796 2541 3907 2582 vero

2343 2642 2371 2680 a
2404 2626 2649 2679 Narcisso
2676 2626 2929 2693 episcopo
2958 2624 3021 2674 ad
3056 2621 3212 2677 ﬁdem
3242 2636 3524 2687 conversa,
3557 2629 3613 2675 et
3643 2622 3905 2689 baptizata,

2346 2729 2582 2786 tempore
2614 2713 2924 2769 Diocletiani
2954 2713 3051 2767 sub
3079 2712 3262 2781 judice
3290 2710 3422 2765 Gaio
3444 2752 3459 2775 ,
3499 2725 3620 2764 eum
3649 2710 3795 2765 idolis
3826 2725 3904 2763 sa-

2343 2809 2582 2863 criﬁcare
2625 2807 2805 2870 nollet,
2849 2807 2958 2875 igni
2990 2814 3075 2859 est
3105 2803 3378 2872 deputata.
3411 2802 3576 2871 Cujus
3620 2801 3799 2856 eodem
3830 2800 3907 2855 die

2343 2915 2536 2968 corpus
2560 2914 2679 2953 cum
2713 2899 2973 2966 integrum
3008 2897 3279 2950 inventum
3319 2904 3484 2958 esset,
3535 2901 3592 2947 et
3634 2892 3701 2949 ab
3727 2891 3906 2946 llilaria

2345 3002 2515 3048 matre
2541 2992 2653 3060 ejus
2683 3005 2803 3045 cum
2836 2989 3006 3042 tribus
3039 2987 3247 3042 ﬁliabus
3274 2987 3386 3040 suis
3405 3029 3421 3053 ,
3463 2985 3633 3056 Digna
3662 2984 3905 3047 videlicet,

2344 3086 2598 3141 Eumenia
2635 3095 2686 3138 et
2713 3081 2998 3151 Euprepia,
3030 3080 3321 3149 sepultum
3359 3080 3702 3146 traderetur;
3740 3078 3905 3133 eodem

2344 3175 2460 3229 loco
2486 3183 2539 3229 et
2568 3176 2716 3244 ipsae,
2775 3173 2898 3242 quia
2940 3172 3165 3225 culturae
3213 3171 3432 3225 deorum
3466 3170 3905 3230 contradixerunt,

2344 3268 2550 3340 ignibus
2597 3275 2719 3321 sunt
2754 3273 3108 3319 concremata:
3141 3269 3196 3317 et
3236 3264 3436 3332 pariter
3467 3263 3733 3331 passionis
3760 3261 3905 3330 gloria

2342 3360 2625 3413 decoratas.
2677 3355 2878 3411 Eodem
2932 3355 3019 3409 die
3067 3354 3203 3423 apud
3235 3353 3534 3408 Caesaream
3586 3349 3903 3420 Cappadocia

2348 3455 2526 3525 passio
2552 3454 2610 3509 S.
2640 3452 2877 3507 Mametis
2904 3449 3027 3522 [L.,
3058 3444 3328 3517 Mammas]
3369 3447 3653 3514 martyris:
3695 3446 3775 3515 qui
3804 3450 3908 3513 post

2348 3550 2629 3619 equuleum
2657 3555 2712 3601 et
2740 3547 2892 3615 ignes
2922 3543 3201 3612 variasque
3232 3541 3517 3605 torsiones,
3551 3540 3733 3595 bestiis
3760 3536 3905 3592 tradi-

2049 3659 2255 3715 SMITH
2293 3658 2515 3717 NOTAE.

659 3755 855 3812 Callias
885 3756 1105 3810 missum
1136 3753 1320 3809 fuisse.
1355 3754 1502 3821 lianc
1533 3755 1841 3808 missionem
1865 3754 1923 3808 S.
1957 3753 2112 3806 Petro
2141 3751 2235 3804 tri-

660 3830 774 3884 buit
802 3842 1011 3895 quoque
1039 3835 1191 3880 vetus
1221 3836 1408 3880 auctor
1448 3826 1563 3895 ejus
1612 3827 1761 3888 Viue,
1808 3826 1895 3891 qui
1927 3824 2130 3895 saeculo
2162 3837 2236 3895 vin

661 3893 906 3955 ﬂoruisse
931 3893 1160 3961 dicitur;
1197 3893 1678 3950 Almanno‘tamen
1722 3895 1981 3948 monacho
2030 3893 2236 3948 Altivil-

661 3972 785 4025 laris
806 3970 855 4023 in
884 3969 1100 4022 dioecesi
1130 3968 1433 4026 lthetnensi,
1459 3971 1545 4035 qui
1570 3968 1827 4020 sreeulois
1853 3964 2049 4035 lloruit,
2069 3964 2237 4035 visum

662 4051 746 4096 est
773 4042 901 4094 satis
932 4054 1048 4092 eam
1074 4040 1138 4093 ad
1167 4039 1226 4093 8.
1258 4032 1589 4091 Clementem
1632 4041 1901 4091 revocare.
1947 4034 2080 4089 Vide
2123 4032 2231 4085 Mu-

660 4112 846 4166 billon.
882 4112 1146 4171 Analect.,
1180 4120 1309 4161 tom.
1342 4108 1403 4174 ll,
1433 4126 1481 4173 p.
1514 4111 1579 4160 86
1600 4119 1651 4161 et
1676 4124 1814 4172 δρψ,
1846 4107 1932 4159 ubi
1964 4114 2017 4157 et
2038 4104 2104 4156 de
2124 4106 2238 4168 ejus

664 4181 969 4235 inventione
995 4181 1096 4233 sub
1123 4180 1313 4232 Carolo
1342 4177 1505 4232 Calvo
1538 4193 1628 4232 an.
1668 4175 1772 4229 868
1798 4176 1993 4247 agitur.
2036 4174 2236 4227 Catha-

666 4251 803 4306 lonis
833 4266 928 4319 pro
954 4249 1243 4303 Catalauno
1276 4250 1509 4317 ponitur.

743 4352 765 4377 α
800 4342 970 4411 Xysti.
998 4341 1271 4405 Stephano
1300 4341 1543 4407 pontiﬁce
1571 4339 1882 4411 martyrium
1918 4350 2073 4411 passo
2102 4349 2241 4411 anno

666 4411 798 4478 957,
829 4405 1026 4481 Xystus
1055 4411 1143 4464 die
1176 4405 1308 4463 ΠΝ
1332 4412 1545 4477 Augusti
1588 4421 1676 4462 ant
1707 4405 1920 4481 circiter
1942 4408 1992 4459 in
2017 4405 2140 4481 ejus
2163 4407 2237 4457 l0-

668 4475 794 4536 cum
817 4475 1004 4535 eodem
1044 4496 1185 4534 anno
1213 4475 1528 4549 subrogatus
1572 4490 1671 4532 est.
1722 4478 1890 4547 llujus
1920 4475 2237 4549 martyrium

666 4555 766 4607 sub
795 4552 969 4606 Tusco
1004 4563 1055 4605 et
1086 4553 1249 4604 Basso
1272 4548 1411 4604 coss.
1456 4567 1483 4602 a
1528 4549 1756 4603 Baronio
1785 4558 1929 4601 recte
1957 4548 2235 4599 recitatum

667 4633 786 4689 est;
815 4625 903 4691 qui
937 4622 987 4675 in
1013 4637 1078 4674 eo
1104 4631 1304 4674 tantum
1328 4630 1489 4684 errat,
1516 4620 1659 4691 quod
1683 4620 1838 4691 Tusci
1862 4629 1913 4670 et
1946 4618 2089 4668 Bassi
2114 4630 2242 4668 con-

667 4688 894 4749 Sulatum
919 4694 1005 4760 qui
1036 4694 1088 4745 in
1119 4707 1313 4743 annum
1340 4691 1535 4746 Christi
1559 4688 1666 4744 ‘258
1699 4689 1918 4760 incidit,
1950 4702 2070 4740 cum
2102 4700 2242 4760 anno

667 4764 765 4820 261
800 4758 1037 4834 ejusdem
1068 4778 1188 4815 acra:
1221 4776 1496 4834 perperam
1539 4762 1770 4829 copulet,
1797 4766 1851 4811 et
1878 4758 1969 4831 sic,
1989 4759 2243 4825 prochro-

670 4833 848 4891 nismo
880 4836 1089 4888 triennii
1132 4844 1335 4901 peccet.
1376 4833 1525 4887 Sedit
1573 4834 1747 4900 itaque
1795 4839 1993 4882 tantum
2029 4842 2243 4881 incuses

673 4908 938 4972 undecim,
987 4905 1101 4959 dies
1136 4900 1254 4957 Sex.
1296 4904 1552 4958 Eusebius
1583 4904 1634 4955 in
1670 4900 1897 4954 Historia
1928 4914 2112 4972 annos
2138 4914 2240 4972 nn-

672 4978 844 5033 dccim
872 4968 1195 5045 pentiﬁcatui
1224 4974 1338 5043 ejus
1361 4975 1617 5043 assignat,
1645 4988 1765 5026 cum
1789 4983 1999 5024 menses
2022 4968 2240 5021 totidem

669 5052 718 5103 ei
751 5048 1012 5101 tribuendi
1041 5046 1285 5100 fuissent.

738 5135 764 5173 ι)
796 5135 1125 5190 Felicissimi.
1160 5135 1221 5189 Hi
1250 5150 1353 5189 non
1384 5135 1530 5188 luere
1557 5133 1800 5195 diaconi,
1848 5144 2018 5196 neque
2049 5126 2248 5180 Janua-

669 5209 797 5273 rius,
831 5220 962 5272 etc.,
993 5207 1341 5268 subdiaconi,
1392 5220 1563 5273 neque
1594 5204 1783 5257 eodem
1830 5216 1890 5254 ac
1934 5198 2249 5273 Xystusdie

668 5270 808 5344 passi
857 5270 1002 5342 sunt,
1055 5286 1111 5330 ut
1152 5283 1361 5331 constat
1399 5270 1593 5330 ποι.
1650 5272 1918 5327 l’earsouii
1953 5270 2250 5324 Annalibus

664 5346 1185 5502 Fyﬁwgelcigisl’otius
1216 5417 1541 5472 temporibus
1594 5412 1862 5468 Valeriani
1917 5420 1972 5466 et
2017 5407 2246 5465 Gallieni

665 5505 949 5627 "Hyginus.
1000 5560 1072 5615 De
1102 5560 1201 5616 hac
1233 5560 1351 5615 vide
1377 5558 1518 5613 diem
1549 5564 1885 5626 sequentem.
1970 5592 1971 5595 η

744 5658 766 5685 ο
792 5649 1002 5703 Donati.
1032 5652 1103 5706 Ea
1130 5667 1247 5719 quae
1274 5652 1337 5704 de
1360 5650 1551 5705 Juliani
1577 5649 1891 5704 educatione
1915 5645 2097 5719 Romae
2127 5656 2248 5698 cum

668 5713 873 5774 Donato
914 5724 965 5774 in
998 5724 1055 5776 S.
1088 5713 1275 5776 Donati
1306 5722 1452 5775 Actis
1485 5732 1787 5783 narrantur,
1818 5719 1950 5772 falsa
1978 5716 2246 5770 videntur.

676 5810 696 5844 ι
730 5791 856 5848 Illud
885 5791 1043 5848 etiam
1076 5794 1143 5848 ab
1173 5796 1319 5848 omni
1351 5795 1557 5847 ratione
1582 5791 1813 5846 alienum
1846 5800 1949 5853 est,
1974 5798 2028 5843 ut
2051 5786 2246 5843 Juliani

2348 3746 2731 3819 persecutionis
2775 3753 3038 3819 tempore,
3072 3742 3159 3819 qui
3191 3755 3289 3794 nec
3320 3737 3783 3819 integronbiennio
3810 3738 3897 3819 im-

2350 3808 2569 3888 peravit,
2605 3818 2741 3869 idem
2771 3816 2826 3870 S.
2864 3808 3101 3888 Donatus
3128 3813 3295 3866 lector
3332 3808 3491 3888 fuisse
3518 3810 3739 3871 dicatur,
3770 3808 3902 3861 inde-

2348 3881 2451 3957 que
2478 3900 2820 3942 consecratus
2844 3887 3129 3957 diaconus,
3148 3898 3207 3934 ac
3234 3881 3568 3957 postinnltos
3585 3893 3752 3957 annos
3773 3892 3902 3945 pres-

2351 3950 2503 4030 byter
2542 3959 2815 4030 ordinatus
2842 3998 2855 4019 ,
2907 3970 2982 4030 ac_
3012 3954 3239 4019 denique
3284 3952 3457 4030 adhuc
3496 3950 3898 4030 eo.im_perante,

2353 4020 2642 4083 decedente
2671 4028 2863 4081 Saturo
2902 4025 3153 4092 episeopo
3175 4063 3190 4085 ,
3244 4020 3496 4075 snﬁ‘ectus
3541 4021 3715 4092 s_it__in
3748 4021 3900 4092 locum

2352 4100 2546 4168 ipsius:
2578 4100 2793 4163 insuper
2821 4105 2876 4149 et
2902 4089 3521 4168 adhuc—eodemvivente
3550 4089 3901 4168 Juliano,_iue-

2351 4160 2419 4222 rit
2444 4160 3032 4235 martyrio-coronatus.
3073 4162 3351 4235 Quomodo
3390 4163 3551 4213 etiam
3586 4160 3901 4235 temporibus

2349 4241 2541 4295 Juliani
2576 4229 2739 4292 lector
2768 4238 2939 4289 adhuc
2972 4233 3137 4288 fuisse
3176 4233 3483 4301 perhibetur
3506 4270 3523 4294 ,
3573 4232 3665 4297 qui
3711 4243 3741 4301 a
3782 4229 3904 4301 .lnlio

2350 4311 2598 4379 pontiﬁce
2630 4309 2869 4362 Romano
2900 4307 3088 4379 dicitur
3116 4298 3398 4379 episcopus
3426 4300 3745 4379 ordinatus?
3786 4298 3905 4366 Quid

2350 4369 2524 4434 autem
2554 4381 2621 4433 de
2647 4395 2707 4431 ea
2734 4394 2791 4431 re
2815 4378 3061 4438 sentiam,
3091 4369 3289 4440 alisque
3312 4372 3489 4438 aliquo
3520 4369 3759 4422 veritatis
3790 4384 3907 4438 prae-

2343 4449 2547 4520 judicio
2576 4450 2804 4503 libenter
2831 4461 2893 4499 ac
2923 4448 3086 4520 libere
3125 4445 3317 4520 dicam.
3357 4443 3488 4494 Puto
3521 4441 3708 4493 Donati
3743 4440 3903 4507 pueri-

2267 4513 2471 4574 Dtiairi
2520 4530 2573 4573 et
2622 4520 2988 4571 educationem
3039 4516 3222 4567 Romae
3271 4513 3483 4573 factam,
3541 4521 3907 4577 parentmnque

2350 4607 2558 4655 necem,
2586 4604 2688 4642 non
2711 4590 2808 4641 sub
2828 4587 3043 4651 Juliani,
3074 4586 3164 4638 sed
3194 4581 3500 4636 Diocletiani
3532 4582 3756 4655 imperio
3781 4584 3905 4655 circa

2348 4650 2584 4716 extrema
2622 4660 2762 4713 illius
2803 4658 3182 4723 persecutionis
3213 4666 3450 4717 tempora
3483 4651 3812 4723 contigisse:
3851 4650 3907 4700 ab

2350 4733 2451 4785 illis
2476 4733 2613 4783 enim
2645 4720 2969 4795 tcmporibus
2995 4740 3157 4790 usque
3185 4732 3246 4776 ad
3270 4723 3535 4795 lulianum
3565 4720 3633 4772 52
3666 4734 3906 4773 annorqu

2350 4805 2580 4870 Spatium
2614 4794 2911 4864 intercedit,
2953 4813 3056 4867 quo
3089 4797 3331 4870 Donatus
3357 4794 3473 4870 luga
3504 4795 3683 4870 lapsus
3708 4806 3767 4845 se
3792 4806 3907 4870 con-

2350 4860 2469 4926 tulit
2498 4874 2734 4927 Aretium
2755 4912 2768 4933 ,
2806 4860 2983 4939 ibique
3010 4866 3176 4921 sacris
3197 4864 3495 4939 ordinibus
3529 4878 3558 4915 a
3589 4860 3910 4939 Satn_ro_epi-

2348 4958 2510 5008 scepo
2543 4930 2776 4995 initiatus
2802 4981 2815 5000 ,
2848 4930 2911 5004 ac
2938 4940 3131 4992 deinde
3178 4936 3267 4988 illo
3310 4934 3564 4987 defuncto
3587 4973 3603 4998 ,
3637 4949 3664 4983 a
3696 4930 3912 5008 S._.Iu_lio

2351 5000 2482 5081 papa
2531 5015 2579 5065 in
2612 5012 2727 5080 ejus
2760 5000 2931 5064 locum
2965 5011 3280 5081 subrogatus
3304 5044 3318 5067 ,
3366 5014 3421 5057 et
3461 5008 3675 5055 demum
3705 5005 3801 5081 sub
3825 5000 3911 5054 Ju-

2351 5073 2489 5137 liano
2520 5073 2839 5149 imperatore
2868 5073 3266 5150 martyrto'fuit
3314 5083 3623 5129 coronatus.
3664 5092 3682 5124 ι
3724 5073 3917 5127 ΒΑιιοῖί.

2354 5160 2404 5208 in
2436 5156 2581 5207 Notis
2614 5156 2676 5205 ad
2710 5151 2980 5220 Martyrol.

2431 5244 2447 5283 ί
2482 5245 2722 5299 Calicem.
2759 5243 2888 5297 Vide
2913 5244 2969 5297 S.
3003 5238 3243 5309 Gregorii
3276 5238 3369 5293 lib.
3399 5253 3417 5292 ι
3454 5236 3689 5306 Dialog.,
3728 5248 3847 5305 cap.
3873 5234 3919 5285 7.

2425 5350 2449 5387 ε
2481 5341 2636 5409 Afrw.
2670 5337 2799 5391 Cum
2834 5339 2967 5389 hanc
2997 5337 3207 5387 tradant
3241 5348 3268 5385 a
3302 5332 3357 5387 S.
3390 5332 3643 5409 Narcisso
3681 5330 3922 5397 episcopo

2351 5412 2415 5465 ad
2450 5401 2605 5464 ﬁdem
2636 5424 2753 5462 esse
2780 5420 3115 5468 conversam,
3162 5412 3345 5471 putant
3395 5401 3579 5470 aliqui,
3623 5403 3763 5453 inter
3802 5410 3922 5466 quos

2354 5483 2541 5536 Petrus
2566 5482 2633 5535 de
2664 5478 2859 5541 Nata|.,
2891 5492 2984 5543 vn,
3015 5476 3107 5541 ‘28,
3143 5479 3282 5529 hunc
3308 5474 3453 5525 illum
3483 5487 3604 5525 esse
3627 5471 3923 5543 Narcissum

2352 5554 2659 5619 episcopum
2720 5536 3768 5619 Hierosolymitanutn_laudatissimum.
3828 5536 3919 5593 Alii

2353 5613 2827 5677 autem'dixeruut
2875 5613 3014 5672 hunc
3069 5618 3230 5669 luisse
3288 5613 3595 5667 Narcissum
3640 5620 3918 5681 martyrem

2356 5691 2791 5758 Geruudensem;
2826 5690 2985 5762 idque
3015 5695 3277 5744 testantur
3302 5686 3417 5753 ejus
3444 5686 3595 5739 Acta.
