  <div class='ocr_page' id='page_1' title='image "/cluster/home/n/w/nwhite01/storage/ocr_20150623/94/hvd.32044020406492/508.png"; bbox 0 0 4064 6346; ppageno 0'>
   <div class='ocr_carea' id='block_1_1' title="bbox 249 286 389 347">
    <p class='ocr_par' dir='ltr' id='par_1_1' title="bbox 249 286 389 347">
     <span class='ocr_line' id='line_1_1' title="bbox 249 286 389 347; baseline -0.007 0"><span class='ocrx_word' id='word_1_1' title='bbox 249 286 389 347; x_wconf 70' lang='grc' dir='ltr'><strong>ςοθι</strong></span> 
     </span>
    </p>
   </div>
   <div class='ocr_carea' id='block_1_2' title="bbox 1355 275 2362 342">
    <p class='ocr_par' dir='ltr' id='par_1_2' title="bbox 1355 275 2362 342">
     <span class='ocr_line' id='line_1_2' title="bbox 1355 275 2362 342; baseline -0.012 0"><span class='ocrx_word' id='word_1_2' title='bbox 1355 283 1551 342; x_wconf 82' lang='lat' dir='ltr'><strong>SECT.</strong></span> <span class='ocrx_word' id='word_1_3' title='bbox 1594 283 1656 337; x_wconf 89' lang='lat' dir='ltr'><strong>ll.</strong></span> <span class='ocrx_word' id='word_1_4' title='bbox 1698 310 1766 322; x_wconf 89' lang='lat'>—</span> <span class='ocrx_word' id='word_1_5' title='bbox 1807 275 2362 334; x_wconf 65' lang='lat' dir='ltr'><strong>MARTYROIDGIA.</strong></span> 
     </span>
    </p>
   </div>
   <div class='ocr_carea' id='block_1_3' title="bbox 3368 272 3506 329">
    <p class='ocr_par' dir='ltr' id='par_1_3' title="bbox 3368 272 3506 329">
     <span class='ocr_line' id='line_1_3' title="bbox 3368 272 3506 329; baseline -0.022 0"><span class='ocrx_word' id='word_1_6' title='bbox 3368 272 3506 329; x_wconf 66' lang='grc' dir='ltr'><strong>10(ξὶ</strong></span> 
     </span>
    </p>
   </div>
   <div class='ocr_carea' id='block_1_4' title="bbox 1523 367 2250 428">
    <p class='ocr_par' dir='ltr' id='par_1_4' title="bbox 1523 367 2250 428">
     <span class='ocr_line' id='line_1_4' title="bbox 1523 367 2250 428; baseline -0.007 0"><span class='ocrx_word' id='word_1_7' title='bbox 1523 371 1745 428; x_wconf 84' lang='lat' dir='ltr'><strong>EDITIO</strong></span> <span class='ocrx_word' id='word_1_8' title='bbox 1783 367 2250 424; x_wconf 78' lang='lat' dir='ltr'><strong>COLONIENSIS.</strong></span> 
     </span>
    </p>
   </div>
   <div class='ocr_carea' id='block_1_5' title="bbox 242 443 3505 534">
    <p class='ocr_par' dir='ltr' id='par_1_5' title="bbox 242 443 3505 534">
     <span class='ocr_line' id='line_1_5' title="bbox 242 443 3505 534; baseline -0.004 -13"><span class='ocrx_word' id='word_1_9' title='bbox 242 469 489 534; x_wconf 84' lang='lat' dir='ltr'><strong>Quorum</strong></span> <span class='ocrx_word' id='word_1_10' title='bbox 522 479 746 530; x_wconf 86' lang='lat' dir='ltr'><strong>corpora</strong></span> <span class='ocrx_word' id='word_1_11' title='bbox 777 463 1065 519; x_wconf 71' lang='lat' dir='ltr'><strong>Christiani</strong></span> <span class='ocrx_word' id='word_1_12' title='bbox 1095 463 1464 520; x_wconf 82' lang='lat' dir='ltr'><strong>venerabiliter</strong></span> <span class='ocrx_word' id='word_1_13' title='bbox 1503 462 1652 534; x_wconf 82' lang='lat' dir='ltr'><strong>juxta</strong></span> <span class='ocrx_word' id='word_1_14' title='bbox 1699 461 1825 517; x_wconf 63' lang='lat' dir='ltr'><strong>cizi-</strong></span> <span class='ocrx_word' id='word_1_15' title='bbox 1855 471 1903 526; x_wconf 76' lang='grc' dir='ltr'>Α</span> <span class='ocrx_word' id='word_1_16' title='bbox 1931 461 2133 523; x_wconf 91' lang='lat' dir='ltr'><strong>siones,</strong></span> <span class='ocrx_word' id='word_1_17' title='bbox 2167 461 2215 513; x_wconf 89' lang='lat' dir='ltr'><strong>id</strong></span> <span class='ocrx_word' id='word_1_18' title='bbox 2244 470 2345 524; x_wconf 90' lang='lat' dir='ltr'><strong>est,</strong></span> <span class='ocrx_word' id='word_1_19' title='bbox 2383 457 2615 528; x_wconf 70' lang='lat' dir='ltr'><strong>(Iyriaci,</strong></span> <span class='ocrx_word' id='word_1_20' title='bbox 2647 457 2799 525; x_wconf 86' lang='lat' dir='ltr'><strong>Largi</strong></span> <span class='ocrx_word' id='word_1_21' title='bbox 2834 467 2886 512; x_wconf 90' lang='lat' dir='ltr'><strong>et</strong></span> <span class='ocrx_word' id='word_1_22' title='bbox 2915 455 3215 528; x_wconf 85' lang='lat' dir='ltr'><strong>Smaragdi,</strong></span> <span class='ocrx_word' id='word_1_23' title='bbox 3241 443 3505 514; x_wconf 50' lang='lat' dir='ltr'><strong>attigit-cis</strong></span> 
     </span>
    </p>
   </div>
   <div class='ocr_carea' id='block_1_6' title="bbox 246 555 1820 624">
    <p class='ocr_par' dir='ltr' id='par_1_6' title="bbox 246 555 1820 624">
     <span class='ocr_line' id='line_1_6' title="bbox 246 555 1820 624; baseline -0.003 -12"><span class='ocrx_word' id='word_1_24' title='bbox 246 569 419 614; x_wconf 88' lang='lat' dir='ltr'><strong>tatem</strong></span> <span class='ocrx_word' id='word_1_25' title='bbox 455 557 798 624; x_wconf 71' lang='lat' dir='ltr'><strong>sepelierunt.</strong></span> <span class='ocrx_word' id='word_1_26' title='bbox 831 555 993 624; x_wconf 84' lang='lat' dir='ltr'><strong>Cujus</strong></span> <span class='ocrx_word' id='word_1_27' title='bbox 1027 555 1265 609; x_wconf 92' lang='lat' dir='ltr'><strong>meminit</strong></span> <span class='ocrx_word' id='word_1_28' title='bbox 1295 555 1483 610; x_wconf 89' lang='lat' dir='ltr'><strong>beatus</strong></span> <span class='ocrx_word' id='word_1_29' title='bbox 1509 555 1820 624; x_wconf 77' lang='lat' dir='ltr'><strong>Gregorius,</strong></span> 
     </span>
    </p>
   </div>
   <div class='ocr_carea' id='block_1_7' title="bbox 238 643 1826 717">
    <p class='ocr_par' dir='ltr' id='par_1_7' title="bbox 238 643 1826 717">
     <span class='ocr_line' id='line_1_7' title="bbox 238 643 1826 717; baseline -0.001 -18"><span class='ocrx_word' id='word_1_30' title='bbox 238 649 394 717; x_wconf 85' lang='lat' dir='ltr'><strong>quod</strong></span> <span class='ocrx_word' id='word_1_31' title='bbox 451 645 672 701; x_wconf 72' lang='lat' dir='ltr'><strong>fractum</strong></span> <span class='ocrx_word' id='word_1_32' title='bbox 713 645 934 700; x_wconf 85' lang='lat' dir='ltr'><strong>calicem</strong></span> <span class='ocrx_word' id='word_1_33' title='bbox 981 645 1186 699; x_wconf 89' lang='lat' dir='ltr'><strong>orando</strong></span> <span class='ocrx_word' id='word_1_34' title='bbox 1235 654 1578 700; x_wconf 86' lang='lat' dir='ltr'><strong>restauraret.</strong></span> <span class='ocrx_word' id='word_1_35' title='bbox 1645 643 1826 698; x_wconf 71' lang='lat' dir='ltr'><strong>“OIIIIP</strong></span> 
     </span>
    </p>
   </div>
   <div class='ocr_carea' id='block_1_8' title="bbox 239 737 1826 808">
    <p class='ocr_par' dir='ltr' id='par_1_8' title="bbox 239 737 1826 808">
     <span class='ocr_line' id='line_1_8' title="bbox 239 737 1826 808; baseline -0.003 -13"><span class='ocrx_word' id='word_1_36' title='bbox 239 750 558 795; x_wconf 87' lang='lat' dir='ltr'><strong>sanctorum</strong></span> <span class='ocrx_word' id='word_1_37' title='bbox 581 748 870 808; x_wconf 76' lang='lat' dir='ltr'><strong>martyrum</strong></span> <span class='ocrx_word' id='word_1_38' title='bbox 896 737 1058 802; x_wconf 85' lang='lat' dir='ltr'><strong>Petri,</strong></span> <span class='ocrx_word' id='word_1_39' title='bbox 1085 737 1332 804; x_wconf 74' lang='lat' dir='ltr'><strong>Julianzc,</strong></span> <span class='ocrx_word' id='word_1_40' title='bbox 1356 752 1475 791; x_wconf 91' lang='lat' dir='ltr'><strong>cum</strong></span> <span class='ocrx_word' id='word_1_41' title='bbox 1501 737 1618 790; x_wconf 89' lang='lat' dir='ltr'><strong>aliis</strong></span> <span class='ocrx_word' id='word_1_42' title='bbox 1641 737 1826 791; x_wconf 84' lang='lat' dir='ltr'><strong>decem</strong></span> 
     </span>
    </p>
   </div>
   <div class='ocr_carea' id='block_1_9' title="bbox 238 825 1827 895">
    <p class='ocr_par' dir='ltr' id='par_1_9' title="bbox 238 825 1827 895">
     <span class='ocr_line' id='line_1_9' title="bbox 238 825 1827 895; baseline -0.003 -11"><span class='ocrx_word' id='word_1_43' title='bbox 238 842 298 884; x_wconf 89' lang='lat' dir='ltr'><strong>ct</strong></span> <span class='ocrx_word' id='word_1_44' title='bbox 332 844 472 886; x_wconf 89' lang='lat' dir='ltr'><strong>oeto.</strong></span> <span class='ocrx_word' id='word_1_45' title='bbox 517 829 800 884; x_wconf 77' lang='lat' dir='ltr'><strong>Mediolani</strong></span> <span class='ocrx_word' id='word_1_46' title='bbox 851 829 1020 882; x_wconf 91' lang='lat' dir='ltr'><strong>sancti</strong></span> <span class='ocrx_word' id='word_1_47' title='bbox 1069 828 1331 892; x_wconf 75' lang='lat' dir='ltr'><strong>Faustini,</strong></span> <span class='ocrx_word' id='word_1_48' title='bbox 1361 839 1602 895; x_wconf 92' lang='lat' dir='ltr'><strong>tempore</strong></span> <span class='ocrx_word' id='word_1_49' title='bbox 1627 825 1827 882; x_wconf 75' lang='lat' dir='ltr'><strong>Aurelii</strong></span> 
     </span>
    </p>
   </div>
   <div class='ocr_carea' id='block_1_10' title="bbox 238 913 1828 990">
    <p class='ocr_par' dir='ltr' id='par_1_10' title="bbox 238 913 1828 990">
     <span class='ocr_line' id='line_1_10' title="bbox 238 913 1828 990; baseline -0.003 -14"><span class='ocrx_word' id='word_1_50' title='bbox 238 918 522 976; x_wconf 80' lang='lat' dir='ltr'><strong>Commodi</strong></span> <span class='ocrx_word' id='word_1_51' title='bbox 555 919 904 990; x_wconf 85' lang='lat' dir='ltr'><strong>martyrizati.</strong></span> <span class='ocrx_word' id='word_1_52' title='bbox 933 918 1084 987; x_wconf 75' lang='lat' dir='ltr'><strong>Apud</strong></span> <span class='ocrx_word' id='word_1_53' title='bbox 1115 917 1444 987; x_wconf 83' lang='lat' dir='ltr'><strong>provinciam</strong></span> <span class='ocrx_word' id='word_1_54' title='bbox 1490 913 1720 982; x_wconf 70' lang='lat' dir='ltr'><strong>Rhetir,</strong></span> <span class='ocrx_word' id='word_1_55' title='bbox 1752 918 1828 972; x_wconf 89' lang='lat' dir='ltr'><strong>ci-</strong></span> 
     </span>
    </p>
   </div>
   <div class='ocr_carea' id='block_1_11' title="bbox 242 1009 1824 1083">
    <p class='ocr_par' dir='ltr' id='par_1_11' title="bbox 242 1009 1824 1083">
     <span class='ocr_line' id='line_1_11' title="bbox 242 1009 1824 1083; baseline -0.001 -16"><span class='ocrx_word' id='word_1_56' title='bbox 242 1017 469 1068; x_wconf 78' lang='lat' dir='ltr'><strong>vitatem</strong></span> <span class='ocrx_word' id='word_1_57' title='bbox 539 1015 826 1083; x_wconf 81' lang='lat' dir='ltr'><strong>Augustam</strong></span> <span class='ocrx_word' id='word_1_58' title='bbox 857 1053 871 1075; x_wconf 96' lang='lat'><strong>,</strong></span> <span class='ocrx_word' id='word_1_59' title='bbox 905 1011 1080 1065; x_wconf 90' lang='lat' dir='ltr'><strong>natale</strong></span> <span class='ocrx_word' id='word_1_60' title='bbox 1138 1019 1337 1064; x_wconf 73' lang='lat' dir='ltr'><strong>sancta:</strong></span> <span class='ocrx_word' id='word_1_61' title='bbox 1377 1009 1516 1063; x_wconf 68' lang='lat' dir='ltr'><strong>Afra:</strong></span> <span class='ocrx_word' id='word_1_62' title='bbox 1551 1010 1824 1079; x_wconf 84' lang='lat' dir='ltr'><strong>martyris.</strong></span> 
     </span>
    </p>
   </div>
   <div class='ocr_carea' id='block_1_12' title="bbox 313 1099 1826 1164">
    <p class='ocr_par' dir='ltr' id='par_1_12' title="bbox 313 1099 1826 1164">
     <span class='ocr_line' id='line_1_12' title="bbox 313 1099 1826 1164; baseline -0.004 -5"><span class='ocrx_word' id='word_1_63' title='bbox 313 1104 380 1160; x_wconf 87' lang='lat' dir='ltr'><strong>C.</strong></span> <span class='ocrx_word' id='word_1_64' title='bbox 412 1102 477 1157; x_wconf 88' lang='lat' dir='ltr'><strong>Vl</strong></span> <span class='ocrx_word' id='word_1_65' title='bbox 508 1102 628 1157; x_wconf 80' lang='lat' dir='ltr'><strong>lpus</strong></span> <span class='ocrx_word' id='word_1_66' title='bbox 655 1105 786 1156; x_wconf 81' lang='lat' dir='ltr'><strong>Ara.</strong></span> <span class='ocrx_word' id='word_1_67' title='bbox 841 1101 1020 1155; x_wconf 65' lang='lat' dir='ltr'><strong>Romae</strong></span> <span class='ocrx_word' id='word_1_68' title='bbox 1067 1100 1149 1154; x_wconf 87' lang='lat' dir='ltr'><strong>via</strong></span> <span class='ocrx_word' id='word_1_69' title='bbox 1179 1099 1434 1164; x_wconf 81' lang='lat' dir='ltr'><strong>Ostiensi,</strong></span> <span class='ocrx_word' id='word_1_70' title='bbox 1466 1099 1716 1152; x_wconf 62' lang='lat' dir='ltr'><strong>milliario</strong></span> <span class='ocrx_word' id='word_1_71' title='bbox 1745 1115 1826 1154; x_wconf 85' lang='lat' dir='ltr'><strong>se-</strong></span> 
     </span>
    </p>
   </div>
   <div class='ocr_carea' id='block_1_13' title="bbox 239 1189 1828 1268">
    <p class='ocr_par' dir='ltr' id='par_1_13' title="bbox 239 1189 1828 1268">
     <span class='ocr_line' id='line_1_13' title="bbox 239 1189 1828 1268; baseline -0.004 -17"><span class='ocrx_word' id='word_1_72' title='bbox 239 1198 436 1268; x_wconf 88' lang='lat' dir='ltr'><strong>ptimo,</strong></span> <span class='ocrx_word' id='word_1_73' title='bbox 462 1196 636 1248; x_wconf 85' lang='lat' dir='ltr'><strong>natale</strong></span> <span class='ocrx_word' id='word_1_74' title='bbox 681 1195 849 1248; x_wconf 89' lang='lat' dir='ltr'><strong>sancti</strong></span> <span class='ocrx_word' id='word_1_75' title='bbox 881 1193 1088 1264; x_wconf 88' lang='lat' dir='ltr'><strong>Cyriaci</strong></span> <span class='ocrx_word' id='word_1_76' title='bbox 1135 1193 1417 1261; x_wconf 81' lang='lat' dir='ltr'><strong>martyris,</strong></span> <span class='ocrx_word' id='word_1_77' title='bbox 1450 1206 1606 1260; x_wconf 88' lang='lat' dir='ltr'><strong>quem</strong></span> <span class='ocrx_word' id='word_1_78' title='bbox 1637 1189 1828 1245; x_wconf 88' lang='lat' dir='ltr'><strong>beatus</strong></span> 
     </span>
    </p>
   </div>
   <div class='ocr_carea' id='block_1_14' title="bbox 241 1281 1825 1345">
    <p class='ocr_par' dir='ltr' id='par_1_14' title="bbox 241 1281 1825 1345">
     <span class='ocr_line' id='line_1_14' title="bbox 241 1281 1825 1345; baseline -0.004 -3"><span class='ocrx_word' id='word_1_79' title='bbox 241 1287 532 1342; x_wconf 79' lang='lat' dir='ltr'><strong>Marcellus</strong></span> <span class='ocrx_word' id='word_1_80' title='bbox 559 1302 678 1341; x_wconf 84' lang='lat' dir='ltr'><strong>cum</strong></span> <span class='ocrx_word' id='word_1_81' title='bbox 719 1285 915 1340; x_wconf 90' lang='lat' dir='ltr'><strong>Lucina</strong></span> <span class='ocrx_word' id='word_1_82' title='bbox 947 1294 1187 1337; x_wconf 88' lang='lat' dir='ltr'><strong>matrona</strong></span> <span class='ocrx_word' id='word_1_83' title='bbox 1219 1281 1682 1345; x_wconf 84' lang='lat' dir='ltr'><strong>christianissima,</strong></span> <span class='ocrx_word' id='word_1_84' title='bbox 1705 1296 1825 1335; x_wconf 92' lang='lat' dir='ltr'><strong>cum</strong></span> 
     </span>
    </p>
   </div>
   <div class='ocr_carea' id='block_1_15' title="bbox 239 1373 1822 1447">
    <p class='ocr_par' dir='ltr' id='par_1_15' title="bbox 239 1373 1822 1447">
     <span class='ocr_line' id='line_1_15' title="bbox 239 1373 1822 1447; baseline -0.003 -16"><span class='ocrx_word' id='word_1_85' title='bbox 239 1380 363 1434; x_wconf 87' lang='lat' dir='ltr'><strong>aliis</strong></span> <span class='ocrx_word' id='word_1_86' title='bbox 387 1379 478 1447; x_wconf 91' lang='lat' dir='ltr'><strong>qui</strong></span> <span class='ocrx_word' id='word_1_87' title='bbox 509 1393 628 1432; x_wconf 90' lang='lat' dir='ltr'><strong>cum</strong></span> <span class='ocrx_word' id='word_1_88' title='bbox 669 1392 733 1432; x_wconf 88' lang='lat' dir='ltr'><strong>eo</strong></span> <span class='ocrx_word' id='word_1_89' title='bbox 775 1377 914 1446; x_wconf 85' lang='lat' dir='ltr'><strong>passi</strong></span> <span class='ocrx_word' id='word_1_90' title='bbox 962 1384 1086 1429; x_wconf 86' lang='lat' dir='ltr'><strong>sunt</strong></span> <span class='ocrx_word' id='word_1_91' title='bbox 1133 1383 1438 1428; x_wconf 90' lang='lat' dir='ltr'><strong>sanctorum</strong></span> <span class='ocrx_word' id='word_1_92' title='bbox 1489 1373 1822 1443; x_wconf 85' lang='lat' dir='ltr'><strong>corporibus,</strong></span> 
     </span>
    </p>
   </div>
   <div class='ocr_carea' id='block_1_16' title="bbox 241 1465 1826 1534">
    <p class='ocr_par' dir='ltr' id='par_1_16' title="bbox 241 1465 1826 1534">
     <span class='ocr_line' id='line_1_16' title="bbox 241 1465 1826 1534; baseline -0.002 -12"><span class='ocrx_word' id='word_1_93' title='bbox 241 1468 524 1522; x_wconf 82' lang='lat' dir='ltr'><strong>transtulit</strong></span> <span class='ocrx_word' id='word_1_94' title='bbox 564 1470 614 1520; x_wconf 88' lang='lat' dir='ltr'><strong>in</strong></span> <span class='ocrx_word' id='word_1_95' title='bbox 657 1468 911 1534; x_wconf 65' lang='lat' dir='ltr'><strong>praedium</strong></span> <span class='ocrx_word' id='word_1_96' title='bbox 955 1481 1133 1532; x_wconf 89' lang='lat' dir='ltr'><strong>suum,</strong></span> <span class='ocrx_word' id='word_1_97' title='bbox 1165 1465 1424 1519; x_wconf 85' lang='lat' dir='ltr'><strong>condiens</strong></span> <span class='ocrx_word' id='word_1_98' title='bbox 1475 1465 1826 1531; x_wconf 89' lang='lat' dir='ltr'><strong>aromatibus,</strong></span> 
     </span>
    </p>
   </div>
   <div class='ocr_carea' id='block_1_17' title="bbox 238 1557 1828 1626">
    <p class='ocr_par' dir='ltr' id='par_1_17' title="bbox 238 1557 1828 1626">
     <span class='ocr_line' id='line_1_17' title="bbox 238 1557 1828 1626; baseline -0.003 -11"><span class='ocrx_word' id='word_1_99' title='bbox 238 1570 299 1615; x_wconf 89' lang='lat' dir='ltr'><strong>et</strong></span> <span class='ocrx_word' id='word_1_100' title='bbox 330 1558 730 1614; x_wconf 86' lang='lat' dir='ltr'><strong>linteaminibus</strong></span> <span class='ocrx_word' id='word_1_101' title='bbox 776 1559 1074 1612; x_wconf 90' lang='lat' dir='ltr'><strong>recondens</strong></span> <span class='ocrx_word' id='word_1_102' title='bbox 1105 1559 1154 1610; x_wconf 92' lang='lat' dir='ltr'><strong>in</strong></span> <span class='ocrx_word' id='word_1_103' title='bbox 1187 1557 1529 1625; x_wconf 83' lang='lat' dir='ltr'><strong>sarcophagis</strong></span> <span class='ocrx_word' id='word_1_104' title='bbox 1577 1557 1828 1626; x_wconf 84' lang='lat' dir='ltr'><strong>lapideis,</strong></span> 
     </span>
    </p>
   </div>
   <div class='ocr_carea' id='block_1_18' title="bbox 240 1644 1827 1717">
    <p class='ocr_par' dir='ltr' id='par_1_18' title="bbox 240 1644 1827 1717">
     <span class='ocr_line' id='line_1_18' title="bbox 240 1644 1827 1717; baseline -0.004 -11"><span class='ocrx_word' id='word_1_105' title='bbox 240 1659 438 1706; x_wconf 85' lang='lat' dir='ltr'><strong>octava</strong></span> <span class='ocrx_word' id='word_1_106' title='bbox 468 1648 554 1704; x_wconf 91' lang='lat' dir='ltr'><strong>die</strong></span> <span class='ocrx_word' id='word_1_107' title='bbox 576 1649 772 1704; x_wconf 89' lang='lat' dir='ltr'><strong>mensis</strong></span> <span class='ocrx_word' id='word_1_108' title='bbox 798 1647 1037 1717; x_wconf 83' lang='lat' dir='ltr'><strong>Augusti.</strong></span> <span class='ocrx_word' id='word_1_109' title='bbox 1069 1644 1350 1702; x_wconf 82' lang='lat' dir='ltr'><strong>Beatorutn</strong></span> <span class='ocrx_word' id='word_1_110' title='bbox 1381 1656 1672 1715; x_wconf 83' lang='lat' dir='ltr'><strong>martyrum</strong></span> <span class='ocrx_word' id='word_1_111' title='bbox 1704 1662 1827 1714; x_wconf 85' lang='lat' dir='ltr'><strong>pas-</strong></span> 
     </span>
    </p>
   </div>
   <div class='ocr_carea' id='block_1_19' title="bbox 1930 547 3510 618">
    <p class='ocr_par' dir='ltr' id='par_1_19' title="bbox 1930 547 3510 618">
     <span class='ocr_line' id='line_1_19' title="bbox 1930 547 3510 618; baseline -0.002 -14"><span class='ocrx_word' id='word_1_112' title='bbox 1930 557 2125 604; x_wconf 76' lang='lat' dir='ltr'><strong>notatte</strong></span> <span class='ocrx_word' id='word_1_113' title='bbox 2175 558 2321 614; x_wconf 89' lang='lat' dir='ltr'><strong>sunt,</strong></span> <span class='ocrx_word' id='word_1_114' title='bbox 2361 550 2461 604; x_wconf 91' lang='lat' dir='ltr'><strong>hoc</strong></span> <span class='ocrx_word' id='word_1_115' title='bbox 2495 559 2598 615; x_wconf 86' lang='lat' dir='ltr'><strong>est,</strong></span> <span class='ocrx_word' id='word_1_116' title='bbox 2629 550 2854 618; x_wconf 80' lang='lat' dir='ltr'><strong>septima</strong></span> <span class='ocrx_word' id='word_1_117' title='bbox 2900 548 3104 603; x_wconf 88' lang='lat' dir='ltr'><strong>decima</strong></span> <span class='ocrx_word' id='word_1_118' title='bbox 3155 547 3510 601; x_wconf 71' lang='lat' dir='ltr'><strong>Kalendarum</strong></span> 
     </span>
    </p>
   </div>
   <div class='ocr_carea' id='block_1_20' title="bbox 1931 639 3512 712">
    <p class='ocr_par' dir='ltr' id='par_1_20' title="bbox 1931 639 3512 712">
     <span class='ocr_line' id='line_1_20' title="bbox 1931 639 3512 712; baseline -0.001 -16"><span class='ocrx_word' id='word_1_119' title='bbox 1931 642 2152 710; x_wconf 80' lang='lat' dir='ltr'><strong>Aprilis.</strong></span> <span class='ocrx_word' id='word_1_120' title='bbox 2186 642 2341 710; x_wconf 87' lang='lat' dir='ltr'><strong>Apud</strong></span> <span class='ocrx_word' id='word_1_121' title='bbox 2382 642 2638 696; x_wconf 85' lang='lat' dir='ltr'><strong>Viennam</strong></span> <span class='ocrx_word' id='word_1_122' title='bbox 2674 640 2847 696; x_wconf 80' lang='lat' dir='ltr'><strong>natale</strong></span> <span class='ocrx_word' id='word_1_123' title='bbox 2874 642 3042 694; x_wconf 86' lang='lat' dir='ltr'><strong>sancti</strong></span> <span class='ocrx_word' id='word_1_124' title='bbox 3073 640 3259 695; x_wconf 85' lang='lat' dir='ltr'><strong>Severi</strong></span> <span class='ocrx_word' id='word_1_125' title='bbox 3290 639 3512 712; x_wconf 81' lang='lat' dir='ltr'><strong>presby-</strong></span> 
     </span>
    </p>
   </div>
   <div class='ocr_carea' id='block_1_21' title="bbox 1935 731 3504 801">
    <p class='ocr_par' dir='ltr' id='par_1_21' title="bbox 1935 731 3504 801">
     <span class='ocr_line' id='line_1_21' title="bbox 1935 731 3504 801; baseline -0.002 -16"><span class='ocrx_word' id='word_1_126' title='bbox 1935 733 2030 786; x_wconf 90' lang='lat' dir='ltr'><strong>teri</strong></span> <span class='ocrx_word' id='word_1_127' title='bbox 2062 739 2115 785; x_wconf 83' lang='lat' dir='ltr'><strong>et</strong></span> <span class='ocrx_word' id='word_1_128' title='bbox 2143 731 2463 785; x_wconf 78' lang='lat' dir='ltr'><strong>confessoris</strong></span> <span class='ocrx_word' id='word_1_129' title='bbox 2484 773 2498 796; x_wconf 89' lang='lat'><strong>,</strong></span> <span class='ocrx_word' id='word_1_130' title='bbox 2530 732 2619 801; x_wconf 87' lang='lat' dir='ltr'><strong>qui</strong></span> <span class='ocrx_word' id='word_1_131' title='bbox 2653 733 2812 785; x_wconf 51' lang='lat' dir='ltr'><strong>etiam</strong></span> <span class='ocrx_word' id='word_1_132' title='bbox 2863 731 3130 801; x_wconf 78' lang='lat' dir='ltr'><strong>ingentem</strong></span> <span class='ocrx_word' id='word_1_133' title='bbox 3181 745 3504 795; x_wconf 77' lang='lat' dir='ltr'><strong>paganorum</strong></span> 
     </span>
    </p>
   </div>
   <div class='ocr_carea' id='block_1_22' title="bbox 1934 820 3508 878">
    <p class='ocr_par' dir='ltr' id='par_1_22' title="bbox 1934 820 3508 878">
     <span class='ocr_line' id='line_1_22' title="bbox 1934 820 3508 878; baseline 0 0"><span class='ocrx_word' id='word_1_134' title='bbox 1934 823 2327 878; x_wconf 78' lang='lat' dir='ltr'><strong>multitudinem</strong></span> <span class='ocrx_word' id='word_1_135' title='bbox 2373 825 2535 878; x_wconf 87' lang='lat' dir='ltr'><strong>verbo</strong></span> <span class='ocrx_word' id='word_1_136' title='bbox 2582 832 2636 878; x_wconf 90' lang='lat' dir='ltr'><strong>et</strong></span> <span class='ocrx_word' id='word_1_137' title='bbox 2686 823 2955 878; x_wconf 87' lang='lat' dir='ltr'><strong>miraculis</strong></span> <span class='ocrx_word' id='word_1_138' title='bbox 2999 820 3064 877; x_wconf 86' lang='lat' dir='ltr'><strong>ad</strong></span> <span class='ocrx_word' id='word_1_139' title='bbox 3109 824 3266 878; x_wconf 80' lang='lat' dir='ltr'><strong>tidem</strong></span> <span class='ocrx_word' id='word_1_140' title='bbox 3307 821 3508 878; x_wconf 76' lang='lat' dir='ltr'><strong>Christi</strong></span> 
     </span>
    </p>
   </div>
   <div class='ocr_carea' id='block_1_23' title="bbox 1933 915 2220 968">
    <p class='ocr_par' dir='ltr' id='par_1_23' title="bbox 1933 915 2220 968">
     <span class='ocr_line' id='line_1_23' title="bbox 1933 915 2220 968; baseline 0 0"><span class='ocrx_word' id='word_1_141' title='bbox 1933 915 2220 968; x_wconf 81' lang='lat' dir='ltr'><strong>convertit.</strong></span> 
     </span>
    </p>
   </div>
   <div class='ocr_carea' id='block_1_24' title="bbox 2005 1003 3506 1073">
    <p class='ocr_par' dir='ltr' id='par_1_24' title="bbox 2005 1003 3506 1073">
     <span class='ocr_line' id='line_1_24' title="bbox 2005 1003 3506 1073; baseline -0.001 -13"><span class='ocrx_word' id='word_1_142' title='bbox 2005 1006 2066 1059; x_wconf 93' lang='lat' dir='ltr'><strong>D.</strong></span> <span class='ocrx_word' id='word_1_143' title='bbox 2101 1005 2139 1060; x_wconf 93' lang='lat' dir='ltr'><strong>V</strong></span> <span class='ocrx_word' id='word_1_144' title='bbox 2167 1006 2284 1060; x_wconf 83' lang='lat' dir='ltr'><strong>lpus</strong></span> <span class='ocrx_word' id='word_1_145' title='bbox 2319 1005 2450 1059; x_wconf 73' lang='lat' dir='ltr'><strong>Atra.</strong></span> <span class='ocrx_word' id='word_1_146' title='bbox 2505 1004 2685 1059; x_wconf 67' lang='lat' dir='ltr'><strong>Romae</strong></span> <span class='ocrx_word' id='word_1_147' title='bbox 2713 1007 2879 1058; x_wconf 83' lang='lat' dir='ltr'><strong>sancti</strong></span> <span class='ocrx_word' id='word_1_148' title='bbox 2925 1003 3146 1058; x_wconf 78' lang='lat' dir='ltr'><strong>Romani</strong></span> <span class='ocrx_word' id='word_1_149' title='bbox 3180 1005 3387 1067; x_wconf 70' lang='lat' dir='ltr'><strong>m‘litis,</strong></span> <span class='ocrx_word' id='word_1_150' title='bbox 3419 1004 3506 1073; x_wconf 86' lang='lat' dir='ltr'><strong>qui</strong></span> 
     </span>
    </p>
   </div>
   <div class='ocr_carea' id='block_1_25' title="bbox 1931 1095 3511 1164">
    <p class='ocr_par' dir='ltr' id='par_1_25' title="bbox 1931 1095 3511 1164">
     <span class='ocr_line' id='line_1_25' title="bbox 1931 1095 3511 1164; baseline -0.001 -13"><span class='ocrx_word' id='word_1_151' title='bbox 1931 1097 2276 1151; x_wconf 79' lang='lat' dir='ltr'><strong>cenfcssione</strong></span> <span class='ocrx_word' id='word_1_152' title='bbox 2299 1098 2464 1150; x_wconf 80' lang='lat' dir='ltr'><strong>sancti</strong></span> <span class='ocrx_word' id='word_1_153' title='bbox 2499 1097 2763 1150; x_wconf 84' lang='lat' dir='ltr'><strong>Laurentii</strong></span> <span class='ocrx_word' id='word_1_154' title='bbox 2789 1105 3162 1164; x_wconf 74' lang='lat' dir='ltr'><strong>compunctus,</strong></span> <span class='ocrx_word' id='word_1_155' title='bbox 3195 1098 3344 1163; x_wconf 90' lang='lat' dir='ltr'><strong>petiit</strong></span> <span class='ocrx_word' id='word_1_156' title='bbox 3364 1111 3423 1152; x_wconf 90' lang='lat' dir='ltr'><strong>se</strong></span> <span class='ocrx_word' id='word_1_157' title='bbox 3444 1095 3511 1150; x_wconf 79' lang='lat' dir='ltr'><strong>ab</strong></span> 
     </span>
    </p>
   </div>
   <div class='ocr_carea' id='block_1_26' title="bbox 1939 1187 3514 1258">
    <p class='ocr_par' dir='ltr' id='par_1_26' title="bbox 1939 1187 3514 1258">
     <span class='ocr_line' id='line_1_26' title="bbox 1939 1187 3514 1258; baseline -0.003 -14"><span class='ocrx_word' id='word_1_158' title='bbox 1939 1205 2004 1244; x_wconf 90' lang='lat' dir='ltr'><strong>eo</strong></span> <span class='ocrx_word' id='word_1_159' title='bbox 2029 1189 2303 1258; x_wconf 83' lang='lat' dir='ltr'><strong>baptizari,</strong></span> <span class='ocrx_word' id='word_1_160' title='bbox 2327 1201 2378 1242; x_wconf 92' lang='lat' dir='ltr'><strong>et</strong></span> <span class='ocrx_word' id='word_1_161' title='bbox 2403 1204 2519 1241; x_wconf 84' lang='lat' dir='ltr'><strong>mox</strong></span> <span class='ocrx_word' id='word_1_162' title='bbox 2539 1189 2756 1255; x_wconf 90' lang='lat' dir='ltr'><strong>jubente</strong></span> <span class='ocrx_word' id='word_1_163' title='bbox 2783 1189 2945 1241; x_wconf 77' lang='lat' dir='ltr'><strong>Decio</strong></span> <span class='ocrx_word' id='word_1_164' title='bbox 2971 1203 3088 1241; x_wconf 85' lang='lat' dir='ltr'><strong>cum</strong></span> <span class='ocrx_word' id='word_1_165' title='bbox 3117 1187 3342 1242; x_wconf 79' lang='lat' dir='ltr'><strong>fustibus</strong></span> <span class='ocrx_word' id='word_1_166' title='bbox 3364 1187 3514 1243; x_wconf 88' lang='lat' dir='ltr'><strong>exhi-</strong></span> 
     </span>
    </p>
   </div>
   <div class='ocr_carea' id='block_1_27' title="bbox 1947 1279 3514 1348">
    <p class='ocr_par' dir='ltr' id='par_1_27' title="bbox 1947 1279 3514 1348">
     <span class='ocr_line' id='line_1_27' title="bbox 1947 1279 3514 1348; baseline -0.001 -14"><span class='ocrx_word' id='word_1_167' title='bbox 1947 1280 2110 1344; x_wconf 85' lang='lat' dir='ltr'><strong>bitus,</strong></span> <span class='ocrx_word' id='word_1_168' title='bbox 2163 1296 2223 1333; x_wconf 86' lang='lat' dir='ltr'><strong>ac</strong></span> <span class='ocrx_word' id='word_1_169' title='bbox 2274 1279 2568 1333; x_wconf 37' lang='lat' dir='ltr'><strong>tlet‘ollatus</strong></span> <span class='ocrx_word' id='word_1_170' title='bbox 2606 1285 2706 1333; x_wconf 86' lang='lat' dir='ltr'><strong>est.</strong></span> <span class='ocrx_word' id='word_1_171' title='bbox 2761 1279 2813 1332; x_wconf 92' lang='lat' dir='ltr'><strong>In</strong></span> <span class='ocrx_word' id='word_1_172' title='bbox 2845 1279 3048 1334; x_wconf 87' lang='lat' dir='ltr'><strong>Verona</strong></span> <span class='ocrx_word' id='word_1_173' title='bbox 3097 1279 3307 1333; x_wconf 84' lang='lat' dir='ltr'><strong>civitate</strong></span> <span class='ocrx_word' id='word_1_174' title='bbox 3339 1281 3514 1348; x_wconf 90' lang='lat' dir='ltr'><strong>passio</strong></span> 
     </span>
    </p>
   </div>
   <div class='ocr_carea' id='block_1_28' title="bbox 1933 1371 3504 1439">
    <p class='ocr_par' dir='ltr' id='par_1_28' title="bbox 1933 1371 3504 1439">
     <span class='ocr_line' id='line_1_28' title="bbox 1933 1371 3504 1439; baseline -0.003 -12"><span class='ocrx_word' id='word_1_175' title='bbox 1933 1383 2238 1427; x_wconf 90' lang='lat' dir='ltr'><strong>sanctorum</strong></span> <span class='ocrx_word' id='word_1_176' title='bbox 2273 1371 2436 1425; x_wconf 84' lang='lat' dir='ltr'><strong>Firmi</strong></span> <span class='ocrx_word' id='word_1_177' title='bbox 2478 1380 2532 1425; x_wconf 88' lang='lat' dir='ltr'><strong>et</strong></span> <span class='ocrx_word' id='word_1_178' title='bbox 2561 1371 2780 1431; x_wconf 79' lang='lat' dir='ltr'><strong>Rustici,</strong></span> <span class='ocrx_word' id='word_1_179' title='bbox 2812 1371 2899 1439; x_wconf 87' lang='lat' dir='ltr'><strong>qui</strong></span> <span class='ocrx_word' id='word_1_180' title='bbox 2932 1382 3170 1438; x_wconf 85' lang='lat' dir='ltr'><strong>tempore</strong></span> <span class='ocrx_word' id='word_1_181' title='bbox 3203 1371 3504 1425; x_wconf 72' lang='lat' dir='ltr'><strong>Maximiani</strong></span> 
     </span>
    </p>
   </div>
   <div class='ocr_carea' id='block_1_29' title="bbox 1933 1459 3518 1531">
    <p class='ocr_par' dir='ltr' id='par_1_29' title="bbox 1933 1459 3518 1531">
     <span class='ocr_line' id='line_1_29' title="bbox 1933 1459 3518 1531; baseline -0.001 -15"><span class='ocrx_word' id='word_1_182' title='bbox 1933 1463 2270 1531; x_wconf 82' lang='lat' dir='ltr'><strong>imperatoris</strong></span> <span class='ocrx_word' id='word_1_183' title='bbox 2320 1469 2376 1515; x_wconf 89' lang='lat' dir='ltr'><strong>et</strong></span> <span class='ocrx_word' id='word_1_184' title='bbox 2419 1462 2667 1515; x_wconf 82' lang='lat' dir='ltr'><strong>Annolini</strong></span> <span class='ocrx_word' id='word_1_185' title='bbox 2724 1462 3014 1514; x_wconf 83' lang='lat' dir='ltr'><strong>consularis</strong></span> <span class='ocrx_word' id='word_1_186' title='bbox 3063 1464 3198 1528; x_wconf 70' lang='lat' dir='ltr'><strong>passi</strong></span> <span class='ocrx_word' id='word_1_187' title='bbox 3253 1469 3397 1516; x_wconf 86' lang='lat' dir='ltr'><strong>sunt.</strong></span> <span class='ocrx_word' id='word_1_188' title='bbox 3450 1459 3518 1514; x_wconf 83' lang='lat' dir='ltr'><strong>Et</strong></span> 
     </span>
    </p>
   </div>
   <div class='ocr_carea' id='block_1_30' title="bbox 1933 1553 2628 1625">
    <p class='ocr_par' dir='ltr' id='par_1_30' title="bbox 1933 1553 2628 1625">
     <span class='ocr_line' id='line_1_30' title="bbox 1933 1553 2628 1625; baseline -0.004 -17"><span class='ocrx_word' id='word_1_189' title='bbox 1933 1555 2110 1625; x_wconf 55' lang='lat' dir='ltr'><strong>v‘gilia</strong></span> <span class='ocrx_word' id='word_1_190' title='bbox 2141 1554 2309 1606; x_wconf 86' lang='lat' dir='ltr'><strong>sancti</strong></span> <span class='ocrx_word' id='word_1_191' title='bbox 2335 1553 2628 1606; x_wconf 88' lang='lat' dir='ltr'><strong>Laurentii.</strong></span> 
     </span>
    </p>
   </div>
   <div class='ocr_carea' id='block_1_31' title="bbox 2011 1643 3517 1700">
    <p class='ocr_par' dir='ltr' id='par_1_31' title="bbox 2011 1643 3517 1700">
     <span class='ocr_line' id='line_1_31' title="bbox 2011 1643 3517 1700; baseline -0.002 -1"><span class='ocrx_word' id='word_1_192' title='bbox 2011 1648 2068 1699; x_wconf 76' lang='grc' dir='ltr'><strong>Ε.</strong></span> <span class='ocrx_word' id='word_1_193' title='bbox 2099 1646 2162 1699; x_wconf 87' lang='lat' dir='ltr'><strong>lV</strong></span> <span class='ocrx_word' id='word_1_194' title='bbox 2198 1646 2316 1700; x_wconf 83' lang='lat' dir='ltr'><strong>lous</strong></span> <span class='ocrx_word' id='word_1_195' title='bbox 2346 1651 2480 1700; x_wconf 81' lang='lat' dir='ltr'><strong>Anc.</strong></span> <span class='ocrx_word' id='word_1_196' title='bbox 2532 1645 2717 1699; x_wconf 78' lang='lat' dir='ltr'><strong>Natale</strong></span> <span class='ocrx_word' id='word_1_197' title='bbox 2744 1645 2910 1699; x_wconf 83' lang='lat' dir='ltr'><strong>sancti</strong></span> <span class='ocrx_word' id='word_1_198' title='bbox 2945 1643 3209 1697; x_wconf 46' lang='lat' dir='ltr'><strong>Laurentii</strong></span> <span class='ocrx_word' id='word_1_199' title='bbox 3249 1643 3517 1700; x_wconf 88' lang='lat' dir='ltr'><strong>archidia-</strong></span> 
     </span>
    </p>
   </div>
   <div class='ocr_carea' id='block_1_32' title="bbox 1493 1735 2261 1791">
    <p class='ocr_par' dir='ltr' id='par_1_32' title="bbox 1493 1735 2261 1791">
     <span class='ocr_line' id='line_1_32' title="bbox 1493 1735 2261 1791; baseline 0.001 -3"><span class='ocrx_word' id='word_1_200' title='bbox 1493 1735 1713 1790; x_wconf 82' lang='lat' dir='ltr'><strong>LDlTlO</strong></span> <span class='ocrx_word' id='word_1_201' title='bbox 1757 1735 2261 1791; x_wconf 78' lang='lat' dir='ltr'><strong>BOLLANDIANA.</strong></span> 
     </span>
    </p>
   </div>
   <div class='ocr_carea' id='block_1_33' title="bbox 243 1821 3517 1895">
    <p class='ocr_par' dir='ltr' id='par_1_33' title="bbox 243 1821 3517 1895">
     <span class='ocr_line' id='line_1_33' title="bbox 243 1821 3517 1895; baseline -0.001 -13"><span class='ocrx_word' id='word_1_202' title='bbox 243 1832 372 1882; x_wconf 85' lang='lat' dir='ltr'><strong>tur:</strong></span> <span class='ocrx_word' id='word_1_203' title='bbox 404 1837 460 1882; x_wconf 91' lang='lat' dir='ltr'><strong>et</strong></span> <span class='ocrx_word' id='word_1_204' title='bbox 488 1844 607 1881; x_wconf 90' lang='lat' dir='ltr'><strong>cum</strong></span> <span class='ocrx_word' id='word_1_205' title='bbox 651 1841 748 1882; x_wconf 89' lang='lat' dir='ltr'><strong>nec</strong></span> <span class='ocrx_word' id='word_1_206' title='bbox 776 1827 890 1892; x_wconf 91' lang='lat' dir='ltr'><strong>sic,</strong></span> <span class='ocrx_word' id='word_1_207' title='bbox 923 1827 1115 1880; x_wconf 90' lang='lat' dir='ltr'><strong>virtute</strong></span> <span class='ocrx_word' id='word_1_208' title='bbox 1149 1825 1394 1893; x_wconf 87' lang='lat' dir='ltr'><strong>Domini,</strong></span> <span class='ocrx_word' id='word_1_209' title='bbox 1436 1827 1589 1881; x_wconf 69' lang='lat' dir='ltr'><strong>laesus</strong></span> <span class='ocrx_word' id='word_1_210' title='bbox 1621 1827 1828 1894; x_wconf 76' lang='lat' dir='ltr'><strong>fuisset,</strong></span> <span class='ocrx_word' id='word_1_211' title='bbox 1865 1835 1911 1894; x_wconf 76' lang='grc' dir='ltr'><strong>Β</strong></span> <span class='ocrx_word' id='word_1_212' title='bbox 1937 1842 2057 1881; x_wconf 90' lang='lat' dir='ltr'><strong>cum</strong></span> <span class='ocrx_word' id='word_1_213' title='bbox 2104 1828 2264 1882; x_wconf 89' lang='lat' dir='ltr'><strong>sociis</strong></span> <span class='ocrx_word' id='word_1_214' title='bbox 2303 1826 2434 1890; x_wconf 89' lang='lat' dir='ltr'><strong>suis,</strong></span> <span class='ocrx_word' id='word_1_215' title='bbox 2483 1841 2618 1895; x_wconf 89' lang='lat' dir='ltr'><strong>quos</strong></span> <span class='ocrx_word' id='word_1_216' title='bbox 2669 1826 2985 1880; x_wconf 82' lang='lat' dir='ltr'><strong>Maximinus</strong></span> <span class='ocrx_word' id='word_1_217' title='bbox 3028 1826 3338 1881; x_wconf 66' lang='lat' dir='ltr'><strong>Diocletiani</strong></span> <span class='ocrx_word' id='word_1_218' title='bbox 3375 1821 3517 1880; x_wconf 70' lang='lat' dir='ltr'><strong>ﬁlius</strong></span> 
     </span>
    </p>
   </div>
   <div class='ocr_carea' id='block_1_34' title="bbox 243 1917 1571 1988">
    <p class='ocr_par' dir='ltr' id='par_1_34' title="bbox 243 1917 1571 1988">
     <span class='ocr_line' id='line_1_34' title="bbox 243 1917 1571 1988; baseline -0.002 -14"><span class='ocrx_word' id='word_1_219' title='bbox 243 1919 515 1986; x_wconf 83' lang='lat' dir='ltr'><strong>lapidatus</strong></span> <span class='ocrx_word' id='word_1_220' title='bbox 544 1917 814 1984; x_wconf 90' lang='lat' dir='ltr'><strong>occubuit,</strong></span> <span class='ocrx_word' id='word_1_221' title='bbox 842 1927 1031 1988; x_wconf 82' lang='lat' dir='ltr'><strong>agente</strong></span> <span class='ocrx_word' id='word_1_222' title='bbox 1063 1917 1286 1985; x_wconf 77' lang='lat' dir='ltr'><strong>praeside</strong></span> <span class='ocrx_word' id='word_1_223' title='bbox 1314 1919 1571 1972; x_wconf 82' lang='lat' dir='ltr'><strong>Adriano.</strong></span> 
     </span>
    </p>
   </div>
   <div class='ocr_carea' id='block_1_35' title="bbox 320 2009 1836 2078">
    <p class='ocr_par' dir='ltr' id='par_1_35' title="bbox 320 2009 1836 2078">
     <span class='ocr_line' id='line_1_35' title="bbox 320 2009 1836 2078; baseline 0.001 -15"><span class='ocrx_word' id='word_1_224' title='bbox 320 2009 412 2074; x_wconf 80' lang='lat'><strong>0.,</strong></span> <span class='ocrx_word' id='word_1_225' title='bbox 468 2012 648 2063; x_wconf 73' lang='lat' dir='ltr'><strong>llomze</strong></span> <span class='ocrx_word' id='word_1_226' title='bbox 689 2011 865 2078; x_wconf 82' lang='lat' dir='ltr'><strong>passio</strong></span> <span class='ocrx_word' id='word_1_227' title='bbox 913 2019 1220 2062; x_wconf 87' lang='lat' dir='ltr'><strong>sanctorum</strong></span> <span class='ocrx_word' id='word_1_228' title='bbox 1271 2021 1560 2078; x_wconf 79' lang='lat' dir='ltr'><strong>martyrum</strong></span> <span class='ocrx_word' id='word_1_229' title='bbox 1611 2024 1836 2064; x_wconf 78' lang='lat' dir='ltr'><strong>numero</strong></span> 
     </span>
    </p>
   </div>
   <div class='ocr_carea' id='block_1_36' title="bbox 242 2079 1836 2151">
    <p class='ocr_par' dir='ltr' id='par_1_36' title="bbox 242 2079 1836 2151">
     <span class='ocr_line' id='line_1_36' title="bbox 242 2079 1836 2151; baseline -0.001 -19"><span class='ocrx_word' id='word_1_230' title='bbox 242 2079 444 2151; x_wconf 69' lang='lat' dir='ltr'><strong>viginti</strong></span> <span class='ocrx_word' id='word_1_231' title='bbox 475 2083 728 2149; x_wconf 89' lang='lat' dir='ltr'><strong>quinque.</strong></span> <span class='ocrx_word' id='word_1_232' title='bbox 761 2079 815 2132; x_wconf 92' lang='lat' dir='ltr'><strong>In</strong></span> <span class='ocrx_word' id='word_1_233' title='bbox 862 2079 1357 2151; x_wconf 86' lang='lat' dir='ltr'><strong>Antiochianatale</strong></span> <span class='ocrx_word' id='word_1_234' title='bbox 1401 2083 1497 2142; x_wconf 74' lang='grc'><strong>88.</strong></span> <span class='ocrx_word' id='word_1_235' title='bbox 1544 2080 1836 2151; x_wconf 82' lang='lat' dir='ltr'><strong>Suﬂ‘rouei,</strong></span> 
     </span>
    </p>
   </div>
   <div class='ocr_carea' id='block_1_37' title="bbox 246 2149 1838 2232">
    <p class='ocr_par' dir='ltr' id='par_1_37' title="bbox 246 2149 1838 2232">
     <span class='ocr_line' id='line_1_37' title="bbox 246 2149 1838 2232; baseline 0.001 -31"><span class='ocrx_word' id='word_1_236' title='bbox 246 2149 517 2232; x_wconf 65' lang='lat' dir='ltr'><strong>Veneria,</strong></span> <span class='ocrx_word' id='word_1_237' title='bbox 549 2160 604 2204; x_wconf 90' lang='lat' dir='ltr'><strong>et</strong></span> <span class='ocrx_word' id='word_1_238' title='bbox 630 2151 855 2205; x_wconf 90' lang='lat' dir='ltr'><strong>aliorum</strong></span> <span class='ocrx_word' id='word_1_239' title='bbox 884 2161 996 2204; x_wconf 85' lang='lat' dir='ltr'><strong>sex.</strong></span> <span class='ocrx_word' id='word_1_240' title='bbox 1030 2150 1330 2205; x_wconf 77' lang='lat' dir='ltr'><strong>Mediolano</strong></span> <span class='ocrx_word' id='word_1_241' title='bbox 1369 2152 1545 2206; x_wconf 89' lang='lat' dir='ltr'><strong>natale</strong></span> <span class='ocrx_word' id='word_1_242' title='bbox 1572 2151 1630 2205; x_wconf 88' lang='grc'><strong>8.</strong></span> <span class='ocrx_word' id='word_1_243' title='bbox 1653 2153 1678 2180; x_wconf 71' lang='grc'>⁸</span> <span class='ocrx_word' id='word_1_244' title='bbox 1701 2150 1838 2204; x_wconf 79' lang='lat' dir='ltr'><strong>Fau-</strong></span> 
     </span>
    </p>
   </div>
   <div class='ocr_carea' id='block_1_38' title="bbox 240 2230 400 2276">
    <p class='ocr_par' dir='ltr' id='par_1_38' title="bbox 240 2230 400 2276">
     <span class='ocr_line' id='line_1_38' title="bbox 240 2230 400 2276; baseline 0 0"><span class='ocrx_word' id='word_1_245' title='bbox 240 2230 400 2276; x_wconf 84' lang='lat' dir='ltr'><strong>sum.</strong></span> 
     </span>
    </p>
   </div>
   <div class='ocr_carea' id='block_1_39' title="bbox 295 2307 1372 2381">
    <p class='ocr_par' dir='ltr' id='par_1_39' title="bbox 295 2307 1372 2381">
     <span class='ocr_line' id='line_1_39' title="bbox 295 2307 1372 2381; baseline -0.001 -16"><span class='ocrx_word' id='word_1_246' title='bbox 295 2312 361 2366; x_wconf 91' lang='lat'><strong>8.</strong></span> <span class='ocrx_word' id='word_1_247' title='bbox 393 2342 465 2352; x_wconf 97' lang='lat'><strong>—</strong></span> <span class='ocrx_word' id='word_1_248' title='bbox 499 2311 560 2365; x_wconf 87' lang='lat' dir='ltr'><strong>Vl</strong></span> <span class='ocrx_word' id='word_1_249' title='bbox 587 2307 731 2366; x_wconf 80' lang='lat' dir='ltr'><strong>Inus.</strong></span> <span class='ocrx_word' id='word_1_250' title='bbox 764 2310 964 2365; x_wconf 87' lang='lat' dir='ltr'><strong>Natalis</strong></span> <span class='ocrx_word' id='word_1_251' title='bbox 995 2311 1052 2365; x_wconf 95' lang='grc'><strong>8.</strong></span> <span class='ocrx_word' id='word_1_252' title='bbox 1087 2309 1112 2348; x_wconf 77' lang='grc' dir='ltr'>δ</span> <span class='ocrx_word' id='word_1_253' title='bbox 1142 2310 1372 2381; x_wconf 81' lang='lat' dir='ltr'><strong>Cyriaci.</strong></span> 
     </span>
    </p>
   </div>
   <div class='ocr_carea' id='block_1_40' title="bbox 253 2394 1841 2471">
    <p class='ocr_par' dir='ltr' id='par_1_40' title="bbox 253 2394 1841 2471">
     <span class='ocr_line' id='line_1_40' title="bbox 253 2394 1841 2471; baseline -0.001 -15"><span class='ocrx_word' id='word_1_254' title='bbox 253 2394 260 2400; x_wconf 80' lang='grc'><em>’</em></span> <span class='ocrx_word' id='word_1_255' title='bbox 314 2400 490 2456; x_wconf 82' lang='lat' dir='ltr'><strong>Addit</strong></span> <span class='ocrx_word' id='word_1_256' title='bbox 525 2400 587 2455; x_wconf 87' lang='grc' dir='ltr'>Τ.</span> <span class='ocrx_word' id='word_1_257' title='bbox 631 2401 790 2470; x_wconf 88' lang='lat' dir='ltr'><strong>Largi</strong></span> <span class='ocrx_word' id='word_1_258' title='bbox 833 2410 887 2456; x_wconf 90' lang='lat' dir='ltr'><strong>et</strong></span> <span class='ocrx_word' id='word_1_259' title='bbox 931 2401 1251 2470; x_wconf 84' lang='lat' dir='ltr'><strong>Smaragdi:</strong></span> <span class='ocrx_word' id='word_1_260' title='bbox 1303 2400 1366 2455; x_wconf 94' lang='lat' dir='ltr'><strong>V.</strong></span> <span class='ocrx_word' id='word_1_261' title='bbox 1421 2400 1637 2468; x_wconf 79' lang='lat' dir='ltr'><strong>insuper</strong></span> <span class='ocrx_word' id='word_1_262' title='bbox 1666 2400 1841 2471; x_wconf 80' lang='lat' dir='ltr'><strong>jungit</strong></span> 
     </span>
    </p>
   </div>
   <div class='ocr_carea' id='block_1_41' title="bbox 242 2495 1839 2562">
    <p class='ocr_par' dir='ltr' id='par_1_41' title="bbox 242 2495 1839 2562">
     <span class='ocr_line' id='line_1_41' title="bbox 242 2495 1839 2562; baseline -0.001 -10"><span class='ocrx_word' id='word_1_263' title='bbox 242 2499 468 2553; x_wconf 88' lang='lat' dir='ltr'><strong>nomina</strong></span> <span class='ocrx_word' id='word_1_264' title='bbox 499 2495 880 2562; x_wconf 86' lang='lat' dir='ltr'><strong>Crescentiani,</strong></span> <span class='ocrx_word' id='word_1_265' title='bbox 911 2496 1170 2552; x_wconf 69' lang='lat' dir='ltr'><strong>Memoria:</strong></span> <span class='ocrx_word' id='word_1_266' title='bbox 1194 2506 1248 2551; x_wconf 92' lang='lat' dir='ltr'><strong>et</strong></span> <span class='ocrx_word' id='word_1_267' title='bbox 1272 2496 1495 2550; x_wconf 86' lang='lat' dir='ltr'><strong>Jnliani:</strong></span> <span class='ocrx_word' id='word_1_268' title='bbox 1529 2497 1614 2561; x_wconf 91' lang='lat' dir='ltr'><strong>C.,</strong></span> <span class='ocrx_word' id='word_1_269' title='bbox 1639 2498 1839 2550; x_wconf 80' lang='lat' dir='ltr'><strong>omisso</strong></span> 
     </span>
    </p>
   </div>
   <div class='ocr_carea' id='block_1_42' title="bbox 241 2587 1836 2660">
    <p class='ocr_par' dir='ltr' id='par_1_42' title="bbox 241 2587 1836 2660">
     <span class='ocr_line' id='line_1_42' title="bbox 241 2587 1836 2660; baseline -0.002 -15"><span class='ocrx_word' id='word_1_270' title='bbox 241 2589 570 2660; x_wconf 85' lang='lat' dir='ltr'><strong>Smaragdo,</strong></span> <span class='ocrx_word' id='word_1_271' title='bbox 603 2589 763 2644; x_wconf 89' lang='lat' dir='ltr'><strong>habet</strong></span> <span class='ocrx_word' id='word_1_272' title='bbox 792 2588 1009 2642; x_wconf 88' lang='lat' dir='ltr'><strong>nomina</strong></span> <span class='ocrx_word' id='word_1_273' title='bbox 1047 2587 1409 2642; x_wconf 83' lang='lat' dir='ltr'><strong>Crescentiani</strong></span> <span class='ocrx_word' id='word_1_274' title='bbox 1455 2597 1511 2642; x_wconf 91' lang='lat' dir='ltr'><strong>et</strong></span> <span class='ocrx_word' id='word_1_275' title='bbox 1549 2588 1836 2642; x_wconf 83' lang='lat' dir='ltr'><strong>Theodori.</strong></span> 
     </span>
    </p>
   </div>
   <div class='ocr_carea' id='block_1_43' title="bbox 242 2666 1838 2752">
    <p class='ocr_par' dir='ltr' id='par_1_43' title="bbox 242 2666 1838 2752">
     <span class='ocr_line' id='line_1_43' title="bbox 242 2666 1838 2752; baseline -0.003 -15"><span class='ocrx_word' id='word_1_276' title='bbox 242 2682 499 2752; x_wconf 85' lang='lat' dir='ltr'><strong>Elogium</strong></span> <span class='ocrx_word' id='word_1_277' title='bbox 547 2693 724 2734; x_wconf 91' lang='lat' dir='ltr'><strong>autem</strong></span> <span class='ocrx_word' id='word_1_278' title='bbox 773 2679 973 2734; x_wconf 76' lang='lat' dir='ltr'><strong>retexit</strong></span> <span class='ocrx_word' id='word_1_279' title='bbox 1023 2666 1211 2733; x_wconf 77' lang='lat' dir='ltr'><strong>Florus</strong></span> <span class='ocrx_word' id='word_1_280' title='bbox 1243 2680 1292 2732; x_wconf 91' lang='lat' dir='ltr'><strong>iu</strong></span> <span class='ocrx_word' id='word_1_281' title='bbox 1340 2677 1406 2734; x_wconf 84' lang='lat' dir='ltr'><strong>A.</strong></span> <span class='ocrx_word' id='word_1_282' title='bbox 1441 2687 1494 2733; x_wconf 90' lang='lat' dir='ltr'><strong>ct</strong></span> <span class='ocrx_word' id='word_1_283' title='bbox 1522 2677 1630 2732; x_wconf 88' lang='lat' dir='ltr'><strong>T.:</strong></span> <span class='ocrx_word' id='word_1_284' title='bbox 1672 2680 1838 2744; x_wconf 83' lang='lat' dir='ltr'><strong>Quem</strong></span> 
     </span>
    </p>
   </div>
   <div class='ocr_carea' id='block_1_44' title="bbox 243 2771 1840 2841">
    <p class='ocr_par' dir='ltr' id='par_1_44' title="bbox 243 2771 1840 2841">
     <span class='ocr_line' id='line_1_44' title="bbox 243 2771 1840 2841; baseline -0.003 -11"><span class='ocrx_word' id='word_1_285' title='bbox 243 2773 618 2830; x_wconf 85' lang='lat' dir='ltr'><strong>Diocletianus</strong></span> <span class='ocrx_word' id='word_1_286' title='bbox 672 2772 964 2841; x_wconf 89' lang='lat' dir='ltr'><strong>imperator</strong></span> <span class='ocrx_word' id='word_1_287' title='bbox 1013 2781 1226 2841; x_wconf 84' lang='lat' dir='ltr'><strong>propter</strong></span> <span class='ocrx_word' id='word_1_288' title='bbox 1280 2771 1438 2824; x_wconf 63' lang='lat' dir='ltr'><strong>tilLam</strong></span> <span class='ocrx_word' id='word_1_289' title='bbox 1496 2787 1523 2823; x_wconf 90' lang='lat' dir='ltr'><strong>a</strong></span> <span class='ocrx_word' id='word_1_290' title='bbox 1583 2772 1840 2825; x_wconf 71' lang='lat' dir='ltr'><strong>daemonis</strong></span> 
     </span>
    </p>
   </div>
   <div class='ocr_carea' id='block_1_45' title="bbox 240 2865 1838 2933">
    <p class='ocr_par' dir='ltr' id='par_1_45' title="bbox 240 2865 1838 2933">
     <span class='ocr_line' id='line_1_45' title="bbox 240 2865 1838 2933; baseline -0.001 -13"><span class='ocrx_word' id='word_1_291' title='bbox 240 2868 535 2923; x_wconf 77' lang='lat' dir='ltr'><strong>vexatione</strong></span> <span class='ocrx_word' id='word_1_292' title='bbox 555 2866 622 2919; x_wconf 83' lang='lat' dir='ltr'><strong>ab</strong></span> <span class='ocrx_word' id='word_1_293' title='bbox 649 2865 766 2930; x_wconf 84' lang='lat' dir='ltr'><strong>ipso</strong></span> <span class='ocrx_word' id='word_1_294' title='bbox 792 2873 1027 2918; x_wconf 89' lang='lat' dir='ltr'><strong>curatam</strong></span> <span class='ocrx_word' id='word_1_295' title='bbox 1053 2865 1283 2918; x_wconf 87' lang='lat' dir='ltr'><strong>maxime</strong></span> <span class='ocrx_word' id='word_1_296' title='bbox 1307 2878 1588 2929; x_wconf 85' lang='lat' dir='ltr'><strong>venerans,</strong></span> <span class='ocrx_word' id='word_1_297' title='bbox 1623 2878 1720 2933; x_wconf 91' lang='lat' dir='ltr'><strong>pro</strong></span> <span class='ocrx_word' id='word_1_298' title='bbox 1748 2879 1838 2918; x_wconf 83' lang='lat' dir='ltr'><strong>ea-</strong></span> 
     </span>
    </p>
   </div>
   <div class='ocr_carea' id='block_1_46' title="bbox 245 2957 1839 3029">
    <p class='ocr_par' dir='ltr' id='par_1_46' title="bbox 245 2957 1839 3029">
     <span class='ocr_line' id='line_1_46' title="bbox 245 2957 1839 3029; baseline -0.004 -12"><span class='ocrx_word' id='word_1_299' title='bbox 245 2961 378 3017; x_wconf 89' lang='lat' dir='ltr'><strong>dem</strong></span> <span class='ocrx_word' id='word_1_300' title='bbox 410 2975 470 3015; x_wconf 92' lang='lat' dir='ltr'><strong>re</strong></span> <span class='ocrx_word' id='word_1_301' title='bbox 498 2959 610 3029; x_wconf 80' lang='lat' dir='ltr'><strong>regi</strong></span> <span class='ocrx_word' id='word_1_302' title='bbox 643 2959 926 3013; x_wconf 86' lang='lat' dir='ltr'><strong>Persarum</strong></span> <span class='ocrx_word' id='word_1_303' title='bbox 954 2957 1119 3012; x_wconf 82' lang='lat' dir='ltr'><strong>misit.</strong></span> <span class='ocrx_word' id='word_1_304' title='bbox 1151 2958 1313 3025; x_wconf 83' lang='lat' dir='ltr'><strong>Cujus</strong></span> <span class='ocrx_word' id='word_1_305' title='bbox 1336 2959 1493 3011; x_wconf 84' lang='lat' dir='ltr'><strong>etiam</strong></span> <span class='ocrx_word' id='word_1_306' title='bbox 1531 2959 1691 3010; x_wconf 88' lang='lat' dir='ltr'><strong>tiliam</strong></span> <span class='ocrx_word' id='word_1_307' title='bbox 1718 2971 1839 3012; x_wconf 86' lang='lat' dir='ltr'><strong>eum</strong></span> 
     </span>
    </p>
   </div>
   <div class='ocr_carea' id='block_1_47' title="bbox 246 3048 1840 3120">
    <p class='ocr_par' dir='ltr' id='par_1_47' title="bbox 246 3048 1840 3120">
     <span class='ocr_line' id='line_1_47' title="bbox 246 3048 1840 3120; baseline -0.001 -12"><span class='ocrx_word' id='word_1_308' title='bbox 246 3069 278 3108; x_wconf 89' lang='lat' dir='ltr'><strong>a</strong></span> <span class='ocrx_word' id='word_1_309' title='bbox 299 3053 575 3108; x_wconf 74' lang='lat' dir='ltr'><strong>dzemonio</strong></span> <span class='ocrx_word' id='word_1_310' title='bbox 603 3050 882 3106; x_wconf 60' lang='lat' dir='ltr'><strong>liberasset</strong></span> <span class='ocrx_word' id='word_1_311' title='bbox 903 3064 1022 3104; x_wconf 92' lang='lat' dir='ltr'><strong>cum</strong></span> <span class='ocrx_word' id='word_1_312' title='bbox 1051 3059 1199 3118; x_wconf 84' lang='lat' dir='ltr'><strong>patre</strong></span> <span class='ocrx_word' id='word_1_313' title='bbox 1223 3059 1275 3104; x_wconf 91' lang='lat' dir='ltr'><strong>et</strong></span> <span class='ocrx_word' id='word_1_314' title='bbox 1297 3050 1413 3102; x_wconf 88' lang='lat' dir='ltr'><strong>aliis</strong></span> <span class='ocrx_word' id='word_1_315' title='bbox 1437 3048 1840 3120; x_wconf 79' lang='lat' dir='ltr'><strong>quadringentis</strong></span> 
     </span>
    </p>
   </div>
   <div class='ocr_carea' id='block_1_48' title="bbox 244 3139 1840 3216">
    <p class='ocr_par' dir='ltr' id='par_1_48' title="bbox 244 3139 1840 3216">
     <span class='ocr_line' id='line_1_48' title="bbox 244 3139 1840 3216; baseline -0.003 -16"><span class='ocrx_word' id='word_1_316' title='bbox 244 3149 470 3216; x_wconf 83' lang='lat' dir='ltr'><strong>triginta</strong></span> <span class='ocrx_word' id='word_1_317' title='bbox 505 3143 808 3210; x_wconf 82' lang='lat' dir='ltr'><strong>baptizavit.</strong></span> <span class='ocrx_word' id='word_1_318' title='bbox 838 3141 968 3196; x_wconf 87' lang='lat' dir='ltr'><strong>llinc</strong></span> <span class='ocrx_word' id='word_1_319' title='bbox 998 3154 1268 3196; x_wconf 89' lang='lat' dir='ltr'><strong>reversum</strong></span> <span class='ocrx_word' id='word_1_320' title='bbox 1297 3139 1610 3194; x_wconf 77' lang='lat' dir='ltr'><strong>Maximinus</strong></span> <span class='ocrx_word' id='word_1_321' title='bbox 1641 3141 1840 3196; x_wconf 90' lang='lat' dir='ltr'><strong>catenis</strong></span> 
     </span>
    </p>
   </div>
   <div class='ocr_carea' id='block_1_49' title="bbox 246 3200 1913 3305">
    <p class='ocr_par' dir='ltr' id='par_1_49' title="bbox 246 3200 1913 3305">
     <span class='ocr_line' id='line_1_49' title="bbox 246 3200 1913 3305; baseline -0.001 -17"><span class='ocrx_word' id='word_1_322' title='bbox 246 3200 501 3305; x_wconf 52' lang='lat' dir='ltr'><strong>ligatum,</strong></span> <span class='ocrx_word' id='word_1_323' title='bbox 526 3241 650 3287; x_wconf 90' lang='lat' dir='ltr'><strong>ante</strong></span> <span class='ocrx_word' id='word_1_324' title='bbox 678 3231 896 3286; x_wconf 89' lang='lat' dir='ltr'><strong>rhedam</strong></span> <span class='ocrx_word' id='word_1_325' title='bbox 924 3245 1074 3285; x_wconf 89' lang='lat' dir='ltr'><strong>suam</strong></span> <span class='ocrx_word' id='word_1_326' title='bbox 1098 3231 1294 3284; x_wconf 90' lang='lat' dir='ltr'><strong>nudum</strong></span> <span class='ocrx_word' id='word_1_327' title='bbox 1324 3230 1483 3296; x_wconf 88' lang='lat' dir='ltr'><strong>trahi,</strong></span> <span class='ocrx_word' id='word_1_328' title='bbox 1508 3241 1559 3284; x_wconf 91' lang='lat' dir='ltr'><strong>et</strong></span> <span class='ocrx_word' id='word_1_329' title='bbox 1580 3246 1608 3283; x_wconf 92' lang='lat' dir='ltr'><strong>a</strong></span> <span class='ocrx_word' id='word_1_330' title='bbox 1642 3232 1840 3286; x_wconf 91' lang='lat' dir='ltr'><strong>vicario</strong></span> <span class='ocrx_word' id='word_1_331' title='bbox 1866 3200 1913 3262; x_wconf 66' lang='grc' dir='ltr'>ο</span> 
     </span>
    </p>
   </div>
   <div class='ocr_carea' id='block_1_50' title="bbox 245 3323 1837 3395">
    <p class='ocr_par' dir='ltr' id='par_1_50' title="bbox 245 3323 1837 3395">
     <span class='ocr_line' id='line_1_50' title="bbox 245 3323 1837 3395; baseline 0 -15"><span class='ocrx_word' id='word_1_332' title='bbox 245 3340 353 3382; x_wconf 83' lang='lat' dir='ltr'><strong>suo</strong></span> <span class='ocrx_word' id='word_1_333' title='bbox 379 3326 640 3395; x_wconf 87' lang='lat' dir='ltr'><strong>Carpasio</strong></span> <span class='ocrx_word' id='word_1_334' title='bbox 666 3324 894 3382; x_wconf 86' lang='lat' dir='ltr'><strong>diversis</strong></span> <span class='ocrx_word' id='word_1_335' title='bbox 925 3326 1095 3392; x_wconf 75' lang='lat' dir='ltr'><strong>pretiis</strong></span> <span class='ocrx_word' id='word_1_336' title='bbox 1125 3323 1380 3379; x_wconf 73' lang='lat' dir='ltr'><strong>afﬂictum</strong></span> <span class='ocrx_word' id='word_1_337' title='bbox 1399 3363 1416 3392; x_wconf 94' lang='lat'><strong>,</strong></span> <span class='ocrx_word' id='word_1_338' title='bbox 1458 3339 1579 3378; x_wconf 91' lang='lat' dir='ltr'><strong>cum</strong></span> <span class='ocrx_word' id='word_1_339' title='bbox 1613 3325 1730 3380; x_wconf 87' lang='lat' dir='ltr'><strong>aliis</strong></span> <span class='ocrx_word' id='word_1_340' title='bbox 1759 3324 1837 3380; x_wconf 91' lang='lat' dir='ltr'><strong>vi-</strong></span> 
     </span>
    </p>
   </div>
   <div class='ocr_carea' id='block_1_51' title="bbox 149 3409 993 3490">
    <p class='ocr_par' dir='ltr' id='par_1_51' title="bbox 149 3409 993 3490">
     <span class='ocr_line' id='line_1_51' title="bbox 149 3409 993 3490; baseline -0.008 -14"><span class='ocrx_word' id='word_1_341' title='bbox 149 3409 154 3411; x_wconf 57' lang='grc'><em>’</em></span> <span class='ocrx_word' id='word_1_342' title='bbox 247 3418 388 3490; x_wconf 87' lang='lat' dir='ltr'><strong>ginti</strong></span> <span class='ocrx_word' id='word_1_343' title='bbox 414 3416 581 3486; x_wconf 88' lang='lat' dir='ltr'><strong>jussit</strong></span> <span class='ocrx_word' id='word_1_344' title='bbox 607 3419 785 3487; x_wconf 88' lang='lat' dir='ltr'><strong>capite</strong></span> <span class='ocrx_word' id='word_1_345' title='bbox 816 3417 993 3486; x_wconf 91' lang='lat' dir='ltr'><strong>plecti.</strong></span> 
     </span>
    </p>
   </div>
   <div class='ocr_carea' id='block_1_52' title="bbox 324 3527 1838 3599">
    <p class='ocr_par' dir='ltr' id='par_1_52' title="bbox 324 3527 1838 3599">
     <span class='ocr_line' id='line_1_52' title="bbox 324 3527 1838 3599; baseline 0 -14"><span class='ocrx_word' id='word_1_346' title='bbox 324 3532 390 3585; x_wconf 91' lang='lat' dir='ltr'><strong>L.</strong></span> <span class='ocrx_word' id='word_1_347' title='bbox 417 3530 498 3586; x_wconf 85' lang='lat' dir='ltr'><strong>sic</strong></span> <span class='ocrx_word' id='word_1_348' title='bbox 524 3530 738 3586; x_wconf 81' lang='lat' dir='ltr'><strong>brevius</strong></span> <span class='ocrx_word' id='word_1_349' title='bbox 767 3547 780 3583; x_wconf 88' lang='lat'>:</span> <span class='ocrx_word' id='word_1_350' title='bbox 813 3530 998 3585; x_wconf 75' lang='lat' dir='ltr'><strong>Roma:</strong></span> <span class='ocrx_word' id='word_1_351' title='bbox 1028 3529 1255 3584; x_wconf 87' lang='lat' dir='ltr'><strong>elevatio</strong></span> <span class='ocrx_word' id='word_1_352' title='bbox 1278 3527 1522 3599; x_wconf 87' lang='lat' dir='ltr'><strong>corporis</strong></span> <span class='ocrx_word' id='word_1_353' title='bbox 1545 3527 1600 3584; x_wconf 85' lang='lat' dir='ltr'><strong>S.</strong></span> <span class='ocrx_word' id='word_1_354' title='bbox 1629 3529 1838 3598; x_wconf 87' lang='lat' dir='ltr'><strong>Cyriaci</strong></span> 
     </span>
    </p>
   </div>
   <div class='ocr_carea' id='block_1_53' title="bbox 1942 1897 3521 1967">
    <p class='ocr_par' dir='ltr' id='par_1_53' title="bbox 1942 1897 3521 1967">
     <span class='ocr_line' id='line_1_53' title="bbox 1942 1897 3521 1967; baseline 0.001 -17"><span class='ocrx_word' id='word_1_355' title='bbox 1942 1900 2166 1952; x_wconf 84' lang='lat' dir='ltr'><strong>diversis</strong></span> <span class='ocrx_word' id='word_1_356' title='bbox 2201 1899 2374 1965; x_wconf 73' lang='lat' dir='ltr'><strong>pmnis</strong></span> <span class='ocrx_word' id='word_1_357' title='bbox 2403 1898 2777 1967; x_wconf 80' lang='lat' dir='ltr'><strong>afﬂictoscum</strong></span> <span class='ocrx_word' id='word_1_358' title='bbox 2807 1898 2925 1950; x_wconf 90' lang='lat' dir='ltr'><strong>aliis</strong></span> <span class='ocrx_word' id='word_1_359' title='bbox 2955 1899 3136 1967; x_wconf 80' lang='lat' dir='ltr'><strong>viginti</strong></span> <span class='ocrx_word' id='word_1_360' title='bbox 3159 1897 3320 1966; x_wconf 88' lang='lat' dir='ltr'><strong>jussit</strong></span> <span class='ocrx_word' id='word_1_361' title='bbox 3345 1900 3521 1960; x_wconf 85' lang='lat' dir='ltr'><strong>capite</strong></span> 
     </span>
    </p>
   </div>
   <div class='ocr_carea' id='block_1_54' title="bbox 1943 1966 3519 2038">
    <p class='ocr_par' dir='ltr' id='par_1_54' title="bbox 1943 1966 3519 2038">
     <span class='ocr_line' id='line_1_54' title="bbox 1943 1966 3519 2038; baseline 0.002 -21"><span class='ocrx_word' id='word_1_362' title='bbox 1943 1970 2122 2035; x_wconf 83' lang='lat' dir='ltr'><strong>plecti.</strong></span> <span class='ocrx_word' id='word_1_363' title='bbox 2162 1969 2240 2034; x_wconf 83' lang='lat' dir='ltr'><strong>It.,</strong></span> <span class='ocrx_word' id='word_1_364' title='bbox 2292 1969 2477 2023; x_wconf 65' lang='lat' dir='ltr'><strong>Romae</strong></span> <span class='ocrx_word' id='word_1_365' title='bbox 2522 1968 2581 2022; x_wconf 88' lang='grc'><strong>8.</strong></span> <span class='ocrx_word' id='word_1_366' title='bbox 2621 1966 2832 2038; x_wconf 85' lang='lat' dir='ltr'><strong>Cyriaci</strong></span> <span class='ocrx_word' id='word_1_367' title='bbox 2879 1966 3127 2038; x_wconf 77' lang='lat' dir='ltr'><strong>martyris</strong></span> <span class='ocrx_word' id='word_1_368' title='bbox 3171 1980 3224 2022; x_wconf 90' lang='lat' dir='ltr'><strong>et</strong></span> <span class='ocrx_word' id='word_1_369' title='bbox 3255 1969 3519 2022; x_wconf 89' lang='lat' dir='ltr'><strong>sociorum</strong></span> 
     </span>
    </p>
   </div>
   <div class='ocr_carea' id='block_1_55' title="bbox 1942 2037 3523 2106">
    <p class='ocr_par' dir='ltr' id='par_1_55' title="bbox 1942 2037 3523 2106">
     <span class='ocr_line' id='line_1_55' title="bbox 1942 2037 3523 2106; baseline 0.001 -16"><span class='ocrx_word' id='word_1_370' title='bbox 1942 2039 2077 2106; x_wconf 68' lang='lat' dir='ltr'><strong>ejus.</strong></span> <span class='ocrx_word' id='word_1_371' title='bbox 2111 2040 2163 2092; x_wconf 88' lang='lat' dir='ltr'><strong>lu</strong></span> <span class='ocrx_word' id='word_1_372' title='bbox 2200 2049 2222 2076; x_wconf 72' lang='grc' dir='ltr'>ε</span> <span class='ocrx_word' id='word_1_373' title='bbox 2255 2038 2563 2092; x_wconf 82' lang='lat' dir='ltr'><strong>Nicomedia</strong></span> <span class='ocrx_word' id='word_1_374' title='bbox 2607 2044 2778 2091; x_wconf 85' lang='lat' dir='ltr'><strong>natale</strong></span> <span class='ocrx_word' id='word_1_375' title='bbox 2817 2037 2915 2092; x_wconf 87' lang='lat' dir='ltr'><strong>SS.</strong></span> <span class='ocrx_word' id='word_1_376' title='bbox 2969 2037 3174 2101; x_wconf 64' lang='lat' dir='ltr'><strong>Nazari,</strong></span> <span class='ocrx_word' id='word_1_377' title='bbox 3225 2038 3419 2092; x_wconf 85' lang='lat' dir='ltr'><strong>Juliani</strong></span> <span class='ocrx_word' id='word_1_378' title='bbox 3467 2049 3523 2092; x_wconf 84' lang='lat' dir='ltr'><strong>ct</strong></span> 
     </span>
    </p>
   </div>
   <div class='ocr_carea' id='block_1_56' title="bbox 1945 2108 3345 2179">
    <p class='ocr_par' dir='ltr' id='par_1_56' title="bbox 1945 2108 3345 2179">
     <span class='ocr_line' id='line_1_56' title="bbox 1945 2108 3345 2179; baseline -0.001 -19"><span class='ocrx_word' id='word_1_379' title='bbox 1945 2108 2139 2178; x_wconf 71' lang='lat' dir='ltr'><strong>Agapm</strong></span> <span class='ocrx_word' id='word_1_380' title='bbox 2171 2109 2408 2179; x_wconf 76' lang='lat' dir='ltr'><strong>virginis.</strong></span> <span class='ocrx_word' id='word_1_381' title='bbox 2447 2109 2808 2176; x_wconf 72' lang='lat' dir='ltr'><strong>Philadelphia</strong></span> <span class='ocrx_word' id='word_1_382' title='bbox 2836 2109 3011 2162; x_wconf 68' lang='lat' dir='ltr'><strong>uitale</strong></span> <span class='ocrx_word' id='word_1_383' title='bbox 3043 2108 3101 2163; x_wconf 91' lang='grc'><strong>8.</strong></span> <span class='ocrx_word' id='word_1_384' title='bbox 3130 2108 3345 2162; x_wconf 76' lang='lat' dir='ltr'><strong>Leonis.</strong></span> 
     </span>
    </p>
   </div>
   <div class='ocr_carea' id='block_1_57' title="bbox 2013 2197 3520 2268">
    <p class='ocr_par' dir='ltr' id='par_1_57' title="bbox 2013 2197 3520 2268">
     <span class='ocr_line' id='line_1_57' title="bbox 2013 2197 3520 2268; baseline -0.001 -15"><span class='ocrx_word' id='word_1_385' title='bbox 2013 2203 2064 2254; x_wconf 81' lang='lat' dir='ltr'><strong>‘J.</strong></span> <span class='ocrx_word' id='word_1_386' title='bbox 2097 2230 2166 2239; x_wconf 91' lang='lat'><strong><em>—</em></strong></span> <span class='ocrx_word' id='word_1_387' title='bbox 2199 2198 2233 2252; x_wconf 93' lang='lat' dir='ltr'><strong>V</strong></span> <span class='ocrx_word' id='word_1_388' title='bbox 2287 2204 2424 2252; x_wconf 77' lang='lat' dir='ltr'><strong>lous.</strong></span> <span class='ocrx_word' id='word_1_389' title='bbox 2471 2201 2496 2240; x_wconf 73' lang='grc' dir='ltr'><strong>ιι</strong></span> <span class='ocrx_word' id='word_1_390' title='bbox 2527 2197 2712 2268; x_wconf 82' lang='lat' dir='ltr'><strong>Vigilia</strong></span> <span class='ocrx_word' id='word_1_391' title='bbox 2753 2199 2809 2252; x_wconf 93' lang='lat' dir='ltr'><strong>S.</strong></span> <span class='ocrx_word' id='word_1_392' title='bbox 2863 2199 3152 2253; x_wconf 87' lang='lat' dir='ltr'><strong>Laurentii.</strong></span> <span class='ocrx_word' id='word_1_393' title='bbox 3205 2197 3402 2252; x_wconf 80' lang='lat' dir='ltr'><strong>Eodem</strong></span> <span class='ocrx_word' id='word_1_394' title='bbox 3431 2198 3520 2252; x_wconf 90' lang='lat' dir='ltr'><strong>die</strong></span> 
     </span>
    </p>
   </div>
   <div class='ocr_carea' id='block_1_58' title="bbox 1941 2286 3520 2356">
    <p class='ocr_par' dir='ltr' id='par_1_58' title="bbox 1941 2286 3520 2356">
     <span class='ocr_line' id='line_1_58' title="bbox 1941 2286 3520 2356; baseline -0.001 -13"><span class='ocrx_word' id='word_1_395' title='bbox 1941 2286 2123 2343; x_wconf 79' lang='lat' dir='ltr'><strong>Roma.-</strong></span> <span class='ocrx_word' id='word_1_396' title='bbox 2153 2289 2210 2344; x_wconf 90' lang='lat' dir='ltr'><strong>S.</strong></span> <span class='ocrx_word' id='word_1_397' title='bbox 2248 2298 2270 2324; x_wconf 80' lang='grc'><strong><em>⁸</em></strong></span> <span class='ocrx_word' id='word_1_398' title='bbox 2300 2287 2525 2341; x_wconf 73' lang='lat' dir='ltr'><strong>Romani</strong></span> <span class='ocrx_word' id='word_1_399' title='bbox 2558 2287 2760 2352; x_wconf 74' lang='lat' dir='ltr'><strong>militis,</strong></span> <span class='ocrx_word' id='word_1_400' title='bbox 2789 2291 2873 2356; x_wconf 91' lang='lat' dir='ltr'><strong>qui</strong></span> <span class='ocrx_word' id='word_1_401' title='bbox 2905 2288 3244 2342; x_wconf 69' lang='lat' dir='ltr'><strong>confessione</strong></span> <span class='ocrx_word' id='word_1_402' title='bbox 3273 2288 3331 2343; x_wconf 84' lang='lat' dir='ltr'><strong>S.</strong></span> <span class='ocrx_word' id='word_1_403' title='bbox 3379 2288 3520 2341; x_wconf 84' lang='lat' dir='ltr'><strong>Lau-</strong></span> 
     </span>
    </p>
   </div>
   <div class='ocr_carea' id='block_1_59' title="bbox 1943 2377 3520 2447">
    <p class='ocr_par' dir='ltr' id='par_1_59' title="bbox 1943 2377 3520 2447">
     <span class='ocr_line' id='line_1_59' title="bbox 1943 2377 3520 2447; baseline -0.003 -13"><span class='ocrx_word' id='word_1_404' title='bbox 1943 2380 2098 2434; x_wconf 83' lang='lat' dir='ltr'><strong>rentii</strong></span> <span class='ocrx_word' id='word_1_405' title='bbox 2144 2389 2515 2447; x_wconf 78' lang='lat' dir='ltr'><strong>compunctus,</strong></span> <span class='ocrx_word' id='word_1_406' title='bbox 2551 2378 2703 2446; x_wconf 88' lang='lat' dir='ltr'><strong>petiit</strong></span> <span class='ocrx_word' id='word_1_407' title='bbox 2733 2378 2798 2430; x_wconf 89' lang='lat' dir='ltr'><strong>ab</strong></span> <span class='ocrx_word' id='word_1_408' title='bbox 2840 2392 2906 2431; x_wconf 91' lang='lat' dir='ltr'><strong>eo</strong></span> <span class='ocrx_word' id='word_1_409' title='bbox 2954 2377 3244 2444; x_wconf 77' lang='lat' dir='ltr'><strong>bapt&#39;zari;</strong></span> <span class='ocrx_word' id='word_1_410' title='bbox 3287 2387 3342 2432; x_wconf 90' lang='lat' dir='ltr'><strong>et</strong></span> <span class='ocrx_word' id='word_1_411' title='bbox 3369 2393 3520 2442; x_wconf 80' lang='lat' dir='ltr'><strong>mox,</strong></span> 
     </span>
    </p>
   </div>
   <div class='ocr_carea' id='block_1_60' title="bbox 1937 2463 3520 2543">
    <p class='ocr_par' dir='ltr' id='par_1_60' title="bbox 1937 2463 3520 2543">
     <span class='ocr_line' id='line_1_60' title="bbox 1937 2463 3520 2543; baseline -0.001 -19"><span class='ocrx_word' id='word_1_412' title='bbox 1937 2472 2160 2543; x_wconf 75' lang='lat' dir='ltr'><strong>juliente</strong></span> <span class='ocrx_word' id='word_1_413' title='bbox 2195 2471 2375 2535; x_wconf 74' lang='grc' dir='ltr'><strong>ῡθιςὶο,</strong></span> <span class='ocrx_word' id='word_1_414' title='bbox 2410 2463 2530 2524; x_wconf 87' lang='lat' dir='ltr'><strong>cum</strong></span> <span class='ocrx_word' id='word_1_415' title='bbox 2565 2469 2792 2524; x_wconf 80' lang='lat' dir='ltr'><strong>fustibus</strong></span> <span class='ocrx_word' id='word_1_416' title='bbox 2833 2467 3107 2522; x_wconf 80' lang='lat' dir='ltr'><strong>exhibitas</strong></span> <span class='ocrx_word' id='word_1_417' title='bbox 3137 2483 3198 2521; x_wconf 90' lang='lat' dir='ltr'><strong>ac</strong></span> <span class='ocrx_word' id='word_1_418' title='bbox 3228 2469 3520 2524; x_wconf 90' lang='lat' dir='ltr'><strong>decollatus</strong></span> 
     </span>
    </p>
   </div>
   <div class='ocr_carea' id='block_1_61' title="bbox 1943 2572 2043 2616">
    <p class='ocr_par' dir='ltr' id='par_1_61' title="bbox 1943 2572 2043 2616">
     <span class='ocr_line' id='line_1_61' title="bbox 1943 2572 2043 2616; baseline -0.02 0"><span class='ocrx_word' id='word_1_419' title='bbox 1943 2572 2043 2616; x_wconf 64' lang='grc' dir='ltr'><strong>θηι.</strong></span> 
     </span>
    </p>
   </div>
   <div class='ocr_carea' id='block_1_62' title="bbox 2015 2650 3522 2720">
    <p class='ocr_par' dir='ltr' id='par_1_62' title="bbox 2015 2650 3522 2720">
     <span class='ocr_line' id='line_1_62' title="bbox 2015 2650 3522 2720; baseline -0.004 -12"><span class='ocrx_word' id='word_1_420' title='bbox 2015 2654 2203 2708; x_wconf 82' lang='lat' dir='ltr'><strong>Florus</strong></span> <span class='ocrx_word' id='word_1_421' title='bbox 2225 2655 2275 2708; x_wconf 92' lang='lat' dir='ltr'><strong>in</strong></span> <span class='ocrx_word' id='word_1_422' title='bbox 2323 2657 2384 2708; x_wconf 85' lang='grc' dir='ltr'>Λ.</span> <span class='ocrx_word' id='word_1_423' title='bbox 2416 2663 2466 2708; x_wconf 93' lang='lat' dir='ltr'><strong>et</strong></span> <span class='ocrx_word' id='word_1_424' title='bbox 2495 2653 2586 2720; x_wconf 89' lang='lat' dir='ltr'><strong>T.,</strong></span> <span class='ocrx_word' id='word_1_425' title='bbox 2632 2651 2871 2704; x_wconf 68' lang='lat' dir='ltr'><strong>Colonia!</strong></span> <span class='ocrx_word' id='word_1_426' title='bbox 2903 2651 3081 2706; x_wconf 88' lang='lat' dir='ltr'><strong>natale</strong></span> <span class='ocrx_word' id='word_1_427' title='bbox 3125 2650 3225 2706; x_wconf 90' lang='lat' dir='ltr'><strong>SS.</strong></span> <span class='ocrx_word' id='word_1_428' title='bbox 3259 2650 3522 2717; x_wconf 83' lang='lat' dir='ltr'><strong>Faustini,</strong></span> 
     </span>
    </p>
   </div>
   <div class='ocr_carea' id='block_1_63' title="bbox 1948 2740 3523 2809">
    <p class='ocr_par' dir='ltr' id='par_1_63' title="bbox 1948 2740 3523 2809">
     <span class='ocr_line' id='line_1_63' title="bbox 1948 2740 3523 2809; baseline -0.004 -9"><span class='ocrx_word' id='word_1_429' title='bbox 1948 2743 1965 2782; x_wconf 74' lang='grc' dir='ltr'>ί</span> <span class='ocrx_word' id='word_1_430' title='bbox 2000 2745 2320 2809; x_wconf 81' lang='lat' dir='ltr'><strong>Marcellini,</strong></span> <span class='ocrx_word' id='word_1_431' title='bbox 2354 2742 2698 2807; x_wconf 82' lang='lat' dir='ltr'><strong>Secundiani,</strong></span> <span class='ocrx_word' id='word_1_432' title='bbox 2734 2752 2789 2795; x_wconf 91' lang='lat' dir='ltr'><strong>et</strong></span> <span class='ocrx_word' id='word_1_433' title='bbox 2817 2741 2970 2794; x_wconf 77' lang='lat' dir='ltr'><strong>Sixti.</strong></span> <span class='ocrx_word' id='word_1_434' title='bbox 3007 2740 3208 2793; x_wconf 79' lang='lat' dir='ltr'><strong>Eodem</strong></span> <span class='ocrx_word' id='word_1_435' title='bbox 3256 2740 3343 2792; x_wconf 87' lang='lat' dir='ltr'><strong>die</strong></span> <span class='ocrx_word' id='word_1_436' title='bbox 3381 2740 3523 2808; x_wconf 83' lang='lat' dir='ltr'><strong>apud</strong></span> 
     </span>
    </p>
   </div>
   <div class='ocr_carea' id='block_1_64' title="bbox 1948 2833 3525 2905">
    <p class='ocr_par' dir='ltr' id='par_1_64' title="bbox 1948 2833 3525 2905">
     <span class='ocr_line' id='line_1_64' title="bbox 1948 2833 3525 2905; baseline -0.005 -11"><span class='ocrx_word' id='word_1_437' title='bbox 1948 2840 2206 2894; x_wconf 80' lang='lat' dir='ltr'><strong>Veronam</strong></span> <span class='ocrx_word' id='word_1_438' title='bbox 2243 2839 2417 2905; x_wconf 86' lang='lat' dir='ltr'><strong>passio</strong></span> <span class='ocrx_word' id='word_1_439' title='bbox 2466 2836 2564 2891; x_wconf 90' lang='lat' dir='ltr'><strong>SS.</strong></span> <span class='ocrx_word' id='word_1_440' title='bbox 2613 2845 2636 2882; x_wconf 81' lang='lat'>8</span> <span class='ocrx_word' id='word_1_441' title='bbox 2690 2833 2849 2888; x_wconf 87' lang='lat' dir='ltr'><strong>Firmi</strong></span> <span class='ocrx_word' id='word_1_442' title='bbox 2881 2845 2930 2888; x_wconf 89' lang='lat' dir='ltr'><strong>et</strong></span> <span class='ocrx_word' id='word_1_443' title='bbox 2966 2834 3169 2888; x_wconf 83' lang='lat' dir='ltr'><strong>Rustici</strong></span> <span class='ocrx_word' id='word_1_444' title='bbox 3223 2836 3356 2903; x_wconf 88' lang='lat' dir='ltr'><strong>:qui</strong></span> <span class='ocrx_word' id='word_1_445' title='bbox 3407 2843 3525 2900; x_wconf 88' lang='lat' dir='ltr'><strong>post</strong></span> 
     </span>
    </p>
   </div>
   <div class='ocr_carea' id='block_1_65' title="bbox 1942 2927 3523 3001">
    <p class='ocr_par' dir='ltr' id='par_1_65' title="bbox 1942 2927 3523 3001">
     <span class='ocr_line' id='line_1_65' title="bbox 1942 2927 3523 3001; baseline -0.004 -14"><span class='ocrx_word' id='word_1_446' title='bbox 1942 2933 2115 3001; x_wconf 83' lang='lat' dir='ltr'><strong>ignem</strong></span> <span class='ocrx_word' id='word_1_447' title='bbox 2146 2941 2447 2999; x_wconf 71' lang='lat' dir='ltr'><strong>cazteraque</strong></span> <span class='ocrx_word' id='word_1_448' title='bbox 2480 2940 2766 2996; x_wconf 89' lang='lat' dir='ltr'><strong>tormenta,</strong></span> <span class='ocrx_word' id='word_1_449' title='bbox 2799 2930 2898 2981; x_wconf 87' lang='lat' dir='ltr'><strong>sub</strong></span> <span class='ocrx_word' id='word_1_450' title='bbox 2921 2928 3254 2992; x_wconf 77' lang='lat' dir='ltr'><strong>Maximiano,</strong></span> <span class='ocrx_word' id='word_1_451' title='bbox 3291 2927 3523 2982; x_wconf 88' lang='lat' dir='ltr'><strong>Anulino</strong></span> 
     </span>
    </p>
   </div>
   <div class='ocr_carea' id='block_1_66' title="bbox 1943 3019 3520 3097">
    <p class='ocr_par' dir='ltr' id='par_1_66' title="bbox 1943 3019 3520 3097">
     <span class='ocr_line' id='line_1_66' title="bbox 1943 3019 3520 3097; baseline -0.001 -21"><span class='ocrx_word' id='word_1_452' title='bbox 1943 3022 2030 3097; x_wconf 85' lang='lat' dir='ltr'><strong>[T.</strong></span> <span class='ocrx_word' id='word_1_453' title='bbox 2079 3021 2298 3092; x_wconf 72' lang='grc' dir='ltr'><strong>Αιηίιιυ]</strong></span> <span class='ocrx_word' id='word_1_454' title='bbox 2349 3021 2658 3076; x_wconf 87' lang='lat' dir='ltr'><strong>consiliario</strong></span> <span class='ocrx_word' id='word_1_455' title='bbox 2697 3021 2838 3089; x_wconf 89' lang='lat' dir='ltr'><strong>ejus,</strong></span> <span class='ocrx_word' id='word_1_456' title='bbox 2881 3019 3142 3088; x_wconf 87' lang='lat' dir='ltr'><strong>capitibus</strong></span> <span class='ocrx_word' id='word_1_457' title='bbox 3197 3021 3520 3086; x_wconf 87' lang='lat' dir='ltr'><strong>plcetuutur.</strong></span> 
     </span>
    </p>
   </div>
   <div class='ocr_carea' id='block_1_67' title="bbox 1946 3112 3338 3184">
    <p class='ocr_par' dir='ltr' id='par_1_67' title="bbox 1946 3112 3338 3184">
     <span class='ocr_line' id='line_1_67' title="bbox 1946 3112 3338 3184; baseline -0.005 -13"><span class='ocrx_word' id='word_1_458' title='bbox 1946 3116 2034 3184; x_wconf 89' lang='lat' dir='ltr'><strong>L.,</strong></span> <span class='ocrx_word' id='word_1_459' title='bbox 2061 3116 2184 3172; x_wconf 88' lang='lat' dir='ltr'><strong>Sola</strong></span> <span class='ocrx_word' id='word_1_460' title='bbox 2216 3117 2405 3169; x_wconf 90' lang='lat' dir='ltr'><strong>horum</strong></span> <span class='ocrx_word' id='word_1_461' title='bbox 2439 3114 2650 3167; x_wconf 91' lang='lat' dir='ltr'><strong>nomina</strong></span> <span class='ocrx_word' id='word_1_462' title='bbox 2675 3122 2728 3166; x_wconf 85' lang='lat' dir='ltr'><strong>et</strong></span> <span class='ocrx_word' id='word_1_463' title='bbox 2755 3113 2936 3181; x_wconf 81' lang='lat' dir='ltr'><strong>agonis</strong></span> <span class='ocrx_word' id='word_1_464' title='bbox 2959 3112 3130 3165; x_wconf 90' lang='lat' dir='ltr'><strong>locum</strong></span> <span class='ocrx_word' id='word_1_465' title='bbox 3163 3113 3338 3166; x_wconf 86' lang='lat' dir='ltr'><strong>habet.</strong></span> 
     </span>
    </p>
   </div>
   <div class='ocr_carea' id='block_1_68' title="bbox 2021 3202 3518 3269">
    <p class='ocr_par' dir='ltr' id='par_1_68' title="bbox 2021 3202 3518 3269">
     <span class='ocr_line' id='line_1_68' title="bbox 2021 3202 3518 3269; baseline -0.004 -9"><span class='ocrx_word' id='word_1_466' title='bbox 2021 3210 2100 3269; x_wconf 82' lang='grc' dir='ltr'>Β..</span> <span class='ocrx_word' id='word_1_467' title='bbox 2133 3207 2189 3262; x_wconf 85' lang='lat' dir='ltr'><strong>In</strong></span> <span class='ocrx_word' id='word_1_468' title='bbox 2237 3205 2551 3260; x_wconf 81' lang='lat' dir='ltr'><strong>Alexandria</strong></span> <span class='ocrx_word' id='word_1_469' title='bbox 2605 3206 2779 3258; x_wconf 81' lang='lat' dir='ltr'><strong>natale</strong></span> <span class='ocrx_word' id='word_1_470' title='bbox 2810 3205 2904 3259; x_wconf 76' lang='lat' dir='ltr'><strong>SS.</strong></span> <span class='ocrx_word' id='word_1_471' title='bbox 2939 3204 3214 3266; x_wconf 82' lang='lat' dir='ltr'><strong>Antonini,</strong></span> <span class='ocrx_word' id='word_1_472' title='bbox 3269 3202 3518 3269; x_wconf 71' lang='lat' dir='ltr'><strong>&#39;l&#39;ihurtii,</strong></span> 
     </span>
    </p>
   </div>
   <div class='ocr_carea' id='block_1_69' title="bbox 1952 3273 3521 3341">
    <p class='ocr_par' dir='ltr' id='par_1_69' title="bbox 1952 3273 3521 3341">
     <span class='ocr_line' id='line_1_69' title="bbox 1952 3273 3521 3341; baseline -0.003 -8"><span class='ocrx_word' id='word_1_473' title='bbox 1952 3273 2239 3333; x_wconf 54' lang='lat' dir='ltr'><strong>Valeriani.</strong></span> <span class='ocrx_word' id='word_1_474' title='bbox 2273 3277 2332 3331; x_wconf 84' lang='lat' dir='ltr'><strong>C.</strong></span> <span class='ocrx_word' id='word_1_475' title='bbox 2370 3276 2457 3341; x_wconf 92' lang='lat' dir='ltr'><strong>V.,</strong></span> <span class='ocrx_word' id='word_1_476' title='bbox 2512 3278 2564 3328; x_wconf 91' lang='lat' dir='ltr'><strong>In</strong></span> <span class='ocrx_word' id='word_1_477' title='bbox 2620 3277 2837 3328; x_wconf 77' lang='lat' dir='ltr'><strong>Oriente</strong></span> <span class='ocrx_word' id='word_1_478' title='bbox 2890 3274 3074 3339; x_wconf 83' lang='lat' dir='ltr'><strong>Firmi,</strong></span> <span class='ocrx_word' id='word_1_479' title='bbox 3125 3273 3350 3336; x_wconf 62' lang='lat' dir='ltr'><strong>Rustici,</strong></span> <span class='ocrx_word' id='word_1_480' title='bbox 3391 3274 3521 3328; x_wconf 86' lang='lat' dir='ltr'><strong>Cre-</strong></span> 
     </span>
    </p>
   </div>
   <div class='ocr_carea' id='block_1_70' title="bbox 1950 3345 2985 3413">
    <p class='ocr_par' dir='ltr' id='par_1_70' title="bbox 1950 3345 2985 3413">
     <span class='ocr_line' id='line_1_70' title="bbox 1950 3345 2985 3413; baseline -0.005 -10"><span class='ocrx_word' id='word_1_481' title='bbox 1950 3349 2230 3413; x_wconf 85' lang='lat' dir='ltr'><strong>scentiaui,</strong></span> <span class='ocrx_word' id='word_1_482' title='bbox 2261 3346 2551 3410; x_wconf 83' lang='lat' dir='ltr'><strong>Theodori,</strong></span> <span class='ocrx_word' id='word_1_483' title='bbox 2589 3345 2674 3400; x_wconf 90' lang='lat' dir='ltr'><strong>vel</strong></span> <span class='ocrx_word' id='word_1_484' title='bbox 2703 3345 2985 3398; x_wconf 80' lang='lat' dir='ltr'><strong>&#39;l‘heodnli.</strong></span> 
     </span>
    </p>
   </div>
   <div class='ocr_carea' id='block_1_71' title="bbox 2025 3435 3520 3521">
    <p class='ocr_par' dir='ltr' id='par_1_71' title="bbox 2025 3435 3520 3521">
     <span class='ocr_line' id='line_1_71' title="bbox 2025 3435 3520 3521; baseline -0.002 -27"><span class='ocrx_word' id='word_1_485' title='bbox 2025 3440 2108 3496; x_wconf 83' lang='grc'>10.</span> <span class='ocrx_word' id='word_1_486' title='bbox 2143 3469 2214 3481; x_wconf 89' lang='lat'><strong>--</strong></span> <span class='ocrx_word' id='word_1_487' title='bbox 2257 3439 2326 3493; x_wconf 95' lang='lat' dir='ltr'><strong>lV</strong></span> <span class='ocrx_word' id='word_1_488' title='bbox 2357 3440 2497 3521; x_wconf 74' lang='lat' dir='ltr'><strong>lpus.</strong></span> <span class='ocrx_word' id='word_1_489' title='bbox 2541 3436 2726 3491; x_wconf 85' lang='lat' dir='ltr'><strong>Natale</strong></span> <span class='ocrx_word' id='word_1_490' title='bbox 2755 3435 2811 3492; x_wconf 85' lang='lat' dir='ltr'><strong>S.</strong></span> <span class='ocrx_word' id='word_1_491' title='bbox 2846 3435 2871 3472; x_wconf 70' lang='grc' dir='ltr'><strong>ιι</strong></span> <span class='ocrx_word' id='word_1_492' title='bbox 2903 3436 3170 3490; x_wconf 90' lang='lat' dir='ltr'><strong>Laurentii</strong></span> <span class='ocrx_word' id='word_1_493' title='bbox 3199 3437 3300 3491; x_wconf 88' lang='lat' dir='ltr'><strong>sub</strong></span> <span class='ocrx_word' id='word_1_494' title='bbox 3329 3436 3520 3502; x_wconf 83' lang='lat' dir='ltr'><strong>Decio;</strong></span> 
     </span>
    </p>
   </div>
   <div class='ocr_carea' id='block_1_72' title="bbox 1949 3528 3518 3603">
    <p class='ocr_par' dir='ltr' id='par_1_72' title="bbox 1949 3528 3518 3603">
     <span class='ocr_line' id='line_1_72' title="bbox 1949 3528 3518 3603; baseline -0.001 -17"><span class='ocrx_word' id='word_1_495' title='bbox 1949 3535 2037 3601; x_wconf 90' lang='lat' dir='ltr'><strong>qui</strong></span> <span class='ocrx_word' id='word_1_496' title='bbox 2062 3547 2175 3593; x_wconf 73' lang='grc' dir='ltr'><strong>ροει</strong></span> <span class='ocrx_word' id='word_1_497' title='bbox 2206 3532 2430 3603; x_wconf 90' lang='lat' dir='ltr'><strong>plurima</strong></span> <span class='ocrx_word' id='word_1_498' title='bbox 2459 3539 2719 3587; x_wconf 88' lang='lat' dir='ltr'><strong>tormenta</strong></span> <span class='ocrx_word' id='word_1_499' title='bbox 2741 3528 2996 3594; x_wconf 88' lang='lat' dir='ltr'><strong>carceris,</strong></span> <span class='ocrx_word' id='word_1_500' title='bbox 3032 3530 3310 3584; x_wconf 88' lang='lat' dir='ltr'><strong>verberum</strong></span> <span class='ocrx_word' id='word_1_501' title='bbox 3333 3528 3518 3584; x_wconf 78' lang='lat' dir='ltr'><strong>diver-</strong></span> 
     </span>
    </p>
   </div>
   <div class='ocr_carea' id='block_1_73' title="bbox 1643 3626 2110 3685">
    <p class='ocr_par' dir='ltr' id='par_1_73' title="bbox 1643 3626 2110 3685">
     <span class='ocr_line' id='line_1_73' title="bbox 1643 3626 2110 3685; baseline 0.006 -6"><span class='ocrx_word' id='word_1_502' title='bbox 1643 3626 1847 3682; x_wconf 82' lang='lat' dir='ltr'><strong>SMITH</strong></span> <span class='ocrx_word' id='word_1_503' title='bbox 1886 3627 2110 3685; x_wconf 74' lang='grc' dir='ltr'><strong>ΝΟΤιΕ.</strong></span> 
     </span>
    </p>
   </div>
   <div class='ocr_carea' id='block_1_74' title="bbox 330 3711 1838 3782">
    <p class='ocr_par' dir='ltr' id='par_1_74' title="bbox 330 3711 1838 3782">
     <span class='ocr_line' id='line_1_74' title="bbox 330 3711 1838 3782; baseline 0.003 -14"><span class='ocrx_word' id='word_1_504' title='bbox 330 3725 359 3751; x_wconf 73' lang='grc'><strong><em>⁸</em></strong></span> <span class='ocrx_word' id='word_1_505' title='bbox 392 3714 654 3770; x_wconf 78' lang='lat' dir='ltr'><strong>Faustini.</strong></span> <span class='ocrx_word' id='word_1_506' title='bbox 685 3714 786 3782; x_wconf 79' lang='lat' dir='ltr'><strong>Qui</strong></span> <span class='ocrx_word' id='word_1_507' title='bbox 812 3713 930 3771; x_wconf 89' lang='lat' dir='ltr'><strong>.sub</strong></span> <span class='ocrx_word' id='word_1_508' title='bbox 962 3713 1178 3768; x_wconf 88' lang='lat' dir='ltr'><strong>Aurelio</strong></span> <span class='ocrx_word' id='word_1_509' title='bbox 1203 3711 1498 3768; x_wconf 88' lang='lat' dir='ltr'><strong>Commodo</strong></span> <span class='ocrx_word' id='word_1_510' title='bbox 1527 3726 1645 3782; x_wconf 91' lang='lat' dir='ltr'><strong>post</strong></span> <span class='ocrx_word' id='word_1_511' title='bbox 1675 3721 1838 3772; x_wconf 90' lang='lat' dir='ltr'><strong>multa</strong></span> 
     </span>
    </p>
   </div>
   <div class='ocr_carea' id='block_1_75' title="bbox 251 3785 1838 3857">
    <p class='ocr_par' dir='ltr' id='par_1_75' title="bbox 251 3785 1838 3857">
     <span class='ocr_line' id='line_1_75' title="bbox 251 3785 1838 3857; baseline -0.001 -16"><span class='ocrx_word' id='word_1_512' title='bbox 251 3787 553 3841; x_wconf 87' lang='lat' dir='ltr'><strong>certamina</strong></span> <span class='ocrx_word' id='word_1_513' title='bbox 597 3785 836 3857; x_wconf 83' lang='lat' dir='ltr'><strong>martyrii</strong></span> <span class='ocrx_word' id='word_1_514' title='bbox 885 3785 1113 3854; x_wconf 85' lang='lat' dir='ltr'><strong>palmam</strong></span> <span class='ocrx_word' id='word_1_515' title='bbox 1162 3785 1387 3854; x_wconf 88' lang='lat' dir='ltr'><strong>adeptus</strong></span> <span class='ocrx_word' id='word_1_516' title='bbox 1425 3795 1524 3839; x_wconf 91' lang='lat' dir='ltr'><strong>est.</strong></span> <span class='ocrx_word' id='word_1_517' title='bbox 1569 3785 1838 3856; x_wconf 64' lang='lat' dir='ltr'><strong>Nomm,</strong></span> 
     </span>
    </p>
   </div>
   <div class='ocr_carea' id='block_1_76' title="bbox 255 3858 628 3920">
    <p class='ocr_par' dir='ltr' id='par_1_76' title="bbox 255 3858 628 3920">
     <span class='ocr_line' id='line_1_76' title="bbox 255 3858 628 3920; baseline -0.005 -8"><span class='ocrx_word' id='word_1_518' title='bbox 255 3858 400 3920; x_wconf 78' lang='lat' dir='ltr'><strong>Ann,</strong></span> <span class='ocrx_word' id='word_1_519' title='bbox 432 3858 628 3910; x_wconf 70' lang='lat' dir='ltr'><strong>ltxaox.</strong></span> 
     </span>
    </p>
   </div>
   <div class='ocr_carea' id='block_1_77' title="bbox 334 3924 1836 3996">
    <p class='ocr_par' dir='ltr' id='par_1_77' title="bbox 334 3924 1836 3996">
     <span class='ocr_line' id='line_1_77' title="bbox 334 3924 1836 3996; baseline 0.001 -17"><span class='ocrx_word' id='word_1_520' title='bbox 334 3927 363 3996; x_wconf 62' lang='lat' dir='ltr'><strong>b</strong></span> <span class='ocrx_word' id='word_1_521' title='bbox 395 3925 617 3996; x_wconf 76' lang='lat' dir='ltr'><strong>Cyriaci.</strong></span> <span class='ocrx_word' id='word_1_522' title='bbox 646 3925 810 3994; x_wconf 86' lang='lat' dir='ltr'><strong>Hujus</strong></span> <span class='ocrx_word' id='word_1_523' title='bbox 837 3935 889 3979; x_wconf 91' lang='lat' dir='ltr'><strong>et</strong></span> <span class='ocrx_word' id='word_1_524' title='bbox 911 3924 1446 3996; x_wconf 79' lang='lat' dir='ltr'><strong>LargietSmaragdl</strong></span> <span class='ocrx_word' id='word_1_525' title='bbox 1480 3925 1592 3980; x_wconf 82' lang='lat' dir='ltr'><strong>dies</strong></span> <span class='ocrx_word' id='word_1_526' title='bbox 1623 3929 1836 3995; x_wconf 87' lang='lat' dir='ltr'><strong>natalis,</strong></span> 
     </span>
    </p>
   </div>
   <div class='ocr_carea' id='block_1_78' title="bbox 258 3995 1841 4066">
    <p class='ocr_par' dir='ltr' id='par_1_78' title="bbox 258 3995 1841 4066">
     <span class='ocr_line' id='line_1_78' title="bbox 258 3995 1841 4066; baseline -0.003 -12"><span class='ocrx_word' id='word_1_527' title='bbox 258 3995 571 4054; x_wconf 56' lang='lat' dir='ltr'><strong>celébratnr</strong></span> <span class='ocrx_word' id='word_1_528' title='bbox 597 4011 757 4066; x_wconf 85' lang='lat' dir='ltr'><strong>supra</strong></span> <span class='ocrx_word' id='word_1_529' title='bbox 787 3997 873 4049; x_wconf 90' lang='lat' dir='ltr'><strong>die</strong></span> <span class='ocrx_word' id='word_1_530' title='bbox 916 4005 1024 4050; x_wconf 87' lang='lat' dir='ltr'><strong>xvn</strong></span> <span class='ocrx_word' id='word_1_531' title='bbox 1067 3995 1206 4052; x_wconf 70' lang='lat' dir='ltr'><strong>Kal.</strong></span> <span class='ocrx_word' id='word_1_532' title='bbox 1230 3995 1447 4059; x_wconf 86' lang='lat' dir='ltr'><strong>Aprilis.</strong></span> <span class='ocrx_word' id='word_1_533' title='bbox 1485 3996 1678 4050; x_wconf 86' lang='lat' dir='ltr'><strong>Eorum</strong></span> <span class='ocrx_word' id='word_1_534' title='bbox 1723 4013 1841 4051; x_wconf 87' lang='lat' dir='ltr'><strong>cor-</strong></span> 
     </span>
    </p>
   </div>
   <div class='ocr_carea' id='block_1_79' title="bbox 258 4065 1835 4138">
    <p class='ocr_par' dir='ltr' id='par_1_79' title="bbox 258 4065 1835 4138">
     <span class='ocr_line' id='line_1_79' title="bbox 258 4065 1835 4138; baseline -0.001 -16"><span class='ocrx_word' id='word_1_535' title='bbox 258 4084 394 4138; x_wconf 87' lang='lat' dir='ltr'><strong>pora</strong></span> <span class='ocrx_word' id='word_1_536' title='bbox 444 4081 474 4120; x_wconf 93' lang='lat' dir='ltr'><strong>a</strong></span> <span class='ocrx_word' id='word_1_537' title='bbox 519 4065 748 4138; x_wconf 11' lang='lat' dir='ltr'><strong>Joanne;</strong></span> <span class='ocrx_word' id='word_1_538' title='bbox 773 4067 1083 4134; x_wconf 89' lang='lat' dir='ltr'><strong>presbytero</strong></span> <span class='ocrx_word' id='word_1_539' title='bbox 1119 4068 1214 4138; x_wconf 31' lang='lat' dir='ltr'><strong>Avia</strong></span> <span class='ocrx_word' id='word_1_540' title='bbox 1256 4066 1462 4138; x_wconf 83' lang='lat' dir='ltr'><strong>Salaria</strong></span> <span class='ocrx_word' id='word_1_541' title='bbox 1488 4068 1737 4138; x_wconf 75' lang='lat' dir='ltr'><strong>sepulta,</strong></span> <span class='ocrx_word' id='word_1_542' title='bbox 1777 4067 1835 4123; x_wconf 92' lang='lat' dir='ltr'><strong>S.</strong></span> 
     </span>
    </p>
   </div>
   <div class='ocr_carea' id='block_1_80' title="bbox 262 4135 1837 4205">
    <p class='ocr_par' dir='ltr' id='par_1_80' title="bbox 262 4135 1837 4205">
     <span class='ocr_line' id='line_1_80' title="bbox 262 4135 1837 4205; baseline 0 -11"><span class='ocrx_word' id='word_1_543' title='bbox 262 4135 549 4194; x_wconf 71' lang='lat' dir='ltr'><strong>Marcellus</strong></span> <span class='ocrx_word' id='word_1_544' title='bbox 579 4153 710 4205; x_wconf 86' lang='lat' dir='ltr'><strong>papa</strong></span> <span class='ocrx_word' id='word_1_545' title='bbox 738 4136 790 4190; x_wconf 93' lang='lat' dir='ltr'><strong>in</strong></span> <span class='ocrx_word' id='word_1_546' title='bbox 821 4138 1076 4205; x_wconf 65' lang='lat' dir='ltr'><strong>praedium</strong></span> <span class='ocrx_word' id='word_1_547' title='bbox 1118 4135 1332 4192; x_wconf 73' lang='lat' dir='ltr'><strong>Lucina:</strong></span> <span class='ocrx_word' id='word_1_548' title='bbox 1365 4137 1446 4190; x_wconf 87' lang='lat' dir='ltr'><strong>via</strong></span> <span class='ocrx_word' id='word_1_549' title='bbox 1475 4137 1703 4191; x_wconf 87' lang='lat' dir='ltr'><strong>Ostiensi</strong></span> <span class='ocrx_word' id='word_1_550' title='bbox 1739 4139 1837 4194; x_wconf 91' lang='lat' dir='ltr'><strong>hac</strong></span> 
     </span>
    </p>
   </div>
   <div class='ocr_carea' id='block_1_81' title="bbox 263 4206 1835 4275">
    <p class='ocr_par' dir='ltr' id='par_1_81' title="bbox 263 4206 1835 4275">
     <span class='ocr_line' id='line_1_81' title="bbox 263 4206 1835 4275; baseline 0 -11"><span class='ocrx_word' id='word_1_551' title='bbox 263 4211 358 4264; x_wconf 88' lang='lat' dir='ltr'><strong>die</strong></span> <span class='ocrx_word' id='word_1_552' title='bbox 389 4209 678 4261; x_wconf 82' lang='lat' dir='ltr'><strong>transtulit.</strong></span> <span class='ocrx_word' id='word_1_553' title='bbox 707 4208 835 4275; x_wconf 78' lang='lat' dir='ltr'><strong>Quae</strong></span> <span class='ocrx_word' id='word_1_554' title='bbox 875 4215 1057 4272; x_wconf 84' lang='lat' dir='ltr'><strong>postea</strong></span> <span class='ocrx_word' id='word_1_555' title='bbox 1096 4207 1147 4261; x_wconf 92' lang='lat' dir='ltr'><strong>in</strong></span> <span class='ocrx_word' id='word_1_556' title='bbox 1181 4206 1377 4262; x_wconf 88' lang='lat' dir='ltr'><strong>Urbem</strong></span> <span class='ocrx_word' id='word_1_557' title='bbox 1407 4207 1602 4271; x_wconf 87' lang='lat' dir='ltr'><strong>delata,</strong></span> <span class='ocrx_word' id='word_1_558' title='bbox 1636 4207 1688 4262; x_wconf 93' lang='lat' dir='ltr'><strong>iu</strong></span> <span class='ocrx_word' id='word_1_559' title='bbox 1730 4210 1835 4264; x_wconf 62' lang='lat' dir='ltr'><strong>diav</strong></span> 
     </span>
    </p>
   </div>
   <div class='ocr_carea' id='block_1_82' title="bbox 262 4276 1633 4334">
    <p class='ocr_par' dir='ltr' id='par_1_82' title="bbox 262 4276 1633 4334">
     <span class='ocr_line' id='line_1_82' title="bbox 262 4276 1633 4334; baseline -0.001 0"><span class='ocrx_word' id='word_1_560' title='bbox 262 4277 423 4334; x_wconf 88' lang='lat' dir='ltr'><strong>conia</strong></span> <span class='ocrx_word' id='word_1_561' title='bbox 455 4279 515 4332; x_wconf 92' lang='lat' dir='ltr'><strong>S.</strong></span> <span class='ocrx_word' id='word_1_562' title='bbox 544 4278 720 4332; x_wconf 68' lang='lat' dir='ltr'><strong>Mariae</strong></span> <span class='ocrx_word' id='word_1_563' title='bbox 753 4280 804 4330; x_wconf 90' lang='lat' dir='ltr'><strong>in</strong></span> <span class='ocrx_word' id='word_1_564' title='bbox 829 4277 914 4330; x_wconf 92' lang='lat' dir='ltr'><strong>via</strong></span> <span class='ocrx_word' id='word_1_565' title='bbox 944 4277 1069 4330; x_wconf 87' lang='lat' dir='ltr'><strong>Lata</strong></span> <span class='ocrx_word' id='word_1_566' title='bbox 1101 4277 1371 4330; x_wconf 87' lang='lat' dir='ltr'><strong>recondita</strong></span> <span class='ocrx_word' id='word_1_567' title='bbox 1400 4276 1633 4333; x_wconf 80' lang='lat' dir='ltr'><strong>fuerunt.</strong></span> 
     </span>
    </p>
   </div>
   <div class='ocr_carea' id='block_1_83' title="bbox 343 4346 1841 4404">
    <p class='ocr_par' dir='ltr' id='par_1_83' title="bbox 343 4346 1841 4404">
     <span class='ocr_line' id='line_1_83' title="bbox 343 4346 1841 4404; baseline 0.001 -1"><span class='ocrx_word' id='word_1_568' title='bbox 343 4359 367 4386; x_wconf 76' lang='grc' dir='ltr'><strong><em>ο</em></strong></span> <span class='ocrx_word' id='word_1_569' title='bbox 397 4346 724 4403; x_wconf 82' lang='lat' dir='ltr'><strong>Nicomedia.</strong></span> <span class='ocrx_word' id='word_1_570' title='bbox 753 4347 809 4400; x_wconf 92' lang='lat' dir='ltr'><strong>In</strong></span> <span class='ocrx_word' id='word_1_571' title='bbox 837 4347 1068 4402; x_wconf 79' lang='lat' dir='ltr'><strong>Notkero</strong></span> <span class='ocrx_word' id='word_1_572' title='bbox 1099 4349 1210 4401; x_wconf 76' lang='lat' dir='ltr'><strong>lucc</strong></span> <span class='ocrx_word' id='word_1_573' title='bbox 1239 4349 1499 4400; x_wconf 89' lang='lat' dir='ltr'><strong>sententia</strong></span> <span class='ocrx_word' id='word_1_574' title='bbox 1546 4350 1622 4402; x_wconf 90' lang='lat' dir='ltr'><strong>sic</strong></span> <span class='ocrx_word' id='word_1_575' title='bbox 1661 4363 1721 4403; x_wconf 90' lang='lat' dir='ltr'><strong>se</strong></span> <span class='ocrx_word' id='word_1_576' title='bbox 1749 4349 1841 4404; x_wconf 85' lang='lat' dir='ltr'><strong>ha-</strong></span> 
     </span>
    </p>
   </div>
   <div class='ocr_carea' id='block_1_84' title="bbox 267 4417 1841 4480">
    <p class='ocr_par' dir='ltr' id='par_1_84' title="bbox 267 4417 1841 4480">
     <span class='ocr_line' id='line_1_84' title="bbox 267 4417 1841 4480; baseline 0.001 -6"><span class='ocrx_word' id='word_1_577' title='bbox 267 4419 396 4474; x_wconf 85' lang='lat' dir='ltr'><strong>bet:</strong></span> <span class='ocrx_word' id='word_1_578' title='bbox 435 4417 489 4474; x_wconf 90' lang='lat' dir='ltr'><strong>In</strong></span> <span class='ocrx_word' id='word_1_579' title='bbox 537 4420 842 4474; x_wconf 83' lang='lat' dir='ltr'><strong>Nicomedia</strong></span> <span class='ocrx_word' id='word_1_580' title='bbox 893 4418 1081 4472; x_wconf 90' lang='lat' dir='ltr'><strong>natalis</strong></span> <span class='ocrx_word' id='word_1_581' title='bbox 1123 4420 1217 4471; x_wconf 80' lang='grc'><strong>88.</strong></span> <span class='ocrx_word' id='word_1_582' title='bbox 1269 4417 1496 4480; x_wconf 85' lang='lat' dir='ltr'><strong>Nazarii,</strong></span> <span class='ocrx_word' id='word_1_583' title='bbox 1547 4417 1740 4473; x_wconf 85' lang='lat' dir='ltr'><strong>Juliani</strong></span> <span class='ocrx_word' id='word_1_584' title='bbox 1789 4429 1841 4474; x_wconf 90' lang='lat' dir='ltr'><strong>et</strong></span> 
     </span>
    </p>
   </div>
   <div class='ocr_carea' id='block_1_85' title="bbox 267 4459 1926 4559">
    <p class='ocr_par' dir='ltr' id='par_1_85' title="bbox 267 4459 1926 4559">
     <span class='ocr_line' id='line_1_85' title="bbox 267 4459 1926 4559; baseline 0 -13"><span class='ocrx_word' id='word_1_585' title='bbox 267 4459 489 4559; x_wconf 61' lang='grc' dir='ltr'><strong>Κῖςῖρέέ</strong></span> <span class='ocrx_word' id='word_1_586' title='bbox 515 4459 1841 4559; x_wconf 46' lang='lat' dir='ltr'><strong>viigiiii&#39;ﬂfuiﬁliai},&quot;tiiittiliéi&#39;jniiiefﬁé&#39;iiiiia1;:</strong></span> <span class='ocrx_word' id='word_1_587' title='bbox 1879 4459 1926 4518; x_wconf 79' lang='grc' dir='ltr'><strong>ί)</strong></span> 
     </span>
    </p>
   </div>
   <div class='ocr_carea' id='block_1_86' title="bbox 342 4557 1838 4628">
    <p class='ocr_par' dir='ltr' id='par_1_86' title="bbox 342 4557 1838 4628">
     <span class='ocr_line' id='line_1_86' title="bbox 342 4557 1838 4628; baseline 0.003 -17"><span class='ocrx_word' id='word_1_588' title='bbox 342 4557 776 4628; x_wconf 44' lang='lat' dir='ltr'><strong>«mammeat-</strong></span> <span class='ocrx_word' id='word_1_589' title='bbox 817 4557 992 4613; x_wconf 90' lang='lat' dir='ltr'><strong>auiem</strong></span> <span class='ocrx_word' id='word_1_590' title='bbox 1039 4574 1146 4626; x_wconf 67' lang='lat' dir='ltr'><strong>prie</strong></span> <span class='ocrx_word' id='word_1_591' title='bbox 1176 4558 1384 4612; x_wconf 72' lang='lat' dir='ltr'><strong>caeteris</strong></span> <span class='ocrx_word' id='word_1_592' title='bbox 1428 4560 1751 4628; x_wconf 86' lang='lat' dir='ltr'><strong>martyribus</strong></span> <span class='ocrx_word' id='word_1_593' title='bbox 1781 4563 1838 4615; x_wconf 96' lang='grc'><strong>8.</strong></span> 
     </span>
    </p>
   </div>
   <div class='ocr_carea' id='block_1_87' title="bbox 270 4628 1844 4699">
    <p class='ocr_par' dir='ltr' id='par_1_87' title="bbox 270 4628 1844 4699">
     <span class='ocr_line' id='line_1_87' title="bbox 270 4628 1844 4699; baseline 0.001 -16"><span class='ocrx_word' id='word_1_594' title='bbox 270 4631 546 4687; x_wconf 87' lang='lat' dir='ltr'><strong>Laurentii</strong></span> <span class='ocrx_word' id='word_1_595' title='bbox 576 4639 798 4699; x_wconf 80' lang='lat' dir='ltr'><strong>agantur</strong></span> <span class='ocrx_word' id='word_1_596' title='bbox 828 4630 1042 4698; x_wconf 70' lang='lat' dir='ltr'><strong>vigiliae,</strong></span> <span class='ocrx_word' id='word_1_597' title='bbox 1100 4628 1150 4681; x_wconf 88' lang='lat' dir='ltr'><strong>id</strong></span> <span class='ocrx_word' id='word_1_598' title='bbox 1199 4629 1408 4699; x_wconf 81' lang='lat' dir='ltr'><strong>quidem</strong></span> <span class='ocrx_word' id='word_1_599' title='bbox 1455 4645 1566 4699; x_wconf 89' lang='lat' dir='ltr'><strong>non</strong></span> <span class='ocrx_word' id='word_1_600' title='bbox 1623 4631 1724 4683; x_wconf 91' lang='lat' dir='ltr'><strong>alia</strong></span> <span class='ocrx_word' id='word_1_601' title='bbox 1779 4631 1844 4687; x_wconf 90' lang='lat' dir='ltr'><strong>de</strong></span> 
     </span>
    </p>
   </div>
   <div class='ocr_carea' id='block_1_88' title="bbox 269 4697 1846 4766">
    <p class='ocr_par' dir='ltr' id='par_1_88' title="bbox 269 4697 1846 4766">
     <span class='ocr_line' id='line_1_88' title="bbox 269 4697 1846 4766; baseline -0.001 -9"><span class='ocrx_word' id='word_1_602' title='bbox 269 4715 436 4757; x_wconf 78' lang='lat' dir='ltr'><strong>causa</strong></span> <span class='ocrx_word' id='word_1_603' title='bbox 482 4697 697 4764; x_wconf 81' lang='lat' dir='ltr'><strong>laetum,</strong></span> <span class='ocrx_word' id='word_1_604' title='bbox 728 4716 883 4766; x_wconf 89' lang='lat' dir='ltr'><strong>quam</strong></span> <span class='ocrx_word' id='word_1_605' title='bbox 899 4697 970 4754; x_wconf 86' lang='lat' dir='ltr'><strong>ex</strong></span> <span class='ocrx_word' id='word_1_606' title='bbox 1004 4700 1223 4766; x_wconf 87' lang='lat' dir='ltr'><strong>pristina</strong></span> <span class='ocrx_word' id='word_1_607' title='bbox 1253 4698 1338 4750; x_wconf 75' lang='lat' dir='ltr'><strong>illa</strong></span> <span class='ocrx_word' id='word_1_608' title='bbox 1373 4697 1628 4752; x_wconf 83' lang='lat' dir='ltr'><strong>Fideliutn</strong></span> <span class='ocrx_word' id='word_1_609' title='bbox 1659 4700 1846 4755; x_wconf 88' lang='lat' dir='ltr'><strong>obser-</strong></span> 
     </span>
    </p>
   </div>
   <div class='ocr_carea' id='block_1_89' title="bbox 271 4770 1840 4839">
    <p class='ocr_par' dir='ltr' id='par_1_89' title="bbox 271 4770 1840 4839">
     <span class='ocr_line' id='line_1_89' title="bbox 271 4770 1840 4839; baseline 0.001 -15"><span class='ocrx_word' id='word_1_610' title='bbox 271 4773 512 4836; x_wconf 85' lang='lat' dir='ltr'><strong>vatione,</strong></span> <span class='ocrx_word' id='word_1_611' title='bbox 540 4772 626 4839; x_wconf 90' lang='lat' dir='ltr'><strong>qui</strong></span> <span class='ocrx_word' id='word_1_612' title='bbox 655 4770 985 4838; x_wconf 83' lang='lat' dir='ltr'><strong>propcnsiori</strong></span> <span class='ocrx_word' id='word_1_613' title='bbox 1016 4771 1192 4822; x_wconf 88' lang='lat' dir='ltr'><strong>studio</strong></span> <span class='ocrx_word' id='word_1_614' title='bbox 1225 4771 1288 4822; x_wconf 94' lang='lat' dir='ltr'><strong>ad</strong></span> <span class='ocrx_word' id='word_1_615' title='bbox 1317 4783 1509 4836; x_wconf 88' lang='lat' dir='ltr'><strong>corpus</strong></span> <span class='ocrx_word' id='word_1_616' title='bbox 1541 4770 1667 4822; x_wconf 91' lang='lat' dir='ltr'><strong>tanti</strong></span> <span class='ocrx_word' id='word_1_617' title='bbox 1704 4787 1840 4825; x_wconf 83' lang='lat' dir='ltr'><strong>mar-</strong></span> 
     </span>
    </p>
   </div>
   <div class='ocr_carea' id='block_1_90' title="bbox 273 4839 1848 4913">
    <p class='ocr_par' dir='ltr' id='par_1_90' title="bbox 273 4839 1848 4913">
     <span class='ocr_line' id='line_1_90' title="bbox 273 4839 1848 4913; baseline 0 -16"><span class='ocrx_word' id='word_1_618' title='bbox 273 4844 412 4913; x_wconf 81' lang='lat' dir='ltr'><strong>tyris</strong></span> <span class='ocrx_word' id='word_1_619' title='bbox 442 4841 660 4913; x_wconf 76' lang='lat' dir='ltr'><strong>vigilare</strong></span> <span class='ocrx_word' id='word_1_620' title='bbox 686 4850 981 4913; x_wconf 82' lang='lat' dir='ltr'><strong>cteperunt,</strong></span> <span class='ocrx_word' id='word_1_621' title='bbox 1024 4849 1078 4913; x_wconf 84' lang='lat' dir='ltr'><strong>ut</strong></span> <span class='ocrx_word' id='word_1_622' title='bbox 1101 4839 1224 4913; x_wconf 76' lang='lat' dir='ltr'><strong>ejus</strong></span> <span class='ocrx_word' id='word_1_623' title='bbox 1255 4839 1383 4892; x_wconf 91' lang='lat' dir='ltr'><strong>Acta</strong></span> <span class='ocrx_word' id='word_1_624' title='bbox 1427 4848 1730 4913; x_wconf 51' lang='lat' dir='ltr'><strong>testantur;</strong></span> <span class='ocrx_word' id='word_1_625' title='bbox 1771 4843 1848 4898; x_wconf 81' lang='lat' dir='ltr'><strong>sic</strong></span> 
     </span>
    </p>
   </div>
   <div class='ocr_carea' id='block_1_91' title="bbox 273 4909 1848 4976">
    <p class='ocr_par' dir='ltr' id='par_1_91' title="bbox 273 4909 1848 4976">
     <span class='ocr_line' id='line_1_91' title="bbox 273 4909 1848 4976; baseline -0.001 -9"><span class='ocrx_word' id='word_1_626' title='bbox 273 4909 422 4967; x_wconf 73' lang='lat' dir='ltr'><strong>enim</strong></span> <span class='ocrx_word' id='word_1_627' title='bbox 464 4910 662 4965; x_wconf 87' lang='lat' dir='ltr'><strong>habent</strong></span> <span class='ocrx_word' id='word_1_628' title='bbox 692 4929 703 4964; x_wconf 87' lang='lat'><strong>:</strong></span> <span class='ocrx_word' id='word_1_629' title='bbox 740 4930 758 4963; x_wconf 73' lang='grc' dir='ltr'>ι</span> <span class='ocrx_word' id='word_1_630' title='bbox 787 4912 917 4964; x_wconf 86' lang='lat' dir='ltr'><strong>Cum</strong></span> <span class='ocrx_word' id='word_1_631' title='bbox 947 4909 1284 4963; x_wconf 75' lang='lat' dir='ltr'><strong>tradidissent</strong></span> <span class='ocrx_word' id='word_1_632' title='bbox 1315 4910 1600 4976; x_wconf 78' lang='lat' dir='ltr'><strong>sepultura:</strong></span> <span class='ocrx_word' id='word_1_633' title='bbox 1623 4912 1677 4966; x_wconf 75' lang='grc'><strong>8.</strong></span> <span class='ocrx_word' id='word_1_634' title='bbox 1714 4911 1848 4965; x_wconf 89' lang='lat' dir='ltr'><strong>Lau-</strong></span> 
     </span>
    </p>
   </div>
   <div class='ocr_carea' id='block_1_92' title="bbox 225 4980 1844 5051">
    <p class='ocr_par' dir='ltr' id='par_1_92' title="bbox 225 4980 1844 5051">
     <span class='ocr_line' id='line_1_92' title="bbox 225 4980 1844 5051; baseline 0.001 -16"><span class='ocrx_word' id='word_1_635' title='bbox 225 5049 228 5051; x_wconf 5' lang='lat' dir='ltr'><strong>q</strong></span> <span class='ocrx_word' id='word_1_636' title='bbox 279 5000 303 5035; x_wconf 70' lang='grc' dir='ltr'>ε</span> <span class='ocrx_word' id='word_1_637' title='bbox 347 4983 597 5046; x_wconf 90' lang='lat' dir='ltr'><strong>rentium,</strong></span> <span class='ocrx_word' id='word_1_638' title='bbox 621 4980 925 5050; x_wconf 90' lang='lat' dir='ltr'><strong>jejunantes</strong></span> <span class='ocrx_word' id='word_1_639' title='bbox 951 4980 1289 5034; x_wconf 78' lang='lat' dir='ltr'><strong>Celebraruut</strong></span> <span class='ocrx_word' id='word_1_640' title='bbox 1317 4980 1520 5050; x_wconf 77' lang='lat' dir='ltr'><strong>vigilias</strong></span> <span class='ocrx_word' id='word_1_641' title='bbox 1552 4983 1722 5036; x_wconf 90' lang='lat' dir='ltr'><strong>noctis</strong></span> <span class='ocrx_word' id='word_1_642' title='bbox 1754 4984 1844 5036; x_wconf 88' lang='lat' dir='ltr'><strong>tri-</strong></span> 
     </span>
    </p>
   </div>
   <div class='ocr_carea' id='block_1_93' title="bbox 284 5051 1850 5118">
    <p class='ocr_par' dir='ltr' id='par_1_93' title="bbox 284 5051 1850 5118">
     <span class='ocr_line' id='line_1_93' title="bbox 284 5051 1850 5118; baseline 0.003 -14"><span class='ocrx_word' id='word_1_643' title='bbox 284 5071 305 5104; x_wconf 73' lang='grc' dir='ltr'>ι</span> <span class='ocrx_word' id='word_1_644' title='bbox 344 5051 452 5106; x_wconf 90' lang='lat' dir='ltr'><strong>duo</strong></span> <span class='ocrx_word' id='word_1_645' title='bbox 499 5067 619 5104; x_wconf 91' lang='lat' dir='ltr'><strong>cum</strong></span> <span class='ocrx_word' id='word_1_646' title='bbox 675 5054 836 5106; x_wconf 88' lang='lat' dir='ltr'><strong>multa</strong></span> <span class='ocrx_word' id='word_1_647' title='bbox 903 5051 1324 5105; x_wconf 87' lang='lat' dir='ltr'><strong>Christianorum</strong></span> <span class='ocrx_word' id='word_1_648' title='bbox 1383 5051 1699 5118; x_wconf 79' lang='lat' dir='ltr'><strong>frequentia,</strong></span> <span class='ocrx_word' id='word_1_649' title='bbox 1753 5069 1850 5108; x_wconf 90' lang='lat' dir='ltr'><strong>nec</strong></span> 
     </span>
    </p>
   </div>
   <div class='ocr_carea' id='block_1_94' title="bbox 285 5121 1775 5190">
    <p class='ocr_par' dir='ltr' id='par_1_94' title="bbox 285 5121 1775 5190">
     <span class='ocr_line' id='line_1_94' title="bbox 285 5121 1775 5190; baseline 0.003 -17"><span class='ocrx_word' id='word_1_650' title='bbox 285 5141 304 5173; x_wconf 76' lang='grc' dir='ltr'>ι</span> <span class='ocrx_word' id='word_1_651' title='bbox 342 5131 619 5178; x_wconf 74' lang='lat' dir='ltr'><strong>cessarunt</strong></span> <span class='ocrx_word' id='word_1_652' title='bbox 646 5138 673 5175; x_wconf 92' lang='lat' dir='ltr'><strong>a</strong></span> <span class='ocrx_word' id='word_1_653' title='bbox 703 5125 841 5174; x_wconf 85' lang='lat' dir='ltr'><strong>luctu</strong></span> <span class='ocrx_word' id='word_1_654' title='bbox 869 5132 921 5176; x_wconf 88' lang='lat' dir='ltr'><strong>et</strong></span> <span class='ocrx_word' id='word_1_655' title='bbox 950 5121 1217 5190; x_wconf 79' lang='lat' dir='ltr'><strong>Iacrymis.</strong></span> <span class='ocrx_word' id='word_1_656' title='bbox 1251 5139 1268 5170; x_wconf 75' lang='grc' dir='ltr'><strong><em>ι</em></strong></span> <span class='ocrx_word' id='word_1_657' title='bbox 1304 5121 1502 5174; x_wconf 69' lang='lat' dir='ltr'><strong>Banoa.</strong></span> <span class='ocrx_word' id='word_1_658' title='bbox 1536 5122 1586 5173; x_wconf 92' lang='lat' dir='ltr'><strong>in</strong></span> <span class='ocrx_word' id='word_1_659' title='bbox 1614 5123 1775 5178; x_wconf 84' lang='lat' dir='ltr'><strong>notis.</strong></span> 
     </span>
    </p>
   </div>
   <div class='ocr_carea' id='block_1_95' title="bbox 366 5189 1846 5260">
    <p class='ocr_par' dir='ltr' id='par_1_95' title="bbox 366 5189 1846 5260">
     <span class='ocr_line' id='line_1_95' title="bbox 366 5189 1846 5260; baseline 0.001 -15"><span class='ocrx_word' id='word_1_660' title='bbox 366 5202 390 5230; x_wconf 77' lang='grc' dir='ltr'><strong>ε</strong></span> <span class='ocrx_word' id='word_1_661' title='bbox 433 5191 668 5246; x_wconf 83' lang='lat' dir='ltr'><strong>Romani.</strong></span> <span class='ocrx_word' id='word_1_662' title='bbox 711 5190 864 5246; x_wconf 89' lang='lat' dir='ltr'><strong>Venit</strong></span> <span class='ocrx_word' id='word_1_663' title='bbox 894 5189 1072 5245; x_wconf 87' lang='lat' dir='ltr'><strong>autem</strong></span> <span class='ocrx_word' id='word_1_664' title='bbox 1098 5189 1336 5245; x_wconf 80' lang='lat' dir='ltr'><strong>Justinus</strong></span> <span class='ocrx_word' id='word_1_665' title='bbox 1369 5194 1644 5259; x_wconf 80' lang='lat' dir='ltr'><strong>presbyter</strong></span> <span class='ocrx_word' id='word_1_666' title='bbox 1669 5205 1846 5260; x_wconf 84' lang='lat' dir='ltr'><strong>noctu,</strong></span> 
     </span>
    </p>
   </div>
   <div class='ocr_carea' id='block_1_96' title="bbox 286 5260 1850 5334">
    <p class='ocr_par' dir='ltr' id='par_1_96' title="bbox 286 5260 1850 5334">
     <span class='ocr_line' id='line_1_96' title="bbox 286 5260 1850 5334; baseline -0.001 -14"><span class='ocrx_word' id='word_1_667' title='bbox 286 5264 675 5331; x_wconf 87' lang='lat' dir='ltr'><strong>collectumque</strong></span> <span class='ocrx_word' id='word_1_668' title='bbox 704 5277 896 5329; x_wconf 91' lang='lat' dir='ltr'><strong>corpus</strong></span> <span class='ocrx_word' id='word_1_669' title='bbox 919 5263 1034 5334; x_wconf 80' lang='lat' dir='ltr'><strong>ejus</strong></span> <span class='ocrx_word' id='word_1_670' title='bbox 1065 5260 1307 5334; x_wconf 74' lang='lat' dir='ltr'><strong>sepelivit</strong></span> <span class='ocrx_word' id='word_1_671' title='bbox 1337 5263 1387 5314; x_wconf 91' lang='lat' dir='ltr'><strong>iu</strong></span> <span class='ocrx_word' id='word_1_672' title='bbox 1420 5276 1604 5331; x_wconf 83' lang='lat' dir='ltr'><strong>crypa</strong></span> <span class='ocrx_word' id='word_1_673' title='bbox 1643 5265 1692 5317; x_wconf 90' lang='lat' dir='ltr'><strong>in</strong></span> <span class='ocrx_word' id='word_1_674' title='bbox 1723 5278 1850 5334; x_wconf 86' lang='lat' dir='ltr'><strong>agro</strong></span> 
     </span>
    </p>
   </div>
   <div class='ocr_carea' id='block_1_97' title="bbox 289 5331 1280 5398">
    <p class='ocr_par' dir='ltr' id='par_1_97' title="bbox 289 5331 1280 5398">
     <span class='ocr_line' id='line_1_97' title="bbox 289 5331 1280 5398; baseline -0.006 -8"><span class='ocrx_word' id='word_1_675' title='bbox 289 5335 518 5390; x_wconf 89' lang='lat' dir='ltr'><strong>Verano.</strong></span> <span class='ocrx_word' id='word_1_676' title='bbox 551 5334 746 5389; x_wconf 86' lang='lat' dir='ltr'><strong>Sumus</strong></span> <span class='ocrx_word' id='word_1_677' title='bbox 776 5344 904 5388; x_wconf 90' lang='lat' dir='ltr'><strong>tom.</strong></span> <span class='ocrx_word' id='word_1_678' title='bbox 950 5332 1036 5395; x_wconf 81' lang='grc' dir='ltr'><strong>ιν,</strong></span> <span class='ocrx_word' id='word_1_679' title='bbox 1073 5349 1122 5398; x_wconf 92' lang='lat' dir='ltr'><strong>p.</strong></span> <span class='ocrx_word' id='word_1_680' title='bbox 1156 5331 1280 5386; x_wconf 80' lang='lat'><strong>588.</strong></span> 
     </span>
    </p>
   </div>
   <div class='ocr_carea' id='block_1_98' title="bbox 365 5402 1851 5470">
    <p class='ocr_par' dir='ltr' id='par_1_98' title="bbox 365 5402 1851 5470">
     <span class='ocr_line' id='line_1_98' title="bbox 365 5402 1851 5470; baseline 0.001 -12"><span class='ocrx_word' id='word_1_681' title='bbox 365 5406 384 5442; x_wconf 72' lang='grc' dir='ltr'><em>τ</em></span> <span class='ocrx_word' id='word_1_682' title='bbox 427 5403 740 5470; x_wconf 79' lang='lat' dir='ltr'><strong>Marcellini,</strong></span> <span class='ocrx_word' id='word_1_683' title='bbox 790 5402 1124 5459; x_wconf 75' lang='lat' dir='ltr'><strong>Secundtani.</strong></span> <span class='ocrx_word' id='word_1_684' title='bbox 1164 5402 1262 5467; x_wconf 89' lang='lat' dir='ltr'><strong>Qui</strong></span> <span class='ocrx_word' id='word_1_685' title='bbox 1313 5415 1376 5456; x_wconf 82' lang='lat' dir='ltr'><strong>ett</strong></span> <span class='ocrx_word' id='word_1_686' title='bbox 1423 5404 1851 5468; x_wconf 81' lang='lat' dir='ltr'><strong>persecutoribus</strong></span> 
     </span>
    </p>
   </div>
   <div class='ocr_carea' id='block_1_99' title="bbox 285 5472 1852 5542">
    <p class='ocr_par' dir='ltr' id='par_1_99' title="bbox 285 5472 1852 5542">
     <span class='ocr_line' id='line_1_99' title="bbox 285 5472 1852 5542; baseline -0.002 -11"><span class='ocrx_word' id='word_1_687' title='bbox 285 5473 410 5531; x_wconf 77' lang='lat' dir='ltr'><strong>facti</strong></span> <span class='ocrx_word' id='word_1_688' title='bbox 435 5475 744 5540; x_wconf 88' lang='lat' dir='ltr'><strong>Christiani,</strong></span> <span class='ocrx_word' id='word_1_689' title='bbox 778 5485 1016 5542; x_wconf 85' lang='lat' dir='ltr'><strong>tempore</strong></span> <span class='ocrx_word' id='word_1_690' title='bbox 1045 5473 1185 5526; x_wconf 87' lang='lat' dir='ltr'><strong>Decii</strong></span> <span class='ocrx_word' id='word_1_691' title='bbox 1212 5472 1310 5526; x_wconf 90' lang='lat' dir='ltr'><strong>sub</strong></span> <span class='ocrx_word' id='word_1_692' title='bbox 1332 5472 1598 5526; x_wconf 73' lang='lat' dir='ltr'><strong>consulari</strong></span> <span class='ocrx_word' id='word_1_693' title='bbox 1633 5474 1852 5528; x_wconf 83' lang='lat' dir='ltr'><strong>Promo-</strong></span> 
     </span>
    </p>
   </div>
   <div class='ocr_carea' id='block_1_100' title="bbox 287 5543 1854 5614">
    <p class='ocr_par' dir='ltr' id='par_1_100' title="bbox 287 5543 1854 5614">
     <span class='ocr_line' id='line_1_100' title="bbox 287 5543 1854 5614; baseline -0.003 -13"><span class='ocrx_word' id='word_1_694' title='bbox 287 5556 342 5601; x_wconf 69' lang='grc' dir='ltr'><strong>ιο</strong></span> <span class='ocrx_word' id='word_1_695' title='bbox 384 5546 611 5614; x_wconf 90' lang='lat' dir='ltr'><strong>primum</strong></span> <span class='ocrx_word' id='word_1_696' title='bbox 641 5545 764 5599; x_wconf 80' lang='lat' dir='ltr'><strong>caesi</strong></span> <span class='ocrx_word' id='word_1_697' title='bbox 803 5555 944 5607; x_wconf 89' lang='lat' dir='ltr'><strong>sunt,</strong></span> <span class='ocrx_word' id='word_1_698' title='bbox 987 5543 1180 5596; x_wconf 80' lang='lat' dir='ltr'><strong>deinde</strong></span> <span class='ocrx_word' id='word_1_699' title='bbox 1223 5543 1454 5611; x_wconf 88' lang='lat' dir='ltr'><strong>equuleo</strong></span> <span class='ocrx_word' id='word_1_700' title='bbox 1501 5557 1696 5611; x_wconf 82' lang='lat' dir='ltr'><strong>snspen</strong></span> <span class='ocrx_word' id='word_1_701' title='bbox 1732 5545 1768 5609; x_wconf 93' lang='lat' dir='ltr'><strong>i,</strong></span> <span class='ocrx_word' id='word_1_702' title='bbox 1801 5555 1854 5599; x_wconf 90' lang='lat' dir='ltr'><strong>et</strong></span> 
     </span>
    </p>
   </div>
   <div class='ocr_carea' id='block_1_101' title="bbox 289 5615 1849 5684">
    <p class='ocr_par' dir='ltr' id='par_1_101' title="bbox 289 5615 1849 5684">
     <span class='ocr_line' id='line_1_101' title="bbox 289 5615 1849 5684; baseline -0.003 -14"><span class='ocrx_word' id='word_1_703' title='bbox 289 5616 500 5684; x_wconf 86' lang='lat' dir='ltr'><strong>ungulis</strong></span> <span class='ocrx_word' id='word_1_704' title='bbox 527 5615 724 5680; x_wconf 88' lang='lat' dir='ltr'><strong>abrasi,</strong></span> <span class='ocrx_word' id='word_1_705' title='bbox 755 5625 911 5680; x_wconf 89' lang='lat' dir='ltr'><strong>atque</strong></span> <span class='ocrx_word' id='word_1_706' title='bbox 941 5618 1059 5683; x_wconf 89' lang='lat' dir='ltr'><strong>igne</strong></span> <span class='ocrx_word' id='word_1_707' title='bbox 1103 5615 1363 5684; x_wconf 14' lang='lat' dir='ltr'><strong>lateribus,</strong></span> <span class='ocrx_word' id='word_1_708' title='bbox 1395 5616 1640 5681; x_wconf 87' lang='lat' dir='ltr'><strong>apposito</strong></span> <span class='ocrx_word' id='word_1_709' title='bbox 1665 5619 1849 5679; x_wconf 84' lang='lat' dir='ltr'><strong>assati,</strong></span> 
     </span>
    </p>
   </div>
   <div class='ocr_carea' id='block_1_102' title="bbox 288 5683 1852 5756">
    <p class='ocr_par' dir='ltr' id='par_1_102' title="bbox 288 5683 1852 5756">
     <span class='ocr_line' id='line_1_102' title="bbox 288 5683 1852 5756; baseline 0.001 -16"><span class='ocrx_word' id='word_1_710' title='bbox 288 5683 660 5756; x_wconf 85' lang='lat' dir='ltr'><strong>triumphalem</strong></span> <span class='ocrx_word' id='word_1_711' title='bbox 707 5685 942 5756; x_wconf 80' lang='lat' dir='ltr'><strong>martyrii</strong></span> <span class='ocrx_word' id='word_1_712' title='bbox 975 5684 1206 5756; x_wconf 75' lang='lat' dir='ltr'><strong>palmam</strong></span> <span class='ocrx_word' id='word_1_713' title='bbox 1253 5683 1424 5754; x_wconf 85' lang='lat' dir='ltr'><strong>capite</strong></span> <span class='ocrx_word' id='word_1_714' title='bbox 1473 5685 1595 5739; x_wconf 70' lang='lat' dir='ltr'><strong>cwsi</strong></span> <span class='ocrx_word' id='word_1_715' title='bbox 1648 5700 1852 5742; x_wconf 70' lang='grc' dir='ltr'><strong>ιιιειυυο</strong></span> 
     </span>
    </p>
   </div>
   <div class='ocr_carea' id='block_1_103' title="bbox 289 5754 1206 5824">
    <p class='ocr_par' dir='ltr' id='par_1_103' title="bbox 289 5754 1206 5824">
     <span class='ocr_line' id='line_1_103' title="bbox 289 5754 1206 5824; baseline -0.002 -14"><span class='ocrx_word' id='word_1_716' title='bbox 289 5767 430 5813; x_wconf 88' lang='lat' dir='ltr'><strong>runt.</strong></span> <span class='ocrx_word' id='word_1_717' title='bbox 455 5754 670 5824; x_wconf 77' lang='lat' dir='ltr'><strong>Sumus,</strong></span> <span class='ocrx_word' id='word_1_718' title='bbox 700 5765 828 5809; x_wconf 91' lang='lat' dir='ltr'><strong>tom.</strong></span> <span class='ocrx_word' id='word_1_719' title='bbox 855 5754 940 5808; x_wconf 90' lang='lat' dir='ltr'><strong>IV.</strong></span> <span class='ocrx_word' id='word_1_720' title='bbox 972 5754 1206 5816; x_wconf 71' lang='lat' dir='ltr'><strong>Usuxnn.</strong></span> 
     </span>
    </p>
   </div>
   <div class='ocr_carea' id='block_1_104' title="bbox 687 5845 1219 5907">
    <p class='ocr_par' dir='ltr' id='par_1_104' title="bbox 687 5845 1219 5907">
     <span class='ocr_line' id='line_1_104' title="bbox 687 5845 1219 5907; baseline -0.006 0"><span class='ocrx_word' id='word_1_721' title='bbox 687 5848 957 5907; x_wconf 74' lang='lat' dir='ltr'><strong>PA&#39;rttOL.</strong></span> <span class='ocrx_word' id='word_1_722' title='bbox 1001 5845 1219 5907; x_wconf 73' lang='lat' dir='ltr'><strong>XCIV.</strong></span> 
     </span>
    </p>
   </div>
   <div class='ocr_carea' id='block_1_105' title="bbox 2023 3716 3524 3774">
    <p class='ocr_par' dir='ltr' id='par_1_105' title="bbox 2023 3716 3524 3774">
     <span class='ocr_line' id='line_1_105' title="bbox 2023 3716 3524 3774; baseline 0.004 -6"><span class='ocrx_word' id='word_1_723' title='bbox 2023 3729 2050 3768; x_wconf 79' lang='grc' dir='ltr'><strong>ις</strong></span> <span class='ocrx_word' id='word_1_724' title='bbox 2113 3717 2300 3773; x_wconf 84' lang='lat' dir='ltr'><strong>Firmi.</strong></span> <span class='ocrx_word' id='word_1_725' title='bbox 2366 3716 2620 3772; x_wconf 84' lang='lat' dir='ltr'><strong>Caucario</strong></span> <span class='ocrx_word' id='word_1_726' title='bbox 2664 3717 2865 3772; x_wconf 78' lang='lat' dir='ltr'><strong>vicario</strong></span> <span class='ocrx_word' id='word_1_727' title='bbox 2929 3717 3245 3774; x_wconf 86' lang='lat' dir='ltr'><strong>Veronensis</strong></span> <span class='ocrx_word' id='word_1_728' title='bbox 3292 3717 3524 3774; x_wconf 75' lang='lat' dir='ltr'><strong>civitatis</strong></span> 
     </span>
    </p>
   </div>
   <div class='ocr_carea' id='block_1_106' title="bbox 1943 3788 3516 3858">
    <p class='ocr_par' dir='ltr' id='par_1_106' title="bbox 1943 3788 3516 3858">
     <span class='ocr_line' id='line_1_106' title="bbox 1943 3788 3516 3858; baseline 0.001 -16"><span class='ocrx_word' id='word_1_729' title='bbox 1943 3790 2093 3858; x_wconf 88' lang='lat' dir='ltr'><strong>juxta</strong></span> <span class='ocrx_word' id='word_1_730' title='bbox 2135 3803 2360 3856; x_wconf 88' lang='lat' dir='ltr'><strong>corpora</strong></span> <span class='ocrx_word' id='word_1_731' title='bbox 2394 3789 2665 3856; x_wconf 76' lang='lat' dir='ltr'><strong>vigilante,</strong></span> <span class='ocrx_word' id='word_1_732' title='bbox 2711 3799 2916 3854; x_wconf 84' lang='lat' dir='ltr'><strong>septem</strong></span> <span class='ocrx_word' id='word_1_733' title='bbox 2948 3788 3042 3841; x_wconf 85' lang='lat' dir='ltr'><strong>viri</strong></span> <span class='ocrx_word' id='word_1_734' title='bbox 3067 3803 3125 3841; x_wconf 89' lang='lat' dir='ltr'><strong>se</strong></span> <span class='ocrx_word' id='word_1_735' title='bbox 3151 3791 3516 3858; x_wconf 80' lang='lat' dir='ltr'><strong>negociatores</strong></span> 
     </span>
    </p>
   </div>
   <div class='ocr_carea' id='block_1_107' title="bbox 1945 3857 3517 3928">
    <p class='ocr_par' dir='ltr' id='par_1_107' title="bbox 1945 3857 3517 3928">
     <span class='ocr_line' id='line_1_107' title="bbox 1945 3857 3517 3928; baseline -0.001 -14"><span class='ocrx_word' id='word_1_736' title='bbox 1945 3857 2248 3914; x_wconf 67' lang='lat' dir='ltr'><strong>a~5erentes</strong></span> <span class='ocrx_word' id='word_1_737' title='bbox 2293 3874 2516 3925; x_wconf 89' lang='lat' dir='ltr'><strong>corpora</strong></span> <span class='ocrx_word' id='word_1_738' title='bbox 2558 3860 2910 3923; x_wconf 90' lang='lat' dir='ltr'><strong>abstulerunt,</strong></span> <span class='ocrx_word' id='word_1_739' title='bbox 2941 3869 2994 3911; x_wconf 92' lang='lat' dir='ltr'><strong>et</strong></span> <span class='ocrx_word' id='word_1_740' title='bbox 3022 3873 3141 3928; x_wconf 86' lang='lat' dir='ltr'><strong>cum</strong></span> <span class='ocrx_word' id='word_1_741' title='bbox 3171 3857 3381 3928; x_wconf 83' lang='lat' dir='ltr'><strong>navigio</strong></span> <span class='ocrx_word' id='word_1_742' title='bbox 3411 3860 3517 3913; x_wconf 86' lang='lat' dir='ltr'><strong>im-</strong></span> 
     </span>
    </p>
   </div>
   <div class='ocr_carea' id='block_1_108' title="bbox 1947 3927 3516 3998">
    <p class='ocr_par' dir='ltr' id='par_1_108' title="bbox 1947 3927 3516 3998">
     <span class='ocr_line' id='line_1_108' title="bbox 1947 3927 3516 3998; baseline 0.001 -18"><span class='ocrx_word' id='word_1_743' title='bbox 1947 3931 2272 3998; x_wconf 80' lang='lat' dir='ltr'><strong>posuissent,</strong></span> <span class='ocrx_word' id='word_1_744' title='bbox 2305 3931 2442 3981; x_wconf 90' lang='lat' dir='ltr'><strong>ultra</strong></span> <span class='ocrx_word' id='word_1_745' title='bbox 2479 3942 2581 3980; x_wconf 92' lang='lat' dir='ltr'><strong>non</strong></span> <span class='ocrx_word' id='word_1_746' title='bbox 2612 3937 3041 3993; x_wconf 79' lang='lat' dir='ltr'><strong>comparuerant.</strong></span> <span class='ocrx_word' id='word_1_747' title='bbox 3071 3927 3312 3996; x_wconf 74' lang='lat' dir='ltr'><strong>Corpora</strong></span> <span class='ocrx_word' id='word_1_748' title='bbox 3338 3940 3516 3982; x_wconf 90' lang='lat' dir='ltr'><strong>autem</strong></span> 
     </span>
    </p>
   </div>
   <div class='ocr_carea' id='block_1_109' title="bbox 1945 3998 3514 4065">
    <p class='ocr_par' dir='ltr' id='par_1_109' title="bbox 1945 3998 3514 4065">
     <span class='ocr_line' id='line_1_109' title="bbox 1945 3998 3514 4065; baseline -0.001 -12"><span class='ocrx_word' id='word_1_749' title='bbox 1945 4001 2057 4064; x_wconf 91' lang='lat' dir='ltr'><strong>ipsa</strong></span> <span class='ocrx_word' id='word_1_750' title='bbox 2091 4008 2390 4052; x_wconf 86' lang='lat' dir='ltr'><strong>transvecta</strong></span> <span class='ocrx_word' id='word_1_751' title='bbox 2419 4005 2545 4052; x_wconf 89' lang='lat' dir='ltr'><strong>sunt</strong></span> <span class='ocrx_word' id='word_1_752' title='bbox 2585 3998 2650 4050; x_wconf 84' lang='lat' dir='ltr'><strong>ad</strong></span> <span class='ocrx_word' id='word_1_753' title='bbox 2679 3998 3150 4065; x_wconf 86' lang='lat' dir='ltr'><strong>Cartltaginensem</strong></span> <span class='ocrx_word' id='word_1_754' title='bbox 3183 3998 3514 4064; x_wconf 86' lang='lat' dir='ltr'><strong>provinciam</strong></span> 
     </span>
    </p>
   </div>
   <div class='ocr_carea' id='block_1_110' title="bbox 1943 4065 3518 4136">
    <p class='ocr_par' dir='ltr' id='par_1_110' title="bbox 1943 4065 3518 4136">
     <span class='ocr_line' id='line_1_110' title="bbox 1943 4065 3518 4136; baseline -0.002 -11"><span class='ocrx_word' id='word_1_755' title='bbox 1943 4071 1996 4125; x_wconf 92' lang='lat' dir='ltr'><strong>in</strong></span> <span class='ocrx_word' id='word_1_756' title='bbox 2025 4069 2295 4124; x_wconf 83' lang='lat' dir='ltr'><strong>civitatem</strong></span> <span class='ocrx_word' id='word_1_757' title='bbox 2338 4081 2457 4136; x_wconf 71' lang='lat' dir='ltr'><strong>qua:</strong></span> <span class='ocrx_word' id='word_1_758' title='bbox 2485 4068 2677 4121; x_wconf 85' lang='lat' dir='ltr'><strong>dicitur</strong></span> <span class='ocrx_word' id='word_1_759' title='bbox 2705 4065 3010 4120; x_wconf 75' lang='lat' dir='ltr'><strong>Prtedones.</strong></span> <span class='ocrx_word' id='word_1_760' title='bbox 3047 4067 3230 4120; x_wconf 88' lang='lat' dir='ltr'><strong>Postea</strong></span> <span class='ocrx_word' id='word_1_761' title='bbox 3264 4070 3518 4122; x_wconf 90' lang='lat' dir='ltr'><strong>translata</strong></span> 
     </span>
    </p>
   </div>
   <div class='ocr_carea' id='block_1_111' title="bbox 1943 4137 3520 4205">
    <p class='ocr_par' dir='ltr' id='par_1_111' title="bbox 1943 4137 3520 4205">
     <span class='ocr_line' id='line_1_111' title="bbox 1943 4137 3520 4205; baseline -0.001 -11"><span class='ocrx_word' id='word_1_762' title='bbox 1943 4149 2068 4194; x_wconf 85' lang='lat' dir='ltr'><strong>sunt</strong></span> <span class='ocrx_word' id='word_1_763' title='bbox 2094 4140 2158 4191; x_wconf 87' lang='lat' dir='ltr'><strong>ad</strong></span> <span class='ocrx_word' id='word_1_764' title='bbox 2189 4139 2388 4205; x_wconf 75' lang='lat' dir='ltr'><strong>capras</strong></span> <span class='ocrx_word' id='word_1_765' title='bbox 2409 4138 2675 4192; x_wconf 84' lang='lat' dir='ltr'><strong>civitatem</strong></span> <span class='ocrx_word' id='word_1_766' title='bbox 2703 4137 2944 4205; x_wconf 75' lang='lat' dir='ltr'><strong>llistrire;</strong></span> <span class='ocrx_word' id='word_1_767' title='bbox 2972 4137 3057 4192; x_wconf 85' lang='lat' dir='ltr'><strong>ubi</strong></span> <span class='ocrx_word' id='word_1_768' title='bbox 3083 4138 3401 4205; x_wconf 89' lang='lat' dir='ltr'><strong>quieverunt</strong></span> <span class='ocrx_word' id='word_1_769' title='bbox 3422 4139 3520 4192; x_wconf 79' lang='lat' dir='ltr'><strong>do-</strong></span> 
     </span>
    </p>
   </div>
   <div class='ocr_carea' id='block_1_112' title="bbox 1947 4200 3519 4273">
    <p class='ocr_par' dir='ltr' id='par_1_112' title="bbox 1947 4200 3519 4273">
     <span class='ocr_line' id='line_1_112' title="bbox 1947 4200 3519 4273; baseline -0.001 -7"><span class='ocrx_word' id='word_1_770' title='bbox 1947 4225 2047 4266; x_wconf 91' lang='lat' dir='ltr'><strong>nec</strong></span> <span class='ocrx_word' id='word_1_771' title='bbox 2073 4225 2099 4262; x_wconf 92' lang='lat' dir='ltr'><strong>a</strong></span> <span class='ocrx_word' id='word_1_772' title='bbox 2128 4211 2186 4263; x_wconf 85' lang='grc'><strong>8.</strong></span> <span class='ocrx_word' id='word_1_773' title='bbox 2214 4200 2376 4263; x_wconf 66' lang='lat' dir='ltr'><strong>Maria</strong></span> <span class='ocrx_word' id='word_1_774' title='bbox 2413 4207 2724 4272; x_wconf 85' lang='lat' dir='ltr'><strong>Veronensi,</strong></span> <span class='ocrx_word' id='word_1_775' title='bbox 2748 4200 2888 4261; x_wconf 86' lang='lat' dir='ltr'><strong>dicta</strong></span> <span class='ocrx_word' id='word_1_776' title='bbox 2933 4200 3319 4273; x_wconf 82' lang='lat' dir='ltr'><strong>Consolatrice,</strong></span> <span class='ocrx_word' id='word_1_777' title='bbox 3351 4207 3519 4264; x_wconf 86' lang='lat' dir='ltr'><strong>Vero-</strong></span> 
     </span>
    </p>
   </div>
   <div class='ocr_carea' id='block_1_113' title="bbox 1949 4277 3059 4346">
    <p class='ocr_par' dir='ltr' id='par_1_113' title="bbox 1949 4277 3059 4346">
     <span class='ocr_line' id='line_1_113' title="bbox 1949 4277 3059 4346; baseline -0.005 -9"><span class='ocrx_word' id='word_1_778' title='bbox 1949 4296 2067 4346; x_wconf 88' lang='lat' dir='ltr'><strong>nam</strong></span> <span class='ocrx_word' id='word_1_779' title='bbox 2099 4289 2362 4346; x_wconf 85' lang='lat' dir='ltr'><strong>reportata</strong></span> <span class='ocrx_word' id='word_1_780' title='bbox 2402 4289 2542 4332; x_wconf 90' lang='lat' dir='ltr'><strong>sunt.</strong></span> <span class='ocrx_word' id='word_1_781' title='bbox 2580 4277 2744 4332; x_wconf 71' lang='lat' dir='ltr'><strong>Pero.</strong></span> <span class='ocrx_word' id='word_1_782' title='bbox 2791 4277 2861 4331; x_wconf 79' lang='lat' dir='ltr'><strong>tle</strong></span> <span class='ocrx_word' id='word_1_783' title='bbox 2892 4277 3059 4332; x_wconf 76' lang='lat' dir='ltr'><strong>Natal.</strong></span> 
     </span>
    </p>
   </div>
   <div class='ocr_carea' id='block_1_114' title="bbox 2025 4345 3525 4418">
    <p class='ocr_par' dir='ltr' id='par_1_114' title="bbox 2025 4345 3525 4418">
     <span class='ocr_line' id='line_1_114' title="bbox 2025 4345 3525 4418; baseline 0.001 -14"><span class='ocrx_word' id='word_1_784' title='bbox 2025 4345 2052 4387; x_wconf 64' lang='grc' dir='ltr'>δ</span> <span class='ocrx_word' id='word_1_785' title='bbox 2092 4345 2374 4404; x_wconf 78' lang='lat' dir='ltr'><strong>Laurentii.</strong></span> <span class='ocrx_word' id='word_1_786' title='bbox 2421 4349 2547 4416; x_wconf 82' lang='lat' dir='ltr'><strong>Ejus</strong></span> <span class='ocrx_word' id='word_1_787' title='bbox 2577 4347 2886 4418; x_wconf 74' lang='lat' dir='ltr'><strong>martyrium</strong></span> <span class='ocrx_word' id='word_1_788' title='bbox 2921 4349 3151 4416; x_wconf 75' lang='lat' dir='ltr'><strong>pertinet</strong></span> <span class='ocrx_word' id='word_1_789' title='bbox 3178 4347 3242 4402; x_wconf 90' lang='lat' dir='ltr'><strong>ad</strong></span> <span class='ocrx_word' id='word_1_790' title='bbox 3273 4362 3361 4402; x_wconf 89' lang='lat' dir='ltr'><strong>an.</strong></span> <span class='ocrx_word' id='word_1_791' title='bbox 3393 4349 3525 4417; x_wconf 70' lang='lat'><strong>258;</strong></span> 
     </span>
    </p>
   </div>
   <div class='ocr_carea' id='block_1_115' title="bbox 1951 4413 3527 4490">
    <p class='ocr_par' dir='ltr' id='par_1_115' title="bbox 1951 4413 3527 4490">
     <span class='ocr_line' id='line_1_115' title="bbox 1951 4413 3527 4490; baseline -0.001 -14"><span class='ocrx_word' id='word_1_792' title='bbox 1951 4423 2001 4475; x_wconf 93' lang='lat' dir='ltr'><strong>in</strong></span> <span class='ocrx_word' id='word_1_793' title='bbox 2031 4422 2266 4490; x_wconf 78' lang='lat' dir='ltr'><strong>Epistula</strong></span> <span class='ocrx_word' id='word_1_794' title='bbox 2308 4413 2531 4474; x_wconf 47' lang='lat' dir='ltr'><strong>enitn&#39;S.</strong></span> <span class='ocrx_word' id='word_1_795' title='bbox 2563 4413 2810 4490; x_wconf 72' lang='lat' dir='ltr'><strong>Cypriani</strong></span> <span class='ocrx_word' id='word_1_796' title='bbox 2838 4419 2902 4490; x_wconf 89' lang='lat' dir='ltr'><strong>ad</strong></span> <span class='ocrx_word' id='word_1_797' title='bbox 2923 4413 3252 4475; x_wconf 74' lang='lat' dir='ltr'><strong>Successum</strong></span> <span class='ocrx_word' id='word_1_798' title='bbox 3283 4435 3349 4474; x_wconf 92' lang='lat' dir='ltr'><strong>eo</strong></span> <span class='ocrx_word' id='word_1_799' title='bbox 3381 4413 3527 4490; x_wconf 81' lang='lat' dir='ltr'><strong>anno</strong></span> 
     </span>
    </p>
   </div>
   <div class='ocr_carea' id='block_1_116' title="bbox 1949 4489 3518 4559">
    <p class='ocr_par' dir='ltr' id='par_1_116' title="bbox 1949 4489 3518 4559">
     <span class='ocr_line' id='line_1_116' title="bbox 1949 4489 3518 4559; baseline -0.001 -12"><span class='ocrx_word' id='word_1_800' title='bbox 1949 4489 2091 4557; x_wconf 81' lang='lat' dir='ltr'><strong>data,</strong></span> <span class='ocrx_word' id='word_1_801' title='bbox 2126 4493 2306 4546; x_wconf 83' lang='lat' dir='ltr'><strong>Sixtns</strong></span> <span class='ocrx_word' id='word_1_802' title='bbox 2341 4505 2470 4559; x_wconf 84' lang='lat' dir='ltr'><strong>papa</strong></span> <span class='ocrx_word' id='word_1_803' title='bbox 2503 4492 2554 4544; x_wconf 92' lang='lat' dir='ltr'><strong>in</strong></span> <span class='ocrx_word' id='word_1_804' title='bbox 2603 4489 2914 4544; x_wconf 72' lang='lat' dir='ltr'><strong>cremeterio</strong></span> <span class='ocrx_word' id='word_1_805' title='bbox 2946 4491 3348 4545; x_wconf 54' lang='lat' dir='ltr'><strong>animadversas</strong></span> <span class='ocrx_word' id='word_1_806' title='bbox 3385 4489 3518 4546; x_wconf 89' lang='lat' dir='ltr'><strong>dici-</strong></span> 
     </span>
    </p>
   </div>
   <div class='ocr_carea' id='block_1_117' title="bbox 1948 4559 3510 4630">
    <p class='ocr_par' dir='ltr' id='par_1_117' title="bbox 1948 4559 3510 4630">
     <span class='ocr_line' id='line_1_117' title="bbox 1948 4559 3510 4630; baseline 0 -14"><span class='ocrx_word' id='word_1_807' title='bbox 1948 4574 2031 4616; x_wconf 93' lang='lat' dir='ltr'><strong>tur</strong></span> <span class='ocrx_word' id='word_1_808' title='bbox 2062 4573 2245 4616; x_wconf 75' lang='lat' dir='ltr'><strong>octtvo</strong></span> <span class='ocrx_word' id='word_1_809' title='bbox 2277 4559 2458 4613; x_wconf 88' lang='lat' dir='ltr'><strong>Iduum</strong></span> <span class='ocrx_word' id='word_1_810' title='bbox 2489 4564 2868 4630; x_wconf 59' lang='lat' dir='ltr'><strong>Augustarum,</strong></span> <span class='ocrx_word' id='word_1_811' title='bbox 2896 4573 3042 4615; x_wconf 80' lang='lat' dir='ltr'><strong>sexta</strong></span> <span class='ocrx_word' id='word_1_812' title='bbox 3074 4561 3275 4615; x_wconf 85' lang='lat' dir='ltr'><strong>scilicet</strong></span> <span class='ocrx_word' id='word_1_813' title='bbox 3306 4561 3510 4630; x_wconf 89' lang='lat' dir='ltr'><strong>mensis</strong></span> 
     </span>
    </p>
   </div>
   <div class='ocr_carea' id='block_1_118' title="bbox 1944 4629 3517 4702">
    <p class='ocr_par' dir='ltr' id='par_1_118' title="bbox 1944 4629 3517 4702">
     <span class='ocr_line' id='line_1_118' title="bbox 1944 4629 3517 4702; baseline -0.002 -14"><span class='ocrx_word' id='word_1_814' title='bbox 1944 4635 2061 4702; x_wconf 88' lang='lat' dir='ltr'><strong>ejus</strong></span> <span class='ocrx_word' id='word_1_815' title='bbox 2089 4633 2210 4698; x_wconf 87' lang='lat' dir='ltr'><strong>die;</strong></span> <span class='ocrx_word' id='word_1_816' title='bbox 2253 4631 2475 4699; x_wconf 81' lang='lat' dir='ltr'><strong>ideoque</strong></span> <span class='ocrx_word' id='word_1_817' title='bbox 2503 4629 2623 4702; x_wconf 73' lang='lat' dir='ltr'><strong>cum</strong></span> <span class='ocrx_word' id='word_1_818' title='bbox 2654 4631 2791 4684; x_wconf 88' lang='lat' dir='ltr'><strong>inter</strong></span> <span class='ocrx_word' id='word_1_819' title='bbox 2839 4634 2896 4686; x_wconf 82' lang='grc'><strong>8.</strong></span> <span class='ocrx_word' id='word_1_820' title='bbox 2932 4630 3064 4687; x_wconf 83' lang='lat' dir='ltr'><strong>Sixti</strong></span> <span class='ocrx_word' id='word_1_821' title='bbox 3107 4629 3374 4702; x_wconf 86' lang='lat' dir='ltr'><strong>pontilicis</strong></span> <span class='ocrx_word' id='word_1_822' title='bbox 3406 4630 3517 4685; x_wconf 81' lang='lat' dir='ltr'><strong>Ro-</strong></span> 
     </span>
    </p>
   </div>
   <div class='ocr_carea' id='block_1_119' title="bbox 1948 4700 3523 4771">
    <p class='ocr_par' dir='ltr' id='par_1_119' title="bbox 1948 4700 3523 4771">
     <span class='ocr_line' id='line_1_119' title="bbox 1948 4700 3523 4771; baseline -0.001 -14"><span class='ocrx_word' id='word_1_823' title='bbox 1948 4700 2091 4757; x_wconf 87' lang='lat' dir='ltr'><strong>mani</strong></span> <span class='ocrx_word' id='word_1_824' title='bbox 2141 4712 2366 4756; x_wconf 89' lang='lat' dir='ltr'><strong>mortem</strong></span> <span class='ocrx_word' id='word_1_825' title='bbox 2418 4711 2470 4755; x_wconf 76' lang='lat' dir='ltr'><strong>et</strong></span> <span class='ocrx_word' id='word_1_826' title='bbox 2500 4700 2768 4755; x_wconf 82' lang='lat' dir='ltr'><strong>Laurentii</strong></span> <span class='ocrx_word' id='word_1_827' title='bbox 2821 4703 3130 4771; x_wconf 85' lang='lat' dir='ltr'><strong>martyrium</strong></span> <span class='ocrx_word' id='word_1_828' title='bbox 3175 4701 3404 4754; x_wconf 90' lang='lat' dir='ltr'><strong>triduum</strong></span> <span class='ocrx_word' id='word_1_829' title='bbox 3435 4715 3523 4771; x_wconf 82' lang='lat' dir='ltr'><strong>so-</strong></span> 
     </span>
    </p>
   </div>
   <div class='ocr_carea' id='block_1_120' title="bbox 1949 4770 3526 4835">
    <p class='ocr_par' dir='ltr' id='par_1_120' title="bbox 1949 4770 3526 4835">
     <span class='ocr_line' id='line_1_120' title="bbox 1949 4770 3526 4835; baseline 0 -8"><span class='ocrx_word' id='word_1_830' title='bbox 1949 4772 2223 4827; x_wconf 89' lang='lat' dir='ltr'><strong>luunnodo</strong></span> <span class='ocrx_word' id='word_1_831' title='bbox 2254 4772 2642 4835; x_wconf 86' lang='lat' dir='ltr'><strong>intercesserit,</strong></span> <span class='ocrx_word' id='word_1_832' title='bbox 2671 4782 2728 4824; x_wconf 91' lang='lat' dir='ltr'><strong>ut</strong></span> <span class='ocrx_word' id='word_1_833' title='bbox 2756 4770 3054 4825; x_wconf 28' lang='lat' dir='ltr'><strong>constat’cx</strong></span> <span class='ocrx_word' id='word_1_834' title='bbox 3086 4771 3231 4824; x_wconf 86' lang='lat' dir='ltr'><strong>Actis</strong></span> <span class='ocrx_word' id='word_1_835' title='bbox 3256 4771 3395 4835; x_wconf 86' lang='lat' dir='ltr'><strong>apud</strong></span> <span class='ocrx_word' id='word_1_836' title='bbox 3422 4770 3526 4826; x_wconf 87' lang='lat' dir='ltr'><strong>Su-</strong></span> 
     </span>
    </p>
   </div>
   <div class='ocr_carea' id='block_1_121' title="bbox 1947 4838 3512 4911">
    <p class='ocr_par' dir='ltr' id='par_1_121' title="bbox 1947 4838 3512 4911">
     <span class='ocr_line' id='line_1_121' title="bbox 1947 4838 3512 4911; baseline -0.001 -14"><span class='ocrx_word' id='word_1_837' title='bbox 1947 4844 2104 4908; x_wconf 89' lang='lat' dir='ltr'><strong>rium,</strong></span> <span class='ocrx_word' id='word_1_838' title='bbox 2137 4843 2201 4896; x_wconf 84' lang='lat' dir='ltr'><strong>ad</strong></span> <span class='ocrx_word' id='word_1_839' title='bbox 2232 4838 2375 4895; x_wconf 84' lang='lat' dir='ltr'><strong>diem</strong></span> <span class='ocrx_word' id='word_1_840' title='bbox 2419 4841 2659 4911; x_wconf 81' lang='lat' dir='ltr'><strong>ejusdem</strong></span> <span class='ocrx_word' id='word_1_841' title='bbox 2693 4845 2889 4896; x_wconf 85' lang='lat' dir='ltr'><strong>mensis</strong></span> <span class='ocrx_word' id='word_1_842' title='bbox 2905 4842 3177 4895; x_wconf 82' lang='lat' dir='ltr'><strong>-tlecittt.ttn</strong></span> <span class='ocrx_word' id='word_1_843' title='bbox 3209 4842 3337 4893; x_wconf 85' lang='lat' dir='ltr'><strong>illud</strong></span> <span class='ocrx_word' id='word_1_844' title='bbox 3371 4841 3512 4895; x_wconf 77' lang='lat' dir='ltr'><strong>rele-</strong></span> 
     </span>
    </p>
   </div>
   <div class='ocr_carea' id='block_1_122' title="bbox 1949 4911 3516 4981">
    <p class='ocr_par' dir='ltr' id='par_1_122' title="bbox 1949 4911 3516 4981">
     <span class='ocr_line' id='line_1_122' title="bbox 1949 4911 3516 4981; baseline -0.001 -15"><span class='ocrx_word' id='word_1_845' title='bbox 1949 4915 2192 4968; x_wconf 87' lang='lat' dir='ltr'><strong>rendum.</strong></span> <span class='ocrx_word' id='word_1_846' title='bbox 2248 4913 2406 4965; x_wconf 87' lang='lat' dir='ltr'><strong>Divus</strong></span> <span class='ocrx_word' id='word_1_847' title='bbox 2451 4912 2775 4980; x_wconf 86' lang='lat' dir='ltr'><strong>Augustinus</strong></span> <span class='ocrx_word' id='word_1_848' title='bbox 2833 4911 3027 4981; x_wconf 88' lang='lat' dir='ltr'><strong>passim</strong></span> <span class='ocrx_word' id='word_1_849' title='bbox 3080 4913 3238 4964; x_wconf 88' lang='lat' dir='ltr'><strong>variis</strong></span> <span class='ocrx_word' id='word_1_850' title='bbox 3282 4911 3335 4964; x_wconf 94' lang='lat' dir='ltr'><strong>in</strong></span> <span class='ocrx_word' id='word_1_851' title='bbox 3383 4911 3516 4966; x_wconf 83' lang='lat' dir='ltr'><strong>locis</strong></span> 
     </span>
    </p>
   </div>
   <div class='ocr_carea' id='block_1_123' title="bbox 1950 4981 3522 5046">
    <p class='ocr_par' dir='ltr' id='par_1_123' title="bbox 1950 4981 3522 5046">
     <span class='ocr_line' id='line_1_123' title="bbox 1950 4981 3522 5046; baseline -0.002 -8"><span class='ocrx_word' id='word_1_852' title='bbox 1950 4983 2289 5038; x_wconf 87' lang='lat' dir='ltr'><strong>Laurentium</strong></span> <span class='ocrx_word' id='word_1_853' title='bbox 2320 4983 2513 5046; x_wconf 86' lang='lat' dir='ltr'><strong>laudat,</strong></span> <span class='ocrx_word' id='word_1_854' title='bbox 2544 4993 2596 5036; x_wconf 92' lang='lat' dir='ltr'><strong>et</strong></span> <span class='ocrx_word' id='word_1_855' title='bbox 2629 4983 2934 5044; x_wconf 65' lang='lat' dir='ltr'><strong>liuinartus,</strong></span> <span class='ocrx_word' id='word_1_856' title='bbox 2969 4982 3049 5034; x_wconf 87' lang='lat' dir='ltr'><strong>vir</strong></span> <span class='ocrx_word' id='word_1_857' title='bbox 3075 4981 3427 5044; x_wconf 79' lang='lat' dir='ltr'><strong>clarissimus,</strong></span> <span class='ocrx_word' id='word_1_858' title='bbox 3470 4984 3522 5035; x_wconf 91' lang='lat' dir='ltr'><strong>in</strong></span> 
     </span>
    </p>
   </div>
   <div class='ocr_carea' id='block_1_124' title="bbox 1950 5051 3526 5122">
    <p class='ocr_par' dir='ltr' id='par_1_124' title="bbox 1950 5051 3526 5122">
     <span class='ocr_line' id='line_1_124' title="bbox 1950 5051 3526 5122; baseline -0.001 -15"><span class='ocrx_word' id='word_1_859' title='bbox 1950 5056 2097 5107; x_wconf 87' lang='lat' dir='ltr'><strong>Actis</strong></span> <span class='ocrx_word' id='word_1_860' title='bbox 2121 5054 2410 5121; x_wconf 72' lang='lat' dir='ltr'><strong>primm-um</strong></span> <span class='ocrx_word' id='word_1_861' title='bbox 2440 5062 2731 5122; x_wconf 74' lang='lat' dir='ltr'><strong>martyrum</strong></span> <span class='ocrx_word' id='word_1_862' title='bbox 2755 5051 2976 5106; x_wconf 87' lang='lat' dir='ltr'><strong>sinceris</strong></span> <span class='ocrx_word' id='word_1_863' title='bbox 2995 5061 3049 5105; x_wconf 94' lang='lat' dir='ltr'><strong>et</strong></span> <span class='ocrx_word' id='word_1_864' title='bbox 3076 5051 3288 5106; x_wconf 58' lang='lat' dir='ltr'><strong>selectis</strong></span> <span class='ocrx_word' id='word_1_865' title='bbox 3313 5068 3362 5118; x_wconf 85' lang='lat' dir='ltr'><strong>p.</strong></span> <span class='ocrx_word' id='word_1_866' title='bbox 3399 5052 3526 5114; x_wconf 75' lang='grc'>180.</span> 
     </span>
    </p>
   </div>
   <div class='ocr_carea' id='block_1_125' title="bbox 1951 5122 3525 5178">
    <p class='ocr_par' dir='ltr' id='par_1_125' title="bbox 1951 5122 3525 5178">
     <span class='ocr_line' id='line_1_125' title="bbox 1951 5122 3525 5178; baseline -0.001 0"><span class='ocrx_word' id='word_1_867' title='bbox 1951 5125 2113 5178; x_wconf 89' lang='lat' dir='ltr'><strong>ttmlta</strong></span> <span class='ocrx_word' id='word_1_868' title='bbox 2145 5125 2361 5177; x_wconf 63' lang='lat' dir='ltr'><strong>exhibet</strong></span> <span class='ocrx_word' id='word_1_869' title='bbox 2386 5123 2455 5176; x_wconf 89' lang='lat' dir='ltr'><strong>de</strong></span> <span class='ocrx_word' id='word_1_870' title='bbox 2483 5123 2538 5177; x_wconf 92' lang='grc'><strong>8.</strong></span> <span class='ocrx_word' id='word_1_871' title='bbox 2567 5122 2852 5176; x_wconf 63' lang='lat' dir='ltr'><strong>Laurentio</strong></span> <span class='ocrx_word' id='word_1_872' title='bbox 2879 5139 2942 5175; x_wconf 79' lang='lat' dir='ltr'><strong>ex</strong></span> <span class='ocrx_word' id='word_1_873' title='bbox 2969 5123 3195 5176; x_wconf 90' lang='lat' dir='ltr'><strong>aliorum</strong></span> <span class='ocrx_word' id='word_1_874' title='bbox 3219 5133 3525 5176; x_wconf 88' lang='lat' dir='ltr'><strong>sanctorum</strong></span> 
     </span>
    </p>
   </div>
   <div class='ocr_carea' id='block_1_126' title="bbox 1953 5193 3524 5262">
    <p class='ocr_par' dir='ltr' id='par_1_126' title="bbox 1953 5193 3524 5262">
     <span class='ocr_line' id='line_1_126' title="bbox 1953 5193 3524 5262; baseline 0.001 -17"><span class='ocrx_word' id='word_1_875' title='bbox 1953 5205 2160 5260; x_wconf 89' lang='lat' dir='ltr'><strong>patrum</strong></span> <span class='ocrx_word' id='word_1_876' title='bbox 2208 5205 2263 5248; x_wconf 90' lang='lat' dir='ltr'><strong>et</strong></span> <span class='ocrx_word' id='word_1_877' title='bbox 2290 5203 2530 5249; x_wconf 89' lang='lat' dir='ltr'><strong>veterum</strong></span> <span class='ocrx_word' id='word_1_878' title='bbox 2571 5193 2891 5262; x_wconf 78' lang='lat' dir='ltr'><strong>scriptorum</strong></span> <span class='ocrx_word' id='word_1_879' title='bbox 2937 5194 3208 5261; x_wconf 88' lang='lat' dir='ltr'><strong>opusculis</strong></span> <span class='ocrx_word' id='word_1_880' title='bbox 3250 5203 3524 5260; x_wconf 89' lang='lat' dir='ltr'><strong>excerpta.</strong></span> 
     </span>
    </p>
   </div>
   <div class='ocr_carea' id='block_1_127' title="bbox 1952 5263 3524 5331">
    <p class='ocr_par' dir='ltr' id='par_1_127' title="bbox 1952 5263 3524 5331">
     <span class='ocr_line' id='line_1_127' title="bbox 1952 5263 3524 5331; baseline -0.001 -12"><span class='ocrx_word' id='word_1_881' title='bbox 1952 5265 2087 5319; x_wconf 84' lang='lat' dir='ltr'><strong>Cum</strong></span> <span class='ocrx_word' id='word_1_882' title='bbox 2119 5266 2177 5318; x_wconf 90' lang='lat' dir='ltr'><strong>S.</strong></span> <span class='ocrx_word' id='word_1_883' title='bbox 2209 5265 2391 5319; x_wconf 85' lang='lat' dir='ltr'><strong>Sixtus</strong></span> <span class='ocrx_word' id='word_1_884' title='bbox 2417 5266 2516 5317; x_wconf 82' lang='lat' dir='ltr'><strong>sub</strong></span> <span class='ocrx_word' id='word_1_885' title='bbox 2549 5263 2835 5317; x_wconf 87' lang='lat' dir='ltr'><strong>Valeriano</strong></span> <span class='ocrx_word' id='word_1_886' title='bbox 2881 5264 3191 5331; x_wconf 85' lang='lat' dir='ltr'><strong>martyrium</strong></span> <span class='ocrx_word' id='word_1_887' title='bbox 3223 5277 3408 5330; x_wconf 85' lang='lat' dir='ltr'><strong>passus</strong></span> <span class='ocrx_word' id='word_1_888' title='bbox 3437 5265 3524 5326; x_wconf 89' lang='lat' dir='ltr'><strong>sit,</strong></span> 
     </span>
    </p>
   </div>
   <div class='ocr_carea' id='block_1_128' title="bbox 1953 5333 3528 5399">
    <p class='ocr_par' dir='ltr' id='par_1_128' title="bbox 1953 5333 3528 5399">
     <span class='ocr_line' id='line_1_128' title="bbox 1953 5333 3528 5399; baseline -0.001 -10"><span class='ocrx_word' id='word_1_889' title='bbox 1953 5350 2172 5390; x_wconf 88' lang='lat' dir='ltr'><strong>necesse</strong></span> <span class='ocrx_word' id='word_1_890' title='bbox 2218 5343 2302 5388; x_wconf 88' lang='lat' dir='ltr'><strong>est</strong></span> <span class='ocrx_word' id='word_1_891' title='bbox 2344 5343 2397 5387; x_wconf 69' lang='grc' dir='ltr'><strong>«ιι</strong></span> <span class='ocrx_word' id='word_1_892' title='bbox 2448 5349 2658 5399; x_wconf 74' lang='lat' dir='ltr'><strong>passum</strong></span> <span class='ocrx_word' id='word_1_893' title='bbox 2711 5333 2769 5387; x_wconf 93' lang='lat' dir='ltr'><strong>S.</strong></span> <span class='ocrx_word' id='word_1_894' title='bbox 2802 5334 3148 5388; x_wconf 89' lang='lat' dir='ltr'><strong>Laurentium</strong></span> <span class='ocrx_word' id='word_1_895' title='bbox 3204 5336 3304 5388; x_wconf 90' lang='lat' dir='ltr'><strong>sub</strong></span> <span class='ocrx_word' id='word_1_896' title='bbox 3335 5335 3528 5389; x_wconf 80' lang='lat' dir='ltr'><strong>eodem</strong></span> 
     </span>
    </p>
   </div>
   <div class='ocr_carea' id='block_1_129' title="bbox 1953 5404 3530 5474">
    <p class='ocr_par' dir='ltr' id='par_1_129' title="bbox 1953 5404 3530 5474">
     <span class='ocr_line' id='line_1_129' title="bbox 1953 5404 3530 5474; baseline 0 -14"><span class='ocrx_word' id='word_1_897' title='bbox 1953 5409 2308 5474; x_wconf 84' lang='lat' dir='ltr'><strong>imperatore;</strong></span> <span class='ocrx_word' id='word_1_898' title='bbox 2339 5405 2467 5458; x_wconf 79' lang='lat' dir='ltr'><strong>Acta</strong></span> <span class='ocrx_word' id='word_1_899' title='bbox 2516 5406 2672 5474; x_wconf 81' lang='lat' dir='ltr'><strong>igitur</strong></span> <span class='ocrx_word' id='word_1_900' title='bbox 2701 5404 2760 5457; x_wconf 89' lang='grc'><strong>8.</strong></span> <span class='ocrx_word' id='word_1_901' title='bbox 2809 5405 3074 5458; x_wconf 82' lang='lat' dir='ltr'><strong>Laurentii</strong></span> <span class='ocrx_word' id='word_1_902' title='bbox 3109 5413 3163 5458; x_wconf 89' lang='lat' dir='ltr'><strong>et</strong></span> <span class='ocrx_word' id='word_1_903' title='bbox 3187 5407 3366 5457; x_wconf 90' lang='lat' dir='ltr'><strong>omnia</strong></span> <span class='ocrx_word' id='word_1_904' title='bbox 3415 5404 3530 5460; x_wconf 83' lang='lat' dir='ltr'><strong>fere</strong></span> 
     </span>
    </p>
   </div>
   <div class='ocr_carea' id='block_1_130' title="bbox 1955 5472 3524 5544">
    <p class='ocr_par' dir='ltr' id='par_1_130' title="bbox 1955 5472 3524 5544">
     <span class='ocr_line' id='line_1_130' title="bbox 1955 5472 3524 5544; baseline -0.003 -12"><span class='ocrx_word' id='word_1_905' title='bbox 1955 5472 2352 5544; x_wconf 57' lang='lat' dir='ltr'><strong>Mai&#39;tyrolojgia,</strong></span> <span class='ocrx_word' id='word_1_906' title='bbox 2377 5485 2600 5542; x_wconf 76' lang='lat' dir='ltr'><strong>excepto</strong></span> <span class='ocrx_word' id='word_1_907' title='bbox 2633 5472 2844 5528; x_wconf 80' lang='lat' dir='ltr'><strong>Baronii</strong></span> <span class='ocrx_word' id='word_1_908' title='bbox 2880 5475 3174 5544; x_wconf 82' lang='lat' dir='ltr'><strong>lllartyrnl.,</strong></span> <span class='ocrx_word' id='word_1_909' title='bbox 3208 5475 3524 5541; x_wconf 79' lang='lat' dir='ltr'><strong>corrigenda</strong></span> 
     </span>
    </p>
   </div>
   <div class='ocr_carea' id='block_1_131' title="bbox 1954 5544 3540 5616">
    <p class='ocr_par' dir='ltr' id='par_1_131' title="bbox 1954 5544 3540 5616">
     <span class='ocr_line' id='line_1_131' title="bbox 1954 5544 3540 5616; baseline 0 -16"><span class='ocrx_word' id='word_1_910' title='bbox 1954 5556 2098 5610; x_wconf 90' lang='lat' dir='ltr'><strong>sunt,</strong></span> <span class='ocrx_word' id='word_1_911' title='bbox 2127 5564 2246 5616; x_wconf 80' lang='lat' dir='ltr'><strong>qua:</strong></span> <span class='ocrx_word' id='word_1_912' title='bbox 2274 5547 2408 5599; x_wconf 77' lang='lat' dir='ltr'><strong>falso</strong></span> <span class='ocrx_word' id='word_1_913' title='bbox 2433 5561 2560 5616; x_wconf 71' lang='lat' dir='ltr'><strong>eum</strong></span> <span class='ocrx_word' id='word_1_914' title='bbox 2587 5545 2701 5616; x_wconf 85' lang='lat' dir='ltr'><strong>sub</strong></span> <span class='ocrx_word' id='word_1_915' title='bbox 2733 5544 2896 5599; x_wconf 88' lang='lat' dir='ltr'><strong>Decio</strong></span> <span class='ocrx_word' id='word_1_916' title='bbox 2931 5560 3141 5615; x_wconf 71' lang='lat' dir='ltr'><strong>passum</strong></span> <span class='ocrx_word' id='word_1_917' title='bbox 3175 5545 3540 5616; x_wconf 60' lang='lat' dir='ltr'><strong>tradiderunt.</strong></span> 
     </span>
    </p>
   </div>
   <div class='ocr_carea' id='block_1_132' title="bbox 1955 5614 3534 5686">
    <p class='ocr_par' dir='ltr' id='par_1_132' title="bbox 1955 5614 3534 5686">
     <span class='ocr_line' id='line_1_132' title="bbox 1955 5614 3534 5686; baseline 0.001 -15"><span class='ocrx_word' id='word_1_918' title='bbox 1955 5618 2123 5683; x_wconf 79' lang='lat' dir='ltr'><strong>i‘lttju&#39;s</strong></span> <span class='ocrx_word' id='word_1_919' title='bbox 2147 5614 2339 5686; x_wconf 79' lang='lat' dir='ltr'><strong>corpus</strong></span> <span class='ocrx_word' id='word_1_920' title='bbox 2368 5630 2394 5667; x_wconf 89' lang='lat' dir='ltr'><strong>a</strong></span> <span class='ocrx_word' id='word_1_921' title='bbox 2429 5614 2486 5667; x_wconf 83' lang='grc' dir='ltr'>Β.</span> <span class='ocrx_word' id='word_1_922' title='bbox 2519 5614 2804 5684; x_wconf 80' lang='lat' dir='ltr'><strong>Hippolyto</strong></span> <span class='ocrx_word' id='word_1_923' title='bbox 2849 5625 2906 5670; x_wconf 91' lang='lat' dir='ltr'><strong>et</strong></span> <span class='ocrx_word' id='word_1_924' title='bbox 2933 5614 3163 5686; x_wconf 31' lang='lat' dir='ltr'><strong>’thsiitio</strong></span> <span class='ocrx_word' id='word_1_925' title='bbox 3212 5615 3534 5685; x_wconf 78' lang='lat' dir='ltr'><strong>presbytero</strong></span> 
     </span>
    </p>
   </div>
   <div class='ocr_carea' id='block_1_133' title="bbox 1957 5685 3539 5758">
    <p class='ocr_par' dir='ltr' id='par_1_133' title="bbox 1957 5685 3539 5758">
     <span class='ocr_line' id='line_1_133' title="bbox 1957 5685 3539 5758; baseline 0.003 -18"><span class='ocrx_word' id='word_1_926' title='bbox 1957 5690 2222 5752; x_wconf 82' lang='lat' dir='ltr'><strong>sepultum</strong></span> <span class='ocrx_word' id='word_1_927' title='bbox 2255 5685 2348 5740; x_wconf 78' lang='lat' dir='ltr'><strong>fuit</strong></span> <span class='ocrx_word' id='word_1_928' title='bbox 2395 5688 2445 5739; x_wconf 88' lang='lat' dir='ltr'><strong>in</strong></span> <span class='ocrx_word' id='word_1_929' title='bbox 2487 5686 2799 5741; x_wconf 72' lang='lat' dir='ltr'><strong>cwmcterio</strong></span> <span class='ocrx_word' id='word_1_930' title='bbox 2849 5685 3088 5758; x_wconf 69' lang='lat' dir='ltr'><strong>Cyriacte</strong></span> <span class='ocrx_word' id='word_1_931' title='bbox 3141 5687 3194 5742; x_wconf 89' lang='lat' dir='ltr'><strong>in</strong></span> <span class='ocrx_word' id='word_1_932' title='bbox 3246 5703 3373 5757; x_wconf 86' lang='lat' dir='ltr'><strong>agro</strong></span> <span class='ocrx_word' id='word_1_933' title='bbox 3431 5687 3539 5745; x_wconf 66' lang='lat' dir='ltr'><strong>Vc»</strong></span> 
     </span>
    </p>
   </div>
   <div class='ocr_carea' id='block_1_134' title="bbox 1959 5772 3538 5812">
    <p class='ocr_par' dir='ltr' id='par_1_134' title="bbox 1959 5772 3538 5812">
     <span class='ocr_line' id='line_1_134' title="bbox 1959 5772 3538 5812; baseline -0.001 0"><span class='ocrx_word' id='word_1_934' title='bbox 1959 5772 2107 5812; x_wconf 73' lang='lat' dir='ltr'><strong>ratio.</strong></span> <span class='ocrx_word' id='word_1_935' title='bbox 3535 5777 3538 5782; x_wconf 90' lang='grc'>·</span> 
     </span>
    </p>
   </div>
   <div class='ocr_carea' id='block_1_135' title="bbox 3028 5851 3103 5908">
    <p class='ocr_par' dir='ltr' id='par_1_135' title="bbox 3028 5851 3103 5908">
     <span class='ocr_line' id='line_1_135' title="bbox 3028 5851 3103 5908; baseline 0 0"><span class='ocrx_word' id='word_1_936' title='bbox 3028 5851 3103 5908; x_wconf 70' lang='lat'><strong>3;!</strong></span> 
     </span>
    </p>
   </div>
  </div>
