  <div class='ocr_page' id='page_1' title='image "/cluster/home/n/w/nwhite01/storage/ocr_20150623/94/hvd.32044020406492/509.png"; bbox 0 0 4064 6346; ppageno 0'>
   <div class='ocr_carea' id='block_1_1' title="bbox 553 276 689 333">
    <p class='ocr_par' dir='ltr' id='par_1_1' title="bbox 553 276 689 333">
     <span class='ocr_line' id='line_1_1' title="bbox 553 276 689 333; baseline -0.022 0"><span class='ocrx_word' id='word_1_1' title='bbox 553 279 576 333; x_wconf 74' lang='grc'><strong>1</strong></span> <span class='ocrx_word' id='word_1_2' title='bbox 587 276 689 330; x_wconf 69' lang='lat'><strong>003</strong></span> 
     </span>
    </p>
   </div>
   <div class='ocr_carea' id='block_1_2' title="bbox 1262 269 3006 333">
    <p class='ocr_par' dir='ltr' id='par_1_2' title="bbox 1262 269 3006 333">
     <span class='ocr_line' id='line_1_2' title="bbox 1262 269 3006 333; baseline -0.003 -4"><span class='ocrx_word' id='word_1_3' title='bbox 1262 276 1462 332; x_wconf 60' lang='lat' dir='ltr'><strong>BEDzE</strong></span> <span class='ocrx_word' id='word_1_4' title='bbox 1508 276 1954 333; x_wconf 72' lang='lat' dir='ltr'><strong>VENlillABlldS</strong></span> <span class='ocrx_word' id='word_1_5' title='bbox 1993 274 2142 332; x_wconf 74' lang='lat' dir='ltr'><strong>OPP.</strong></span> <span class='ocrx_word' id='word_1_6' title='bbox 2189 273 2362 330; x_wconf 80' lang='lat' dir='ltr'><strong>PARS</strong></span> <span class='ocrx_word' id='word_1_7' title='bbox 2402 273 2488 329; x_wconf 77' lang='grc' dir='ltr'><strong>ιν.</strong></span> <span class='ocrx_word' id='word_1_8' title='bbox 2522 302 2587 313; x_wconf 94' lang='grc'><strong><em>-</em></strong></span> <span class='ocrx_word' id='word_1_9' title='bbox 2629 269 3006 328; x_wconf 78' lang='lat' dir='ltr'><strong>IIISTORIC.\.</strong></span> 
     </span>
    </p>
   </div>
   <div class='ocr_carea' id='block_1_3' title="bbox 3672 269 3815 328">
    <p class='ocr_par' dir='ltr' id='par_1_3' title="bbox 3672 269 3815 328">
     <span class='ocr_line' id='line_1_3' title="bbox 3672 269 3815 328; baseline 0.021 -3"><span class='ocrx_word' id='word_1_10' title='bbox 3672 269 3815 328; x_wconf 65' lang='grc' dir='ltr'><strong>ιῡθι</strong></span> 
     </span>
    </p>
   </div>
   <div class='ocr_carea' id='block_1_4' title="bbox 1821 383 2552 441">
    <p class='ocr_par' dir='ltr' id='par_1_4' title="bbox 1821 383 2552 441">
     <span class='ocr_line' id='line_1_4' title="bbox 1821 383 2552 441; baseline -0.003 -1"><span class='ocrx_word' id='word_1_11' title='bbox 1821 386 2048 441; x_wconf 78' lang='lat' dir='ltr'><strong>EDITIO</strong></span> <span class='ocrx_word' id='word_1_12' title='bbox 2084 383 2552 441; x_wconf 78' lang='lat' dir='ltr'><strong>COLONIENSIS.</strong></span> 
     </span>
    </p>
   </div>
   <div class='ocr_carea' id='block_1_5' title="bbox 546 472 3822 553">
    <p class='ocr_par' dir='ltr' id='par_1_5' title="bbox 546 472 3822 553">
     <span class='ocr_line' id='line_1_5' title="bbox 546 472 3822 553; baseline -0.002 -18"><span class='ocrx_word' id='word_1_13' title='bbox 546 483 668 535; x_wconf 89' lang='lat' dir='ltr'><strong>coni</strong></span> <span class='ocrx_word' id='word_1_14' title='bbox 700 478 801 534; x_wconf 88' lang='lat' dir='ltr'><strong>sub</strong></span> <span class='ocrx_word' id='word_1_15' title='bbox 834 480 1015 546; x_wconf 83' lang='lat' dir='ltr'><strong>Decio,</strong></span> <span class='ocrx_word' id='word_1_16' title='bbox 1040 477 1128 548; x_wconf 89' lang='lat' dir='ltr'><strong>qui</strong></span> <span class='ocrx_word' id='word_1_17' title='bbox 1158 487 1278 549; x_wconf 90' lang='lat' dir='ltr'><strong>post</strong></span> <span class='ocrx_word' id='word_1_18' title='bbox 1305 477 1531 547; x_wconf 88' lang='lat' dir='ltr'><strong>plurima</strong></span> <span class='ocrx_word' id='word_1_19' title='bbox 1565 486 1830 531; x_wconf 78' lang='lat' dir='ltr'><strong>toi-menta</strong></span> <span class='ocrx_word' id='word_1_20' title='bbox 1868 477 2128 539; x_wconf 86' lang='lat' dir='ltr'><strong>carceris,</strong></span> <span class='ocrx_word' id='word_1_21' title='bbox 2165 498 2209 553; x_wconf 66' lang='grc' dir='ltr'><strong>Λ</strong></span> <span class='ocrx_word' id='word_1_22' title='bbox 2238 484 2414 530; x_wconf 88' lang='lat' dir='ltr'><strong>menta</strong></span> <span class='ocrx_word' id='word_1_23' title='bbox 2460 477 2509 528; x_wconf 92' lang='lat' dir='ltr'><strong>in</strong></span> <span class='ocrx_word' id='word_1_24' title='bbox 2537 473 2696 527; x_wconf 92' lang='lat' dir='ltr'><strong>domo</strong></span> <span class='ocrx_word' id='word_1_25' title='bbox 2726 473 2935 543; x_wconf 89' lang='lat' dir='ltr'><strong>propria</strong></span> <span class='ocrx_word' id='word_1_26' title='bbox 2966 472 3140 543; x_wconf 85' lang='lat' dir='ltr'><strong>gladio</strong></span> <span class='ocrx_word' id='word_1_27' title='bbox 3170 472 3406 541; x_wconf 90' lang='lat' dir='ltr'><strong>percuti,</strong></span> <span class='ocrx_word' id='word_1_28' title='bbox 3435 480 3488 527; x_wconf 91' lang='lat' dir='ltr'><strong>et</strong></span> <span class='ocrx_word' id='word_1_29' title='bbox 3517 473 3596 527; x_wconf 90' lang='lat' dir='ltr'><strong>sic</strong></span> <span class='ocrx_word' id='word_1_30' title='bbox 3621 485 3822 547; x_wconf 78' lang='lat' dir='ltr'><strong>marty-</strong></span> 
     </span>
    </p>
   </div>
   <div class='ocr_carea' id='block_1_6' title="bbox 550 569 2133 633">
    <p class='ocr_par' dir='ltr' id='par_1_6' title="bbox 550 569 2133 633">
     <span class='ocr_line' id='line_1_6' title="bbox 550 569 2133 633; baseline -0.003 -7"><span class='ocrx_word' id='word_1_31' title='bbox 550 574 836 628; x_wconf 87' lang='lat' dir='ltr'><strong>verberum</strong></span> <span class='ocrx_word' id='word_1_32' title='bbox 866 572 1193 627; x_wconf 83' lang='lat' dir='ltr'><strong>diversarum</strong></span> <span class='ocrx_word' id='word_1_33' title='bbox 1228 570 1539 623; x_wconf 90' lang='lat' dir='ltr'><strong>laminarum</strong></span> <span class='ocrx_word' id='word_1_34' title='bbox 1571 570 1891 633; x_wconf 90' lang='lat' dir='ltr'><strong>ardentium,</strong></span> <span class='ocrx_word' id='word_1_35' title='bbox 1914 570 1977 622; x_wconf 88' lang='lat' dir='ltr'><strong>ad</strong></span> <span class='ocrx_word' id='word_1_36' title='bbox 2009 569 2133 622; x_wconf 79' lang='lat' dir='ltr'><strong>ulti-</strong></span> 
     </span>
    </p>
   </div>
   <div class='ocr_carea' id='block_1_7' title="bbox 549 662 2132 733">
    <p class='ocr_par' dir='ltr' id='par_1_7' title="bbox 549 662 2132 733">
     <span class='ocr_line' id='line_1_7' title="bbox 549 662 2132 733; baseline -0.004 -12"><span class='ocrx_word' id='word_1_37' title='bbox 549 682 696 721; x_wconf 87' lang='lat' dir='ltr'><strong>mum</strong></span> <span class='ocrx_word' id='word_1_38' title='bbox 750 666 802 720; x_wconf 93' lang='lat' dir='ltr'><strong>ili</strong></span> <span class='ocrx_word' id='word_1_39' title='bbox 844 664 1095 719; x_wconf 79' lang='lat' dir='ltr'><strong>craticula</strong></span> <span class='ocrx_word' id='word_1_40' title='bbox 1145 662 1317 717; x_wconf 81' lang='lat' dir='ltr'><strong>ferrea</strong></span> <span class='ocrx_word' id='word_1_41' title='bbox 1369 673 1599 725; x_wconf 87' lang='lat' dir='ltr'><strong>assatns,</strong></span> <span class='ocrx_word' id='word_1_42' title='bbox 1632 665 1941 733; x_wconf 76' lang='lat' dir='ltr'><strong>martyrium</strong></span> <span class='ocrx_word' id='word_1_43' title='bbox 1983 678 2132 717; x_wconf 92' lang='lat' dir='ltr'><strong>coin-</strong></span> 
     </span>
    </p>
   </div>
   <div class='ocr_carea' id='block_1_8' title="bbox 553 754 2134 825">
    <p class='ocr_par' dir='ltr' id='par_1_8' title="bbox 553 754 2134 825">
     <span class='ocr_line' id='line_1_8' title="bbox 553 754 2134 825; baseline -0.003 -12"><span class='ocrx_word' id='word_1_44' title='bbox 553 758 737 825; x_wconf 70' lang='lat' dir='ltr'><strong>plevit.</strong></span> <span class='ocrx_word' id='word_1_45' title='bbox 773 756 923 810; x_wconf 78' lang='lat' dir='ltr'><strong>Mane</strong></span> <span class='ocrx_word' id='word_1_46' title='bbox 969 764 1148 809; x_wconf 84' lang='lat' dir='ltr'><strong>autem</strong></span> <span class='ocrx_word' id='word_1_47' title='bbox 1194 754 1365 824; x_wconf 89' lang='lat' dir='ltr'><strong>primo</strong></span> <span class='ocrx_word' id='word_1_48' title='bbox 1391 755 1566 809; x_wconf 87' lang='lat' dir='ltr'><strong>adllnc</strong></span> <span class='ocrx_word' id='word_1_49' title='bbox 1602 755 1918 823; x_wconf 80' lang='lat' dir='ltr'><strong>crepusculo</strong></span> <span class='ocrx_word' id='word_1_50' title='bbox 1959 756 2134 822; x_wconf 88' lang='lat' dir='ltr'><strong>rapuit</strong></span> 
     </span>
    </p>
   </div>
   <div class='ocr_carea' id='block_1_9' title="bbox 548 846 2133 918">
    <p class='ocr_par' dir='ltr' id='par_1_9' title="bbox 548 846 2133 918">
     <span class='ocr_line' id='line_1_9' title="bbox 548 846 2133 918; baseline -0.003 -14"><span class='ocrx_word' id='word_1_51' title='bbox 548 863 744 918; x_wconf 90' lang='lat' dir='ltr'><strong>corpus</strong></span> <span class='ocrx_word' id='word_1_52' title='bbox 786 848 903 915; x_wconf 86' lang='lat' dir='ltr'><strong>ejus</strong></span> <span class='ocrx_word' id='word_1_53' title='bbox 952 846 1290 917; x_wconf 87' lang='lat' dir='ltr'><strong>Hippolytus,</strong></span> <span class='ocrx_word' id='word_1_54' title='bbox 1322 856 1375 901; x_wconf 91' lang='lat' dir='ltr'><strong>et</strong></span> <span class='ocrx_word' id='word_1_55' title='bbox 1406 846 1643 900; x_wconf 84' lang='lat' dir='ltr'><strong>condivit</strong></span> <span class='ocrx_word' id='word_1_56' title='bbox 1685 860 1807 899; x_wconf 90' lang='lat' dir='ltr'><strong>cum</strong></span> <span class='ocrx_word' id='word_1_57' title='bbox 1852 846 2031 900; x_wconf 91' lang='lat' dir='ltr'><strong>linteis</strong></span> <span class='ocrx_word' id='word_1_58' title='bbox 2079 855 2133 900; x_wconf 88' lang='lat' dir='ltr'><strong>et</strong></span> 
     </span>
    </p>
   </div>
   <div class='ocr_carea' id='block_1_10' title="bbox 546 937 2129 1008">
    <p class='ocr_par' dir='ltr' id='par_1_10' title="bbox 546 937 2129 1008">
     <span class='ocr_line' id='line_1_10' title="bbox 546 937 2129 1008; baseline 0 -15"><span class='ocrx_word' id='word_1_59' title='bbox 546 939 914 1003; x_wconf 87' lang='lat' dir='ltr'><strong>aromatibus,</strong></span> <span class='ocrx_word' id='word_1_60' title='bbox 967 953 1089 993; x_wconf 90' lang='lat' dir='ltr'><strong>cum</strong></span> <span class='ocrx_word' id='word_1_61' title='bbox 1148 940 1303 991; x_wconf 87' lang='lat' dir='ltr'><strong>beato</strong></span> <span class='ocrx_word' id='word_1_62' title='bbox 1355 937 1566 992; x_wconf 87' lang='lat' dir='ltr'><strong>.lustino</strong></span> <span class='ocrx_word' id='word_1_63' title='bbox 1623 940 1974 1008; x_wconf 77' lang='lat' dir='ltr'><strong>presbytero,</strong></span> <span class='ocrx_word' id='word_1_64' title='bbox 2019 939 2129 1007; x_wconf 88' lang='lat' dir='ltr'><strong>jam</strong></span> 
     </span>
    </p>
   </div>
   <div class='ocr_carea' id='block_1_11' title="bbox 546 1027 2132 1096">
    <p class='ocr_par' dir='ltr' id='par_1_11' title="bbox 546 1027 2132 1096">
     <span class='ocr_line' id='line_1_11' title="bbox 546 1027 2132 1096; baseline 0.001 -15"><span class='ocrx_word' id='word_1_65' title='bbox 546 1029 850 1094; x_wconf 90' lang='lat' dir='ltr'><strong>vespertina</strong></span> <span class='ocrx_word' id='word_1_66' title='bbox 876 1028 1027 1091; x_wconf 89' lang='lat' dir='ltr'><strong>liora,</strong></span> <span class='ocrx_word' id='word_1_67' title='bbox 1043 1037 1099 1082; x_wconf 88' lang='lat' dir='ltr'><strong>et</strong></span> <span class='ocrx_word' id='word_1_68' title='bbox 1118 1027 1443 1096; x_wconf 89' lang='lat' dir='ltr'><strong>sepelierunt</strong></span> <span class='ocrx_word' id='word_1_69' title='bbox 1466 1030 1515 1081; x_wconf 94' lang='lat' dir='ltr'><strong>in</strong></span> <span class='ocrx_word' id='word_1_70' title='bbox 1540 1042 1668 1095; x_wconf 80' lang='lat' dir='ltr'><strong>agro</strong></span> <span class='ocrx_word' id='word_1_71' title='bbox 1690 1027 1916 1084; x_wconf 75' lang='lat' dir='ltr'><strong>Ver-Ino.</strong></span> <span class='ocrx_word' id='word_1_72' title='bbox 1947 1030 2132 1082; x_wconf 74' lang='lat' dir='ltr'><strong>Itonia:</strong></span> 
     </span>
    </p>
   </div>
   <div class='ocr_carea' id='block_1_12' title="bbox 548 1112 2126 1188">
    <p class='ocr_par' dir='ltr' id='par_1_12' title="bbox 548 1112 2126 1188">
     <span class='ocr_line' id='line_1_12' title="bbox 548 1112 2126 1188; baseline 0.002 -16"><span class='ocrx_word' id='word_1_73' title='bbox 548 1120 776 1173; x_wconf 88' lang='lat' dir='ltr'><strong>militum</strong></span> <span class='ocrx_word' id='word_1_74' title='bbox 827 1136 955 1174; x_wconf 82' lang='lat' dir='ltr'><strong>va.</strong></span> <span class='ocrx_word' id='word_1_75' title='bbox 1011 1112 1162 1174; x_wconf 79' lang='lat' dir='ltr'><strong>Tunc</strong></span> <span class='ocrx_word' id='word_1_76' title='bbox 1217 1121 1353 1188; x_wconf 80' lang='lat' dir='ltr'><strong>passi</strong></span> <span class='ocrx_word' id='word_1_77' title='bbox 1403 1128 1527 1173; x_wconf 85' lang='lat' dir='ltr'><strong>Sunt</strong></span> <span class='ocrx_word' id='word_1_78' title='bbox 1570 1120 1845 1187; x_wconf 82' lang='lat' dir='ltr'><strong>Claudius,</strong></span> <span class='ocrx_word' id='word_1_79' title='bbox 1876 1122 2126 1188; x_wconf 70' lang='lat' dir='ltr'><strong>Severus,</strong></span> 
     </span>
    </p>
   </div>
   <div class='ocr_carea' id='block_1_13' title="bbox 544 1210 1548 1278">
    <p class='ocr_par' dir='ltr' id='par_1_13' title="bbox 544 1210 1548 1278">
     <span class='ocr_line' id='line_1_13' title="bbox 544 1210 1548 1278; baseline -0.001 -13"><span class='ocrx_word' id='word_1_80' title='bbox 544 1210 889 1265; x_wconf 88' lang='lat' dir='ltr'><strong>Crescentius</strong></span> <span class='ocrx_word' id='word_1_81' title='bbox 919 1221 971 1265; x_wconf 88' lang='lat' dir='ltr'><strong>et</strong></span> <span class='ocrx_word' id='word_1_82' title='bbox 999 1210 1268 1264; x_wconf 74' lang='lat' dir='ltr'><strong>Rullianus</strong></span> <span class='ocrx_word' id='word_1_83' title='bbox 1300 1211 1414 1278; x_wconf 87' lang='lat' dir='ltr'><strong>ipso</strong></span> <span class='ocrx_word' id='word_1_84' title='bbox 1442 1211 1548 1264; x_wconf 88' lang='lat' dir='ltr'><strong>die.</strong></span> 
     </span>
    </p>
   </div>
   <div class='ocr_carea' id='block_1_14' title="bbox 622 1303 2131 1360">
    <p class='ocr_par' dir='ltr' id='par_1_14' title="bbox 622 1303 2131 1360">
     <span class='ocr_line' id='line_1_14' title="bbox 622 1303 2131 1360; baseline 0.001 -2"><span class='ocrx_word' id='word_1_85' title='bbox 622 1303 680 1358; x_wconf 92' lang='lat' dir='ltr'><strong>F.</strong></span> <span class='ocrx_word' id='word_1_86' title='bbox 716 1304 777 1358; x_wconf 87' lang='grc' dir='ltr'><strong>ιιι</strong></span> <span class='ocrx_word' id='word_1_87' title='bbox 808 1305 1086 1360; x_wconf 61' lang='grc' dir='ltr'><strong>1ι›ι]8Λυα.</strong></span> <span class='ocrx_word' id='word_1_88' title='bbox 1138 1304 1321 1357; x_wconf 74' lang='lat' dir='ltr'><strong>llolnie</strong></span> <span class='ocrx_word' id='word_1_89' title='bbox 1370 1306 1505 1357; x_wconf 86' lang='lat' dir='ltr'><strong>inter</strong></span> <span class='ocrx_word' id='word_1_90' title='bbox 1555 1305 1686 1357; x_wconf 88' lang='lat' dir='ltr'><strong>duas</strong></span> <span class='ocrx_word' id='word_1_91' title='bbox 1732 1305 1907 1359; x_wconf 84' lang='lat' dir='ltr'><strong>lauros</strong></span> <span class='ocrx_word' id='word_1_92' title='bbox 1956 1305 2131 1360; x_wconf 80' lang='lat' dir='ltr'><strong>natale</strong></span> 
     </span>
    </p>
   </div>
   <div class='ocr_carea' id='block_1_15' title="bbox 545 1397 2131 1468">
    <p class='ocr_par' dir='ltr' id='par_1_15' title="bbox 545 1397 2131 1468">
     <span class='ocr_line' id='line_1_15' title="bbox 545 1397 2131 1468; baseline 0.003 -19"><span class='ocrx_word' id='word_1_93' title='bbox 545 1397 714 1450; x_wconf 82' lang='lat' dir='ltr'><strong>sancti</strong></span> <span class='ocrx_word' id='word_1_94' title='bbox 742 1397 964 1451; x_wconf 86' lang='lat' dir='ltr'><strong>Tiburtii</strong></span> <span class='ocrx_word' id='word_1_95' title='bbox 998 1398 1282 1468; x_wconf 79' lang='lat' dir='ltr'><strong>martyris,</strong></span> <span class='ocrx_word' id='word_1_96' title='bbox 1314 1398 1401 1465; x_wconf 94' lang='lat' dir='ltr'><strong>qui</strong></span> <span class='ocrx_word' id='word_1_97' title='bbox 1430 1397 1579 1465; x_wconf 89' lang='lat' dir='ltr'><strong>jussu</strong></span> <span class='ocrx_word' id='word_1_98' title='bbox 1626 1399 1840 1452; x_wconf 86' lang='lat' dir='ltr'><strong>Fabiani</strong></span> <span class='ocrx_word' id='word_1_99' title='bbox 1887 1399 2131 1468; x_wconf 71' lang='lat' dir='ltr'><strong>prmsidis</strong></span> 
     </span>
    </p>
   </div>
   <div class='ocr_carea' id='block_1_16' title="bbox 545 1487 2127 1558">
    <p class='ocr_par' dir='ltr' id='par_1_16' title="bbox 545 1487 2127 1558">
     <span class='ocr_line' id='line_1_16' title="bbox 545 1487 2127 1558; baseline 0.001 -16"><span class='ocrx_word' id='word_1_100' title='bbox 545 1501 706 1557; x_wconf 84' lang='lat' dir='ltr'><strong>super</strong></span> <span class='ocrx_word' id='word_1_101' title='bbox 758 1504 956 1556; x_wconf 83' lang='lat' dir='ltr'><strong>prunas</strong></span> <span class='ocrx_word' id='word_1_102' title='bbox 999 1487 1248 1542; x_wconf 80' lang='lat' dir='ltr'><strong>ardentes</strong></span> <span class='ocrx_word' id='word_1_103' title='bbox 1299 1488 1464 1558; x_wconf 60' lang='lat' dir='ltr'><strong>nudis</strong></span> <span class='ocrx_word' id='word_1_104' title='bbox 1501 1487 1723 1556; x_wconf 84' lang='lat' dir='ltr'><strong>pedibus</strong></span> <span class='ocrx_word' id='word_1_105' title='bbox 1778 1490 2047 1553; x_wconf 79' lang='lat' dir='ltr'><strong>incedens,</strong></span> <span class='ocrx_word' id='word_1_106' title='bbox 2075 1489 2127 1543; x_wconf 86' lang='lat' dir='ltr'><strong>in</strong></span> 
     </span>
    </p>
   </div>
   <div class='ocr_carea' id='block_1_17' title="bbox 546 1578 2131 1647">
    <p class='ocr_par' dir='ltr' id='par_1_17' title="bbox 546 1578 2131 1647">
     <span class='ocr_line' id='line_1_17' title="bbox 546 1578 2131 1647; baseline 0 -14"><span class='ocrx_word' id='word_1_107' title='bbox 546 1579 692 1633; x_wconf 90' lang='lat' dir='ltr'><strong>nullo</strong></span> <span class='ocrx_word' id='word_1_108' title='bbox 720 1578 879 1634; x_wconf 68' lang='lat' dir='ltr'><strong>lrcsus</strong></span> <span class='ocrx_word' id='word_1_109' title='bbox 904 1588 1009 1635; x_wconf 85' lang='lat' dir='ltr'><strong>est.</strong></span> <span class='ocrx_word' id='word_1_110' title='bbox 1035 1580 1220 1633; x_wconf 83' lang='lat' dir='ltr'><strong>l‘ostea</strong></span> <span class='ocrx_word' id='word_1_111' title='bbox 1250 1585 1376 1633; x_wconf 81' lang='lat' dir='ltr'><strong>vero</strong></span> <span class='ocrx_word' id='word_1_112' title='bbox 1398 1595 1425 1632; x_wconf 91' lang='lat' dir='ltr'><strong>a</strong></span> <span class='ocrx_word' id='word_1_113' title='bbox 1451 1578 1705 1647; x_wconf 69' lang='lat' dir='ltr'><strong>priedieto</strong></span> <span class='ocrx_word' id='word_1_114' title='bbox 1735 1579 1987 1647; x_wconf 86' lang='lat' dir='ltr'><strong>Fabiano,</strong></span> <span class='ocrx_word' id='word_1_115' title='bbox 2019 1597 2131 1634; x_wconf 87' lang='lat' dir='ltr'><strong>ma-</strong></span> 
     </span>
    </p>
   </div>
   <div class='ocr_carea' id='block_1_18' title="bbox 543 1672 2127 1741">
    <p class='ocr_par' dir='ltr' id='par_1_18' title="bbox 543 1672 2127 1741">
     <span class='ocr_line' id='line_1_18' title="bbox 543 1672 2127 1741; baseline -0.002 -12"><span class='ocrx_word' id='word_1_116' title='bbox 543 1674 794 1730; x_wconf 88' lang='lat' dir='ltr'><strong>chinanle</strong></span> <span class='ocrx_word' id='word_1_117' title='bbox 832 1675 1105 1740; x_wconf 86' lang='lat' dir='ltr'><strong>Torquato</strong></span> <span class='ocrx_word' id='word_1_118' title='bbox 1147 1682 1407 1740; x_wconf 84' lang='lat' dir='ltr'><strong>apostata,</strong></span> <span class='ocrx_word' id='word_1_119' title='bbox 1436 1672 1613 1741; x_wconf 84' lang='lat' dir='ltr'><strong>gladio</strong></span> <span class='ocrx_word' id='word_1_120' title='bbox 1645 1676 2127 1739; x_wconf 83' lang='lat' dir='ltr'><strong>transverberatus,</strong></span> 
     </span>
    </p>
   </div>
   <div class='ocr_carea' id='block_1_19' title="bbox 542 1765 2130 1837">
    <p class='ocr_par' dir='ltr' id='par_1_19' title="bbox 542 1765 2130 1837">
     <span class='ocr_line' id='line_1_19' title="bbox 542 1765 2130 1837; baseline -0.001 -16"><span class='ocrx_word' id='word_1_121' title='bbox 542 1768 860 1837; x_wconf 83' lang='lat' dir='ltr'><strong>martyrium</strong></span> <span class='ocrx_word' id='word_1_122' title='bbox 892 1766 1140 1834; x_wconf 80' lang='lat' dir='ltr'><strong>explevit.</strong></span> <span class='ocrx_word' id='word_1_123' title='bbox 1192 1766 1319 1818; x_wconf 90' lang='lat' dir='ltr'><strong>lteln</strong></span> <span class='ocrx_word' id='word_1_124' title='bbox 1352 1765 1535 1819; x_wconf 66' lang='lat' dir='ltr'><strong>[tollite</strong></span> <span class='ocrx_word' id='word_1_125' title='bbox 1567 1767 1741 1819; x_wconf 84' lang='lat' dir='ltr'><strong>natale</strong></span> <span class='ocrx_word' id='word_1_126' title='bbox 1786 1775 1985 1820; x_wconf 67' lang='lat' dir='ltr'><strong>sanctae</strong></span> <span class='ocrx_word' id='word_1_127' title='bbox 2024 1766 2130 1821; x_wconf 91' lang='lat' dir='ltr'><strong>Su-</strong></span> 
     </span>
    </p>
   </div>
   <div class='ocr_carea' id='block_1_20' title="bbox 541 1857 2128 1929">
    <p class='ocr_par' dir='ltr' id='par_1_20' title="bbox 541 1857 2128 1929">
     <span class='ocr_line' id='line_1_20' title="bbox 541 1857 2128 1929; baseline -0.001 -15"><span class='ocrx_word' id='word_1_128' title='bbox 541 1874 726 1914; x_wconf 76' lang='lat' dir='ltr'><strong>sanna:</strong></span> <span class='ocrx_word' id='word_1_129' title='bbox 773 1857 1014 1929; x_wconf 83' lang='lat' dir='ltr'><strong>virginis,</strong></span> <span class='ocrx_word' id='word_1_130' title='bbox 1061 1874 1180 1928; x_wconf 75' lang='lat' dir='ltr'><strong>qllzc</strong></span> <span class='ocrx_word' id='word_1_131' title='bbox 1233 1858 1334 1911; x_wconf 88' lang='lat' dir='ltr'><strong>fuit</strong></span> <span class='ocrx_word' id='word_1_132' title='bbox 1382 1857 1492 1911; x_wconf 81' lang='lat' dir='ltr'><strong>lilia</strong></span> <span class='ocrx_word' id='word_1_133' title='bbox 1548 1858 1755 1912; x_wconf 85' lang='lat' dir='ltr'><strong>Gabinii</strong></span> <span class='ocrx_word' id='word_1_134' title='bbox 1807 1857 2128 1928; x_wconf 78' lang='lat' dir='ltr'><strong>presbyteri,</strong></span> 
     </span>
    </p>
   </div>
   <div class='ocr_carea' id='block_1_21' title="bbox 2239 564 3824 635">
    <p class='ocr_par' dir='ltr' id='par_1_21' title="bbox 2239 564 3824 635">
     <span class='ocr_line' id='line_1_21' title="bbox 2239 564 3824 635; baseline 0.002 -15"><span class='ocrx_word' id='word_1_135' title='bbox 2239 566 2374 620; x_wconf 91' lang='lat' dir='ltr'><strong>rium</strong></span> <span class='ocrx_word' id='word_1_136' title='bbox 2423 564 2831 621; x_wconf 84' lang='lat' dir='ltr'><strong>consummavit.</strong></span> <span class='ocrx_word' id='word_1_137' title='bbox 2878 564 3138 619; x_wconf 63' lang='lat' dir='ltr'><strong>Prmdicta</strong></span> <span class='ocrx_word' id='word_1_138' title='bbox 3178 579 3307 618; x_wconf 83' lang='lat' dir='ltr'><strong>vero</strong></span> <span class='ocrx_word' id='word_1_139' title='bbox 3351 564 3554 620; x_wconf 86' lang='lat' dir='ltr'><strong>Serena</strong></span> <span class='ocrx_word' id='word_1_140' title='bbox 3584 565 3824 635; x_wconf 79' lang='lat' dir='ltr'><strong>Augusta</strong></span> 
     </span>
    </p>
   </div>
   <div class='ocr_carea' id='block_1_22' title="bbox 2237 656 3821 727">
    <p class='ocr_par' dir='ltr' id='par_1_22' title="bbox 2237 656 3821 727">
     <span class='ocr_line' id='line_1_22' title="bbox 2237 656 3821 727; baseline 0.002 -15"><span class='ocrx_word' id='word_1_141' title='bbox 2237 658 2448 727; x_wconf 77' lang='lat' dir='ltr'><strong>collegit</strong></span> <span class='ocrx_word' id='word_1_142' title='bbox 2476 672 2669 726; x_wconf 89' lang='lat' dir='ltr'><strong>corpus</strong></span> <span class='ocrx_word' id='word_1_143' title='bbox 2698 666 2897 711; x_wconf 73' lang='lat' dir='ltr'><strong>sancta:</strong></span> <span class='ocrx_word' id='word_1_144' title='bbox 2935 656 3187 725; x_wconf 79' lang='lat' dir='ltr'><strong>virginis,</strong></span> <span class='ocrx_word' id='word_1_145' title='bbox 3224 665 3278 710; x_wconf 91' lang='lat' dir='ltr'><strong>ct</strong></span> <span class='ocrx_word' id='word_1_146' title='bbox 3317 657 3631 727; x_wconf 60' lang='lat' dir='ltr'><strong>sanguinem</strong></span> <span class='ocrx_word' id='word_1_147' title='bbox 3663 674 3821 727; x_wconf 83' lang='lat' dir='ltr'><strong>quem</strong></span> 
     </span>
    </p>
   </div>
   <div class='ocr_carea' id='block_1_23' title="bbox 2237 748 3825 812">
    <p class='ocr_par' dir='ltr' id='par_1_23' title="bbox 2237 748 3825 812">
     <span class='ocr_line' id='line_1_23' title="bbox 2237 748 3825 812; baseline 0.001 -8"><span class='ocrx_word' id='word_1_148' title='bbox 2237 749 2476 812; x_wconf 87' lang='lat' dir='ltr'><strong>suderat,</strong></span> <span class='ocrx_word' id='word_1_149' title='bbox 2509 750 2562 802; x_wconf 95' lang='lat' dir='ltr'><strong>in</strong></span> <span class='ocrx_word' id='word_1_150' title='bbox 2607 749 2793 804; x_wconf 89' lang='lat' dir='ltr'><strong>eodem</strong></span> <span class='ocrx_word' id='word_1_151' title='bbox 2841 749 2958 802; x_wconf 92' lang='lat' dir='ltr'><strong>loco</strong></span> <span class='ocrx_word' id='word_1_152' title='bbox 2985 764 3106 803; x_wconf 91' lang='lat' dir='ltr'><strong>cum</strong></span> <span class='ocrx_word' id='word_1_153' title='bbox 3139 764 3236 802; x_wconf 89' lang='lat' dir='ltr'><strong>suo</strong></span> <span class='ocrx_word' id='word_1_154' title='bbox 3267 748 3528 803; x_wconf 77' lang='lat' dir='ltr'><strong>velamine</strong></span> <span class='ocrx_word' id='word_1_155' title='bbox 3573 751 3746 811; x_wconf 67' lang='lat' dir='ltr'><strong>tersit.</strong></span> <span class='ocrx_word' id='word_1_156' title='bbox 3771 760 3825 805; x_wconf 85' lang='lat' dir='ltr'><strong>et</strong></span> 
     </span>
    </p>
   </div>
   <div class='ocr_carea' id='block_1_24' title="bbox 2238 840 3823 912">
    <p class='ocr_par' dir='ltr' id='par_1_24' title="bbox 2238 840 3823 912">
     <span class='ocr_line' id='line_1_24' title="bbox 2238 840 3823 912; baseline -0.002 -16"><span class='ocrx_word' id='word_1_157' title='bbox 2238 844 2414 910; x_wconf 88' lang='lat' dir='ltr'><strong>posuit</strong></span> <span class='ocrx_word' id='word_1_158' title='bbox 2442 843 2491 894; x_wconf 92' lang='lat' dir='ltr'><strong>in</strong></span> <span class='ocrx_word' id='word_1_159' title='bbox 2522 856 2676 909; x_wconf 90' lang='lat' dir='ltr'><strong>capsa</strong></span> <span class='ocrx_word' id='word_1_160' title='bbox 2708 843 2957 912; x_wconf 68' lang='lat' dir='ltr'><strong>argentea</strong></span> <span class='ocrx_word' id='word_1_161' title='bbox 3002 840 3056 895; x_wconf 91' lang='lat' dir='ltr'><strong>in</strong></span> <span class='ocrx_word' id='word_1_162' title='bbox 3089 840 3286 909; x_wconf 87' lang='lat' dir='ltr'><strong>palatio</strong></span> <span class='ocrx_word' id='word_1_163' title='bbox 3328 856 3457 904; x_wconf 87' lang='lat' dir='ltr'><strong>suo,</strong></span> <span class='ocrx_word' id='word_1_164' title='bbox 3489 841 3576 893; x_wconf 87' lang='lat' dir='ltr'><strong>tibi</strong></span> <span class='ocrx_word' id='word_1_165' title='bbox 3610 841 3699 894; x_wconf 89' lang='lat' dir='ltr'><strong>die</strong></span> <span class='ocrx_word' id='word_1_166' title='bbox 3730 855 3823 893; x_wconf 81' lang='lat' dir='ltr'><strong>no-</strong></span> 
     </span>
    </p>
   </div>
   <div class='ocr_carea' id='block_1_25' title="bbox 2234 930 3823 1003">
    <p class='ocr_par' dir='ltr' id='par_1_25' title="bbox 2234 930 3823 1003">
     <span class='ocr_line' id='line_1_25' title="bbox 2234 930 3823 1003; baseline -0.001 -17"><span class='ocrx_word' id='word_1_167' title='bbox 2234 944 2426 1003; x_wconf 82' lang='lat' dir='ltr'><strong>ctuque</strong></span> <span class='ocrx_word' id='word_1_168' title='bbox 2476 933 2677 987; x_wconf 80' lang='lat' dir='ltr'><strong>furtivis</strong></span> <span class='ocrx_word' id='word_1_169' title='bbox 2713 932 2913 987; x_wconf 86' lang='lat' dir='ltr'><strong>vicibus</strong></span> <span class='ocrx_word' id='word_1_170' title='bbox 2956 946 3109 986; x_wconf 91' lang='lat' dir='ltr'><strong>orare</strong></span> <span class='ocrx_word' id='word_1_171' title='bbox 3140 947 3244 985; x_wconf 92' lang='lat' dir='ltr'><strong>non</strong></span> <span class='ocrx_word' id='word_1_172' title='bbox 3298 932 3564 985; x_wconf 79' lang='lat' dir='ltr'><strong>cess:ibat.</strong></span> <span class='ocrx_word' id='word_1_173' title='bbox 3614 930 3823 999; x_wconf 74' lang='lat' dir='ltr'><strong>Corpus</strong></span> 
     </span>
    </p>
   </div>
   <div class='ocr_carea' id='block_1_26' title="bbox 2234 1024 3819 1093">
    <p class='ocr_par' dir='ltr' id='par_1_26' title="bbox 2234 1024 3819 1093">
     <span class='ocr_line' id='line_1_26' title="bbox 2234 1024 3819 1093; baseline -0.001 -16"><span class='ocrx_word' id='word_1_174' title='bbox 2234 1035 2407 1079; x_wconf 84' lang='lat' dir='ltr'><strong>autem</strong></span> <span class='ocrx_word' id='word_1_175' title='bbox 2458 1035 2656 1081; x_wconf 70' lang='lat' dir='ltr'><strong>sancta:</strong></span> <span class='ocrx_word' id='word_1_176' title='bbox 2693 1024 2951 1081; x_wconf 66' lang='lat' dir='ltr'><strong>Susanna:</strong></span> <span class='ocrx_word' id='word_1_177' title='bbox 2983 1026 3097 1093; x_wconf 88' lang='lat' dir='ltr'><strong>ipse</strong></span> <span class='ocrx_word' id='word_1_178' title='bbox 3145 1024 3385 1079; x_wconf 90' lang='lat' dir='ltr'><strong>manibus</strong></span> <span class='ocrx_word' id='word_1_179' title='bbox 3430 1026 3543 1078; x_wconf 87' lang='lat' dir='ltr'><strong>suis</strong></span> <span class='ocrx_word' id='word_1_180' title='bbox 3586 1027 3819 1089; x_wconf 83' lang='lat' dir='ltr'><strong>ornavit,</strong></span> 
     </span>
    </p>
   </div>
   <div class='ocr_carea' id='block_1_27' title="bbox 2233 1112 3818 1183">
    <p class='ocr_par' dir='ltr' id='par_1_27' title="bbox 2233 1112 3818 1183">
     <span class='ocr_line' id='line_1_27' title="bbox 2233 1112 3818 1183; baseline -0.003 -11"><span class='ocrx_word' id='word_1_181' title='bbox 2233 1133 2353 1172; x_wconf 92' lang='lat' dir='ltr'><strong>cum</strong></span> <span class='ocrx_word' id='word_1_182' title='bbox 2406 1116 2797 1171; x_wconf 83' lang='lat' dir='ltr'><strong>linteaminibus</strong></span> <span class='ocrx_word' id='word_1_183' title='bbox 2847 1124 2904 1170; x_wconf 89' lang='lat' dir='ltr'><strong>et</strong></span> <span class='ocrx_word' id='word_1_184' title='bbox 2949 1117 3311 1183; x_wconf 77' lang='lat' dir='ltr'><strong>arematlbus,</strong></span> <span class='ocrx_word' id='word_1_185' title='bbox 3343 1125 3397 1169; x_wconf 91' lang='lat' dir='ltr'><strong>et</strong></span> <span class='ocrx_word' id='word_1_186' title='bbox 3448 1112 3626 1183; x_wconf 87' lang='lat' dir='ltr'><strong>posuit</strong></span> <span class='ocrx_word' id='word_1_187' title='bbox 3676 1115 3818 1183; x_wconf 79' lang='lat' dir='ltr'><strong>juxta</strong></span> 
     </span>
    </p>
   </div>
   <div class='ocr_carea' id='block_1_28' title="bbox 2232 1204 3819 1276">
    <p class='ocr_par' dir='ltr' id='par_1_28' title="bbox 2232 1204 3819 1276">
     <span class='ocr_line' id='line_1_28' title="bbox 2232 1204 3819 1276; baseline -0.002 -14"><span class='ocrx_word' id='word_1_188' title='bbox 2232 1224 2452 1276; x_wconf 89' lang='lat' dir='ltr'><strong>corpora</strong></span> <span class='ocrx_word' id='word_1_189' title='bbox 2498 1217 2803 1262; x_wconf 88' lang='lat' dir='ltr'><strong>sanctorum</strong></span> <span class='ocrx_word' id='word_1_190' title='bbox 2840 1206 2891 1261; x_wconf 89' lang='lat' dir='ltr'><strong>in</strong></span> <span class='ocrx_word' id='word_1_191' title='bbox 2922 1206 3233 1261; x_wconf 69' lang='lat' dir='ltr'><strong>cdem’efet‘io</strong></span> <span class='ocrx_word' id='word_1_192' title='bbox 3265 1206 3577 1260; x_wconf 67' lang='lat' dir='ltr'><strong>AIEXandri.</strong></span> <span class='ocrx_word' id='word_1_193' title='bbox 3622 1204 3698 1259; x_wconf 73' lang='lat' dir='ltr'><strong>Et</strong></span> <span class='ocrx_word' id='word_1_194' title='bbox 3727 1206 3819 1259; x_wconf 85' lang='lat' dir='ltr'><strong>dc-</strong></span> 
     </span>
    </p>
   </div>
   <div class='ocr_carea' id='block_1_29' title="bbox 2236 1294 3815 1368">
    <p class='ocr_par' dir='ltr' id='par_1_29' title="bbox 2236 1294 3815 1368">
     <span class='ocr_line' id='line_1_29' title="bbox 2236 1294 3815 1368; baseline 0 -19"><span class='ocrx_word' id='word_1_195' title='bbox 2236 1300 2430 1368; x_wconf 86' lang='lat' dir='ltr'><strong>positio</strong></span> <span class='ocrx_word' id='word_1_196' title='bbox 2458 1298 2739 1368; x_wconf 85' lang='lat' dir='ltr'><strong>Caugerici</strong></span> <span class='ocrx_word' id='word_1_197' title='bbox 2769 1297 3003 1367; x_wconf 90' lang='lat' dir='ltr'><strong>episcopi</strong></span> <span class='ocrx_word' id='word_1_198' title='bbox 3035 1306 3089 1350; x_wconf 88' lang='lat' dir='ltr'><strong>et</strong></span> <span class='ocrx_word' id='word_1_199' title='bbox 3124 1295 3477 1361; x_wconf 65' lang='lat' dir='ltr'><strong>confesSoris,</strong></span> <span class='ocrx_word' id='word_1_200' title='bbox 3509 1294 3600 1351; x_wconf 66' lang='lat' dir='ltr'><strong>uiti</strong></span> <span class='ocrx_word' id='word_1_201' title='bbox 3654 1296 3815 1349; x_wconf 75' lang='lat' dir='ltr'><strong>nxi&#39;u</strong></span> 
     </span>
    </p>
   </div>
   <div class='ocr_carea' id='block_1_30' title="bbox 2232 1378 3440 1445">
    <p class='ocr_par' dir='ltr' id='par_1_30' title="bbox 2232 1378 3440 1445">
     <span class='ocr_line' id='line_1_30' title="bbox 2232 1378 3440 1445; baseline -0.004 -1"><span class='ocrx_word' id='word_1_202' title='bbox 2232 1403 2400 1445; x_wconf 84' lang='lat' dir='ltr'><strong>annos</strong></span> <span class='ocrx_word' id='word_1_203' title='bbox 2427 1391 2928 1443; x_wconf 86' lang='lat' dir='ltr'><strong>Canicracorenscin</strong></span> <span class='ocrx_word' id='word_1_204' title='bbox 2953 1388 3091 1441; x_wconf 76' lang='lat' dir='ltr'><strong>rexit</strong></span> <span class='ocrx_word' id='word_1_205' title='bbox 3121 1378 3440 1440; x_wconf 78' lang='lat' dir='ltr'><strong>Ecclesiain.</strong></span> 
     </span>
    </p>
   </div>
   <div class='ocr_carea' id='block_1_31' title="bbox 2303 1474 3817 1535">
    <p class='ocr_par' dir='ltr' id='par_1_31' title="bbox 2303 1474 3817 1535">
     <span class='ocr_line' id='line_1_31' title="bbox 2303 1474 3817 1535; baseline -0.004 0"><span class='ocrx_word' id='word_1_206' title='bbox 2303 1482 2367 1535; x_wconf 82' lang='grc' dir='ltr'>ϐ.</span> <span class='ocrx_word' id='word_1_207' title='bbox 2400 1480 2551 1534; x_wconf 82' lang='lat' dir='ltr'><strong>Pilio.</strong></span> <span class='ocrx_word' id='word_1_208' title='bbox 2587 1480 2705 1534; x_wconf 80' lang='lat' dir='ltr'><strong>llius</strong></span> <span class='ocrx_word' id='word_1_209' title='bbox 2737 1481 2871 1533; x_wconf 76' lang='lat' dir='ltr'><strong>Anc.</strong></span> <span class='ocrx_word' id='word_1_210' title='bbox 2910 1478 2966 1531; x_wconf 92' lang='lat' dir='ltr'><strong>ln</strong></span> <span class='ocrx_word' id='word_1_211' title='bbox 2995 1477 3174 1535; x_wconf 78' lang='lat' dir='ltr'><strong>Sicilia</strong></span> <span class='ocrx_word' id='word_1_212' title='bbox 3205 1478 3417 1530; x_wconf 81' lang='lat' dir='ltr'><strong>civitate</strong></span> <span class='ocrx_word' id='word_1_213' title='bbox 3447 1474 3817 1529; x_wconf 69' lang='lat' dir='ltr'><strong>Ca’tinelisiuis</strong></span> 
     </span>
    </p>
   </div>
   <div class='ocr_carea' id='block_1_32' title="bbox 2233 1567 3816 1640">
    <p class='ocr_par' dir='ltr' id='par_1_32' title="bbox 2233 1567 3816 1640">
     <span class='ocr_line' id='line_1_32' title="bbox 2233 1567 3816 1640; baseline -0.003 -15"><span class='ocrx_word' id='word_1_214' title='bbox 2233 1568 2408 1626; x_wconf 80' lang='lat' dir='ltr'><strong>natale</strong></span> <span class='ocrx_word' id='word_1_215' title='bbox 2438 1571 2586 1640; x_wconf 83' lang='lat' dir='ltr'><strong>Eupli</strong></span> <span class='ocrx_word' id='word_1_216' title='bbox 2634 1569 2862 1625; x_wconf 89' lang='lat' dir='ltr'><strong>diaconi.</strong></span> <span class='ocrx_word' id='word_1_217' title='bbox 2895 1569 2995 1636; x_wconf 85' lang='lat' dir='ltr'><strong>Qui</strong></span> <span class='ocrx_word' id='word_1_218' title='bbox 3035 1583 3154 1623; x_wconf 93' lang='lat' dir='ltr'><strong>cum</strong></span> <span class='ocrx_word' id='word_1_219' title='bbox 3195 1567 3497 1621; x_wconf 84' lang='lat' dir='ltr'><strong>diutissime</strong></span> <span class='ocrx_word' id='word_1_220' title='bbox 3544 1577 3816 1638; x_wconf 58' lang='lat' dir='ltr'><strong>torquere</strong></span> 
     </span>
    </p>
   </div>
   <div class='ocr_carea' id='block_1_33' title="bbox 2233 1654 3817 1732">
    <p class='ocr_par' dir='ltr' id='par_1_33' title="bbox 2233 1654 3817 1732">
     <span class='ocr_line' id='line_1_33' title="bbox 2233 1654 3817 1732; baseline -0.004 -12"><span class='ocrx_word' id='word_1_221' title='bbox 2233 1674 2339 1732; x_wconf 90' lang='lat' dir='ltr'><strong>tur,</strong></span> <span class='ocrx_word' id='word_1_222' title='bbox 2371 1664 2667 1720; x_wconf 88' lang='lat' dir='ltr'><strong>decollatns</strong></span> <span class='ocrx_word' id='word_1_223' title='bbox 2713 1671 2798 1717; x_wconf 84' lang='lat' dir='ltr'><strong>est</strong></span> <span class='ocrx_word' id='word_1_224' title='bbox 2840 1676 2868 1715; x_wconf 85' lang='lat' dir='ltr'><strong>a</strong></span> <span class='ocrx_word' id='word_1_225' title='bbox 2898 1659 3202 1714; x_wconf 86' lang='lat' dir='ltr'><strong>Calvisiauo</strong></span> <span class='ocrx_word' id='word_1_226' title='bbox 3245 1659 3553 1723; x_wconf 86' lang='lat' dir='ltr'><strong>consulari,</strong></span> <span class='ocrx_word' id='word_1_227' title='bbox 3580 1654 3817 1728; x_wconf 74' lang='lat' dir='ltr'><strong>tempore</strong></span> 
     </span>
    </p>
   </div>
   <div class='ocr_carea' id='block_1_34' title="bbox 2233 1751 3817 1814">
    <p class='ocr_par' dir='ltr' id='par_1_34' title="bbox 2233 1751 3817 1814">
     <span class='ocr_line' id='line_1_34' title="bbox 2233 1751 3817 1814; baseline -0.006 -2"><span class='ocrx_word' id='word_1_228' title='bbox 2233 1757 2547 1812; x_wconf 87' lang='lat' dir='ltr'><strong>Diocletiani</strong></span> <span class='ocrx_word' id='word_1_229' title='bbox 2575 1763 2627 1810; x_wconf 88' lang='lat' dir='ltr'><strong>et</strong></span> <span class='ocrx_word' id='word_1_230' title='bbox 2651 1753 2975 1809; x_wconf 76' lang='lat' dir='ltr'><strong>Maximiani.</strong></span> <span class='ocrx_word' id='word_1_231' title='bbox 3011 1753 3209 1805; x_wconf 85' lang='lat' dir='ltr'><strong>Eodem</strong></span> <span class='ocrx_word' id='word_1_232' title='bbox 3239 1752 3327 1805; x_wconf 89' lang='lat' dir='ltr'><strong>die</strong></span> <span class='ocrx_word' id='word_1_233' title='bbox 3350 1760 3551 1805; x_wconf 65' lang='lat' dir='ltr'><strong>sanctae</strong></span> <span class='ocrx_word' id='word_1_234' title='bbox 3586 1751 3817 1814; x_wconf 66' lang='lat' dir='ltr'><strong>llilariw,</strong></span> 
     </span>
    </p>
   </div>
   <div class='ocr_carea' id='block_1_35' title="bbox 2232 1841 3814 1915">
    <p class='ocr_par' dir='ltr' id='par_1_35' title="bbox 2232 1841 3814 1915">
     <span class='ocr_line' id='line_1_35' title="bbox 2232 1841 3814 1915; baseline -0.006 -13"><span class='ocrx_word' id='word_1_235' title='bbox 2232 1850 2417 1903; x_wconf 86' lang='lat' dir='ltr'><strong>matris</strong></span> <span class='ocrx_word' id='word_1_236' title='bbox 2438 1855 2635 1902; x_wconf 57' lang='lat' dir='ltr'><strong>salicta:</strong></span> <span class='ocrx_word' id='word_1_237' title='bbox 2658 1847 2803 1902; x_wconf 76' lang='lat' dir='ltr'><strong>Al‘rae</strong></span> <span class='ocrx_word' id='word_1_238' title='bbox 2827 1844 3097 1915; x_wconf 87' lang='lat' dir='ltr'><strong>martyris.</strong></span> <span class='ocrx_word' id='word_1_239' title='bbox 3122 1841 3253 1909; x_wconf 66' lang='lat' dir='ltr'><strong>Quae</strong></span> <span class='ocrx_word' id='word_1_240' title='bbox 3274 1856 3393 1896; x_wconf 90' lang='lat' dir='ltr'><strong>cum</strong></span> <span class='ocrx_word' id='word_1_241' title='bbox 3419 1842 3484 1895; x_wconf 90' lang='lat' dir='ltr'><strong>ad</strong></span> <span class='ocrx_word' id='word_1_242' title='bbox 3508 1841 3814 1909; x_wconf 86' lang='lat' dir='ltr'><strong>sepulcrum</strong></span> 
     </span>
    </p>
   </div>
   <div class='ocr_carea' id='block_1_36' title="bbox 540 1934 3818 2029">
    <p class='ocr_par' dir='ltr' id='par_1_36' title="bbox 540 1934 3818 2029">
     <span class='ocr_line' id='line_1_36' title="bbox 540 1934 3818 2029; baseline -0.006 -25"><span class='ocrx_word' id='word_1_243' title='bbox 540 1950 722 2006; x_wconf 81' lang='lat' dir='ltr'><strong>fratris</strong></span> <span class='ocrx_word' id='word_1_244' title='bbox 753 1948 866 2004; x_wconf 85' lang='lat' dir='ltr'><strong>Gali</strong></span> <span class='ocrx_word' id='word_1_245' title='bbox 896 1964 1065 2019; x_wconf 66' lang='lat' dir='ltr'><strong>papae.</strong></span> <span class='ocrx_word' id='word_1_246' title='bbox 1100 1950 1223 2003; x_wconf 73' lang='lat' dir='ltr'><strong>lliec</strong></span> <span class='ocrx_word' id='word_1_247' title='bbox 1251 1964 1379 2017; x_wconf 85' lang='lat' dir='ltr'><strong>ergo</strong></span> <span class='ocrx_word' id='word_1_248' title='bbox 1408 1950 1508 2002; x_wconf 91' lang='lat' dir='ltr'><strong>sub</strong></span> <span class='ocrx_word' id='word_1_249' title='bbox 1540 1949 1870 2003; x_wconf 83' lang='lat' dir='ltr'><strong>Diocletiano</strong></span> <span class='ocrx_word' id='word_1_250' title='bbox 1896 1950 2129 2017; x_wconf 81' lang='lat' dir='ltr'><strong>impera-</strong></span> <span class='ocrx_word' id='word_1_251' title='bbox 2159 1968 2203 2029; x_wconf 75' lang='grc' dir='ltr'><strong>Β</strong></span> <span class='ocrx_word' id='word_1_252' title='bbox 2226 1942 2348 2010; x_wconf 76' lang='lat' dir='ltr'><strong>ejus</strong></span> <span class='ocrx_word' id='word_1_253' title='bbox 2390 1941 2677 1995; x_wconf 81' lang='lat' dir='ltr'><strong>excubaret</strong></span> <span class='ocrx_word' id='word_1_254' title='bbox 2702 1979 2717 2003; x_wconf 94' lang='lat'><strong>,</strong></span> <span class='ocrx_word' id='word_1_255' title='bbox 2749 1937 2943 1991; x_wconf 82' lang='lat' dir='ltr'><strong>ibidem</strong></span> <span class='ocrx_word' id='word_1_256' title='bbox 2970 1950 3069 2029; x_wconf 88' lang='lat' dir='ltr'><strong>pro</strong></span> <span class='ocrx_word' id='word_1_257' title='bbox 3098 1935 3204 2029; x_wconf 61' lang='lat' dir='ltr'><strong>ﬁde</strong></span> <span class='ocrx_word' id='word_1_258' title='bbox 3226 1934 3421 1989; x_wconf 88' lang='lat' dir='ltr'><strong>Christi</strong></span> <span class='ocrx_word' id='word_1_259' title='bbox 3451 1948 3492 2029; x_wconf 55' lang='grc' dir='ltr'>Ξ</span> <span class='ocrx_word' id='word_1_260' title='bbox 3511 1942 3818 2029; x_wconf 71' lang='lat' dir='ltr'><strong>persecuto-</strong></span> 
     </span>
    </p>
   </div>
   <div class='ocr_carea' id='block_1_37' title="bbox 539 2039 2128 2112">
    <p class='ocr_par' dir='ltr' id='par_1_37' title="bbox 539 2039 2128 2112">
     <span class='ocr_line' id='line_1_37' title="bbox 539 2039 2128 2112; baseline 0 -17"><span class='ocrx_word' id='word_1_261' title='bbox 539 2052 660 2098; x_wconf 89' lang='lat' dir='ltr'><strong>tore</strong></span> <span class='ocrx_word' id='word_1_262' title='bbox 707 2057 864 2112; x_wconf 88' lang='lat' dir='ltr'><strong>passa</strong></span> <span class='ocrx_word' id='word_1_263' title='bbox 906 2051 1009 2106; x_wconf 89' lang='lat' dir='ltr'><strong>est,</strong></span> <span class='ocrx_word' id='word_1_264' title='bbox 1040 2055 1104 2095; x_wconf 93' lang='lat' dir='ltr'><strong>co</strong></span> <span class='ocrx_word' id='word_1_265' title='bbox 1133 2040 1274 2111; x_wconf 90' lang='lat' dir='ltr'><strong>quod</strong></span> <span class='ocrx_word' id='word_1_266' title='bbox 1309 2040 1471 2093; x_wconf 87' lang='lat' dir='ltr'><strong>nollet</strong></span> <span class='ocrx_word' id='word_1_267' title='bbox 1517 2039 1746 2093; x_wconf 78' lang='lat' dir='ltr'><strong>Maximo</strong></span> <span class='ocrx_word' id='word_1_268' title='bbox 1777 2040 1886 2093; x_wconf 91' lang='lat' dir='ltr'><strong>ﬁlio</strong></span> <span class='ocrx_word' id='word_1_269' title='bbox 1929 2042 2046 2109; x_wconf 89' lang='lat' dir='ltr'><strong>ejus</strong></span> <span class='ocrx_word' id='word_1_270' title='bbox 2074 2042 2128 2095; x_wconf 91' lang='lat' dir='ltr'><strong>in</strong></span> 
     </span>
    </p>
   </div>
   <div class='ocr_carea' id='block_1_38' title="bbox 541 2130 2126 2204">
    <p class='ocr_par' dir='ltr' id='par_1_38' title="bbox 541 2130 2126 2204">
     <span class='ocr_line' id='line_1_38' title="bbox 541 2130 2126 2204; baseline -0.001 -15"><span class='ocrx_word' id='word_1_271' title='bbox 541 2135 790 2204; x_wconf 89' lang='lat' dir='ltr'><strong>conjllgio</strong></span> <span class='ocrx_word' id='word_1_272' title='bbox 836 2134 1060 2198; x_wconf 89' lang='lat' dir='ltr'><strong>sociari,</strong></span> <span class='ocrx_word' id='word_1_273' title='bbox 1087 2134 1179 2188; x_wconf 88' lang='lat' dir='ltr'><strong>sed</strong></span> <span class='ocrx_word' id='word_1_274' title='bbox 1212 2132 1263 2187; x_wconf 92' lang='lat' dir='ltr'><strong>in</strong></span> <span class='ocrx_word' id='word_1_275' title='bbox 1294 2133 1595 2201; x_wconf 77' lang='lat' dir='ltr'><strong>virginitate</strong></span> <span class='ocrx_word' id='word_1_276' title='bbox 1641 2147 1972 2201; x_wconf 87' lang='lat' dir='ltr'><strong>permanere,</strong></span> <span class='ocrx_word' id='word_1_277' title='bbox 1999 2130 2126 2187; x_wconf 84' lang='lat' dir='ltr'><strong>lior-</strong></span> 
     </span>
    </p>
   </div>
   <div class='ocr_carea' id='block_1_39' title="bbox 539 2222 2128 2293">
    <p class='ocr_par' dir='ltr' id='par_1_39' title="bbox 539 2222 2128 2293">
     <span class='ocr_line' id='line_1_39' title="bbox 539 2222 2128 2293; baseline 0 -15"><span class='ocrx_word' id='word_1_278' title='bbox 539 2235 689 2280; x_wconf 87' lang='lat' dir='ltr'><strong>tante</strong></span> <span class='ocrx_word' id='word_1_279' title='bbox 713 2240 832 2279; x_wconf 89' lang='lat' dir='ltr'><strong>eam</strong></span> <span class='ocrx_word' id='word_1_280' title='bbox 864 2225 997 2280; x_wconf 82' lang='lat' dir='ltr'><strong>Gaio</strong></span> <span class='ocrx_word' id='word_1_281' title='bbox 1028 2239 1183 2293; x_wconf 86' lang='lat' dir='ltr'><strong>papa,</strong></span> <span class='ocrx_word' id='word_1_282' title='bbox 1212 2239 1312 2277; x_wconf 88' lang='lat' dir='ltr'><strong>nee</strong></span> <span class='ocrx_word' id='word_1_283' title='bbox 1338 2238 1441 2277; x_wconf 85' lang='lat' dir='ltr'><strong>non</strong></span> <span class='ocrx_word' id='word_1_284' title='bbox 1473 2234 1526 2276; x_wconf 85' lang='lat' dir='ltr'><strong>et</strong></span> <span class='ocrx_word' id='word_1_285' title='bbox 1551 2224 1751 2277; x_wconf 85' lang='lat' dir='ltr'><strong>Serena</strong></span> <span class='ocrx_word' id='word_1_286' title='bbox 1781 2222 2037 2291; x_wconf 79' lang='lat' dir='ltr'><strong>Augusta,</strong></span> <span class='ocrx_word' id='word_1_287' title='bbox 2070 2233 2128 2278; x_wconf 92' lang='lat' dir='ltr'><strong>ut</strong></span> 
     </span>
    </p>
   </div>
   <div class='ocr_carea' id='block_1_40' title="bbox 536 2311 2122 2381">
    <p class='ocr_par' dir='ltr' id='par_1_40' title="bbox 536 2311 2122 2381">
     <span class='ocr_line' id='line_1_40' title="bbox 536 2311 2122 2381; baseline -0.001 -13"><span class='ocrx_word' id='word_1_288' title='bbox 536 2313 742 2369; x_wconf 83' lang='lat' dir='ltr'><strong>stabilis</strong></span> <span class='ocrx_word' id='word_1_289' title='bbox 800 2324 1134 2380; x_wconf 80' lang='lat' dir='ltr'><strong>permaneret</strong></span> <span class='ocrx_word' id='word_1_290' title='bbox 1178 2314 1230 2367; x_wconf 91' lang='lat' dir='ltr'><strong>in</strong></span> <span class='ocrx_word' id='word_1_291' title='bbox 1287 2311 1389 2365; x_wconf 88' lang='lat' dir='ltr'><strong>ﬁde</strong></span> <span class='ocrx_word' id='word_1_292' title='bbox 1444 2321 1497 2365; x_wconf 91' lang='lat' dir='ltr'><strong>et</strong></span> <span class='ocrx_word' id='word_1_293' title='bbox 1544 2312 1792 2365; x_wconf 87' lang='lat' dir='ltr'><strong>castitate</strong></span> <span class='ocrx_word' id='word_1_294' title='bbox 1848 2322 2122 2381; x_wconf 81' lang='lat' dir='ltr'><strong>perpetua.</strong></span> 
     </span>
    </p>
   </div>
   <div class='ocr_carea' id='block_1_41' title="bbox 540 2400 2131 2472">
    <p class='ocr_par' dir='ltr' id='par_1_41' title="bbox 540 2400 2131 2472">
     <span class='ocr_line' id='line_1_41' title="bbox 540 2400 2131 2472; baseline -0.003 -14"><span class='ocrx_word' id='word_1_295' title='bbox 540 2404 763 2472; x_wconf 82' lang='lat' dir='ltr'><strong>Propter</strong></span> <span class='ocrx_word' id='word_1_296' title='bbox 796 2402 895 2459; x_wconf 90' lang='lat' dir='ltr'><strong>lioc</strong></span> <span class='ocrx_word' id='word_1_297' title='bbox 922 2402 1081 2471; x_wconf 88' lang='lat' dir='ltr'><strong>jussit</strong></span> <span class='ocrx_word' id='word_1_298' title='bbox 1121 2416 1243 2455; x_wconf 90' lang='lat' dir='ltr'><strong>eam</strong></span> <span class='ocrx_word' id='word_1_299' title='bbox 1296 2400 1657 2455; x_wconf 73' lang='lat' dir='ltr'><strong>Diocletianus</strong></span> <span class='ocrx_word' id='word_1_300' title='bbox 1708 2408 1828 2470; x_wconf 86' lang='lat' dir='ltr'><strong>post</strong></span> <span class='ocrx_word' id='word_1_301' title='bbox 1865 2400 1969 2455; x_wconf 91' lang='lat' dir='ltr'><strong>alia</strong></span> <span class='ocrx_word' id='word_1_302' title='bbox 2009 2408 2131 2455; x_wconf 61' lang='lat' dir='ltr'><strong>tura</strong></span> 
     </span>
    </p>
   </div>
   <div class='ocr_carea' id='block_1_42' title="bbox 2234 2022 3818 2100">
    <p class='ocr_par' dir='ltr' id='par_1_42' title="bbox 2234 2022 3818 2100">
     <span class='ocr_line' id='line_1_42' title="bbox 2234 2022 3818 2100; baseline -0.004 -15"><span class='ocrx_word' id='word_1_303' title='bbox 2234 2034 2381 2085; x_wconf 87' lang='lat' dir='ltr'><strong>ribns</strong></span> <span class='ocrx_word' id='word_1_304' title='bbox 2430 2030 2536 2100; x_wconf 84' lang='lat' dir='ltr'><strong>igni</strong></span> <span class='ocrx_word' id='word_1_305' title='bbox 2588 2031 2779 2083; x_wconf 87' lang='lat' dir='ltr'><strong>tradita</strong></span> <span class='ocrx_word' id='word_1_306' title='bbox 2824 2038 2944 2091; x_wconf 86' lang='lat' dir='ltr'><strong>est,</strong></span> <span class='ocrx_word' id='word_1_307' title='bbox 2976 2028 3097 2081; x_wconf 82' lang='lat' dir='ltr'><strong>etim</strong></span> <span class='ocrx_word' id='word_1_308' title='bbox 3140 2022 3307 2095; x_wconf 87' lang='lat' dir='ltr'><strong>Digna</strong></span> <span class='ocrx_word' id='word_1_309' title='bbox 3345 2033 3406 2080; x_wconf 86' lang='lat' dir='ltr'><strong>&#39;et</strong></span> <span class='ocrx_word' id='word_1_310' title='bbox 3452 2024 3741 2089; x_wconf 59' lang='lat' dir='ltr'><strong>Eum‘enia,</strong></span> <span class='ocrx_word' id='word_1_311' title='bbox 3767 2026 3818 2079; x_wconf 82' lang='lat' dir='ltr'><strong>et</strong></span> 
     </span>
    </p>
   </div>
   <div class='ocr_carea' id='block_1_43' title="bbox 2233 2115 3815 2193">
    <p class='ocr_par' dir='ltr' id='par_1_43' title="bbox 2233 2115 3815 2193">
     <span class='ocr_line' id='line_1_43' title="bbox 2233 2115 3815 2193; baseline -0.004 -15"><span class='ocrx_word' id='word_1_312' title='bbox 2233 2124 2522 2193; x_wconf 85' lang='lat' dir='ltr'><strong>Eiiprepia,</strong></span> <span class='ocrx_word' id='word_1_313' title='bbox 2551 2137 2670 2191; x_wconf 65' lang='lat' dir='ltr'><strong>quae</strong></span> <span class='ocrx_word' id='word_1_314' title='bbox 2699 2121 2911 2175; x_wconf 90' lang='lat' dir='ltr'><strong>fuerunt</strong></span> <span class='ocrx_word' id='word_1_315' title='bbox 2939 2119 3129 2188; x_wconf 74' lang='lat' dir='ltr'><strong>puella:</strong></span> <span class='ocrx_word' id='word_1_316' title='bbox 3157 2126 3359 2172; x_wconf 70' lang='lat' dir='ltr'><strong>sancite</strong></span> <span class='ocrx_word' id='word_1_317' title='bbox 3380 2115 3547 2171; x_wconf 64' lang='lat' dir='ltr'><strong>Afrae.</strong></span> <span class='ocrx_word' id='word_1_318' title='bbox 3582 2115 3644 2171; x_wconf 80' lang='lat' dir='ltr'><strong>In</strong></span> <span class='ocrx_word' id='word_1_319' title='bbox 3665 2116 3815 2189; x_wconf 79' lang='lat' dir='ltr'><strong>Syria</strong></span> 
     </span>
    </p>
   </div>
   <div class='ocr_carea' id='block_1_44' title="bbox 2233 2210 3351 2272">
    <p class='ocr_par' dir='ltr' id='par_1_44' title="bbox 2233 2210 3351 2272">
     <span class='ocr_line' id='line_1_44' title="bbox 2233 2210 3351 2272; baseline -0.006 0"><span class='ocrx_word' id='word_1_320' title='bbox 2233 2219 2408 2272; x_wconf 86' lang='lat' dir='ltr'><strong>natale</strong></span> <span class='ocrx_word' id='word_1_321' title='bbox 2439 2226 2743 2271; x_wconf 86' lang='lat' dir='ltr'><strong>sanctorum</strong></span> <span class='ocrx_word' id='word_1_322' title='bbox 2772 2213 3022 2267; x_wconf 85' lang='lat' dir='ltr'><strong>Maeliarii</strong></span> <span class='ocrx_word' id='word_1_323' title='bbox 3055 2210 3351 2266; x_wconf 80' lang='lat' dir='ltr'><strong>etJulialii.</strong></span> 
     </span>
    </p>
   </div>
   <div class='ocr_carea' id='block_1_45' title="bbox 2304 2299 3817 2371">
    <p class='ocr_par' dir='ltr' id='par_1_45' title="bbox 2304 2299 3817 2371">
     <span class='ocr_line' id='line_1_45' title="bbox 2304 2299 3817 2371; baseline -0.004 -10"><span class='ocrx_word' id='word_1_324' title='bbox 2304 2312 2368 2362; x_wconf 83' lang='lat' dir='ltr'><strong>A.</strong></span> <span class='ocrx_word' id='word_1_325' title='bbox 2402 2306 2520 2360; x_wconf 79' lang='lat' dir='ltr'><strong>IDUS</strong></span> <span class='ocrx_word' id='word_1_326' title='bbox 2551 2307 2687 2360; x_wconf 75' lang='lat' dir='ltr'><strong>Anc.</strong></span> <span class='ocrx_word' id='word_1_327' title='bbox 2719 2302 2902 2357; x_wconf 65' lang='lat' dir='ltr'><strong>Roma:</strong></span> <span class='ocrx_word' id='word_1_328' title='bbox 2930 2302 3100 2356; x_wconf 79' lang='lat' dir='ltr'><strong>sancti</strong></span> <span class='ocrx_word' id='word_1_329' title='bbox 3138 2299 3426 2371; x_wconf 86' lang='lat' dir='ltr'><strong>Hippolyti,</strong></span> <span class='ocrx_word' id='word_1_330' title='bbox 3458 2300 3551 2369; x_wconf 89' lang='lat' dir='ltr'><strong>qui</strong></span> <span class='ocrx_word' id='word_1_331' title='bbox 3582 2310 3817 2369; x_wconf 82' lang='lat' dir='ltr'><strong>tempore</strong></span> 
     </span>
    </p>
   </div>
   <div class='ocr_carea' id='block_1_46' title="bbox 2239 2390 3813 2467">
    <p class='ocr_par' dir='ltr' id='par_1_46' title="bbox 2239 2390 3813 2467">
     <span class='ocr_line' id='line_1_46' title="bbox 2239 2390 3813 2467; baseline -0.006 -14"><span class='ocrx_word' id='word_1_332' title='bbox 2239 2398 2381 2453; x_wconf 79' lang='lat' dir='ltr'><strong>Decii</strong></span> <span class='ocrx_word' id='word_1_333' title='bbox 2411 2397 2585 2467; x_wconf 81' lang='lat' dir='ltr'><strong>ligatis</strong></span> <span class='ocrx_word' id='word_1_334' title='bbox 2614 2395 2838 2465; x_wconf 86' lang='lat' dir='ltr'><strong>pedibus</strong></span> <span class='ocrx_word' id='word_1_335' title='bbox 2862 2397 2929 2448; x_wconf 82' lang='lat' dir='ltr'><strong>ad</strong></span> <span class='ocrx_word' id='word_1_336' title='bbox 2954 2392 3094 2447; x_wconf 83' lang='lat' dir='ltr'><strong>colla</strong></span> <span class='ocrx_word' id='word_1_337' title='bbox 3123 2390 3504 2446; x_wconf 78' lang='lat' dir='ltr'><strong>indomitorum</strong></span> <span class='ocrx_word' id='word_1_338' title='bbox 3528 2405 3813 2460; x_wconf 81' lang='lat' dir='ltr'><strong>equorum,</strong></span> 
     </span>
    </p>
   </div>
   <div class='ocr_carea' id='block_1_47' title="bbox 1791 2503 2550 2566">
    <p class='ocr_par' dir='ltr' id='par_1_47' title="bbox 1791 2503 2550 2566">
     <span class='ocr_line' id='line_1_47' title="bbox 1791 2503 2550 2566; baseline -0.008 -1"><span class='ocrx_word' id='word_1_339' title='bbox 1791 2508 2015 2565; x_wconf 84' lang='lat' dir='ltr'><strong>EDITIO</strong></span> <span class='ocrx_word' id='word_1_340' title='bbox 2054 2503 2550 2566; x_wconf 76' lang='lat' dir='ltr'><strong>BOLLANDIANA.</strong></span> 
     </span>
    </p>
   </div>
   <div class='ocr_carea' id='block_1_48' title="bbox 534 2603 2125 2675">
    <p class='ocr_par' dir='ltr' id='par_1_48' title="bbox 534 2603 2125 2675">
     <span class='ocr_line' id='line_1_48' title="bbox 534 2603 2125 2675; baseline -0.005 -10"><span class='ocrx_word' id='word_1_341' title='bbox 534 2622 743 2675; x_wconf 81' lang='lat' dir='ltr'><strong>sorum,</strong></span> <span class='ocrx_word' id='word_1_342' title='bbox 789 2607 1104 2662; x_wconf 84' lang='lat' dir='ltr'><strong>laminarum</strong></span> <span class='ocrx_word' id='word_1_343' title='bbox 1129 2604 1452 2671; x_wconf 88' lang='lat' dir='ltr'><strong>ardentium,</strong></span> <span class='ocrx_word' id='word_1_344' title='bbox 1493 2604 1561 2658; x_wconf 88' lang='lat' dir='ltr'><strong>ad</strong></span> <span class='ocrx_word' id='word_1_345' title='bbox 1594 2603 1840 2658; x_wconf 90' lang='lat' dir='ltr'><strong>ultimum</strong></span> <span class='ocrx_word' id='word_1_346' title='bbox 1871 2603 1923 2658; x_wconf 92' lang='lat' dir='ltr'><strong>in</strong></span> <span class='ocrx_word' id='word_1_347' title='bbox 1962 2604 2125 2659; x_wconf 87' lang='lat' dir='ltr'><strong>crati-</strong></span> 
     </span>
    </p>
   </div>
   <div class='ocr_carea' id='block_1_49' title="bbox 535 2696 1769 2767">
    <p class='ocr_par' dir='ltr' id='par_1_49' title="bbox 535 2696 1769 2767">
     <span class='ocr_line' id='line_1_49' title="bbox 535 2696 1769 2767; baseline -0.005 -11"><span class='ocrx_word' id='word_1_348' title='bbox 535 2702 655 2756; x_wconf 87' lang='lat' dir='ltr'><strong>cula</strong></span> <span class='ocrx_word' id='word_1_349' title='bbox 686 2700 855 2756; x_wconf 90' lang='lat' dir='ltr'><strong>ferrea</strong></span> <span class='ocrx_word' id='word_1_350' title='bbox 882 2708 1093 2754; x_wconf 88' lang='lat' dir='ltr'><strong>assatus</strong></span> <span class='ocrx_word' id='word_1_351' title='bbox 1121 2699 1435 2767; x_wconf 89' lang='lat' dir='ltr'><strong>martyrium</strong></span> <span class='ocrx_word' id='word_1_352' title='bbox 1459 2696 1769 2764; x_wconf 82' lang='lat' dir='ltr'><strong>complevit.</strong></span> 
     </span>
    </p>
   </div>
   <div class='ocr_carea' id='block_1_50' title="bbox 610 2787 2121 2858">
    <p class='ocr_par' dir='ltr' id='par_1_50' title="bbox 610 2787 2121 2858">
     <span class='ocr_line' id='line_1_50' title="bbox 610 2787 2121 2858; baseline -0.003 -13"><span class='ocrx_word' id='word_1_353' title='bbox 610 2791 675 2846; x_wconf 92' lang='lat' dir='ltr'><strong>V.</strong></span> <span class='ocrx_word' id='word_1_354' title='bbox 705 2792 789 2855; x_wconf 85' lang='lat' dir='ltr'><strong>C.,</strong></span> <span class='ocrx_word' id='word_1_355' title='bbox 827 2791 890 2845; x_wconf 87' lang='lat' dir='ltr'><strong>Et</strong></span> <span class='ocrx_word' id='word_1_356' title='bbox 916 2793 1017 2845; x_wconf 85' lang='lat' dir='ltr'><strong>vita</strong></span> <span class='ocrx_word' id='word_1_357' title='bbox 1048 2804 1349 2844; x_wconf 89' lang='lat' dir='ltr'><strong>sanctorum</strong></span> <span class='ocrx_word' id='word_1_358' title='bbox 1399 2799 1603 2858; x_wconf 84' lang='lat' dir='ltr'><strong>septem</strong></span> <span class='ocrx_word' id='word_1_359' title='bbox 1655 2788 1877 2843; x_wconf 75' lang='lat' dir='ltr'><strong>l&#39;rat‘rilm</strong></span> <span class='ocrx_word' id='word_1_360' title='bbox 1911 2789 1936 2824; x_wconf 73' lang='lat'><strong><em>°</em></strong></span> <span class='ocrx_word' id='word_1_361' title='bbox 1986 2787 2121 2841; x_wconf 89' lang='lat' dir='ltr'><strong>Dor-</strong></span> 
     </span>
    </p>
   </div>
   <div class='ocr_carea' id='block_1_51' title="bbox 540 2858 2115 2931">
    <p class='ocr_par' dir='ltr' id='par_1_51' title="bbox 540 2858 2115 2931">
     <span class='ocr_line' id='line_1_51' title="bbox 540 2858 2115 2931; baseline -0.003 -13"><span class='ocrx_word' id='word_1_362' title='bbox 540 2864 842 2918; x_wconf 88' lang='lat' dir='ltr'><strong>lniciitiuin.</strong></span> <span class='ocrx_word' id='word_1_363' title='bbox 875 2863 958 2931; x_wconf 77' lang='lat'><strong>8.,</strong></span> <span class='ocrx_word' id='word_1_364' title='bbox 990 2864 1053 2916; x_wconf 74' lang='lat' dir='ltr'><strong>Et</strong></span> <span class='ocrx_word' id='word_1_365' title='bbox 1079 2862 1202 2915; x_wconf 86' lang='lat' dir='ltr'><strong>alibi</strong></span> <span class='ocrx_word' id='word_1_366' title='bbox 1238 2858 1654 2924; x_wconf 85' lang='lat' dir='ltr'><strong>Crescentionis,</strong></span> <span class='ocrx_word' id='word_1_367' title='bbox 1686 2858 1947 2929; x_wconf 81' lang='lat' dir='ltr'><strong>Januarii,</strong></span> <span class='ocrx_word' id='word_1_368' title='bbox 1977 2860 2115 2913; x_wconf 79' lang='lat' dir='ltr'><strong>Exu-</strong></span> 
     </span>
    </p>
   </div>
   <div class='ocr_carea' id='block_1_52' title="bbox 539 2935 1611 3006">
    <p class='ocr_par' dir='ltr' id='par_1_52' title="bbox 539 2935 1611 3006">
     <span class='ocr_line' id='line_1_52' title="bbox 539 2935 1611 3006; baseline 0 -17"><span class='ocrx_word' id='word_1_369' title='bbox 539 2935 732 3006; x_wconf 87' lang='lat' dir='ltr'><strong>perati.</strong></span> <span class='ocrx_word' id='word_1_370' title='bbox 1606 2988 1611 2989; x_wconf 63' lang='lat'><strong><em>,</em></strong></span> 
     </span>
    </p>
   </div>
   <div class='ocr_carea' id='block_1_53' title="bbox 616 3033 2129 3106">
    <p class='ocr_par' dir='ltr' id='par_1_53' title="bbox 616 3033 2129 3106">
     <span class='ocr_line' id='line_1_53' title="bbox 616 3033 2129 3106; baseline -0.003 -14"><span class='ocrx_word' id='word_1_371' title='bbox 616 3041 703 3095; x_wconf 79' lang='lat' dir='ltr'><strong>ll.</strong></span> <span class='ocrx_word' id='word_1_372' title='bbox 735 3037 889 3092; x_wconf 84' lang='lat' dir='ltr'><strong>——lll</strong></span> <span class='ocrx_word' id='word_1_373' title='bbox 942 3037 1080 3092; x_wconf 81' lang='lat' dir='ltr'><strong>lous.</strong></span> <span class='ocrx_word' id='word_1_374' title='bbox 1124 3036 1309 3092; x_wconf 74' lang='lat' dir='ltr'><strong>Roma:</strong></span> <span class='ocrx_word' id='word_1_375' title='bbox 1352 3035 1411 3091; x_wconf 98' lang='grc'><strong>8.</strong></span> <span class='ocrx_word' id='word_1_376' title='bbox 1442 3033 1471 3073; x_wconf 67' lang='grc' dir='ltr'><strong>ιν</strong></span> <span class='ocrx_word' id='word_1_377' title='bbox 1502 3034 1727 3091; x_wconf 71' lang='grc' dir='ltr'><strong>Τὶὺιπιὶὶ</strong></span> <span class='ocrx_word' id='word_1_378' title='bbox 1768 3034 2019 3106; x_wconf 80' lang='lat' dir='ltr'><strong>martyris</strong></span> <span class='ocrx_word' id='word_1_379' title='bbox 2073 3042 2129 3088; x_wconf 86' lang='lat' dir='ltr'><strong>et</strong></span> 
     </span>
    </p>
   </div>
   <div class='ocr_carea' id='block_1_54' title="bbox 549 3132 884 3186">
    <p class='ocr_par' dir='ltr' id='par_1_54' title="bbox 549 3132 884 3186">
     <span class='ocr_line' id='line_1_54' title="bbox 549 3132 884 3186; baseline 0 0"><span class='ocrx_word' id='word_1_380' title='bbox 549 3143 571 3171; x_wconf 73' lang='grc' dir='ltr'><em>ε</em></span> <span class='ocrx_word' id='word_1_381' title='bbox 603 3132 884 3186; x_wconf 72' lang='lat' dir='ltr'><strong>Susanlizc.</strong></span> 
     </span>
    </p>
   </div>
   <div class='ocr_carea' id='block_1_55' title="bbox 616 3211 2129 3291">
    <p class='ocr_par' dir='ltr' id='par_1_55' title="bbox 616 3211 2129 3291">
     <span class='ocr_line' id='line_1_55' title="bbox 616 3211 2129 3291; baseline -0.003 -13"><span class='ocrx_word' id='word_1_382' title='bbox 616 3224 825 3278; x_wconf 81' lang='lat' dir='ltr'><strong>Excidit</strong></span> <span class='ocrx_word' id='word_1_383' title='bbox 859 3222 971 3276; x_wconf 56' lang='lat' dir='ltr'><strong>bare</strong></span> <span class='ocrx_word' id='word_1_384' title='bbox 1002 3221 1054 3275; x_wconf 88' lang='lat' dir='ltr'><strong>in</strong></span> <span class='ocrx_word' id='word_1_385' title='bbox 1088 3222 1151 3275; x_wconf 76' lang='grc' dir='ltr'>Α.</span> <span class='ocrx_word' id='word_1_386' title='bbox 1176 3219 1241 3275; x_wconf 86' lang='grc' dir='ltr'>Τ.</span> <span class='ocrx_word' id='word_1_387' title='bbox 1275 3219 1359 3281; x_wconf 90' lang='lat' dir='ltr'><strong>L..</strong></span> <span class='ocrx_word' id='word_1_388' title='bbox 1394 3218 1519 3274; x_wconf 92' lang='lat' dir='ltr'><strong>dum</strong></span> <span class='ocrx_word' id='word_1_389' title='bbox 1551 3218 1703 3277; x_wconf 87' lang='lat' dir='ltr'><strong>istius</strong></span> <span class='ocrx_word' id='word_1_390' title='bbox 1731 3228 1878 3291; x_wconf 87' lang='lat' dir='ltr'><strong>gesta</strong></span> <span class='ocrx_word' id='word_1_391' title='bbox 1918 3218 1996 3274; x_wconf 89' lang='lat' dir='ltr'><strong>sic</strong></span> <span class='ocrx_word' id='word_1_392' title='bbox 2035 3211 2129 3275; x_wconf 80' lang='lat' dir='ltr'><strong>tle-</strong></span> 
     </span>
    </p>
   </div>
   <div class='ocr_carea' id='block_1_56' title="bbox 557 3309 2129 3378">
    <p class='ocr_par' dir='ltr' id='par_1_56' title="bbox 557 3309 2129 3378">
     <span class='ocr_line' id='line_1_56' title="bbox 557 3309 2129 3378; baseline -0.003 -9"><span class='ocrx_word' id='word_1_393' title='bbox 557 3315 743 3369; x_wconf 85' lang='lat' dir='ltr'><strong>scribit</strong></span> <span class='ocrx_word' id='word_1_394' title='bbox 774 3314 995 3369; x_wconf 76' lang='lat' dir='ltr'><strong>Florus:</strong></span> <span class='ocrx_word' id='word_1_395' title='bbox 1027 3312 1125 3378; x_wconf 87' lang='lat' dir='ltr'><strong>Qui</strong></span> <span class='ocrx_word' id='word_1_396' title='bbox 1153 3312 1221 3366; x_wconf 91' lang='lat' dir='ltr'><strong>de</strong></span> <span class='ocrx_word' id='word_1_397' title='bbox 1264 3324 1418 3365; x_wconf 85' lang='lat' dir='ltr'><strong>sacro</strong></span> <span class='ocrx_word' id='word_1_398' title='bbox 1446 3310 1593 3365; x_wconf 86' lang='lat' dir='ltr'><strong>funte</strong></span> <span class='ocrx_word' id='word_1_399' title='bbox 1639 3325 1668 3364; x_wconf 92' lang='lat' dir='ltr'><strong>a</strong></span> <span class='ocrx_word' id='word_1_400' title='bbox 1705 3310 1763 3364; x_wconf 84' lang='grc' dir='ltr'>Β.</span> <span class='ocrx_word' id='word_1_401' title='bbox 1807 3309 2129 3365; x_wconf 88' lang='lat' dir='ltr'><strong>Sebastiano</strong></span> 
     </span>
    </p>
   </div>
   <div class='ocr_carea' id='block_1_57' title="bbox 541 3400 2122 3474">
    <p class='ocr_par' dir='ltr' id='par_1_57' title="bbox 541 3400 2122 3474">
     <span class='ocr_line' id='line_1_57' title="bbox 541 3400 2122 3474; baseline -0.003 -14"><span class='ocrx_word' id='word_1_402' title='bbox 541 3416 822 3474; x_wconf 55' lang='lat' dir='ltr'><strong>susceptus</strong></span> <span class='ocrx_word' id='word_1_403' title='bbox 851 3413 907 3458; x_wconf 91' lang='lat' dir='ltr'><strong>et</strong></span> <span class='ocrx_word' id='word_1_404' title='bbox 943 3402 997 3456; x_wconf 94' lang='lat' dir='ltr'><strong>in</strong></span> <span class='ocrx_word' id='word_1_405' title='bbox 1022 3402 1125 3457; x_wconf 89' lang='lat' dir='ltr'><strong>ﬁde</strong></span> <span class='ocrx_word' id='word_1_406' title='bbox 1148 3401 1343 3457; x_wconf 86' lang='lat' dir='ltr'><strong>Christi</strong></span> <span class='ocrx_word' id='word_1_407' title='bbox 1385 3404 1691 3467; x_wconf 86' lang='lat' dir='ltr'><strong>roboratus,</strong></span> <span class='ocrx_word' id='word_1_408' title='bbox 1723 3416 1843 3456; x_wconf 89' lang='lat' dir='ltr'><strong>cum</strong></span> <span class='ocrx_word' id='word_1_409' title='bbox 1871 3400 2122 3471; x_wconf 84' lang='lat' dir='ltr'><strong>ﬁgmenta</strong></span> 
     </span>
    </p>
   </div>
   <div class='ocr_carea' id='block_1_58' title="bbox 2236 2574 3811 2664">
    <p class='ocr_par' dir='ltr' id='par_1_58' title="bbox 2236 2574 3811 2664">
     <span class='ocr_line' id='line_1_58' title="bbox 2236 2574 3811 2664; baseline -0.003 -9"><span class='ocrx_word' id='word_1_410' title='bbox 2236 2602 2427 2655; x_wconf 89' lang='lat' dir='ltr'><strong>ductus</strong></span> <span class='ocrx_word' id='word_1_411' title='bbox 2458 2599 2540 2653; x_wconf 85' lang='lat' dir='ltr'><strong>via</strong></span> <span class='ocrx_word' id='word_1_412' title='bbox 2579 2596 2865 2661; x_wconf 73' lang='lat' dir='ltr'><strong>Latlicana,</strong></span> <span class='ocrx_word' id='word_1_413' title='bbox 2906 2586 3136 2650; x_wconf 75' lang='lat' dir='ltr'><strong>fundens</strong></span> <span class='ocrx_word' id='word_1_414' title='bbox 3166 2592 3232 2648; x_wconf 86' lang='lat' dir='ltr'><strong>ad</strong></span> <span class='ocrx_word' id='word_1_415' title='bbox 3272 2574 3565 2649; x_wconf 80' lang='lat' dir='ltr'><strong>Dominum</strong></span> <span class='ocrx_word' id='word_1_416' title='bbox 3613 2590 3811 2664; x_wconf 64' lang='lat' dir='ltr'><strong>preces;</strong></span> 
     </span>
    </p>
   </div>
   <div class='ocr_carea' id='block_1_59' title="bbox 2235 2682 3814 2762">
    <p class='ocr_par' dir='ltr' id='par_1_59' title="bbox 2235 2682 3814 2762">
     <span class='ocr_line' id='line_1_59' title="bbox 2235 2682 3814 2762; baseline -0.003 -15"><span class='ocrx_word' id='word_1_417' title='bbox 2235 2691 2343 2751; x_wconf 79' lang='lat' dir='ltr'><strong>ictu</strong></span> <span class='ocrx_word' id='word_1_418' title='bbox 2368 2690 2532 2762; x_wconf 88' lang='lat' dir='ltr'><strong>gladii</strong></span> <span class='ocrx_word' id='word_1_419' title='bbox 2564 2689 2901 2752; x_wconf 81' lang='lat' dir='ltr'><strong>verberatus,</strong></span> <span class='ocrx_word' id='word_1_420' title='bbox 2931 2686 3177 2757; x_wconf 76' lang='lat' dir='ltr'><strong>migravit</strong></span> <span class='ocrx_word' id='word_1_421' title='bbox 3206 2684 3274 2740; x_wconf 88' lang='lat' dir='ltr'><strong>ad</strong></span> <span class='ocrx_word' id='word_1_422' title='bbox 3322 2682 3624 2740; x_wconf 80' lang='lat' dir='ltr'><strong>Christum.</strong></span> <span class='ocrx_word' id='word_1_423' title='bbox 3674 2685 3814 2742; x_wconf 65' lang='lat' dir='ltr'><strong>Scri«</strong></span> 
     </span>
    </p>
   </div>
   <div class='ocr_carea' id='block_1_60' title="bbox 2231 2777 3116 2852">
    <p class='ocr_par' dir='ltr' id='par_1_60' title="bbox 2231 2777 3116 2852">
     <span class='ocr_line' id='line_1_60' title="bbox 2231 2777 3116 2852; baseline -0.005 -15"><span class='ocrx_word' id='word_1_424' title='bbox 2231 2792 2377 2852; x_wconf 88' lang='lat' dir='ltr'><strong>ptum</strong></span> <span class='ocrx_word' id='word_1_425' title='bbox 2410 2782 2461 2837; x_wconf 92' lang='lat' dir='ltr'><strong>in</strong></span> <span class='ocrx_word' id='word_1_426' title='bbox 2492 2780 2668 2837; x_wconf 85' lang='lat' dir='ltr'><strong>Gestis</strong></span> <span class='ocrx_word' id='word_1_427' title='bbox 2699 2780 2758 2835; x_wconf 71' lang='lat' dir='ltr'><strong>ll.</strong></span> <span class='ocrx_word' id='word_1_428' title='bbox 2794 2777 3116 2835; x_wconf 83' lang='lat' dir='ltr'><strong>Sebastiani.</strong></span> 
     </span>
    </p>
   </div>
   <div class='ocr_carea' id='block_1_61' title="bbox 2318 2866 3813 2929">
    <p class='ocr_par' dir='ltr' id='par_1_61' title="bbox 2318 2866 3813 2929">
     <span class='ocr_line' id='line_1_61' title="bbox 2318 2866 3813 2929; baseline -0.001 -2"><span class='ocrx_word' id='word_1_429' title='bbox 2318 2873 2459 2929; x_wconf 74' lang='lat' dir='ltr'><strong>litem</strong></span> <span class='ocrx_word' id='word_1_430' title='bbox 2490 2871 2677 2926; x_wconf 84' lang='lat' dir='ltr'><strong>Florus</strong></span> <span class='ocrx_word' id='word_1_431' title='bbox 2704 2869 2898 2925; x_wconf 88' lang='lat' dir='ltr'><strong>ibidem</strong></span> <span class='ocrx_word' id='word_1_432' title='bbox 2924 2885 2936 2922; x_wconf 87' lang='lat'>:</span> <span class='ocrx_word' id='word_1_433' title='bbox 2973 2868 3170 2924; x_wconf 83' lang='lat' dir='ltr'><strong>Eodem</strong></span> <span class='ocrx_word' id='word_1_434' title='bbox 3199 2868 3290 2925; x_wconf 88' lang='lat' dir='ltr'><strong>die</strong></span> <span class='ocrx_word' id='word_1_435' title='bbox 3315 2866 3369 2925; x_wconf 91' lang='lat' dir='ltr'><strong>in</strong></span> <span class='ocrx_word' id='word_1_436' title='bbox 3397 2866 3571 2924; x_wconf 86' lang='lat' dir='ltr'><strong>Gallia</strong></span> <span class='ocrx_word' id='word_1_437' title='bbox 3606 2868 3813 2926; x_wconf 75' lang='lat' dir='ltr'><strong>civitate</strong></span> 
     </span>
    </p>
   </div>
   <div class='ocr_carea' id='block_1_62' title="bbox 2237 2953 3815 3033">
    <p class='ocr_par' dir='ltr' id='par_1_62' title="bbox 2237 2953 3815 3033">
     <span class='ocr_line' id='line_1_62' title="bbox 2237 2953 3815 3033; baseline -0.001 -14"><span class='ocrx_word' id='word_1_438' title='bbox 2237 2967 2524 3020; x_wconf 80' lang='lat' dir='ltr'><strong>Camera‘co</strong></span> <span class='ocrx_word' id='word_1_439' title='bbox 2552 2962 2815 3032; x_wconf 86' lang='lat' dir='ltr'><strong>depositio</strong></span> <span class='ocrx_word' id='word_1_440' title='bbox 2835 2962 2891 3016; x_wconf 93' lang='lat' dir='ltr'><strong>S.</strong></span> <span class='ocrx_word' id='word_1_441' title='bbox 2909 2953 2936 2998; x_wconf 69' lang='grc' dir='ltr'>ἀ</span> <span class='ocrx_word' id='word_1_442' title='bbox 2959 2959 3235 3033; x_wconf 88' lang='lat' dir='ltr'><strong>Caugerici</strong></span> <span class='ocrx_word' id='word_1_443' title='bbox 3262 2960 3501 3032; x_wconf 84' lang='lat' dir='ltr'><strong>episcopi</strong></span> <span class='ocrx_word' id='word_1_444' title='bbox 3529 2962 3549 3032; x_wconf 88' lang='lat'><strong>(</strong></span> <span class='ocrx_word' id='word_1_445' title='bbox 3562 2961 3815 3018; x_wconf 74' lang='lat' dir='ltr'><strong>Hactenus</strong></span> 
     </span>
    </p>
   </div>
   <div class='ocr_carea' id='block_1_63' title="bbox 2245 3054 3811 3130">
    <p class='ocr_par' dir='ltr' id='par_1_63' title="bbox 2245 3054 3811 3130">
     <span class='ocr_line' id='line_1_63' title="bbox 2245 3054 3811 3130; baseline 0.001 -18"><span class='ocrx_word' id='word_1_446' title='bbox 2245 3060 2363 3126; x_wconf 83' lang='lat' dir='ltr'><strong>A.),</strong></span> <span class='ocrx_word' id='word_1_447' title='bbox 2390 3057 2480 3127; x_wconf 89' lang='lat' dir='ltr'><strong>qui</strong></span> <span class='ocrx_word' id='word_1_448' title='bbox 2504 3064 2558 3111; x_wconf 89' lang='lat' dir='ltr'><strong>et</strong></span> <span class='ocrx_word' id='word_1_449' title='bbox 2584 3063 2791 3125; x_wconf 70' lang='lat' dir='ltr'><strong>magna:</strong></span> <span class='ocrx_word' id='word_1_450' title='bbox 2816 3054 3153 3111; x_wconf 80' lang='lat' dir='ltr'><strong>abstinentize</strong></span> <span class='ocrx_word' id='word_1_451' title='bbox 3179 3061 3493 3126; x_wconf 79' lang='lat' dir='ltr'><strong>magnaeque</strong></span> <span class='ocrx_word' id='word_1_452' title='bbox 3523 3058 3811 3130; x_wconf 76' lang='lat' dir='ltr'><strong>religionis,</strong></span> 
     </span>
    </p>
   </div>
   <div class='ocr_carea' id='block_1_64' title="bbox 2238 3146 3814 3222">
    <p class='ocr_par' dir='ltr' id='par_1_64' title="bbox 2238 3146 3814 3222">
     <span class='ocr_line' id='line_1_64' title="bbox 2238 3146 3814 3222; baseline 0.002 -19"><span class='ocrx_word' id='word_1_453' title='bbox 2238 3155 2297 3203; x_wconf 89' lang='lat' dir='ltr'><strong>et</strong></span> <span class='ocrx_word' id='word_1_454' title='bbox 2320 3148 2784 3219; x_wconf 79' lang='lat' dir='ltr'><strong>eleemosynarum</strong></span> <span class='ocrx_word' id='word_1_455' title='bbox 2814 3146 3034 3217; x_wconf 85' lang='lat' dir='ltr'><strong>largitor</strong></span> <span class='ocrx_word' id='word_1_456' title='bbox 3059 3160 3123 3201; x_wconf 92' lang='lat' dir='ltr'><strong>ac</strong></span> <span class='ocrx_word' id='word_1_457' title='bbox 3162 3146 3547 3204; x_wconf 80' lang='lat' dir='ltr'><strong>miraculorum</strong></span> <span class='ocrx_word' id='word_1_458' title='bbox 3581 3156 3814 3222; x_wconf 72' lang='lat' dir='ltr'><strong>patrator</strong></span> 
     </span>
    </p>
   </div>
   <div class='ocr_carea' id='block_1_65' title="bbox 2232 3236 3166 3307">
    <p class='ocr_par' dir='ltr' id='par_1_65' title="bbox 2232 3236 3166 3307">
     <span class='ocr_line' id='line_1_65' title="bbox 2232 3236 3166 3307; baseline -0.002 -14"><span class='ocrx_word' id='word_1_459' title='bbox 2232 3239 2330 3293; x_wconf 90' lang='lat' dir='ltr'><strong>fuit</strong></span> <span class='ocrx_word' id='word_1_460' title='bbox 2360 3256 2373 3291; x_wconf 93' lang='lat'><strong>:</strong></span> <span class='ocrx_word' id='word_1_461' title='bbox 2404 3247 2459 3294; x_wconf 94' lang='lat' dir='ltr'><strong>et</strong></span> <span class='ocrx_word' id='word_1_462' title='bbox 2479 3238 2539 3294; x_wconf 93' lang='grc'><strong>8.</strong></span> <span class='ocrx_word' id='word_1_463' title='bbox 2570 3238 2788 3292; x_wconf 86' lang='lat' dir='ltr'><strong>Taurini</strong></span> <span class='ocrx_word' id='word_1_464' title='bbox 2819 3237 3000 3293; x_wconf 83' lang='lat' dir='ltr'><strong>fratris</strong></span> <span class='ocrx_word' id='word_1_465' title='bbox 3028 3236 3166 3307; x_wconf 89' lang='lat' dir='ltr'><strong>ejus.</strong></span> 
     </span>
    </p>
   </div>
   <div class='ocr_carea' id='block_1_66' title="bbox 2304 3328 3309 3399">
    <p class='ocr_par' dir='ltr' id='par_1_66' title="bbox 2304 3328 3309 3399">
     <span class='ocr_line' id='line_1_66' title="bbox 2304 3328 3309 3399; baseline -0.001 -14"><span class='ocrx_word' id='word_1_466' title='bbox 2304 3331 2369 3385; x_wconf 85' lang='lat' dir='ltr'><strong>V.</strong></span> <span class='ocrx_word' id='word_1_467' title='bbox 2403 3331 2463 3387; x_wconf 82' lang='grc' dir='ltr'>Β.</span> <span class='ocrx_word' id='word_1_468' title='bbox 2489 3329 2577 3398; x_wconf 92' lang='lat' dir='ltr'><strong>C.,</strong></span> <span class='ocrx_word' id='word_1_469' title='bbox 2610 3330 2676 3384; x_wconf 86' lang='lat' dir='ltr'><strong>Et</strong></span> <span class='ocrx_word' id='word_1_470' title='bbox 2698 3330 2875 3399; x_wconf 88' lang='lat' dir='ltr'><strong>passio</strong></span> <span class='ocrx_word' id='word_1_471' title='bbox 2908 3330 2966 3384; x_wconf 89' lang='lat' dir='ltr'><strong>S.</strong></span> <span class='ocrx_word' id='word_1_472' title='bbox 3003 3330 3025 3358; x_wconf 75' lang='grc'>⁸</span> <span class='ocrx_word' id='word_1_473' title='bbox 3050 3328 3309 3385; x_wconf 76' lang='lat' dir='ltr'><strong>Cassiani.</strong></span> 
     </span>
    </p>
   </div>
   <div class='ocr_carea' id='block_1_67' title="bbox 2304 3420 3808 3480">
    <p class='ocr_par' dir='ltr' id='par_1_67' title="bbox 2304 3420 3808 3480">
     <span class='ocr_line' id='line_1_67' title="bbox 2304 3420 3808 3480; baseline 0.003 -4"><span class='ocrx_word' id='word_1_474' title='bbox 2304 3421 2393 3476; x_wconf 75' lang='grc'><strong>12.</strong></span> <span class='ocrx_word' id='word_1_475' title='bbox 2422 3452 2492 3463; x_wconf 88' lang='lat'><strong>——</strong></span> <span class='ocrx_word' id='word_1_476' title='bbox 2522 3421 2562 3476; x_wconf 93' lang='lat' dir='ltr'><strong>ll</strong></span> <span class='ocrx_word' id='word_1_477' title='bbox 2598 3422 2737 3476; x_wconf 79' lang='lat' dir='ltr'><strong>Ibus.</strong></span> <span class='ocrx_word' id='word_1_478' title='bbox 2770 3420 2824 3476; x_wconf 90' lang='lat' dir='ltr'><strong>ln</strong></span> <span class='ocrx_word' id='word_1_479' title='bbox 2850 3420 3032 3477; x_wconf 91' lang='lat' dir='ltr'><strong>Sicilia</strong></span> <span class='ocrx_word' id='word_1_480' title='bbox 3061 3421 3277 3476; x_wconf 87' lang='lat' dir='ltr'><strong>civitate</strong></span> <span class='ocrx_word' id='word_1_481' title='bbox 3302 3420 3692 3479; x_wconf 85' lang='lat' dir='ltr'><strong>Catanensium</strong></span> <span class='ocrx_word' id='word_1_482' title='bbox 3722 3436 3808 3480; x_wconf 85' lang='lat' dir='ltr'><strong>na-</strong></span> 
     </span>
    </p>
   </div>
   <div class='ocr_carea' id='block_1_68' title="bbox 542 3491 3811 3586">
    <p class='ocr_par' dir='ltr' id='par_1_68' title="bbox 542 3491 3811 3586">
     <span class='ocr_line' id='line_1_68' title="bbox 542 3491 3811 3586; baseline 0.007 -41"><span class='ocrx_word' id='word_1_483' title='bbox 542 3497 806 3551; x_wconf 84' lang='lat' dir='ltr'><strong>idolorum</strong></span> <span class='ocrx_word' id='word_1_484' title='bbox 837 3495 1210 3586; x_wconf 71' lang='lat' dir='ltr'><strong>detestaretur,</strong></span> <span class='ocrx_word' id='word_1_485' title='bbox 1250 3492 1551 3586; x_wconf 24' lang='lat' dir='ltr'><strong>a‘Fabiano</strong></span> <span class='ocrx_word' id='word_1_486' title='bbox 1593 3491 2120 3586; x_wconf 9' lang='lat' dir='ltr'><strong>praalcctogcompl‘e-</strong></span> <span class='ocrx_word' id='word_1_487' title='bbox 2146 3497 2194 3563; x_wconf 85' lang='lat' dir='ltr'><strong>C</strong></span> <span class='ocrx_word' id='word_1_488' title='bbox 2230 3516 2334 3570; x_wconf 87' lang='lat' dir='ltr'><strong>tale</strong></span> <span class='ocrx_word' id='word_1_489' title='bbox 2371 3514 2522 3586; x_wconf 77' lang='grc' dir='ltr'><strong>ΕυρΙί</strong></span> <span class='ocrx_word' id='word_1_490' title='bbox 2553 3513 2796 3579; x_wconf 88' lang='lat' dir='ltr'><strong>diaconi;</strong></span> <span class='ocrx_word' id='word_1_491' title='bbox 2831 3511 2924 3583; x_wconf 80' lang='lat' dir='ltr'><strong>qui</strong></span> <span class='ocrx_word' id='word_1_492' title='bbox 2968 3529 3089 3569; x_wconf 90' lang='lat' dir='ltr'><strong>cum</strong></span> <span class='ocrx_word' id='word_1_493' title='bbox 3121 3512 3421 3569; x_wconf 89' lang='lat' dir='ltr'><strong>diutissime</strong></span> <span class='ocrx_word' id='word_1_494' title='bbox 3451 3522 3811 3585; x_wconf 68' lang='lat' dir='ltr'><strong>torqueretur,</strong></span> 
     </span>
    </p>
   </div>
   <div class='ocr_carea' id='block_1_69' title="bbox 545 3580 2124 3653">
    <p class='ocr_par' dir='ltr' id='par_1_69' title="bbox 545 3580 2124 3653">
     <span class='ocr_line' id='line_1_69' title="bbox 545 3580 2124 3653; baseline -0.001 -14"><span class='ocrx_word' id='word_1_495' title='bbox 545 3588 743 3640; x_wconf 86' lang='lat' dir='ltr'><strong>liensus</strong></span> <span class='ocrx_word' id='word_1_496' title='bbox 772 3595 874 3639; x_wconf 87' lang='lat' dir='ltr'><strong>est.</strong></span> <span class='ocrx_word' id='word_1_497' title='bbox 910 3582 1193 3653; x_wconf 80' lang='lat' dir='ltr'><strong>(Hactenus</strong></span> <span class='ocrx_word' id='word_1_498' title='bbox 1235 3580 1326 3652; x_wconf 89' lang='lat' dir='ltr'><strong>A.)</strong></span> <span class='ocrx_word' id='word_1_499' title='bbox 1380 3583 1517 3636; x_wconf 76' lang='lat' dir='ltr'><strong>Ante</strong></span> <span class='ocrx_word' id='word_1_500' title='bbox 1566 3582 1719 3651; x_wconf 89' lang='lat' dir='ltr'><strong>cujus</strong></span> <span class='ocrx_word' id='word_1_501' title='bbox 1771 3583 1933 3650; x_wconf 88' lang='lat' dir='ltr'><strong>pedes</strong></span> <span class='ocrx_word' id='word_1_502' title='bbox 1984 3583 2124 3638; x_wconf 88' lang='lat' dir='ltr'><strong>idem</strong></span> 
     </span>
    </p>
   </div>
   <div class='ocr_carea' id='block_1_70' title="bbox 544 3673 2123 3745">
    <p class='ocr_par' dir='ltr' id='par_1_70' title="bbox 544 3673 2123 3745">
     <span class='ocr_line' id='line_1_70' title="bbox 544 3673 2123 3745; baseline 0 -16"><span class='ocrx_word' id='word_1_503' title='bbox 544 3677 825 3745; x_wconf 71' lang='lat' dir='ltr'><strong>przelecins</strong></span> <span class='ocrx_word' id='word_1_504' title='bbox 878 3675 1139 3729; x_wconf 83' lang='lat' dir='ltr'><strong>carbones</strong></span> <span class='ocrx_word' id='word_1_505' title='bbox 1187 3673 1438 3728; x_wconf 88' lang='lat' dir='ltr'><strong>ardentes</strong></span> <span class='ocrx_word' id='word_1_506' title='bbox 1495 3673 1682 3728; x_wconf 82' lang='lat' dir='ltr'><strong>effudit</strong></span> <span class='ocrx_word' id='word_1_507' title='bbox 1732 3673 1954 3729; x_wconf 89' lang='lat' dir='ltr'><strong>dicens:</strong></span> <span class='ocrx_word' id='word_1_508' title='bbox 2012 3676 2123 3730; x_wconf 87' lang='lat' dir='ltr'><strong>Aut</strong></span> 
     </span>
    </p>
   </div>
   <div class='ocr_carea' id='block_1_71' title="bbox 545 3767 2127 3836">
    <p class='ocr_par' dir='ltr' id='par_1_71' title="bbox 545 3767 2127 3836">
     <span class='ocr_line' id='line_1_71' title="bbox 545 3767 2127 3836; baseline 0.003 -16"><span class='ocrx_word' id='word_1_509' title='bbox 545 3773 700 3822; x_wconf 88' lang='lat' dir='ltr'><strong>ilinra</strong></span> <span class='ocrx_word' id='word_1_510' title='bbox 732 3767 784 3822; x_wconf 87' lang='lat' dir='ltr'><strong>ili</strong></span> <span class='ocrx_word' id='word_1_511' title='bbox 818 3769 935 3822; x_wconf 90' lang='lat' dir='ltr'><strong>istis</strong></span> <span class='ocrx_word' id='word_1_512' title='bbox 965 3767 1285 3821; x_wconf 87' lang='lat' dir='ltr'><strong>carbonibus</strong></span> <span class='ocrx_word' id='word_1_513' title='bbox 1316 3767 1512 3835; x_wconf 87' lang='lat' dir='ltr'><strong>adjice,</strong></span> <span class='ocrx_word' id='word_1_514' title='bbox 1557 3776 1651 3822; x_wconf 90' lang='lat' dir='ltr'><strong>aut</strong></span> <span class='ocrx_word' id='word_1_515' title='bbox 1702 3768 1922 3836; x_wconf 86' lang='lat' dir='ltr'><strong>pedibus</strong></span> <span class='ocrx_word' id='word_1_516' title='bbox 1973 3770 2127 3826; x_wconf 90' lang='lat' dir='ltr'><strong>nudis</strong></span> 
     </span>
    </p>
   </div>
   <div class='ocr_carea' id='block_1_72' title="bbox 540 3857 2125 3931">
    <p class='ocr_par' dir='ltr' id='par_1_72' title="bbox 540 3857 2125 3931">
     <span class='ocr_line' id='line_1_72' title="bbox 540 3857 2125 3931; baseline 0.001 -18"><span class='ocrx_word' id='word_1_517' title='bbox 540 3873 706 3925; x_wconf 83' lang='lat' dir='ltr'><strong>super</strong></span> <span class='ocrx_word' id='word_1_518' title='bbox 755 3874 850 3914; x_wconf 90' lang='lat' dir='ltr'><strong>eos</strong></span> <span class='ocrx_word' id='word_1_519' title='bbox 895 3857 1104 3913; x_wconf 90' lang='lat' dir='ltr'><strong>incede.</strong></span> <span class='ocrx_word' id='word_1_520' title='bbox 1148 3859 1217 3912; x_wconf 79' lang='lat' dir='ltr'><strong>At</strong></span> <span class='ocrx_word' id='word_1_521' title='bbox 1272 3857 1363 3912; x_wconf 90' lang='lat' dir='ltr'><strong>ille</strong></span> <span class='ocrx_word' id='word_1_522' title='bbox 1411 3859 1621 3927; x_wconf 85' lang='lat' dir='ltr'><strong>signum</strong></span> <span class='ocrx_word' id='word_1_523' title='bbox 1679 3860 1856 3914; x_wconf 91' lang='lat' dir='ltr'><strong>crucis</strong></span> <span class='ocrx_word' id='word_1_524' title='bbox 1906 3861 2125 3931; x_wconf 82' lang='lat' dir='ltr'><strong>faciens,</strong></span> 
     </span>
    </p>
   </div>
   <div class='ocr_carea' id='block_1_73' title="bbox 546 3951 2129 4021">
    <p class='ocr_par' dir='ltr' id='par_1_73' title="bbox 546 3951 2129 4021">
     <span class='ocr_line' id='line_1_73' title="bbox 546 3951 2129 4021; baseline 0.002 -14"><span class='ocrx_word' id='word_1_525' title='bbox 546 3961 855 4008; x_wconf 88' lang='lat' dir='ltr'><strong>constanter</strong></span> <span class='ocrx_word' id='word_1_526' title='bbox 886 3966 1047 4021; x_wconf 86' lang='lat' dir='ltr'><strong>super</strong></span> <span class='ocrx_word' id='word_1_527' title='bbox 1070 3966 1164 4006; x_wconf 89' lang='lat' dir='ltr'><strong>eos</strong></span> <span class='ocrx_word' id='word_1_528' title='bbox 1178 3951 1327 4006; x_wconf 79' lang='lat' dir='ltr'><strong>nuda</strong></span> <span class='ocrx_word' id='word_1_529' title='bbox 1354 3952 1624 4021; x_wconf 88' lang='lat' dir='ltr'><strong>ingressus</strong></span> <span class='ocrx_word' id='word_1_530' title='bbox 1653 3964 1735 4007; x_wconf 90' lang='lat' dir='ltr'><strong>est</strong></span> <span class='ocrx_word' id='word_1_531' title='bbox 1762 3953 1960 4021; x_wconf 89' lang='lat' dir='ltr'><strong>planta.</strong></span> <span class='ocrx_word' id='word_1_532' title='bbox 1997 3955 2129 4010; x_wconf 90' lang='lat' dir='ltr'><strong>llinc</strong></span> 
     </span>
    </p>
   </div>
   <div class='ocr_carea' id='block_1_74' title="bbox 2232 3606 3811 3679">
    <p class='ocr_par' dir='ltr' id='par_1_74' title="bbox 2232 3606 3811 3679">
     <span class='ocr_line' id='line_1_74' title="bbox 2232 3606 3811 3679; baseline -0.001 -13"><span class='ocrx_word' id='word_1_533' title='bbox 2232 3610 2528 3666; x_wconf 87' lang='lat' dir='ltr'><strong>decollatus</strong></span> <span class='ocrx_word' id='word_1_534' title='bbox 2555 3619 2637 3665; x_wconf 90' lang='lat' dir='ltr'><strong>est</strong></span> <span class='ocrx_word' id='word_1_535' title='bbox 2681 3625 2711 3663; x_wconf 91' lang='lat' dir='ltr'><strong>a</strong></span> <span class='ocrx_word' id='word_1_536' title='bbox 2757 3606 3058 3665; x_wconf 83' lang='lat' dir='ltr'><strong>Calvisione</strong></span> <span class='ocrx_word' id='word_1_537' title='bbox 3101 3607 3179 3679; x_wconf 76' lang='lat' dir='ltr'><strong>lC.</strong></span> <span class='ocrx_word' id='word_1_538' title='bbox 3231 3607 3483 3662; x_wconf 87' lang='lat' dir='ltr'><strong>Lusione.</strong></span> <span class='ocrx_word' id='word_1_539' title='bbox 3536 3608 3605 3661; x_wconf 82' lang='grc' dir='ltr'>Β.</span> <span class='ocrx_word' id='word_1_540' title='bbox 3659 3610 3811 3664; x_wconf 65' lang='grc' dir='ltr'><strong>(Σιδη-</strong></span> 
     </span>
    </p>
   </div>
   <div class='ocr_carea' id='block_1_75' title="bbox 2237 3699 3813 3774">
    <p class='ocr_par' dir='ltr' id='par_1_75' title="bbox 2237 3699 3813 3774">
     <span class='ocr_line' id='line_1_75' title="bbox 2237 3699 3813 3774; baseline -0.002 -15"><span class='ocrx_word' id='word_1_541' title='bbox 2237 3702 2429 3774; x_wconf 81' lang='lat' dir='ltr'><strong>siano]</strong></span> <span class='ocrx_word' id='word_1_542' title='bbox 2477 3702 2765 3769; x_wconf 80' lang='lat' dir='ltr'><strong>consulari,</strong></span> <span class='ocrx_word' id='word_1_543' title='bbox 2796 3709 3034 3771; x_wconf 89' lang='lat' dir='ltr'><strong>tempore</strong></span> <span class='ocrx_word' id='word_1_544' title='bbox 3074 3699 3381 3755; x_wconf 88' lang='lat' dir='ltr'><strong>Diocletiani</strong></span> <span class='ocrx_word' id='word_1_545' title='bbox 3410 3708 3463 3754; x_wconf 90' lang='lat' dir='ltr'><strong>et</strong></span> <span class='ocrx_word' id='word_1_546' title='bbox 3490 3700 3813 3756; x_wconf 76' lang='lat' dir='ltr'><strong>Maximiani.</strong></span> 
     </span>
    </p>
   </div>
   <div class='ocr_carea' id='block_1_76' title="bbox 2306 3790 3813 3866">
    <p class='ocr_par' dir='ltr' id='par_1_76' title="bbox 2306 3790 3813 3866">
     <span class='ocr_line' id='line_1_76' title="bbox 2306 3790 3813 3866; baseline 0.001 -19"><span class='ocrx_word' id='word_1_547' title='bbox 2306 3793 2393 3857; x_wconf 79' lang='grc' dir='ltr'><strong>Β..</strong></span> <span class='ocrx_word' id='word_1_548' title='bbox 2424 3795 2609 3866; x_wconf 59' lang='lat' dir='ltr'><strong>licitum</strong></span> <span class='ocrx_word' id='word_1_549' title='bbox 2637 3793 2813 3866; x_wconf 87' lang='lat' dir='ltr'><strong>natale</strong></span> <span class='ocrx_word' id='word_1_550' title='bbox 2841 3791 3161 3866; x_wconf 76' lang='lat' dir='ltr'><strong>Cliryszintlti</strong></span> <span class='ocrx_word' id='word_1_551' title='bbox 3214 3801 3269 3848; x_wconf 91' lang='lat' dir='ltr'><strong>et</strong></span> <span class='ocrx_word' id='word_1_552' title='bbox 3321 3790 3517 3847; x_wconf 65' lang='lat' dir='ltr'><strong>Duriae.</strong></span> <span class='ocrx_word' id='word_1_553' title='bbox 3554 3792 3615 3848; x_wconf 88' lang='lat' dir='ltr'><strong>lii</strong></span> <span class='ocrx_word' id='word_1_554' title='bbox 3661 3795 3813 3866; x_wconf 83' lang='lat' dir='ltr'><strong>Syria</strong></span> 
     </span>
    </p>
   </div>
   <div class='ocr_carea' id='block_1_77' title="bbox 2238 3863 3147 3920">
    <p class='ocr_par' dir='ltr' id='par_1_77' title="bbox 2238 3863 3147 3920">
     <span class='ocr_line' id='line_1_77' title="bbox 2238 3863 3147 3920; baseline -0.001 -1"><span class='ocrx_word' id='word_1_555' title='bbox 2238 3866 2413 3920; x_wconf 87' lang='lat' dir='ltr'><strong>natale</strong></span> <span class='ocrx_word' id='word_1_556' title='bbox 2444 3864 2541 3920; x_wconf 83' lang='lat' dir='ltr'><strong>SS.</strong></span> <span class='ocrx_word' id='word_1_557' title='bbox 2568 3864 2815 3919; x_wconf 81' lang='lat' dir='ltr'><strong>Maeliarii</strong></span> <span class='ocrx_word' id='word_1_558' title='bbox 2849 3873 2903 3919; x_wconf 89' lang='lat' dir='ltr'><strong>et</strong></span> <span class='ocrx_word' id='word_1_559' title='bbox 2928 3863 3147 3918; x_wconf 80' lang='lat' dir='ltr'><strong>Juliani.</strong></span> 
     </span>
    </p>
   </div>
   <div class='ocr_carea' id='block_1_78' title="bbox 2310 3950 3814 4025">
    <p class='ocr_par' dir='ltr' id='par_1_78' title="bbox 2310 3950 3814 4025">
     <span class='ocr_line' id='line_1_78' title="bbox 2310 3950 3814 4025; baseline 0.001 -15"><span class='ocrx_word' id='word_1_560' title='bbox 2310 3955 2397 4010; x_wconf 78' lang='grc'>15.</span> <span class='ocrx_word' id='word_1_561' title='bbox 2423 3985 2493 3996; x_wconf 94' lang='grc'><strong>--</strong></span> <span class='ocrx_word' id='word_1_562' title='bbox 2524 3955 2718 4011; x_wconf 78' lang='lat' dir='ltr'><strong>Inicus.</strong></span> <span class='ocrx_word' id='word_1_563' title='bbox 2761 3954 2945 4021; x_wconf 63' lang='lat' dir='ltr'><strong>Roma;</strong></span> <span class='ocrx_word' id='word_1_564' title='bbox 2992 3952 3053 4009; x_wconf 89' lang='lat' dir='ltr'><strong>S.</strong></span> <span class='ocrx_word' id='word_1_565' title='bbox 3115 3950 3133 3991; x_wconf 71' lang='grc' dir='ltr'><strong>ί</strong></span> <span class='ocrx_word' id='word_1_566' title='bbox 3172 3950 3391 4021; x_wconf 78' lang='lat' dir='ltr'><strong>Vpuliti,</strong></span> <span class='ocrx_word' id='word_1_567' title='bbox 3440 3953 3534 4023; x_wconf 83' lang='lat' dir='ltr'><strong>qui</strong></span> <span class='ocrx_word' id='word_1_568' title='bbox 3575 3956 3814 4025; x_wconf 68' lang='lat' dir='ltr'><strong>tampo&#39;re</strong></span> 
     </span>
    </p>
   </div>
   <div class='ocr_carea' id='block_1_79' title="bbox 1963 4045 2435 4103">
    <p class='ocr_par' dir='ltr' id='par_1_79' title="bbox 1963 4045 2435 4103">
     <span class='ocr_line' id='line_1_79' title="bbox 1963 4045 2435 4103; baseline -0.008 -1"><span class='ocrx_word' id='word_1_569' title='bbox 1963 4046 2170 4103; x_wconf 80' lang='lat' dir='ltr'><strong>SMlTll</strong></span> <span class='ocrx_word' id='word_1_570' title='bbox 2211 4045 2435 4102; x_wconf 70' lang='grc' dir='ltr'><strong>ΝυΤᾸε).</strong></span> 
     </span>
    </p>
   </div>
   <div class='ocr_carea' id='block_1_80' title="bbox 619 4132 1834 4191">
    <p class='ocr_par' dir='ltr' id='par_1_80' title="bbox 619 4132 1834 4191">
     <span class='ocr_line' id='line_1_80' title="bbox 619 4132 1834 4191; baseline 0.002 -5"><span class='ocrx_word' id='word_1_571' title='bbox 619 4134 649 4166; x_wconf 74' lang='grc'><strong>⁸</strong></span> <span class='ocrx_word' id='word_1_572' title='bbox 689 4132 1080 4189; x_wconf 74' lang='grc' dir='ltr'><strong>οοηηὶεηιὶτιηῖ.</strong></span> <span class='ocrx_word' id='word_1_573' title='bbox 1130 4135 1204 4189; x_wconf 88' lang='lat' dir='ltr'><strong>De</strong></span> <span class='ocrx_word' id='word_1_574' title='bbox 1239 4134 1323 4190; x_wconf 90' lang='lat' dir='ltr'><strong>liis</strong></span> <span class='ocrx_word' id='word_1_575' title='bbox 1349 4135 1470 4190; x_wconf 86' lang='lat' dir='ltr'><strong>vide</strong></span> <span class='ocrx_word' id='word_1_576' title='bbox 1494 4150 1640 4191; x_wconf 82' lang='lat' dir='ltr'><strong>xxvn</strong></span> <span class='ocrx_word' id='word_1_577' title='bbox 1667 4135 1834 4191; x_wconf 79' lang='lat' dir='ltr'><strong>Junii.</strong></span> 
     </span>
    </p>
   </div>
   <div class='ocr_carea' id='block_1_81' title="bbox 615 4201 2123 4273">
    <p class='ocr_par' dir='ltr' id='par_1_81' title="bbox 615 4201 2123 4273">
     <span class='ocr_line' id='line_1_81' title="bbox 615 4201 2123 4273; baseline 0.001 -16"><span class='ocrx_word' id='word_1_578' title='bbox 615 4201 909 4259; x_wconf 77' lang='lat' dir='ltr'><strong>hTiburli‘i.</strong></span> <span class='ocrx_word' id='word_1_579' title='bbox 970 4205 1086 4259; x_wconf 82' lang='lat' dir='ltr'><strong>Filii</strong></span> <span class='ocrx_word' id='word_1_580' title='bbox 1134 4208 1452 4261; x_wconf 86' lang='lat' dir='ltr'><strong>Cliromatii.</strong></span> <span class='ocrx_word' id='word_1_581' title='bbox 1498 4206 1593 4261; x_wconf 89' lang='lat' dir='ltr'><strong>llic</strong></span> <span class='ocrx_word' id='word_1_582' title='bbox 1643 4207 1969 4273; x_wconf 89' lang='lat' dir='ltr'><strong>temporibus</strong></span> <span class='ocrx_word' id='word_1_583' title='bbox 2000 4207 2123 4260; x_wconf 84' lang='lat' dir='ltr'><strong>Dio-</strong></span> 
     </span>
    </p>
   </div>
   <div class='ocr_carea' id='block_1_82' title="bbox 546 4274 2124 4346">
    <p class='ocr_par' dir='ltr' id='par_1_82' title="bbox 546 4274 2124 4346">
     <span class='ocr_line' id='line_1_82' title="bbox 546 4274 2124 4346; baseline -0.002 -17"><span class='ocrx_word' id='word_1_584' title='bbox 546 4274 779 4346; x_wconf 84' lang='lat' dir='ltr'><strong>cletiani,</strong></span> <span class='ocrx_word' id='word_1_585' title='bbox 824 4290 853 4327; x_wconf 91' lang='lat' dir='ltr'><strong>a</strong></span> <span class='ocrx_word' id='word_1_586' title='bbox 901 4277 1196 4345; x_wconf 86' lang='lat' dir='ltr'><strong>Torquato,</strong></span> <span class='ocrx_word' id='word_1_587' title='bbox 1250 4277 1337 4346; x_wconf 86' lang='lat' dir='ltr'><strong>qui</strong></span> <span class='ocrx_word' id='word_1_588' title='bbox 1382 4278 1635 4332; x_wconf 90' lang='lat' dir='ltr'><strong>mentitus</strong></span> <span class='ocrx_word' id='word_1_589' title='bbox 1666 4289 1748 4331; x_wconf 91' lang='lat' dir='ltr'><strong>est</strong></span> <span class='ocrx_word' id='word_1_590' title='bbox 1780 4292 1837 4330; x_wconf 90' lang='lat' dir='ltr'><strong>se</strong></span> <span class='ocrx_word' id='word_1_591' title='bbox 1864 4278 2124 4331; x_wconf 71' lang='lat' dir='ltr'><strong>Cliristia-</strong></span> 
     </span>
    </p>
   </div>
   <div class='ocr_carea' id='block_1_83' title="bbox 489 4345 2121 4414">
    <p class='ocr_par' dir='ltr' id='par_1_83' title="bbox 489 4345 2121 4414">
     <span class='ocr_line' id='line_1_83' title="bbox 489 4345 2121 4414; baseline 0.002 -16"><span class='ocrx_word' id='word_1_592' title='bbox 489 4404 495 4411; x_wconf 40' lang='lat'><strong>,</strong></span> <span class='ocrx_word' id='word_1_593' title='bbox 549 4361 697 4409; x_wconf 84' lang='lat' dir='ltr'><strong>num,</strong></span> <span class='ocrx_word' id='word_1_594' title='bbox 728 4345 909 4399; x_wconf 80' lang='lat' dir='ltr'><strong>fraude</strong></span> <span class='ocrx_word' id='word_1_595' title='bbox 935 4356 1126 4414; x_wconf 83' lang='lat' dir='ltr'><strong>agente</strong></span> <span class='ocrx_word' id='word_1_596' title='bbox 1171 4345 1431 4413; x_wconf 88' lang='lat' dir='ltr'><strong>quatenus</strong></span> <span class='ocrx_word' id='word_1_597' title='bbox 1457 4358 1697 4401; x_wconf 87' lang='lat' dir='ltr'><strong>orantem</strong></span> <span class='ocrx_word' id='word_1_598' title='bbox 1731 4348 1785 4402; x_wconf 91' lang='grc'><strong>8.</strong></span> <span class='ocrx_word' id='word_1_599' title='bbox 1822 4348 2121 4401; x_wconf 76' lang='lat' dir='ltr'><strong>&#39;l‘ibilrtilim</strong></span> 
     </span>
    </p>
   </div>
   <div class='ocr_carea' id='block_1_84' title="bbox 2233 4135 3171 4199">
    <p class='ocr_par' dir='ltr' id='par_1_84' title="bbox 2233 4135 3171 4199">
     <span class='ocr_line' id='line_1_84' title="bbox 2233 4135 3171 4199; baseline -0.002 -7"><span class='ocrx_word' id='word_1_600' title='bbox 2233 4136 2620 4193; x_wconf 73' lang='lat' dir='ltr'><strong>Alexandrum.</strong></span> <span class='ocrx_word' id='word_1_601' title='bbox 2647 4135 2864 4199; x_wconf 75' lang='lat' dir='ltr'><strong>Sollius,</strong></span> <span class='ocrx_word' id='word_1_602' title='bbox 2906 4144 3037 4190; x_wconf 91' lang='lat' dir='ltr'><strong>tom.</strong></span> <span class='ocrx_word' id='word_1_603' title='bbox 3082 4135 3171 4191; x_wconf 91' lang='lat' dir='ltr'><strong>IV.</strong></span> 
     </span>
    </p>
   </div>
   <div class='ocr_carea' id='block_1_85' title="bbox 2304 4204 3785 4278">
    <p class='ocr_par' dir='ltr' id='par_1_85' title="bbox 2304 4204 3785 4278">
     <span class='ocr_line' id='line_1_85' title="bbox 2304 4204 3785 4278; baseline -0.002 -17"><span class='ocrx_word' id='word_1_604' title='bbox 2304 4207 2331 4245; x_wconf 73' lang='grc' dir='ltr'>ἀ</span> <span class='ocrx_word' id='word_1_605' title='bbox 2375 4207 2667 4278; x_wconf 76' lang='lat' dir='ltr'><strong>GaugeriCt&#39;.</strong></span> <span class='ocrx_word' id='word_1_606' title='bbox 2702 4208 2899 4261; x_wconf 79' lang='lat' dir='ltr'><strong>Evosio</strong></span> <span class='ocrx_word' id='word_1_607' title='bbox 2927 4206 3215 4261; x_wconf 85' lang='lat' dir='ltr'><strong>Galliarum</strong></span> <span class='ocrx_word' id='word_1_608' title='bbox 3236 4204 3463 4278; x_wconf 85' lang='lat' dir='ltr'><strong>_oppido,</strong></span> <span class='ocrx_word' id='word_1_609' title='bbox 3496 4205 3644 4274; x_wconf 83' lang='lat' dir='ltr'><strong>quod</strong></span> <span class='ocrx_word' id='word_1_610' title='bbox 3684 4223 3785 4260; x_wconf 78' lang='lat' dir='ltr'><strong>llllll</strong></span> 
     </span>
    </p>
   </div>
   <div class='ocr_carea' id='block_1_86' title="bbox 2234 4276 3817 4346">
    <p class='ocr_par' dir='ltr' id='par_1_86' title="bbox 2234 4276 3817 4346">
     <span class='ocr_line' id='line_1_86' title="bbox 2234 4276 3817 4346; baseline -0.004 -13"><span class='ocrx_word' id='word_1_611' title='bbox 2234 4276 2717 4342; x_wconf 59' lang='lat' dir='ltr'><strong>lvoiliuiii&#39;dieitur,</strong></span> <span class='ocrx_word' id='word_1_612' title='bbox 2767 4278 2998 4341; x_wconf 88' lang='lat' dir='ltr'><strong>oriundi,</strong></span> <span class='ocrx_word' id='word_1_613' title='bbox 3040 4292 3197 4346; x_wconf 84' lang='lat' dir='ltr'><strong>quem</strong></span> <span class='ocrx_word' id='word_1_614' title='bbox 3229 4276 3287 4329; x_wconf 92' lang='grc'><strong>8.</strong></span> <span class='ocrx_word' id='word_1_615' title='bbox 3335 4277 3672 4344; x_wconf 82' lang='lat' dir='ltr'><strong>Magnericus</strong></span> <span class='ocrx_word' id='word_1_616' title='bbox 3693 4278 3817 4331; x_wconf 66' lang='lat' dir='ltr'><strong>&#39;l&#39;ri-o</strong></span> 
     </span>
    </p>
   </div>
   <div class='ocr_carea' id='block_1_87' title="bbox 2234 4347 3812 4417">
    <p class='ocr_par' dir='ltr' id='par_1_87' title="bbox 2234 4347 3812 4417">
     <span class='ocr_line' id='line_1_87' title="bbox 2234 4347 3812 4417; baseline -0.001 -16"><span class='ocrx_word' id='word_1_617' title='bbox 2234 4353 2470 4404; x_wconf 84' lang='lat' dir='ltr'><strong>virorum</strong></span> <span class='ocrx_word' id='word_1_618' title='bbox 2533 4348 2816 4417; x_wconf 89' lang='lat' dir='ltr'><strong>episcopus</strong></span> <span class='ocrx_word' id='word_1_619' title='bbox 2856 4347 3108 4401; x_wconf 88' lang='lat' dir='ltr'><strong>clericum</strong></span> <span class='ocrx_word' id='word_1_620' title='bbox 3161 4360 3214 4400; x_wconf 90' lang='lat' dir='ltr'><strong>et</strong></span> <span class='ocrx_word' id='word_1_621' title='bbox 3263 4347 3473 4399; x_wconf 80' lang='lat' dir='ltr'><strong>levitam</strong></span> <span class='ocrx_word' id='word_1_622' title='bbox 3527 4347 3812 4399; x_wconf 78' lang='lat' dir='ltr'><strong>ordinavit.</strong></span> 
     </span>
    </p>
   </div>
   <div class='ocr_carea' id='block_1_88' title="bbox 544 4415 3814 4485">
    <p class='ocr_par' dir='ltr' id='par_1_88' title="bbox 544 4415 3814 4485">
     <span class='ocr_line' id='line_1_88' title="bbox 544 4415 3814 4485; baseline -0.001 -15"><span class='ocrx_word' id='word_1_623' title='bbox 544 4416 1061 4483; x_wconf 82' lang='lat' dir='ltr'><strong>comprehenderent</strong></span> <span class='ocrx_word' id='word_1_624' title='bbox 1086 4417 1347 4482; x_wconf 80' lang='lat' dir='ltr'><strong>inﬁdeles,</strong></span> <span class='ocrx_word' id='word_1_625' title='bbox 1377 4418 1635 4484; x_wconf 87' lang='lat' dir='ltr'><strong>proditus,</strong></span> <span class='ocrx_word' id='word_1_626' title='bbox 1662 4419 2126 4472; x_wconf 86' lang='lat' dir='ltr'><strong>obtriilicationem</strong></span> <span class='ocrx_word' id='word_1_627' title='bbox 2161 4415 2209 4475; x_wconf 85' lang='grc' dir='ltr'><strong>Ι)</strong></span> <span class='ocrx_word' id='word_1_628' title='bbox 2240 4419 2548 4485; x_wconf 75' lang='lat' dir='ltr'><strong>Veilnlpllus</strong></span> <span class='ocrx_word' id='word_1_629' title='bbox 2570 4415 2782 4471; x_wconf 84' lang='lat' dir='ltr'><strong>interea</strong></span> <span class='ocrx_word' id='word_1_630' title='bbox 2828 4417 3231 4472; x_wconf 81' lang='lat' dir='ltr'><strong>Cameracensis</strong></span> <span class='ocrx_word' id='word_1_631' title='bbox 3264 4420 3547 4484; x_wconf 89' lang='lat' dir='ltr'><strong>episcopus</strong></span> <span class='ocrx_word' id='word_1_632' title='bbox 3579 4417 3737 4479; x_wconf 90' lang='lat' dir='ltr'><strong>obiit,</strong></span> <span class='ocrx_word' id='word_1_633' title='bbox 3764 4427 3814 4470; x_wconf 88' lang='lat' dir='ltr'><strong>et</strong></span> 
     </span>
    </p>
   </div>
   <div class='ocr_carea' id='block_1_89' title="bbox 548 4486 2129 4557">
    <p class='ocr_par' dir='ltr' id='par_1_89' title="bbox 548 4486 2129 4557">
     <span class='ocr_line' id='line_1_89' title="bbox 548 4486 2129 4557; baseline 0.002 -18"><span class='ocrx_word' id='word_1_634' title='bbox 548 4488 741 4557; x_wconf 86' lang='lat' dir='ltr'><strong>capitis</strong></span> <span class='ocrx_word' id='word_1_635' title='bbox 772 4486 955 4557; x_wconf 84' lang='lat' dir='ltr'><strong>subiit.</strong></span> <span class='ocrx_word' id='word_1_636' title='bbox 994 4487 1125 4542; x_wconf 88' lang='lat' dir='ltr'><strong>Vide</strong></span> <span class='ocrx_word' id='word_1_637' title='bbox 1175 4490 1304 4543; x_wconf 83' lang='lat' dir='ltr'><strong>Acta</strong></span> <span class='ocrx_word' id='word_1_638' title='bbox 1356 4488 1416 4544; x_wconf 91' lang='lat' dir='ltr'><strong>S.</strong></span> <span class='ocrx_word' id='word_1_639' title='bbox 1467 4486 1763 4542; x_wconf 82' lang='lat' dir='ltr'><strong>Sebastiani</strong></span> <span class='ocrx_word' id='word_1_640' title='bbox 1809 4490 1947 4557; x_wconf 91' lang='lat' dir='ltr'><strong>apud</strong></span> <span class='ocrx_word' id='word_1_641' title='bbox 2004 4489 2129 4542; x_wconf 85' lang='lat' dir='ltr'><strong>Bul-</strong></span> 
     </span>
    </p>
   </div>
   <div class='ocr_carea' id='block_1_90' title="bbox 546 4556 1051 4611">
    <p class='ocr_par' dir='ltr' id='par_1_90' title="bbox 546 4556 1051 4611">
     <span class='ocr_line' id='line_1_90' title="bbox 546 4556 1051 4611; baseline 0.002 -2"><span class='ocrx_word' id='word_1_642' title='bbox 546 4556 693 4610; x_wconf 88' lang='lat' dir='ltr'><strong>land.</strong></span> <span class='ocrx_word' id='word_1_643' title='bbox 728 4572 795 4610; x_wconf 79' lang='lat' dir='ltr'><strong>xx</strong></span> <span class='ocrx_word' id='word_1_644' title='bbox 832 4556 1051 4611; x_wconf 86' lang='lat' dir='ltr'><strong>Januar.</strong></span> 
     </span>
    </p>
   </div>
   <div class='ocr_carea' id='block_1_91' title="bbox 621 4626 2127 4698">
    <p class='ocr_par' dir='ltr' id='par_1_91' title="bbox 621 4626 2127 4698">
     <span class='ocr_line' id='line_1_91' title="bbox 621 4626 2127 4698; baseline 0.002 -18"><span class='ocrx_word' id='word_1_645' title='bbox 621 4636 643 4662; x_wconf 73' lang='grc' dir='ltr'><strong>ι’</strong></span> <span class='ocrx_word' id='word_1_646' title='bbox 686 4628 961 4680; x_wconf 76' lang='lat' dir='ltr'><strong>Susannw.</strong></span> <span class='ocrx_word' id='word_1_647' title='bbox 1018 4626 1318 4698; x_wconf 83' lang='lat' dir='ltr'><strong>Presbyteri</strong></span> <span class='ocrx_word' id='word_1_648' title='bbox 1375 4627 1607 4693; x_wconf 87' lang='lat' dir='ltr'><strong>Gabinii,</strong></span> <span class='ocrx_word' id='word_1_649' title='bbox 1651 4626 1740 4697; x_wconf 88' lang='lat' dir='ltr'><strong>qui</strong></span> <span class='ocrx_word' id='word_1_650' title='bbox 1789 4642 1947 4698; x_wconf 87' lang='lat' dir='ltr'><strong>supra</strong></span> <span class='ocrx_word' id='word_1_651' title='bbox 1998 4644 2127 4683; x_wconf 84' lang='lat' dir='ltr'><strong>xvnl</strong></span> 
     </span>
    </p>
   </div>
   <div class='ocr_carea' id='block_1_92' title="bbox 549 4697 2125 4766">
    <p class='ocr_par' dir='ltr' id='par_1_92' title="bbox 549 4697 2125 4766">
     <span class='ocr_line' id='line_1_92' title="bbox 549 4697 2125 4766; baseline -0.002 -14"><span class='ocrx_word' id='word_1_652' title='bbox 549 4697 706 4755; x_wconf 84' lang='lat' dir='ltr'><strong>Febr.</strong></span> <span class='ocrx_word' id='word_1_653' title='bbox 740 4697 956 4760; x_wconf 89' lang='lat' dir='ltr'><strong>colitur,</strong></span> <span class='ocrx_word' id='word_1_654' title='bbox 989 4699 1093 4751; x_wconf 91' lang='lat' dir='ltr'><strong>lilia</strong></span> <span class='ocrx_word' id='word_1_655' title='bbox 1149 4697 1260 4751; x_wconf 66' lang='lat' dir='ltr'><strong>liiec</strong></span> <span class='ocrx_word' id='word_1_656' title='bbox 1305 4698 1422 4762; x_wconf 90' lang='lat' dir='ltr'><strong>fuit,</strong></span> <span class='ocrx_word' id='word_1_657' title='bbox 1473 4708 1527 4752; x_wconf 93' lang='lat' dir='ltr'><strong>et</strong></span> <span class='ocrx_word' id='word_1_658' title='bbox 1574 4701 1749 4766; x_wconf 71' lang='lat' dir='ltr'><strong>neptis</strong></span> <span class='ocrx_word' id='word_1_659' title='bbox 1802 4697 1914 4751; x_wconf 88' lang='lat' dir='ltr'><strong>Caii</strong></span> <span class='ocrx_word' id='word_1_660' title='bbox 1957 4713 2125 4765; x_wconf 71' lang='lat' dir='ltr'><strong>papae,</strong></span> 
     </span>
    </p>
   </div>
   <div class='ocr_carea' id='block_1_93' title="bbox 543 4767 2128 4837">
    <p class='ocr_par' dir='ltr' id='par_1_93' title="bbox 543 4767 2128 4837">
     <span class='ocr_line' id='line_1_93' title="bbox 543 4767 2128 4837; baseline 0.001 -16"><span class='ocrx_word' id='word_1_661' title='bbox 543 4770 633 4836; x_wconf 89' lang='lat' dir='ltr'><strong>qui</strong></span> <span class='ocrx_word' id='word_1_662' title='bbox 662 4782 819 4837; x_wconf 88' lang='lat' dir='ltr'><strong>supra</strong></span> <span class='ocrx_word' id='word_1_663' title='bbox 851 4769 1041 4822; x_wconf 88' lang='lat' dir='ltr'><strong>colitur</strong></span> <span class='ocrx_word' id='word_1_664' title='bbox 1091 4784 1159 4822; x_wconf 72' lang='grc' dir='ltr'>η</span> <span class='ocrx_word' id='word_1_665' title='bbox 1205 4768 1363 4822; x_wconf 84' lang='lat' dir='ltr'><strong>Febr.</strong></span> <span class='ocrx_word' id='word_1_666' title='bbox 1415 4769 1605 4833; x_wconf 83' lang='lat' dir='ltr'><strong>Quam,</strong></span> <span class='ocrx_word' id='word_1_667' title='bbox 1637 4783 1759 4823; x_wconf 89' lang='lat' dir='ltr'><strong>cum</strong></span> <span class='ocrx_word' id='word_1_668' title='bbox 1792 4768 1890 4821; x_wconf 84' lang='lat' dir='ltr'><strong>fuit</strong></span> <span class='ocrx_word' id='word_1_669' title='bbox 1920 4767 2128 4823; x_wconf 88' lang='lat' dir='ltr'><strong>formo-</strong></span> 
     </span>
    </p>
   </div>
   <div class='ocr_carea' id='block_1_94' title="bbox 530 4837 2123 4898">
    <p class='ocr_par' dir='ltr' id='par_1_94' title="bbox 530 4837 2123 4898">
     <span class='ocr_line' id='line_1_94' title="bbox 530 4837 2123 4898; baseline 0.001 -6"><span class='ocrx_word' id='word_1_670' title='bbox 530 4838 780 4898; x_wconf 61' lang='lat' dir='ltr'><strong>.sissilna,</strong></span> <span class='ocrx_word' id='word_1_671' title='bbox 809 4837 1168 4894; x_wconf 87' lang='lat' dir='ltr'><strong>Diocletianus</strong></span> <span class='ocrx_word' id='word_1_672' title='bbox 1201 4840 1417 4892; x_wconf 88' lang='lat' dir='ltr'><strong>mittens</strong></span> <span class='ocrx_word' id='word_1_673' title='bbox 1442 4838 1718 4894; x_wconf 90' lang='lat' dir='ltr'><strong>Claudium</strong></span> <span class='ocrx_word' id='word_1_674' title='bbox 1746 4838 2123 4894; x_wconf 86' lang='lat' dir='ltr'><strong>consobrinum</strong></span> 
     </span>
    </p>
   </div>
   <div class='ocr_carea' id='block_1_95' title="bbox 544 4907 2123 4978">
    <p class='ocr_par' dir='ltr' id='par_1_95' title="bbox 544 4907 2123 4978">
     <span class='ocr_line' id='line_1_95' title="bbox 544 4907 2123 4978; baseline 0.002 -17"><span class='ocrx_word' id='word_1_675' title='bbox 544 4923 699 4978; x_wconf 84' lang='lat' dir='ltr'><strong>suum</strong></span> <span class='ocrx_word' id='word_1_676' title='bbox 752 4907 999 4972; x_wconf 86' lang='lat' dir='ltr'><strong>Gabinio,</strong></span> <span class='ocrx_word' id='word_1_677' title='bbox 1058 4908 1381 4963; x_wconf 81' lang='lat' dir='ltr'><strong>Maximiano</strong></span> <span class='ocrx_word' id='word_1_678' title='bbox 1430 4908 1628 4963; x_wconf 67' lang='lat' dir='ltr'><strong>Caesari</strong></span> <span class='ocrx_word' id='word_1_679' title='bbox 1682 4924 1901 4964; x_wconf 76' lang='lat' dir='ltr'><strong>uxorem</strong></span> <span class='ocrx_word' id='word_1_680' title='bbox 1956 4910 2123 4978; x_wconf 88' lang='lat' dir='ltr'><strong>petiit.</strong></span> 
     </span>
    </p>
   </div>
   <div class='ocr_carea' id='block_1_96' title="bbox 545 4977 2128 5047">
    <p class='ocr_par' dir='ltr' id='par_1_96' title="bbox 545 4977 2128 5047">
     <span class='ocr_line' id='line_1_96' title="bbox 545 4977 2128 5047; baseline 0.001 -15"><span class='ocrx_word' id='word_1_681' title='bbox 545 4977 724 5044; x_wconf 79' lang='lat' dir='ltr'><strong>Pater,</strong></span> <span class='ocrx_word' id='word_1_682' title='bbox 756 4979 1009 5034; x_wconf 82' lang='lat' dir='ltr'><strong>dilatione</strong></span> <span class='ocrx_word' id='word_1_683' title='bbox 1037 4980 1318 5047; x_wconf 87' lang='lat' dir='ltr'><strong>postulata,</strong></span> <span class='ocrx_word' id='word_1_684' title='bbox 1349 4980 1467 5033; x_wconf 71' lang='lat' dir='ltr'><strong>ﬁlia:</strong></span> <span class='ocrx_word' id='word_1_685' title='bbox 1497 4980 1548 5033; x_wconf 89' lang='lat' dir='ltr'><strong>id</strong></span> <span class='ocrx_word' id='word_1_686' title='bbox 1575 4980 1747 5047; x_wconf 88' lang='lat' dir='ltr'><strong>aperit</strong></span> <span class='ocrx_word' id='word_1_687' title='bbox 1788 4977 1966 5033; x_wconf 87' lang='lat' dir='ltr'><strong>coram</strong></span> <span class='ocrx_word' id='word_1_688' title='bbox 1997 4978 2128 5035; x_wconf 87' lang='lat' dir='ltr'><strong>Caio</strong></span> 
     </span>
    </p>
   </div>
   <div class='ocr_carea' id='block_1_97' title="bbox 546 5050 2119 5119">
    <p class='ocr_par' dir='ltr' id='par_1_97' title="bbox 546 5050 2119 5119">
     <span class='ocr_line' id='line_1_97' title="bbox 546 5050 2119 5119; baseline 0.001 -18"><span class='ocrx_word' id='word_1_689' title='bbox 546 5063 711 5118; x_wconf 88' lang='lat' dir='ltr'><strong>papa;</strong></span> <span class='ocrx_word' id='word_1_690' title='bbox 756 5058 931 5103; x_wconf 89' lang='lat' dir='ltr'><strong>tamen</strong></span> <span class='ocrx_word' id='word_1_691' title='bbox 978 5051 1153 5103; x_wconf 90' lang='lat' dir='ltr'><strong>renuit</strong></span> <span class='ocrx_word' id='word_1_692' title='bbox 1192 5050 1302 5112; x_wconf 87' lang='lat' dir='ltr'><strong>illa,</strong></span> <span class='ocrx_word' id='word_1_693' title='bbox 1332 5051 1527 5119; x_wconf 90' lang='lat' dir='ltr'><strong>quippe</strong></span> <span class='ocrx_word' id='word_1_694' title='bbox 1558 5050 1723 5117; x_wconf 87' lang='lat' dir='ltr'><strong>patris</strong></span> <span class='ocrx_word' id='word_1_695' title='bbox 1763 5050 1974 5104; x_wconf 86' lang='lat' dir='ltr'><strong>hortatu</strong></span> <span class='ocrx_word' id='word_1_696' title='bbox 2003 5064 2119 5104; x_wconf 64' lang='lat' dir='ltr'><strong>alll‘</strong></span> 
     </span>
    </p>
   </div>
   <div class='ocr_carea' id='block_1_98' title="bbox 543 5120 2123 5190">
    <p class='ocr_par' dir='ltr' id='par_1_98' title="bbox 543 5120 2123 5190">
     <span class='ocr_line' id='line_1_98' title="bbox 543 5120 2123 5190; baseline 0.003 -18"><span class='ocrx_word' id='word_1_697' title='bbox 543 5121 702 5189; x_wconf 76' lang='lat' dir='ltr'><strong>plexa</strong></span> <span class='ocrx_word' id='word_1_698' title='bbox 732 5120 1107 5188; x_wconf 77' lang='lat' dir='ltr'><strong>Virginitatem.</strong></span> <span class='ocrx_word' id='word_1_699' title='bbox 1143 5121 1363 5175; x_wconf 84' lang='lat' dir='ltr'><strong>Claudio</strong></span> <span class='ocrx_word' id='word_1_700' title='bbox 1393 5132 1570 5175; x_wconf 91' lang='lat' dir='ltr'><strong>autem</strong></span> <span class='ocrx_word' id='word_1_701' title='bbox 1602 5136 1723 5176; x_wconf 86' lang='lat' dir='ltr'><strong>eam</strong></span> <span class='ocrx_word' id='word_1_702' title='bbox 1774 5124 1966 5177; x_wconf 90' lang='lat' dir='ltr'><strong>iterum</strong></span> <span class='ocrx_word' id='word_1_703' title='bbox 2022 5136 2123 5190; x_wconf 43' lang='lat' dir='ltr'><strong>pce</strong></span> 
     </span>
    </p>
   </div>
   <div class='ocr_carea' id='block_1_99' title="bbox 541 5192 2123 5259">
    <p class='ocr_par' dir='ltr' id='par_1_99' title="bbox 541 5192 2123 5259">
     <span class='ocr_line' id='line_1_99' title="bbox 541 5192 2123 5259; baseline 0.002 -15"><span class='ocrx_word' id='word_1_704' title='bbox 541 5200 705 5256; x_wconf 87' lang='lat' dir='ltr'><strong>tente,</strong></span> <span class='ocrx_word' id='word_1_705' title='bbox 741 5194 851 5259; x_wconf 88' lang='lat' dir='ltr'><strong>ipsa</strong></span> <span class='ocrx_word' id='word_1_706' title='bbox 890 5206 1005 5258; x_wconf 80' lang='lat' dir='ltr'><strong>ejus</strong></span> <span class='ocrx_word' id='word_1_707' title='bbox 1033 5192 1271 5246; x_wconf 90' lang='lat' dir='ltr'><strong>osculum</strong></span> <span class='ocrx_word' id='word_1_708' title='bbox 1297 5200 1565 5258; x_wconf 84' lang='lat' dir='ltr'><strong>aversata,</strong></span> <span class='ocrx_word' id='word_1_709' title='bbox 1621 5193 1861 5245; x_wconf 86' lang='lat' dir='ltr'><strong>hortatur</strong></span> <span class='ocrx_word' id='word_1_710' title='bbox 1906 5208 2029 5247; x_wconf 87' lang='lat' dir='ltr'><strong>eum</strong></span> <span class='ocrx_word' id='word_1_711' title='bbox 2057 5193 2123 5247; x_wconf 89' lang='lat' dir='ltr'><strong>ad</strong></span> 
     </span>
    </p>
   </div>
   <div class='ocr_carea' id='block_1_100' title="bbox 544 5260 2124 5329">
    <p class='ocr_par' dir='ltr' id='par_1_100' title="bbox 544 5260 2124 5329">
     <span class='ocr_line' id='line_1_100' title="bbox 544 5260 2124 5329; baseline 0.002 -15"><span class='ocrx_word' id='word_1_712' title='bbox 544 5260 899 5329; x_wconf 88' lang='lat' dir='ltr'><strong>baptismum;</strong></span> <span class='ocrx_word' id='word_1_713' title='bbox 948 5275 1046 5316; x_wconf 88' lang='lat' dir='ltr'><strong>nec</strong></span> <span class='ocrx_word' id='word_1_714' title='bbox 1076 5261 1244 5315; x_wconf 90' lang='lat' dir='ltr'><strong>multo</strong></span> <span class='ocrx_word' id='word_1_715' title='bbox 1276 5271 1395 5329; x_wconf 89' lang='lat' dir='ltr'><strong>post</strong></span> <span class='ocrx_word' id='word_1_716' title='bbox 1423 5279 1449 5315; x_wconf 89' lang='lat' dir='ltr'><strong>a</strong></span> <span class='ocrx_word' id='word_1_717' title='bbox 1481 5262 1608 5314; x_wconf 89' lang='lat' dir='ltr'><strong>Caio</strong></span> <span class='ocrx_word' id='word_1_718' title='bbox 1640 5276 1772 5327; x_wconf 90' lang='lat' dir='ltr'><strong>papa</strong></span> <span class='ocrx_word' id='word_1_719' title='bbox 1801 5274 1922 5314; x_wconf 92' lang='lat' dir='ltr'><strong>cum</strong></span> <span class='ocrx_word' id='word_1_720' title='bbox 1958 5278 2124 5318; x_wconf 79' lang='lat' dir='ltr'><strong>uxore</strong></span> 
     </span>
    </p>
   </div>
   <div class='ocr_carea' id='block_1_101' title="bbox 539 5330 2124 5399">
    <p class='ocr_par' dir='ltr' id='par_1_101' title="bbox 539 5330 2124 5399">
     <span class='ocr_line' id='line_1_101' title="bbox 539 5330 2124 5399; baseline 0 -14"><span class='ocrx_word' id='word_1_721' title='bbox 539 5338 598 5385; x_wconf 88' lang='lat' dir='ltr'><strong>et</strong></span> <span class='ocrx_word' id='word_1_722' title='bbox 628 5332 807 5386; x_wconf 87' lang='lat' dir='ltr'><strong>liberis</strong></span> <span class='ocrx_word' id='word_1_723' title='bbox 838 5341 892 5386; x_wconf 90' lang='lat' dir='ltr'><strong>et</strong></span> <span class='ocrx_word' id='word_1_724' title='bbox 936 5331 1164 5386; x_wconf 79' lang='lat' dir='ltr'><strong>Maximo</strong></span> <span class='ocrx_word' id='word_1_725' title='bbox 1194 5331 1358 5386; x_wconf 78' lang='lat' dir='ltr'><strong>fratre</strong></span> <span class='ocrx_word' id='word_1_726' title='bbox 1390 5330 1687 5399; x_wconf 83' lang='lat' dir='ltr'><strong>baptizatus</strong></span> <span class='ocrx_word' id='word_1_727' title='bbox 1712 5341 1818 5385; x_wconf 70' lang='grc' dir='ltr'><strong>εει.</strong></span> <span class='ocrx_word' id='word_1_728' title='bbox 1849 5330 1981 5384; x_wconf 90' lang='lat' dir='ltr'><strong>Cum</strong></span> <span class='ocrx_word' id='word_1_729' title='bbox 2028 5348 2124 5385; x_wconf 88' lang='lat' dir='ltr'><strong>au-</strong></span> 
     </span>
    </p>
   </div>
   <div class='ocr_carea' id='block_1_102' title="bbox 543 5400 2121 5470">
    <p class='ocr_par' dir='ltr' id='par_1_102' title="bbox 543 5400 2121 5470">
     <span class='ocr_line' id='line_1_102' title="bbox 543 5400 2121 5470; baseline 0.002 -17"><span class='ocrx_word' id='word_1_730' title='bbox 543 5407 649 5455; x_wconf 77' lang='lat' dir='ltr'><strong>tem</strong></span> <span class='ocrx_word' id='word_1_731' title='bbox 682 5402 851 5456; x_wconf 85' lang='lat' dir='ltr'><strong>noluit</strong></span> <span class='ocrx_word' id='word_1_732' title='bbox 884 5401 1193 5457; x_wconf 80' lang='lat' dir='ltr'><strong>Diocletiani</strong></span> <span class='ocrx_word' id='word_1_733' title='bbox 1244 5400 1382 5455; x_wconf 86' lang='lat' dir='ltr'><strong>votis</strong></span> <span class='ocrx_word' id='word_1_734' title='bbox 1426 5400 1738 5466; x_wconf 90' lang='lat' dir='ltr'><strong>convenire,</strong></span> <span class='ocrx_word' id='word_1_735' title='bbox 1790 5400 1950 5470; x_wconf 86' lang='lat' dir='ltr'><strong>jussit</strong></span> <span class='ocrx_word' id='word_1_736' title='bbox 2001 5400 2121 5456; x_wconf 88' lang='lat' dir='ltr'><strong>Dio-</strong></span> 
     </span>
    </p>
   </div>
   <div class='ocr_carea' id='block_1_103' title="bbox 538 5469 2117 5541">
    <p class='ocr_par' dir='ltr' id='par_1_103' title="bbox 538 5469 2117 5541">
     <span class='ocr_line' id='line_1_103' title="bbox 538 5469 2117 5541; baseline 0.001 -18"><span class='ocrx_word' id='word_1_737' title='bbox 538 5470 802 5541; x_wconf 76' lang='lat' dir='ltr'><strong>cletianus</strong></span> <span class='ocrx_word' id='word_1_738' title='bbox 845 5482 902 5525; x_wconf 91' lang='lat' dir='ltr'><strong>ut</strong></span> <span class='ocrx_word' id='word_1_739' title='bbox 938 5473 1076 5527; x_wconf 87' lang='lat' dir='ltr'><strong>intra</strong></span> <span class='ocrx_word' id='word_1_740' title='bbox 1124 5471 1340 5526; x_wconf 83' lang='lat' dir='ltr'><strong>domum</strong></span> <span class='ocrx_word' id='word_1_741' title='bbox 1385 5485 1537 5525; x_wconf 90' lang='lat' dir='ltr'><strong>suam</strong></span> <span class='ocrx_word' id='word_1_742' title='bbox 1592 5469 2117 5541; x_wconf 28' lang='lat' dir='ltr'><strong>gladio’puuirelur.</strong></span> 
     </span>
    </p>
   </div>
   <div class='ocr_carea' id='block_1_104' title="bbox 538 5539 2121 5613">
    <p class='ocr_par' dir='ltr' id='par_1_104' title="bbox 538 5539 2121 5613">
     <span class='ocr_line' id='line_1_104' title="bbox 538 5539 2121 5613; baseline 0.001 -20"><span class='ocrx_word' id='word_1_743' title='bbox 538 5539 658 5613; x_wconf 86' lang='lat' dir='ltr'><strong>Quo</strong></span> <span class='ocrx_word' id='word_1_744' title='bbox 684 5544 821 5596; x_wconf 87' lang='lat' dir='ltr'><strong>facto</strong></span> <span class='ocrx_word' id='word_1_745' title='bbox 843 5544 1042 5599; x_wconf 88' lang='lat' dir='ltr'><strong>Serelia</strong></span> <span class='ocrx_word' id='word_1_746' title='bbox 1074 5544 1307 5613; x_wconf 83' lang='lat' dir='ltr'><strong>Augusta</strong></span> <span class='ocrx_word' id='word_1_747' title='bbox 1337 5552 1492 5596; x_wconf 90' lang='lat' dir='ltr'><strong>noctu</strong></span> <span class='ocrx_word' id='word_1_748' title='bbox 1522 5539 1714 5613; x_wconf 77' lang='lat' dir='ltr'><strong>corpus</strong></span> <span class='ocrx_word' id='word_1_749' title='bbox 1738 5552 1936 5597; x_wconf 64' lang='lat' dir='ltr'><strong>sanetae</strong></span> <span class='ocrx_word' id='word_1_750' title='bbox 1980 5556 2121 5595; x_wconf 89' lang='lat' dir='ltr'><strong>mar-</strong></span> 
     </span>
    </p>
   </div>
   <div class='ocr_carea' id='block_1_105' title="bbox 543 5612 2118 5683">
    <p class='ocr_par' dir='ltr' id='par_1_105' title="bbox 543 5612 2118 5683">
     <span class='ocr_line' id='line_1_105' title="bbox 543 5612 2118 5683; baseline 0.001 -19"><span class='ocrx_word' id='word_1_751' title='bbox 543 5612 673 5681; x_wconf 86' lang='lat' dir='ltr'><strong>tyris</strong></span> <span class='ocrx_word' id='word_1_752' title='bbox 701 5614 941 5681; x_wconf 83' lang='lat' dir='ltr'><strong>collegit,</strong></span> <span class='ocrx_word' id='word_1_753' title='bbox 971 5612 1253 5683; x_wconf 86' lang='lat' dir='ltr'><strong>posuitque</strong></span> <span class='ocrx_word' id='word_1_754' title='bbox 1278 5612 1427 5682; x_wconf 72' lang='lat' dir='ltr'><strong>juna</strong></span> <span class='ocrx_word' id='word_1_755' title='bbox 1472 5612 1698 5683; x_wconf 74' lang='lat' dir='ltr'><strong>corpbra</strong></span> <span class='ocrx_word' id='word_1_756' title='bbox 1731 5622 2032 5683; x_wconf 80' lang='lat' dir='ltr'><strong>sanctorum</strong></span> <span class='ocrx_word' id='word_1_757' title='bbox 2066 5614 2118 5666; x_wconf 90' lang='lat' dir='ltr'><strong>ill</strong></span> 
     </span>
    </p>
   </div>
   <div class='ocr_carea' id='block_1_106' title="bbox 528 5682 2117 5755">
    <p class='ocr_par' dir='ltr' id='par_1_106' title="bbox 528 5682 2117 5755">
     <span class='ocr_line' id='line_1_106' title="bbox 528 5682 2117 5755; baseline 0 -19"><span class='ocrx_word' id='word_1_758' title='bbox 528 5684 854 5740; x_wconf 35' lang='lat' dir='ltr'><strong>ictcmeterio</strong></span> <span class='ocrx_word' id='word_1_759' title='bbox 885 5682 1203 5746; x_wconf 78' lang='lat' dir='ltr'><strong>Alexandri,</strong></span> <span class='ocrx_word' id='word_1_760' title='bbox 1238 5684 1288 5737; x_wconf 91' lang='lat' dir='ltr'><strong>iu</strong></span> <span class='ocrx_word' id='word_1_761' title='bbox 1320 5682 1645 5741; x_wconf 33' lang='lat' dir='ltr'><strong>arenario’in</strong></span> <span class='ocrx_word' id='word_1_762' title='bbox 1679 5694 1861 5755; x_wconf 80' lang='lat' dir='ltr'><strong>crypta</strong></span> <span class='ocrx_word' id='word_1_763' title='bbox 1884 5682 2030 5754; x_wconf 79' lang='lat' dir='ltr'><strong>juxta</strong></span> <span class='ocrx_word' id='word_1_764' title='bbox 2057 5683 2117 5738; x_wconf 92' lang='grc'><strong>8.</strong></span> 
     </span>
    </p>
   </div>
   <div class='ocr_carea' id='block_1_107' title="bbox 2233 4487 3812 4559">
    <p class='ocr_par' dir='ltr' id='par_1_107' title="bbox 2233 4487 3812 4559">
     <span class='ocr_line' id='line_1_107' title="bbox 2233 4487 3812 4559; baseline -0.001 -15"><span class='ocrx_word' id='word_1_765' title='bbox 2233 4490 2566 4559; x_wconf 79' lang='lat' dir='ltr'><strong>Gangericus</strong></span> <span class='ocrx_word' id='word_1_766' title='bbox 2594 4490 2832 4559; x_wconf 71' lang='lat' dir='ltr'><strong>omnium</strong></span> <span class='ocrx_word' id='word_1_767' title='bbox 2877 4502 3161 4559; x_wconf 87' lang='lat' dir='ltr'><strong>consensu</strong></span> <span class='ocrx_word' id='word_1_768' title='bbox 3193 4488 3260 4540; x_wconf 92' lang='lat' dir='ltr'><strong>ab</strong></span> <span class='ocrx_word' id='word_1_769' title='bbox 3311 4487 3525 4559; x_wconf 71' lang='lat' dir='ltr'><strong>Aigidio</strong></span> <span class='ocrx_word' id='word_1_770' title='bbox 3555 4487 3812 4559; x_wconf 87' lang='lat' dir='ltr'><strong>episc_opo</strong></span> 
     </span>
    </p>
   </div>
   <div class='ocr_carea' id='block_1_108' title="bbox 2234 4555 3809 4615">
    <p class='ocr_par' dir='ltr' id='par_1_108' title="bbox 2234 4555 3809 4615">
     <span class='ocr_line' id='line_1_108' title="bbox 2234 4555 3809 4615; baseline -0.001 -2"><span class='ocrx_word' id='word_1_771' title='bbox 2234 4555 2520 4615; x_wconf 32' lang='lat' dir='ltr'><strong>litiei‘nelisi</strong></span> <span class='ocrx_word' id='word_1_772' title='bbox 2562 4559 2614 4610; x_wconf 91' lang='lat' dir='ltr'><strong>in</strong></span> <span class='ocrx_word' id='word_1_773' title='bbox 2655 4557 3027 4614; x_wconf 74' lang='lat' dir='ltr'><strong>Callicracensi</strong></span> <span class='ocrx_word' id='word_1_774' title='bbox 3074 4558 3202 4611; x_wconf 90' lang='lat' dir='ltr'><strong>sede</strong></span> <span class='ocrx_word' id='word_1_775' title='bbox 3240 4558 3530 4611; x_wconf 88' lang='lat' dir='ltr'><strong>collocatus</strong></span> <span class='ocrx_word' id='word_1_776' title='bbox 3556 4568 3664 4612; x_wconf 84' lang='lat' dir='ltr'><strong>est.</strong></span> <span class='ocrx_word' id='word_1_777' title='bbox 3696 4555 3809 4612; x_wconf 90' lang='lat' dir='ltr'><strong>Ple-</strong></span> 
     </span>
    </p>
   </div>
   <div class='ocr_carea' id='block_1_109' title="bbox 2232 4626 3813 4696">
    <p class='ocr_par' dir='ltr' id='par_1_109' title="bbox 2232 4626 3813 4696">
     <span class='ocr_line' id='line_1_109' title="bbox 2232 4626 3813 4696; baseline -0.003 -12"><span class='ocrx_word' id='word_1_778' title='bbox 2232 4647 2332 4685; x_wconf 91' lang='lat' dir='ltr'><strong>nus</strong></span> <span class='ocrx_word' id='word_1_779' title='bbox 2378 4632 2637 4684; x_wconf 92' lang='lat' dir='ltr'><strong>bonorum</strong></span> <span class='ocrx_word' id='word_1_780' title='bbox 2686 4642 2909 4696; x_wconf 90' lang='lat' dir='ltr'><strong>operum</strong></span> <span class='ocrx_word' id='word_1_781' title='bbox 2962 4638 3018 4681; x_wconf 88' lang='lat' dir='ltr'><strong>et</strong></span> <span class='ocrx_word' id='word_1_782' title='bbox 3067 4629 3274 4683; x_wconf 89' lang='lat' dir='ltr'><strong>dierum</strong></span> <span class='ocrx_word' id='word_1_783' title='bbox 3330 4626 3382 4680; x_wconf 92' lang='lat' dir='ltr'><strong>iu</strong></span> <span class='ocrx_word' id='word_1_784' title='bbox 3438 4642 3571 4691; x_wconf 86' lang='lat' dir='ltr'><strong>pace</strong></span> <span class='ocrx_word' id='word_1_785' title='bbox 3617 4629 3813 4695; x_wconf 75' lang='lat' dir='ltr'><strong>quievit</strong></span> 
     </span>
    </p>
   </div>
   <div class='ocr_carea' id='block_1_110' title="bbox 2232 4696 3809 4767">
    <p class='ocr_par' dir='ltr' id='par_1_110' title="bbox 2232 4696 3809 4767">
     <span class='ocr_line' id='line_1_110' title="bbox 2232 4696 3809 4767; baseline -0.002 -14"><span class='ocrx_word' id='word_1_786' title='bbox 2232 4716 2375 4756; x_wconf 89' lang='lat' dir='ltr'><strong>anno</strong></span> <span class='ocrx_word' id='word_1_787' title='bbox 2404 4699 2612 4754; x_wconf 90' lang='lat' dir='ltr'><strong>Domini</strong></span> <span class='ocrx_word' id='word_1_788' title='bbox 2644 4698 2767 4764; x_wconf 66' lang='lat'><strong>594,</strong></span> <span class='ocrx_word' id='word_1_789' title='bbox 2793 4701 3133 4766; x_wconf 84' lang='lat' dir='ltr'><strong>episcopatus</strong></span> <span class='ocrx_word' id='word_1_790' title='bbox 3162 4696 3251 4751; x_wconf 80' lang='lat'><strong>59.</strong></span> <span class='ocrx_word' id='word_1_791' title='bbox 3283 4697 3537 4761; x_wconf 87' lang='lat' dir='ltr'><strong>Sepultus</strong></span> <span class='ocrx_word' id='word_1_792' title='bbox 3564 4710 3650 4751; x_wconf 86' lang='lat' dir='ltr'><strong>est</strong></span> <span class='ocrx_word' id='word_1_793' title='bbox 3679 4698 3809 4767; x_wconf 88' lang='lat' dir='ltr'><strong>apud</strong></span> 
     </span>
    </p>
   </div>
   <div class='ocr_carea' id='block_1_111' title="bbox 2232 4769 3812 4837">
    <p class='ocr_par' dir='ltr' id='par_1_111' title="bbox 2232 4769 3812 4837">
     <span class='ocr_line' id='line_1_111' title="bbox 2232 4769 3812 4837; baseline -0.004 -12"><span class='ocrx_word' id='word_1_794' title='bbox 2232 4770 2582 4827; x_wconf 84' lang='lat' dir='ltr'><strong>Cameracum</strong></span> <span class='ocrx_word' id='word_1_795' title='bbox 2632 4770 2682 4821; x_wconf 92' lang='lat' dir='ltr'><strong>ili</strong></span> <span class='ocrx_word' id='word_1_796' title='bbox 2716 4769 2932 4822; x_wconf 85' lang='lat' dir='ltr'><strong>basilica</strong></span> <span class='ocrx_word' id='word_1_797' title='bbox 2965 4784 3123 4837; x_wconf 91' lang='lat' dir='ltr'><strong>qualn</strong></span> <span class='ocrx_word' id='word_1_798' title='bbox 3174 4771 3287 4837; x_wconf 87' lang='lat' dir='ltr'><strong>ipse</strong></span> <span class='ocrx_word' id='word_1_799' title='bbox 3312 4775 3694 4822; x_wconf 82' lang='lat' dir='ltr'><strong>construxerat</strong></span> <span class='ocrx_word' id='word_1_800' title='bbox 3725 4783 3812 4819; x_wconf 82' lang='lat' dir='ltr'><strong>no-</strong></span> 
     </span>
    </p>
   </div>
   <div class='ocr_carea' id='block_1_112' title="bbox 2232 4838 3813 4897">
    <p class='ocr_par' dir='ltr' id='par_1_112' title="bbox 2232 4838 3813 4897">
     <span class='ocr_line' id='line_1_112' title="bbox 2232 4838 3813 4897; baseline -0.003 -2"><span class='ocrx_word' id='word_1_801' title='bbox 2232 4842 2375 4896; x_wconf 86' lang='lat' dir='ltr'><strong>mine</strong></span> <span class='ocrx_word' id='word_1_802' title='bbox 2419 4841 2478 4897; x_wconf 86' lang='grc'><strong>8.</strong></span> <span class='ocrx_word' id='word_1_803' title='bbox 2512 4839 2786 4894; x_wconf 81' lang='lat' dir='ltr'><strong>Medardi:</strong></span> <span class='ocrx_word' id='word_1_804' title='bbox 2819 4839 2913 4893; x_wconf 90' lang='lat' dir='ltr'><strong>scd</strong></span> <span class='ocrx_word' id='word_1_805' title='bbox 2944 4840 3065 4894; x_wconf 90' lang='lat' dir='ltr'><strong>inde</strong></span> <span class='ocrx_word' id='word_1_806' title='bbox 3092 4854 3213 4893; x_wconf 90' lang='lat' dir='ltr'><strong>cum</strong></span> <span class='ocrx_word' id='word_1_807' title='bbox 3242 4840 3629 4892; x_wconf 90' lang='lat' dir='ltr'><strong>canonicorilin</strong></span> <span class='ocrx_word' id='word_1_808' title='bbox 3653 4838 3813 4893; x_wconf 83' lang='lat' dir='ltr'><strong>colle-</strong></span> 
     </span>
    </p>
   </div>
   <div class='ocr_carea' id='block_1_113' title="bbox 2228 4908 3812 4979">
    <p class='ocr_par' dir='ltr' id='par_1_113' title="bbox 2228 4908 3812 4979">
     <span class='ocr_line' id='line_1_113' title="bbox 2228 4908 3812 4979; baseline -0.003 -15"><span class='ocrx_word' id='word_1_809' title='bbox 2228 4914 2317 4979; x_wconf 84' lang='lat' dir='ltr'><strong>gio</strong></span> <span class='ocrx_word' id='word_1_810' title='bbox 2350 4911 2637 4966; x_wconf 87' lang='lat' dir='ltr'><strong>translatus</strong></span> <span class='ocrx_word' id='word_1_811' title='bbox 2683 4921 2765 4964; x_wconf 88' lang='lat' dir='ltr'><strong>est</strong></span> <span class='ocrx_word' id='word_1_812' title='bbox 2807 4912 2870 4963; x_wconf 88' lang='lat' dir='ltr'><strong>ad</strong></span> <span class='ocrx_word' id='word_1_813' title='bbox 2915 4910 3195 4965; x_wconf 75' lang='lat' dir='ltr'><strong>ecclesiam</strong></span> <span class='ocrx_word' id='word_1_814' title='bbox 3229 4909 3288 4965; x_wconf 95' lang='grc'><strong>8.</strong></span> <span class='ocrx_word' id='word_1_815' title='bbox 3326 4909 3568 4976; x_wconf 86' lang='lat' dir='ltr'><strong>Vedasti,</strong></span> <span class='ocrx_word' id='word_1_816' title='bbox 3600 4923 3723 4975; x_wconf 76' lang='lat' dir='ltr'><strong>qua:</strong></span> <span class='ocrx_word' id='word_1_817' title='bbox 3749 4908 3812 4960; x_wconf 82' lang='lat' dir='ltr'><strong>ab</strong></span> 
     </span>
    </p>
   </div>
   <div class='ocr_carea' id='block_1_114' title="bbox 2228 4979 3803 5051">
    <p class='ocr_par' dir='ltr' id='par_1_114' title="bbox 2228 4979 3803 5051">
     <span class='ocr_line' id='line_1_114' title="bbox 2228 4979 3803 5051; baseline -0.003 -15"><span class='ocrx_word' id='word_1_818' title='bbox 2228 4996 2297 5036; x_wconf 87' lang='lat' dir='ltr'><strong>eo</strong></span> <span class='ocrx_word' id='word_1_819' title='bbox 2336 4984 2494 5035; x_wconf 90' lang='lat' dir='ltr'><strong>etiam</strong></span> <span class='ocrx_word' id='word_1_820' title='bbox 2528 4980 2587 5035; x_wconf 91' lang='lat' dir='ltr'><strong>S.</strong></span> <span class='ocrx_word' id='word_1_821' title='bbox 2628 4979 2911 5051; x_wconf 79' lang='lat' dir='ltr'><strong>Gaugerici</strong></span> <span class='ocrx_word' id='word_1_822' title='bbox 2944 4983 3085 5034; x_wconf 88' lang='lat' dir='ltr'><strong>dicta</strong></span> <span class='ocrx_word' id='word_1_823' title='bbox 3134 4988 3240 5034; x_wconf 88' lang='lat' dir='ltr'><strong>est.</strong></span> <span class='ocrx_word' id='word_1_824' title='bbox 3292 4980 3545 5051; x_wconf 53' lang='lat' dir='ltr'><strong>Mosaeus</strong></span> <span class='ocrx_word' id='word_1_825' title='bbox 3596 4979 3668 5034; x_wconf 87' lang='lat' dir='ltr'><strong>de</strong></span> 
     </span>
    </p>
   </div>
   <div class='ocr_carea' id='block_1_115' title="bbox 2229 5050 3450 5124">
    <p class='ocr_par' dir='ltr' id='par_1_115' title="bbox 2229 5050 3450 5124">
     <span class='ocr_line' id='line_1_115' title="bbox 2229 5050 3450 5124; baseline -0.002 -18"><span class='ocrx_word' id='word_1_826' title='bbox 2229 5054 2418 5124; x_wconf 62' lang='lat' dir='ltr'><strong>Delgii.</strong></span> <span class='ocrx_word' id='word_1_827' title='bbox 2447 5051 2612 5124; x_wconf 69' lang='lat' dir='ltr'><strong>Cilix.</strong></span> <span class='ocrx_word' id='word_1_828' title='bbox 2636 5050 2916 5124; x_wconf 60' lang='lat' dir='ltr'><strong>SgucltSIs.</strong></span> <span class='ocrx_word' id='word_1_829' title='bbox 2955 5051 3172 5124; x_wconf 66' lang='lat' dir='ltr'><strong>Stultus,</strong></span> <span class='ocrx_word' id='word_1_830' title='bbox 3202 5060 3331 5103; x_wconf 92' lang='lat' dir='ltr'><strong>toni.</strong></span> <span class='ocrx_word' id='word_1_831' title='bbox 3363 5050 3450 5103; x_wconf 91' lang='lat' dir='ltr'><strong>IV.</strong></span> 
     </span>
    </p>
   </div>
   <div class='ocr_carea' id='block_1_116' title="bbox 2306 5120 3804 5190">
    <p class='ocr_par' dir='ltr' id='par_1_116' title="bbox 2306 5120 3804 5190">
     <span class='ocr_line' id='line_1_116' title="bbox 2306 5120 3804 5190; baseline -0.004 -12"><span class='ocrx_word' id='word_1_832' title='bbox 2306 5120 2353 5159; x_wconf 70' lang='grc' dir='ltr'><strong>θ’</strong></span> <span class='ocrx_word' id='word_1_833' title='bbox 2382 5122 2637 5178; x_wconf 79' lang='lat' dir='ltr'><strong>Cassiani.</strong></span> <span class='ocrx_word' id='word_1_834' title='bbox 2672 5121 2870 5176; x_wconf 90' lang='lat' dir='ltr'><strong>Forsan</strong></span> <span class='ocrx_word' id='word_1_835' title='bbox 2906 5122 2990 5175; x_wconf 89' lang='lat' dir='ltr'><strong>llic</strong></span> <span class='ocrx_word' id='word_1_836' title='bbox 3015 5122 3154 5175; x_wconf 91' lang='lat' dir='ltr'><strong>idem</strong></span> <span class='ocrx_word' id='word_1_837' title='bbox 3190 5130 3276 5175; x_wconf 89' lang='lat' dir='ltr'><strong>est</strong></span> <span class='ocrx_word' id='word_1_838' title='bbox 3303 5134 3424 5175; x_wconf 91' lang='lat' dir='ltr'><strong>cum</strong></span> <span class='ocrx_word' id='word_1_839' title='bbox 3451 5133 3518 5175; x_wconf 90' lang='lat' dir='ltr'><strong>eo</strong></span> <span class='ocrx_word' id='word_1_840' title='bbox 3548 5120 3640 5190; x_wconf 85' lang='lat' dir='ltr'><strong>qui</strong></span> <span class='ocrx_word' id='word_1_841' title='bbox 3668 5135 3701 5173; x_wconf 72' lang='grc' dir='ltr'><strong>ν</strong></span> <span class='ocrx_word' id='word_1_842' title='bbox 3727 5120 3804 5172; x_wconf 75' lang='lat' dir='ltr'><strong>vel</strong></span> 
     </span>
    </p>
   </div>
   <div class='ocr_carea' id='block_1_117' title="bbox 2228 5192 3210 5261">
    <p class='ocr_par' dir='ltr' id='par_1_117' title="bbox 2228 5192 3210 5261">
     <span class='ocr_line' id='line_1_117' title="bbox 2228 5192 3210 5261; baseline -0.002 -12"><span class='ocrx_word' id='word_1_843' title='bbox 2228 5205 2324 5249; x_wconf 68' lang='grc' dir='ltr'><strong>λιιι</strong></span> <span class='ocrx_word' id='word_1_844' title='bbox 2356 5194 2441 5248; x_wconf 91' lang='lat' dir='ltr'><strong>die</strong></span> <span class='ocrx_word' id='word_1_845' title='bbox 2472 5193 2628 5261; x_wconf 88' lang='lat' dir='ltr'><strong>liujus</strong></span> <span class='ocrx_word' id='word_1_846' title='bbox 2656 5194 2854 5247; x_wconf 90' lang='lat' dir='ltr'><strong>mensis</strong></span> <span class='ocrx_word' id='word_1_847' title='bbox 2885 5192 3210 5247; x_wconf 88' lang='lat' dir='ltr'><strong>celebratur.</strong></span> 
     </span>
    </p>
   </div>
   <div class='ocr_carea' id='block_1_118' title="bbox 2304 5259 3805 5331">
    <p class='ocr_par' dir='ltr' id='par_1_118' title="bbox 2304 5259 3805 5331">
     <span class='ocr_line' id='line_1_118' title="bbox 2304 5259 3805 5331; baseline -0.003 -14"><span class='ocrx_word' id='word_1_848' title='bbox 2304 5263 2323 5303; x_wconf 68' lang='grc' dir='ltr'><strong>ί</strong></span> <span class='ocrx_word' id='word_1_849' title='bbox 2372 5259 2584 5331; x_wconf 79' lang='lat' dir='ltr'><strong>Ypofiti.</strong></span> <span class='ocrx_word' id='word_1_850' title='bbox 2620 5268 2656 5317; x_wconf 78' lang='grc' dir='ltr'>Α</span> <span class='ocrx_word' id='word_1_851' title='bbox 2711 5264 2771 5317; x_wconf 83' lang='grc' dir='ltr'>Β.</span> <span class='ocrx_word' id='word_1_852' title='bbox 2806 5263 3111 5325; x_wconf 80' lang='lat' dir='ltr'><strong>Laurentio,</strong></span> <span class='ocrx_word' id='word_1_853' title='bbox 3145 5262 3233 5329; x_wconf 88' lang='lat' dir='ltr'><strong>qui</strong></span> <span class='ocrx_word' id='word_1_854' title='bbox 3265 5276 3422 5329; x_wconf 84' lang='lat' dir='ltr'><strong>supra</strong></span> <span class='ocrx_word' id='word_1_855' title='bbox 3453 5277 3484 5314; x_wconf 71' lang='grc' dir='ltr'>ι</span> <span class='ocrx_word' id='word_1_856' title='bbox 3514 5259 3605 5314; x_wconf 87' lang='lat' dir='ltr'><strong>die</strong></span> <span class='ocrx_word' id='word_1_857' title='bbox 3636 5261 3805 5327; x_wconf 73' lang='lat' dir='ltr'><strong>Augu-</strong></span> 
     </span>
    </p>
   </div>
   <div class='ocr_carea' id='block_1_119' title="bbox 2225 5332 3801 5397">
    <p class='ocr_par' dir='ltr' id='par_1_119' title="bbox 2225 5332 3801 5397">
     <span class='ocr_line' id='line_1_119' title="bbox 2225 5332 3801 5397; baseline -0.004 -10"><span class='ocrx_word' id='word_1_858' title='bbox 2225 5335 2293 5387; x_wconf 86' lang='lat' dir='ltr'><strong>sti</strong></span> <span class='ocrx_word' id='word_1_859' title='bbox 2325 5336 2543 5396; x_wconf 91' lang='lat' dir='ltr'><strong>colitur,</strong></span> <span class='ocrx_word' id='word_1_860' title='bbox 2590 5333 2677 5388; x_wconf 92' lang='lat' dir='ltr'><strong>bic</strong></span> <span class='ocrx_word' id='word_1_861' title='bbox 2708 5336 2772 5387; x_wconf 90' lang='lat' dir='ltr'><strong>ad</strong></span> <span class='ocrx_word' id='word_1_862' title='bbox 2805 5333 2963 5387; x_wconf 83' lang='lat' dir='ltr'><strong>fidem</strong></span> <span class='ocrx_word' id='word_1_863' title='bbox 3012 5347 3305 5386; x_wconf 83' lang='lat' dir='ltr'><strong>conversus</strong></span> <span class='ocrx_word' id='word_1_864' title='bbox 3356 5332 3655 5397; x_wconf 78' lang='lat' dir='ltr'><strong>baptizatus</strong></span> <span class='ocrx_word' id='word_1_865' title='bbox 3702 5338 3801 5383; x_wconf 87' lang='lat' dir='ltr'><strong>est.</strong></span> 
     </span>
    </p>
   </div>
   <div class='ocr_carea' id='block_1_120' title="bbox 2217 5400 3803 5473">
    <p class='ocr_par' dir='ltr' id='par_1_120' title="bbox 2217 5400 3803 5473">
     <span class='ocr_line' id='line_1_120' title="bbox 2217 5400 3803 5473; baseline -0.002 -17"><span class='ocrx_word' id='word_1_866' title='bbox 2217 5403 2341 5462; x_wconf 71' lang='lat' dir='ltr'><strong>Non</strong></span> <span class='ocrx_word' id='word_1_867' title='bbox 2374 5404 2475 5459; x_wconf 80' lang='lat' dir='ltr'><strong>Sub</strong></span> <span class='ocrx_word' id='word_1_868' title='bbox 2505 5404 2684 5466; x_wconf 87' lang='lat' dir='ltr'><strong>Decio,</strong></span> <span class='ocrx_word' id='word_1_869' title='bbox 2717 5412 2772 5457; x_wconf 88' lang='lat' dir='ltr'><strong>ut</strong></span> <span class='ocrx_word' id='word_1_870' title='bbox 2806 5403 3177 5473; x_wconf 81' lang='lat' dir='ltr'><strong>Martyrulogia</strong></span> <span class='ocrx_word' id='word_1_871' title='bbox 3217 5414 3273 5455; x_wconf 91' lang='lat' dir='ltr'><strong>et</strong></span> <span class='ocrx_word' id='word_1_872' title='bbox 3301 5405 3428 5456; x_wconf 79' lang='lat' dir='ltr'><strong>Aeta</strong></span> <span class='ocrx_word' id='word_1_873' title='bbox 3474 5401 3533 5454; x_wconf 93' lang='lat' dir='ltr'><strong>S.</strong></span> <span class='ocrx_word' id='word_1_874' title='bbox 3572 5400 3803 5473; x_wconf 64' lang='lat' dir='ltr'><strong>Laurea-</strong></span> 
     </span>
    </p>
   </div>
   <div class='ocr_carea' id='block_1_121' title="bbox 2227 5468 3801 5538">
    <p class='ocr_par' dir='ltr' id='par_1_121' title="bbox 2227 5468 3801 5538">
     <span class='ocr_line' id='line_1_121' title="bbox 2227 5468 3801 5538; baseline -0.004 -11"><span class='ocrx_word' id='word_1_875' title='bbox 2227 5474 2287 5527; x_wconf 91' lang='lat' dir='ltr'><strong>tii</strong></span> <span class='ocrx_word' id='word_1_876' title='bbox 2321 5474 2454 5528; x_wconf 87' lang='lat' dir='ltr'><strong>falso</strong></span> <span class='ocrx_word' id='word_1_877' title='bbox 2483 5483 2752 5538; x_wconf 90' lang='lat' dir='ltr'><strong>asserunt,</strong></span> <span class='ocrx_word' id='word_1_878' title='bbox 2800 5474 2893 5527; x_wconf 88' lang='lat' dir='ltr'><strong>sed</strong></span> <span class='ocrx_word' id='word_1_879' title='bbox 2928 5468 3028 5528; x_wconf 76' lang='lat' dir='ltr'><strong>sub</strong></span> <span class='ocrx_word' id='word_1_880' title='bbox 3072 5473 3357 5527; x_wconf 79' lang='lat' dir='ltr'><strong>Valeriano</strong></span> <span class='ocrx_word' id='word_1_881' title='bbox 3389 5472 3567 5525; x_wconf 88' lang='lat' dir='ltr'><strong>triduo</strong></span> <span class='ocrx_word' id='word_1_882' title='bbox 3596 5480 3717 5537; x_wconf 85' lang='lat' dir='ltr'><strong>post</strong></span> <span class='ocrx_word' id='word_1_883' title='bbox 3743 5468 3801 5524; x_wconf 91' lang='grc'><strong>8.</strong></span> 
     </span>
    </p>
   </div>
   <div class='ocr_carea' id='block_1_122' title="bbox 2227 5542 3803 5612">
    <p class='ocr_par' dir='ltr' id='par_1_122' title="bbox 2227 5542 3803 5612">
     <span class='ocr_line' id='line_1_122' title="bbox 2227 5542 3803 5612; baseline -0.004 -15"><span class='ocrx_word' id='word_1_884' title='bbox 2227 5543 2570 5599; x_wconf 85' lang='lat' dir='ltr'><strong>Laurentium</strong></span> <span class='ocrx_word' id='word_1_885' title='bbox 2626 5559 2812 5612; x_wconf 87' lang='lat' dir='ltr'><strong>passus</strong></span> <span class='ocrx_word' id='word_1_886' title='bbox 2858 5555 2942 5597; x_wconf 89' lang='lat' dir='ltr'><strong>est</strong></span> <span class='ocrx_word' id='word_1_887' title='bbox 2991 5559 3110 5597; x_wconf 90' lang='lat' dir='ltr'><strong>cum</strong></span> <span class='ocrx_word' id='word_1_888' title='bbox 3162 5551 3270 5596; x_wconf 86' lang='lat' dir='ltr'><strong>tota</strong></span> <span class='ocrx_word' id='word_1_889' title='bbox 3318 5544 3534 5596; x_wconf 84' lang='lat' dir='ltr'><strong>familia.</strong></span> <span class='ocrx_word' id='word_1_890' title='bbox 3567 5542 3803 5612; x_wconf 74' lang='lat' dir='ltr'><strong>Qnorilni</strong></span> 
     </span>
    </p>
   </div>
   <div class='ocr_carea' id='block_1_123' title="bbox 2227 5609 3802 5738">
    <p class='ocr_par' dir='ltr' id='par_1_123' title="bbox 2227 5609 3802 5738">
     <span class='ocr_line' id='line_1_123' title="bbox 2227 5609 3802 5738; baseline -0.004 -70"><span class='ocrx_word' id='word_1_891' title='bbox 2227 5629 2453 5738; x_wconf 46' lang='lat' dir='ltr'><strong>cnrplufra</strong></span> <span class='ocrx_word' id='word_1_892' title='bbox 2482 5613 2542 5670; x_wconf 91' lang='grc'><strong>8.</strong></span> <span class='ocrx_word' id='word_1_893' title='bbox 2584 5609 2829 5671; x_wconf 80' lang='lat' dir='ltr'><strong>Justinus</strong></span> <span class='ocrx_word' id='word_1_894' title='bbox 2874 5615 2927 5670; x_wconf 91' lang='lat' dir='ltr'><strong>ill</strong></span> <span class='ocrx_word' id='word_1_895' title='bbox 2971 5628 3163 5686; x_wconf 86' lang='lat' dir='ltr'><strong>campo</strong></span> <span class='ocrx_word' id='word_1_896' title='bbox 3188 5614 3253 5669; x_wconf 84' lang='lat' dir='ltr'><strong>ad</strong></span> <span class='ocrx_word' id='word_1_897' title='bbox 3295 5614 3432 5669; x_wconf 85' lang='lat' dir='ltr'><strong>latus</strong></span> <span class='ocrx_word' id='word_1_898' title='bbox 3457 5613 3571 5683; x_wconf 78' lang='lat' dir='ltr'><strong>agri</strong></span> <span class='ocrx_word' id='word_1_899' title='bbox 3598 5609 3802 5668; x_wconf 76' lang='lat' dir='ltr'><strong>Verani</strong></span> 
     </span>
     <span class='ocr_line' id='line_1_124' title="bbox 2227 5694 2489 5738; baseline 0 0"><span class='ocrx_word' id='word_1_900' title='bbox 2227 5700 2350 5738; x_wconf 71' lang='lat' dir='ltr'><strong>SCDC</strong></span> <span class='ocrx_word' id='word_1_901' title='bbox 2376 5694 2489 5738; x_wconf 79' lang='grc' dir='ltr'>ινιι.</span> 
     </span>
    </p>
   </div>
   <div class='ocr_carea' id='block_1_124' title="bbox 2226 5694 2489 5756">
    <p class='ocr_par' dir='ltr' id='par_1_124' title="bbox 2226 5694 2489 5756">
     <span class='ocr_line' id='line_1_125' title="bbox 2226 5694 2489 5756; baseline -0.004 -17"><span class='ocrx_word' id='word_1_902' title='bbox 2226 5694 2489 5756; x_wconf 81' lang='lat' dir='ltr'><strong>sepelivit.</strong></span> 
     </span>
    </p>
   </div>
  </div>
