4064 6346
483 297 613 354 {3W

1232 291 1430 349 DEDIE
1472 289 1919 348 VENERAUIUS
1957 288 2105 344 OPP.
2150 286 2327 343 PARS
2369 288 2453 343 iV.
2500 317 2565 329 -
2605 284 2988 343 lliSTORlCA.

3613 282 3743 337 1008

1719 402 1944 458 EDITIO
1982 401 2442 458 COLONIENSlS.

481 505 651 562 sancti
693 500 947 558 Tharsicii
994 498 1180 568 acolyti
1230 507 1285 552 et
1334 498 1600 566 martyris.
1650 496 1817 565 Quem
1866 498 2053 567 pagani
2086 496 2362 558 Aorando
2395 494 2727 550 interemisse
2756 493 2980 563 legatur.
3034 491 3214 549 Romae
3260 502 3456 547 sanetae
3506 491 3745 561 Serente,

482 614 603 653 eum
635 595 956 649 invenissent
988 590 1179 642 tilni~ti
1208 591 1448 656 corporis
1478 598 1807 642 sacramenta
1843 598 2058 655 portau-

481 698 613 752 tctn,
642 692 917 752 cmpcrunt
943 682 1211 735 discutere
1253 680 1379 748 quid
1426 688 1654 745 gereret.
1707 681 1776 732 At
1807 679 1892 733 ille
1920 679 2058 733 iudi-

483 793 643 848 gnum
691 772 1144 847 judicans'porcis
1201 770 1424 839 prodere
1472 771 1829 840 margaritas,
1884 770 2062 823 tandiu

484 870 711 924 fustibus
739 882 799 921 ac
841 864 1100 934 lapidibus
1146 872 1405 918 mactatus
1429 905 1446 928 ,
1475 877 1749 931 quousque
1795 862 2068 917 exhalaret

487 960 750 1030 spiritum.
784 958 844 1011 Et
872 956 1111 1010 revoluto
1139 955 1253 1023 ejus
1275 968 1498 1022 corpore
1526 954 1763 1021 sacrilegi
1795 953 2065 1007 discusso-

486 1065 574 1106 res
603 1050 727 1103 nihil
760 1048 993 1101 invenire
1022 1053 1306 1115 potuerunt
1350 1053 1803 1098 sacramentorum
1848 1045 2062 1099 Christi.

485 1137 777 1197 Christiani
808 1147 981 1192 autem
1010 1140 1328 1208 collegerunt
1362 1152 1553 1206 corpus
1583 1138 1828 1206 martyris
1851 1178 1865 1203 ,
1895 1149 1947 1191 ct
1976 1154 2063 1193 se-

489 1232 753 1300 pelierunt
806 1232 856 1283 in
888 1233 1195 1283 cmmeterio
1240 1228 1441 1281 Calisti.
1496 1228 1550 1281 ln
1598 1228 1901 1282 Nicomedia
1946 1245 2058 1283 sane

485 1330 694 1378 ctorum
725 1321 1009 1387 StratOnis,
1035 1320 1255 1389 Philippi
1286 1331 1338 1376 et
1362 1320 1703 1391 Eutychiani,
1735 1335 1853 1375 cum
1881 1308 2065 1375 eurum

488 1415 669 1469 sociis.

563 1507 622 1559 D.
654 1504 791 1559 XVII
820 1503 1059 1559 KALEND.
1088 1503 1354 1559 Sarrana.
1392 1503 1442 1558 In
1475 1504 1648 1558 Nicaea
1684 1504 1941 1576 Bithynia:
1968 1520 2072 1560 na.

490 1599 598 1653 tale
625 1600 791 1654 sancti
826 1597 1019 1654 Ursatii
1065 1597 1419 1661 confessoris,
1452 1600 1550 1651 sub
1591 1598 1791 1651 Licinio
1821 1613 2074 1667 persecu-

487 1698 627 1754 tore,
655 1691 742 1761 qui
790 1690 972 1745 relicta
1002 1687 1190 1742 militia
1237 1689 1524 1742 solitariam
1567 1689 1725 1741 vitam
1759 1687 1810 1742 in
1843 1691 2068 1758 quadam

488 1780 625 1836 turri
673 1780 905 1850 prmfzttte
956 1779 1097 1832 urbis
1140 1777 1618 1847 elegitztantisquc
1662 1779 1945 1832 virtutibus
1971 1779 2075 1832 cla-

2168 604 2347 643 uxnrts
2390 588 2652 657 quondam
2697 586 3006 641 Diocletiani
3040 587 3281 656 Augusti.
3332 585 3385 639 In
3424 584 3743 641 Alexandria

2166 691 2471 735 sanctorum
2498 680 2728 744 Orionis,
2754 679 2951 733 {Emilii
2980 685 3034 733 et
3060 677 3264 747 lgnatii.
3292 678 3343 731 ln
3371 678 3594 733 Persida
3625 692 3746 732 san-

2166 782 2371 827 ctorum
2402 772 2554 843 Tyrsi
2598 788 2716 826 cmn
2762 771 2922 827 sociis
2968 772 3098 827 suis.
3148 770 3297 825 Metis
3325 772 3544 826 civitate
3586 768 3752 826 sancti

2170 862 2371 918 Arnulfi
2403 862 2744 916 confessoris.

2241 954 2301 1007 Ε.
2328 951 2445 1007 XVI
2467 951 2703 1005 KALEND.
2724 951 2992 1006 SEPTEMB.
3018 950 3170 1019 Apud
3198 951 3426 1005 Africam
3447 959 3755 1004 sanctorum

2170 1054 2482 1112 martyrum,
2514 1041 2743 1095 Liberati
2774 1041 2979 1094 abbatis
3002 1083 3016 1104 ,
3052 1040 3306 1094 Donifacii
3337 1041 3573 1104 diaconi,
3602 1041 3756 1095 Servi

2171 1145 2225 1190 et
2254 1135 2453 1189 Rustici
2484 1133 2947 1198 subdiaconorum,
2981 1133 3169 1201 Rogati
3212 1144 3265 1187 et
3296 1133 3518 1202 Septimi
3568 1148 3757 1187 mona-

2171 1227 2417 1292 chorum,
2449 1233 2501 1279 et
2543 1224 2755 1278 Maximi
2802 1227 2946 1293 pueri
2976 1241 2990 1280 :
3015 1226 3102 1293 qui
3150 1225 3520 1293 persecutione
3554 1224 3762 1277 Vanda-

2174 1317 2290 1381 lica,
2320 1316 2471 1384 jussu
2503 1316 2849 1370 crudelissimi
2891 1315 3029 1383 regis
3064 1313 3334 1377 llunerici,
3366 1315 3433 1368 de
3482 1315 3758 1370 territorio

2172 1410 2454 1477 Caspcnsis
2482 1410 2714 1464 civitatis
2740 1448 2755 1472 ,
2784 1423 2847 1461 ex
2883 1407 3182 1461 habitacqu
3213 1408 3519 1460 monasterii
3554 1406 3762 1459 abstra-

2172 1502 2263 1567 cti,
2307 1512 2465 1570 atque
2490 1501 2555 1552 ad
2589 1500 2773 1553 urbem
2814 1496 3185 1565 Carthaginem
3218 1505 3339 1549 sunt
3371 1495 3638 1564 producti,
3675 1495 3762 1548 ubi

2175 1608 2274 1663 pro
2294 1592 2629 1647 confessione
2661 1590 2778 1645 fidei
2806 1589 3059 1644 carcerali
3089 1586 3342 1642 custodiae
3368 1587 3683 1657 mancipati,
3711 1596 3764 1641 et

2176 1684 2479 1739 crudelibus
2511 1681 2634 1737 ferri
2658 1674 2978 1752 ponderibus
3004 1680 3186 1734 arctati
3216 1698 3227 1732 :
3258 1681 3545 1733 novissime
3581 1688 3762 1749 tyran-

2180 1792 2278 1831 nus
2295 1777 2454 1845 jussit
2474 1791 2659 1830 navem
2685 1775 2949 1845 lignorum
2973 1772 3253 1842 manipulis
3271 1772 3579 1841 adimpleri,
3604 1782 3764 1841 atque

488 1873 613 1940 ruit,
642 1882 701 1927 ut
721 1882 774 1928 et
796 1871 1065 1927 diemones
1090 1871 1373 1939 expulisse,
1400 1878 1453 1924 et
1484 1871 1747 1940 ingentem
1775 1870 2061 1925 draconem
2100 1864 2144 1922 Β
2174 1869 2226 1923 in
2253 1884 2316 1923 ea
2348 1882 2535 1921 omnes
2575 1868 2768 1920 uaritcr
2802 1865 3046 1933 alligatos
3088 1866 3143 1918 in
3194 1863 3368 1919 medio
3412 1862 3591 1934 pelagi
3643 1862 3764 1933 igne

1733 1959 1963 2016 EDlTl'O
2004 1960 2501 2017 BOLLANDIANA.

566 2058 789 2113 Notatur
817 2055 1024 2111 rubriCa
1056 2055 1110 2109 In
1135 2055 1195 2107 D.
1224 2055 1276 2107 in
1307 2056 1370 2108 Α.
1405 2052 1467 2108 Τ.
1502 2053 1559 2107 L.
1586 2054 1645 2107 Β.
1669 2052 1729 2110 C.
1762 2054 2066 2120 Assutnptio

493 2130 707 2185 dicitur.
739 2129 802 2182 ν.
829 2128 914 2191 Ω..
940 2129 1003 2181 Ει
1030 2127 1152 2179 alibi
1175 2126 1439 2179 'l‘ratiouis
1463 2121 2067 2196 [Strationis],Philippi

491 2209 550 2255 et
579 2199 864 2254 Anticiaui.
893 2203 957 2251 A.
983 2198 1045 2252 Τ.
1074 2199 1160 2257 ι...
1196 2198 1247 2249 In
1278 2196 1584 2249 Nicomedia
1615 2196 1791 2249 natale
1813 2195 1909 2249 SS.
1948 2195 2070 2248 Plii-

493 2269 629 2338 lippi
657 2280 709 2324 et
742 2268 997 2323 liuticiani
1031 2264 1371 2338 [Enticilalu
1415 2265 1748 2338 Carthagine
1766 2266 1946 2338 natale
1969 2266 2068 2320 SS.

494 2335 644 2396 Isaac
665 2350 721 2394 et
744 2335 1067 2395 Maximiani.
1095 2339 1174 2401 Β..
1203 2338 1253 2389 In
1277 2336 1583 2389 Nicomedia
1611 2336 1786 2389 natale
1806 2335 1901 2392 SS.
1924 2336 2074 2391 Stra-

497 2412 660 2475 tonis,
678 2410 911 2487 Philippi
945 2417 999 2462 et
1029 2408 1287 2461 Eoticiani
1320 2422 1439 2459 cum
1470 2407 1625 2460 sociis
1650 2422 1858 2462 eorum.

571 2501 659 2556 16.
683 2500 907 2555 -Χνιι
941 2500 1073 2554 Kac.
1100 2497 1266 2553 Vacat
1294 2498 1469 2551 Dmda.

570 2594 661 2660 D.,
692 2594 745 2647 In
771 2590 946 2648 Niczea
994 2590 1250 2660 Bithynia:
1284 2590 1457 2643 natale
1487 2590 1542 2645 S.
1578 2593 1602 2622 ⁸
1632 2589 1835 2645 UrSacii
1866 2588 2077 2645 confes-

495 2664 663 2723 80ris.
697 2663 759 2718 V.
782 2663 869 2725 (3..
895 2662 1077 2715 Natale
1104 2660 1429 2731 Simpliciaui
1459 2672 1512 2714 et
1538 2661 1596 2717 S.
1620 2662 1834 2731 'l‘hyrsi,
1866 2663 2078 2716 Orionis

495 2746 553 2794 et
587 2734 799 2789 Eutelii.
840 2735 904 2788 A.
934 2733 997 2785 Τ.
1033 2733 1095 2787 L.
1128 2733 1209 2796 Β..
1245 2733 1296 2785 1η
1329 2730 1541 2784 Persida
1573 2730 1747 2786 natale
1774 2733 1926 2803 'l‘yrsi
1955 2749 2075 2787 cum

498 2806 661 2864 sociis
683 2805 812 2859 suis.
844 2804 897 2858 ltt
923 2803 1261 2874 Alexandria;
1276 2802 1450 2870 passio
1471 2802 1877 2874 SS.Ot-ioniset
1900 2803 2075 2874 Agna-

496 2878 579 2931 tii.
594 2877 648 2931 ln
666 2874 846 2931 Galliis
861 2874 1068 2930 civitate
1084 2873 1232 2928 Motis
1247 2871 1320 2945 [lit
1339 2873 1520 2928 Galliis
1542 2873 1756 2928 civitate
1771 2873 1919 2929 Motis
1937 2871 2077 2927 deest

2175 2055 2227 2106 in
2258 2050 2340 2124 8.]
2366 2053 2538 2124 natale
2568 2051 2625 2105 S.
2650 2048 2676 2124 ξι
2704 2049 2904 2124 Amulli
2930 2050 3162 2124 cpiscOpi
3187 2049 3531 2124 confessoris.
3564 2050 3760 2106 Verum

2178 2125 2229 2177 in
2266 2122 2353 2185 Α..
2384 2122 2583 2176 omisso
2629 2122 2845 2182 Orione,
2881 2131 3082 2174 tantum
3136 2123 3326 2191 legitur
3358 2138 3368 2172 :
3404 2122 3473 2175 Et
3497 2122 3767 2188 depositio

2176 2195 2233 2249 S.
2270 2194 2497 2262 Agnalii.
2552 2194 2604 2245 ltt
2655 2195 2711 2247 li.
2744 2194 2993 2247 scribitur
3044 2192 3258 2262 Iguatii,
3304 2201 3361 2248 et
3408 2193 3769 2265 interponitur

2179 2281 2371 2319 nomen
2412 2265 2617 2318 Emelii.
3719 2284 3739 2298 .

2254 2356 2342 2410 l7.
2365 2383 2434 2394 —
2458 2354 2573 2408 XVI
2618 2354 2759 2409 lin...
2780 2353 2995 2409 Octava).
3022 2354 3080 2410 S.
3108 2353 3402 2410 Laurentii.

2262 2450 2324 2504 ν.
2355 2448 2442 2514 C.,
2470 2449 2533 2502 Et
2561 2448 2617 2501 S.
2648 2449 2883 2500 lilametis
2916 2447 2996 2517 [(1.
3044 2446 3301 2517 Numetis]
3350 2448 3627 2501 monachi.
3677 2448 3763 2512 T.,

2185 2520 2370 2575 Passio
2400 2522 2457 2576 S.
2494 2532 2514 2558 ε
2548 2521 2862 2573 Maumtetis.
2896 2520 2956 2572 L.
2993 2518 3077 2579 Β..
3114 2521 3166 2569 In
3199 2520 3442 2571 Cassarea
3479 2520 3762 2585 Cappado—

2184 2592 2279 2645 cire
2312 2594 2323 2664 Ι
2352 2591 2699 2659 Cappadocize
2746 2590 2887 2664 deest
2931 2589 2988 2664 in
3030 2591 3085 2664 Ιξ.
3114 2586 3132 2657 j
3163 2590 3344 2664 natale
3371 2589 3444 2664 S.
3465 2591 3766 2664 Mammetis

2186 2658 2430 2716 monachi
2461 2658 2515 2715 et
2542 2660 2810 2730 martyris.
2860 2658 2925 2711 A.
2963 2661 3020 2712 Β.
3054 2660 3141 2719 'l'.,
3175 2660 3226 2713 In
3258 2661 3583 2713 Calcedonia
3627 2660 3763 2729 Cap-

2182 2734 2422 2803 padocie
2474 2731 2648 2799 passio
2691 2732 2747 2785 S.
2780 2730 2805 2767 ἀ
2842 2730 3091 2783 Eufemia:
3135 2730 3375 2798 virginis.
3420 2732 3511 2803 Τ..
3564 2730 3760 2785 Eodem

2182 2801 2269 2858 die
2316 2803 2490 2871 passio
2524 2812 2546 2838 ε
2580 2814 2781 2871 septem
2824 2814 3138 2870 martyrum,
3183 2802 3271 2869 qni
3311 2801 3450 2868 passi
3500 2810 3625 2855 sunt
3661 2804 3758 2853 sub

2185 2869 2455 2929 llonorico
2502 2869 2654 2942 rege.
2699 2869 2793 2938 Β..
2826 2871 2883 2926 In
2928 2869 3063 2942 pago
3109 2871 3497 2931 Cenomauico.
3544 2872 3763 2927 Auisola

1897 2966 2105 3021 SMITH
2143 2964 2373 3022 NUTIE.

574 3076 601 3105 κ
631 3066 851 3122 Urmcii.
883 3062 1063 3117 Potius
1092 3061 1315 3118 Arsacii.
1351 3060 1477 3115 Erat
1505 3059 1590 3116 hic
1626 3060 1838 3115 natione
1881 3061 2063 3127 Persa,
2096 3062 2145 3126 α
2178 3064 2277 3117 hoc
2318 3070 2399 3117 est
2444 3076 2584 3116 anno
2633 3060 2739 3117 643
2783 3058 3081 3122 scriboibat,
3114 3059 3265 3113 initio
3316 3058 3446 3114 Vita:
3482 3062 3764 3117 Arnulfum

498 3139 587 3208 qui
617 3153 738 3193 cum
767 3136 970 3208 alendis
1001 3133 1335 3208 imperatoris
1358 3132 1600 3208 leonibus
1624 3133 1936 3208 praepositus
1969 3132 2069 3185 mi-

497 3201 699 3273 litaret,
726 3222 830 3263 non
891 3201 1137 3275 ignobilis
1194 3205 1331 3258 inter
1382 3201 2073 3271 confessurusprincipatu

500 3280 688 3335 Licinii
720 3274 942 3332 exstitit.
977 3276 1222 3329 Praedixit
1252 3285 1407 3328 terrm
1438 3283 1659 3335 motum,
1691 3290 1797 3341 quo
1827 3274 2073 3327 Nicome-

500 3351 586 3404 dia
618 3350 851 3413 collapsa
879 3356 958 3399 est
982 3345 1204 3399 Datiano
1225 3355 1277 3399 et
1306 3345 1523 3398 Cereale
1550 3345 1857 3398 consulibus
1882 3361 1930 3399 ιι
1956 3344 2077 3398 Kal.

499 3419 851 3488 Septembris,
882 3426 938 3469 ul.
966 3416 1144 3488 scribit
1171 3416 1481 3488 Ammianus
1511 3415 1850 3488 Marcellinus
1874 3426 1926 3467 et
1958 3416 2078 3488 Ida-

500 3484 606 3545 tius
638 3493 689 3542 in
723 3490 925 3551 Fastis,
958 3488 1045 3552 qui
1079 3487 1175 3539 fuit
1222 3500 1393 3537 annus
1423 3486 1613 3538 Christi
1654 3485 1783 3540 558.
1827 3484 2081 3540 Arsacius

501 3572 683 3615 autem
714 3568 994 3625 antequam
1022 3556 1201 3611 clades
1230 3554 1551 3625 accidisset,
1584 3556 1692 3610 Deo
1737 3557 2077 3623 supplicavit,

503 3640 564 3685 ut
593 3629 737 3697 prius
769 3624 1065 3682 moreretur
1089 3665 1105 3692 ,
1136 3640 1295 3697 quam
1325 3624 1490 3680 oculis
1519 3627 1630 3679 suis
1660 3636 1907 3680 cerneret
1936 3627 2081 3681 urbis

501 3696 732 3756 ruinam.
763 3699 1032 3754 SOZOMEN.
1053 3712 1122 3761 tv,
1150 3696 1234 3752 16,

579 3770 603 3807 ι’
635 3771 863 3836 Arnufﬁ.
913 3766 1010 3822 llic
1055 3769 1151 3820 fuit
1179 3782 1241 3821 ex
1275 3764 1536 3820 nobilibus
1570 3773 1717 3820 ortus
1748 3768 2077 3834 parentibus,

503 3838 667 3898 Duxit
694 3854 912 3895 uxorein
938 3839 1148 3892 nomine
1172 3838 1393 3902 Dodam,
1414 3848 1465 3891 et
1487 3852 1551 3891 ex
1575 3838 1760 3891 eadem
1784 3836 1916 3891 duos
1944 3840 2083 3893 filios

504 3912 775 3981 suscepit;
805 3920 857 3965 et
885 3909 1259 3981 cutnrdiversis
1306 3912 1360 3981 in
1397 3909 1536 3981 rt-gis
1568 3911 1759 3981 palatio
1794 3908 2083 3981 honoribus

504 3979 783 4048 ﬂoruerat,
812 3996 933 4035 cum
977 3980 1093 4033 viro
1142 3980 1353 4047 egregio
1405 3979 1687 4033 ltomarico
1716 3982 1791 4032 ire
1834 3979 2081 4033 Lerinum

504 4052 776 4120 cOgitavit,
808 4052 900 4105 sed
949 4052 1224 4116 utriusque
1271 4049 1407 4120 votis
1448 4051 1883 4116 impedimentum
1915 4050 2085 4118 quod-

505 4119 629 4177 datu
672 4123 722 4176 itt
765 4125 862 4176 hac
889 4134 1049 4175 causa
1092 4120 1279 4173 obfuit.
1330 4119 1454 4173 Post
1502 4120 1791 4188 Pappolum
1826 4120 2083 4175 Arnull‘us

502 4193 691 4248 sedem
724 4192 1014 4246 Metensem
1060 4204 1201 4243 anno
1230 4189 1333 4242 6M
1364 4191 1614 4243 obtinuit.
1672 4189 1958 4257 Postquam
1991 4206 2085 4257 per

503 4261 709 4328 aliquot
736 4276 906 4316 annos
930 4261 1217 4315 Ecclesiam
1242 4258 1441 4327 optime
1471 4261 1718 4323 rexisset,
1746 4262 1809 4312 ad
1843 4276 2081 4315 eremum

506 4335 767 4399 secessit,
801 4346 990 4397 nempe
1019 4331 1085 4383 ad
1117 4332 1623 4385 Monteiu~Sanctum
1654 4331 1739 4382 ubi
1775 4331 2084 4386 liomaricus

504 4404 753 4472 degebat,
776 4416 881 4469 quo
911 4403 960 4455 iit
992 4401 1107 4454 loco
1136 4401 1418 4472 ctenobitte
1446 4410 1501 4455 et
1526 4400 1859 4455 anachoreta:
1890 4412 2083 4467 praeter

2182 3134 2472 3189 Motcnsem
2523 3134 2826 3201 episc0pum
2872 3132 3074 3197 laudat,
3105 3131 3328 3185 necdum
3375 3144 3625 3187 sanctum
3668 3151 3763 3201 ap-

2183 3208 2362 3274 pellat.
2416 3205 2547 3259 Vide
2589 3206 2648 3259 S.
2692 3202 2893 3258 Arnulfi
2948 3201 3303 3269 Vitamapud
3346 3201 3469 3257 Sec.
3530 3220 3602 3271 tt,
3650 3209 3764 3260 Act.

2181 3277 2312 3330 Ben.

2258 3356 2279 3383 ε
2317 3343 2624 3400 Mammetis.
2681 3345 2777 3413 Qui
2819 3344 3040 3413 patriam
3093 3343 3273 3397 habuit
3321 3344 3764 3414 Paphlagoniam,

2185 3425 2430 3486 parentes
2459 3416 2790 3470 Theodotum
2822 3424 2877 3469 et
2924 3415 3166 3468 littlinain
3196 3432 3210 3479 ;
3240 3424 3293 3468 et
3321 3428 3476 3469 natus
3505 3427 3611 3479 est,
3642 3419 3764 3470 dum

2183 3498 2430 3557 parentes
2452 3504 2545 3555 pro
2563 3490 2664 3541 tide
2686 3501 2953 3557 carcerem
2984 3486 3235 3541 tulerunt.
3262 3487 3316 3539 lit
3339 3500 3564 3541 carcere
3586 3500 3761 3542 autem

2184 3556 2409 3613 mortuis
2442 3560 2746 3625 parentibus
2770 3597 2784 3621 ,
2815 3556 3004 3609 tnulier
3049 3557 3292 3625 quaedam
3323 3559 3461 3609 clara
3489 3573 3693 3625 genere
3716 3567 3765 3613 et

2183 3630 2371 3697 opilms
2405 3624 2459 3681 et
2489 3624 2715 3693 denime
2748 3629 2963 3695 pietate,
2992 3624 3205 3697 nomine
3237 3627 3469 3689 Ammia,
3502 3624 3761 3682 infantem

2184 3695 2417 3763 sustulit,
2443 3708 2493 3752 et
2521 3700 2618 3751 sibi
2642 3700 2830 3752 educat
2860 3697 2912 3749 in
2942 3699 3128 3751 lilium.
3159 3695 3290 3750 Cum
3322 3698 3415 3751 fuit
3444 3713 3581 3765 puer
3603 3702 3762 3768 quin-

2184 3771 2355 3823 decim
2388 3785 2669 3831 aunorum,
2701 3769 2906 3823 sistitur
2929 3770 2993 3819 ad
3021 3768 3246 3821 tribunal
3277 3769 3569 3823 Democriti
3593 3776 3769 3824 uesa-

2186 3856 2291 3894 rcte
2316 3839 2667 3907 Cappadocia:
2716 3838 2982 3908 praesidis;
3018 3839 3211 3892 deinde
3242 3854 3420 3893 coram
3451 3840 3571 3907 ipso
3602 3846 3767 3895 Aure-

2186 3911 2325 3964 liano
2360 3911 2517 3964 fidem
2570 3926 2673 3965 non
2724 3908 2889 3963 multo
2924 3920 3042 3980 post
3090 3910 3361 3980 professus
3409 3920 3529 3973 est;
3565 3921 3620 3965 et
3654 3918 3767 3980 post

2186 3981 2369 4048 ﬂagra,
2398 3991 2451 4035 et
2479 3982 2643 4049 ignes,
2670 3989 2723 4035 et
2754 3978 3148 4047 lapidationem,
3173 3978 3222 4032 in
3255 3994 3399 4033 mare
3421 3982 3561 4034 mitti
3585 3978 3769 4049 jussus

2186 4060 2298 4115 est;
2346 4055 2435 4105 sed
2471 4053 2647 4105 statim
2696 4052 2910 4119 angelus
2937 4049 3006 4103 de
3036 4053 3173 4103 caelo
3220 4053 3471 4116 veniens,
3506 4060 3766 4107 terrorem

2186 4124 2396 4189 quidem
2442 4122 2621 4175 intulit
2652 4123 2714 4174 iis
2737 4163 2751 4186 ,
2782 4122 2867 4189 qui
2896 4122 3067 4186 ipsum
3094 4122 3379 4185 ducebant,
3405 4133 3460 4174 et
3487 4138 3585 4176 eos
3616 4125 3770 4178 vertit

2187 4192 2240 4245 in
2274 4194 2449 4262 fugam
2472 4209 2486 4256 ;
2512 4193 2663 4261 jubet
2693 4202 2867 4262 autem
2894 4202 3177 4260 martyrem
3205 4194 3385 4245 venire
3416 4193 3466 4245 in
3501 4202 3764 4260 mortem,

2186 4266 2276 4330 qui
2307 4261 2387 4316 est
2416 4263 2673 4317 Caesarea:
2710 4273 2763 4317 et
2794 4261 2900 4314 illic
2928 4262 3153 4330 degere;
3184 4278 3287 4329 quo
3315 4264 3366 4315 in
3399 4275 3588 4317 monte
3632 4265 3766 4317 fera-

2190 4349 2304 4386 rum
2327 4335 2463 4389 lacte
2488 4335 2741 4401 pascitur.
2769 4332 3066 4387 Sistcbatur
3086 4333 3312 4401 denique
3329 4347 3509 4385 coram
3536 4336 3766 4389 Alexan-

2188 4403 2286 4457 dro
2332 4405 2577 4473 pra-side,
2602 4418 2653 4457 et
2683 4406 2780 4458 sub
2810 4418 2874 4473 eo
2906 4401 3216 4473 martyrium
3260 4405 3480 4459 feliciter
3508 4418 3765 4460 consum-

503 4465 750 4543 vir'gines
782 4465 891 4527 Deo
932 4485 1111 4543 sacras
1151 4471 1533 4543 consistebant.
1585 4472 1828 4543 Quodne
1854 4465 1908 4525 et
1938 4489 2077 4526 anno
2111 4465 2160 4526 D
2187 4465 2368 4531 mavii.
2397 4465 2614 4543 Sumus,
2648 4485 2775 4529 tum.
2811 4470 2898 4527 IV.

504 4543 702 4599 obierit
730 4542 790 4598 S.
822 4542 1096 4609 Arnulfus,
1118 4542 1404 4597 obscurum
1437 4544 1664 4597 videtur.
1697 4541 1934 4594 Natalem
1968 4544 2083 4610 ejus

504 4613 649 4667 diem
697 4613 967 4682 assignant
1018 4628 1175 4679 supra
1229 4612 1382 4667 Baeda
1412 4622 1467 4667 et
1496 4615 1611 4667 Ado
1642 4613 1691 4665 in
1726 4614 2001 4681 Martyrol.
2030 4624 2084 4667 et

505 4683 784 4752 Martyrol.
820 4686 1115 4736 ltotuanutn
1158 4699 1221 4737 xv
1252 4685 1369 4738 Kal.
1404 4682 1646 4749 Augusti.
1700 4684 1929 4736 Omnino
1958 4699 2084 4737 vero

504 4754 838 4825 praeferenda
862 4754 1351 4825 videtursententia
1377 4755 1571 4825 sinceri
1597 4752 1816 4807 Usuardi
1839 4763 1892 4805 et
1917 4752 2084 4807 Wan-

502 4823 753 4890 delberti,
784 4827 875 4894 qui
899 4823 1099 4879 Arnulfi
1126 4824 1324 4894 obitum
1358 4838 1465 4876 xvtt
1495 4823 1610 4877 Kal.
1644 4826 1911 4889 Septemb.
1948 4840 2080 4878 con-

502 4895 737 4966 signant,
771 4893 892 4966 cum
926 4896 1146 4966 diesﬂrxv
1188 4893 1468 4966 Kal._Aug.
1508 4895 1576 4947 sit
1615 4895 1729 4966 ejus
1759 4895 1874 4948 dies
1903 4904 2078 4949 trans-

503 4964 738 5021 lationis.
766 4965 1003 5031 Scriptor
1040 4965 1168 5018 Viue
1194 4966 1250 5019 S.
1277 4964 1485 5018 Goer-toi
1520 4981 1532 5015 :
1565 4981 1583 5014 ‹
1626 4964 1768 5017 Datis
1795 4966 2081 5019 oblationi-

568 5037 691 5099 bus,
714 5037 900 5103 inquit,
926 5052 993 5089 xv
1021 5034 1136 5088 Kal.
1164 5036 1381 5105 Augusti
1415 5035 1555 5088 idem
1585 5051 1775 5102 corpus
1797 5037 1851 5089 S.
1874 5038 2078 5090 Arnulll

508 5122 531 5158 ι
567 5106 634 5160 ad
665 5106 948 5161 ecclesiam
979 5120 1101 5175 quae
1132 5116 1255 5160 tunc
1304 5105 1557 5173 temporis
1585 5105 1650 5157 ad
1680 5109 1775 5159 SS.
1808 5109 2081 5173 apostolos

509 5195 532 5229 ι
565 5178 883 5241 vocabatur,
913 5176 1213 5243 deportant.
1246 5195 1266 5229 ι
1302 5176 1580 5230 Cousentit
1628 5176 1755 5228 \‘ita:
1782 5177 1836 5230 S.
1868 5178 2075 5230 Arnulli

503 5258 713 5311 auctor,
741 5250 865 5302 dum
909 5248 1034 5300 anui
1081 5250 1189 5303 fere
1228 5248 1787 5318 janracto‘tempore
1832 5261 2079 5318 unione

504 5319 697 5373 factam
746 5319 819 5373 ait
861 5315 1280 5373 translationem.
1322 5316 1453 5372 Nam
1483 5315 1528 5370 si
1560 5315 1761 5370 Arnull‘t
1809 5317 1983 5370 obitus
2022 5319 2075 5372 in

502 5403 578 5444 xv
600 5388 720 5445 Kal.
742 5389 980 5459 Augusti,
1006 5389 1277 5444 translatio
1295 5402 1422 5443 vero
1445 5390 1494 5442 in
1519 5402 1629 5441 xvtt
1654 5386 1771 5440 lial.
1796 5385 2074 5451 Septemb.

505 5460 791 5524 inciderat,
823 5474 929 5514 non
984 5474 1125 5514 anno
1173 5461 1284 5515 fere
1334 5459 1682 5524 eaacto,sed
1732 5460 2076 5526 praeterlapso

506 5530 646 5585 facta
676 5530 948 5585 translatio
974 5529 1263 5585 diceretur.
1298 5529 1371 5584 De
1400 5544 1541 5584 anno
1569 5528 1738 5599 major
1765 5528 2073 5599 dil'ticultas,

509 5599 817 5670 Sigebertus
844 5615 1040 5654 annum
1082 5602 1187 5655 ϋιίυ
1214 5602 1471 5669 assignat,
1498 5597 1665 5668 quem
1687 5597 1836 5670 sequi
1884 5602 2073 5670 statuie

509 5669 629 5727 mt's
658 5670 782 5725 dum
823 5671 1019 5726 certior
1048 5687 1151 5725 non
1181 5673 1433 5727 occurrit.
1482 5674 1545 5725 ist
1587 5669 1952 5725 tamen’Junas
1981 5669 2073 5737 qui

510 5756 651 5801 auuo
671 5740 826 5800 tertio
847 5753 962 5813 post
979 5739 1017 5799 δ
1056 5741 1273 5799 Bertulli
1296 5742 1500 5799 abbatis
1523 5740 1800 5798 Bobiensis
1821 5748 2073 5811 mortem,

2259 4544 2283 4581 ά
2321 4541 2608 4615 ΕυῙεηιὲίεζ
2642 4547 2763 4600 llaec
2792 4544 2925 4597 infra
2955 4541 3146 4597 colitur
3172 4543 3261 4597 die
3291 4559 3373 4597 xvi
3404 4544 3760 4611 Septembris.

2261 4625 2283 4651 ε
2317 4618 2539 4687 Septem.
2569 4616 2888 4687 Carthagine
2918 4615 2969 4667 in
3014 4615 3189 4687 Africa
3221 4623 3525 4668 sam-torum
3560 4626 3761 4687 marty-

2186 4702 2301 4740 rum
2336 4685 2567 4741 Ltberati
2600 4689 2828 4749 abbatis,
2850 4685 3103 4739 Bonifacii
3132 4685 3365 4750 diaconi,
3389 4688 3538 4739 Servi
3571 4698 3627 4741 et
3654 4685 3759 4742 Ru-

2183 4758 2304 4810 stici
2326 4762 2789 4818 sttbdiaconoruut,
2818 4758 3000 4824 ltogati
3026 4766 3077 4808 et
3098 4758 3317 4820 Septimi
3347 4760 3755 4823 monachorum,

2183 4837 2238 4881 et
2267 4828 2475 4881 Maximi
2511 4830 2679 4895 pueri,
2712 4830 2799 4896 qui
2828 4827 2878 4879 in
2912 4828 3281 4889 persecutione
3313 4826 3758 4895 Wandalica,pro

2183 4899 2519 4952 confessione
2548 4899 2835 4953 Catholica:
2863 4898 3001 4961 fidei,
3029 4909 3083 4951 et
3116 4899 3253 4950 unici
3288 4898 3627 4967 baptismatis
3665 4900 3756 4953 de-

2184 4972 2424 5023 t'ensione
2466 4971 2627 5022 variis
2670 4980 2723 5023 et
2753 4969 2999 5021 inauditis
3046 4968 3322 5036 suppliciis
3352 4972 3633 5038 exagitati,
3666 4972 3756 5023 de-

2182 5055 2323 5092 mum
2359 5056 2517 5108 super
2544 5041 2703 5109 ligna,
2746 5040 2934 5107 quibus
2964 5042 3341 5092 concremandi
3386 5048 3561 5100 erant.
3593 5042 3757 5095 clavis

2180 5111 2396 5174 conﬁxi,
2428 5127 2547 5164 cum
2581 5113 2712 5179 ignis
2741 5110 2932 5176 swpius
2961 5109 3448 5174 accensus'f'uisset,
3482 5124 3546 5162 ac
3572 5111 3757 5165 divini-

2183 5189 2266 5233 tus
2292 5198 2503 5250 semper
2546 5186 2859 5244 exstinctus,
2895 5180 3139 5233 llunerici
3170 5182 3318 5246 jussu
3352 5195 3626 5235 remorunt
3664 5198 3752 5236 ve-

2178 5252 2354 5305 ctibus
2404 5254 2679 5322 percussi,
2729 5261 2783 5305 et
2822 5251 3175 5322 comminutis
3223 5251 3461 5304 cerebris
3508 5254 3756 5319 caecati,

2179 5321 2727 5377 cursmn’certamiuis
2754 5321 2831 5373 sui
2858 5323 3219 5390 perfecerunt.
3248 5324 3444 5374 Eorum
3475 5337 3563 5375 res
3582 5334 3756 5390 gestas

2179 5395 2393 5467 scripsit
2426 5392 2604 5467 Victor
2642 5392 2905 5467 Uticensis
2936 5393 3025 5445 lib.
3057 5390 3217 5467 itide
3252 5407 3396 5467 p_ers.
3431 5391 3679 5467 \Vu‘ltdai.
3703 5404 3759 5448 et

2180 5461 2361 5518 libello
2387 5464 2608 5519 seorsim
2642 5465 2810 5529 posito
2844 5465 2894 5516 in
2926 5464 3220 5530 appendice
3243 5462 3359 5529 ejus
3390 5464 3593 5530 Operis.
3626 5464 3755 5517 Cum

2180 5532 2251 5586 ibi
2282 5536 2419 5601 passi
2453 5540 2694 5601 legantur
2722 5545 2871 5587 sexto
2898 5534 3036 5587 Non.
3066 5534 3212 5596 Julii,
3249 5533 3346 5585 hac
3376 5544 3553 5587 tamen
3579 5534 3666 5588 die
3692 5541 3760 5587 de

2179 5603 2263 5676 liis
2292 5606 2626 5674 Martyrologi
2664 5619 2850 5659 omnes
2889 5612 3076 5676 agunt,
3104 5606 3329 5660 fortasse
3358 5605 3429 5660 ob
3475 5604 3666 5659 factam
3696 5620 3758 5660 ea

2177 5673 2264 5732 die
2294 5673 2693 5733 trauSlationcm
