4064 6346
333 393 358 448 1
368 394 470 449 009

1447 390 1632 447 SECT.
1678 390 1740 444 ll.
1780 419 1850 432 -—-
1890 389 2445 446 MARTYROIDGIA.

3437 392 3573 450 lOlO

1582 505 1808 560 EDITIO
1845 504 2303 560 COLONIENSIS.

327 604 603 674 supposito
652 601 966 670 accremari,
998 602 1089 672 qui
1139 600 1237 655 Dei
1274 608 1405 655 nutu
1458 601 1752 653 exstinctus
1795 609 1896 653 est.
1930 616 1974 674 Α
2004 599 2211 653 Christo
2237 612 2418 666 passus
2444 608 2545 653 est.
2580 597 2675 651 llic
2714 601 2890 654 nervis
2917 599 3238 668 medebatur,
3268 610 3325 657 et
3351 601 3575 673 ﬂagellis

325 697 474 752 Tunc
502 694 755 765 prtecepit
783 709 875 751 eos
902 708 1171 749 remorum
1199 691 1436 746 vectibus
1464 690 1515 743 in
1544 690 1755 745 modum
1799 706 1899 744 ea-

326 803 452 843 num
484 785 719 842 cerebris
744 784 1085 843 comminutis
1115 783 1353 851 singulos
1379 782 1632 849 extingui.
1661 779 1898 849 Corpora

324 893 507 932 eorum
551 876 604 931 in
633 890 779 929 mare
800 874 993 943 iactata
1022 882 1167 938 sunt,
1196 873 1297 929 sed
1320 874 1507 927 eadem
1546 872 1673 926 hora
1707 872 1896 925 littori-

323 968 668 1035 busreddita,
702 982 731 1027 a
754 966 1053 1023 Christiano
1085 967 1279 1035 populo
1306 966 1355 1018 in
1389 963 1714 1019 monasterio
1739 965 1899 1018 Cele-

322 1062 455 1117 rina:
480 1070 605 1116 sunt
646 1061 876 1116 condita.
922 1060 1069 1127 Apud
1101 1059 1396 1114 Caesaream
1426 1057 1771 1126 Cappadocia:
1806 1072 1899 1110 ua-

324 1153 430 1207 tale
455 1150 623 1207 sancti
654 1150 949 1206 Mammetis
992 1151 1257 1221 martyris,
1287 1150 1377 1221 qui
1406 1165 1591 1219 passus
1618 1156 1711 1205 est.
1733 1151 1900 1215 impe-

320 1250 472 1296 rante
519 1239 800 1296 Aureliano
844 1240 943 1294 sub
989 1239 1291 1295 Alexandro
1335 1240 1583 1309 prseside.
1634 1239 1754 1309 Ipso
1810 1241 1897 1295 die

320 1342 506 1388 octava
536 1332 703 1389 sancti
731 1331 996 1386 Laurentii
1026 1332 1277 1403 martyris
1302 1342 1354 1385 et
1383 1331 1726 1387 confessoris.

394 1426 457 1480 F.
486 1425 579 1481 XV
609 1424 846 1480 KALEND.
876 1424 1144 1485 Samson.
1178 1424 1327 1492 Apud
1358 1424 1736 1479 Praenestinam
1771 1423 1897 1477 civi-

322 1522 486 1571 tatem
518 1516 691 1574 natale
720 1516 887 1568 sancti
917 1514 1125 1582 Agapiti
1159 1515 1425 1583 martyris,
1453 1514 1540 1582 qui
1570 1514 1671 1570 sub
1704 1516 1894 1568 Antio-

318 1604 422 1659 cho
461 1619 604 1674 rege,
631 1619 751 1659 cum
785 1612 927 1659 esset
966 1618 1099 1674 puer
1140 1617 1401 1660 annorum
1449 1603 1772 1673 quindecim,
1804 1618 1899 1672 pro

2002 687 2362 751 atrocissimis,
2391 697 2444 744 et
2466 688 2637 741 nudus
2677 702 2966 757 suspensus
2993 702 3094 755 est,
3124 690 3299 759 capite
3322 692 3572 748 deorsum

2002 794 2175 844 verso,
2206 790 2258 839 et
2281 787 2397 834 atro
2425 780 2607 834 subter
2635 779 2781 834 fumo
2813 780 3059 849 facto,et
3089 794 3212 837 tunc
3242 798 3435 853 aquam
3464 786 3578 839 bul-

2005 870 2217 923 lientem
2244 871 2490 925 fuderunt
2513 886 2671 938 super
2699 882 2933 926 ventrem
2963 873 3095 941 ejus.
3119 872 3310 928 Postea
3332 875 3577 931 leonibus

2005 961 2289 1031 projectus,
2321 959 2414 1014 sed
2462 960 2588 1015 nihil
2636 962 2702 1016 ab
2750 963 2826 1017 eis
2871 973 2956 1019 est
3004 964 3182 1032 laesus,
3213 963 3279 1019 ad
3326 966 3579 1023 ultimum

2006 1050 2299 1107 decollatus
2344 1063 2445 1105 εει.
2496 1051 2700 1121 Corpus
2744 1054 2860 1121 ejus
2908 1064 3070 1108 noete
3110 1057 3374 1111 sublatum
3423 1067 3507 1112 est
3544 1073 3577 1114 ι

2003 1141 2335 1207 Christianis,
2364 1152 2417 1196 et
2444 1143 2669 1211 positum
2702 1145 2751 1197 in
2777 1146 3103 1215 sarcophago
3134 1161 3292 1214 novo,
3323 1158 3454 1202 nutu
3483 1149 3579 1203 die

2001 1237 2125 1292 vino
2151 1237 2218 1291 ibi
2263 1238 2495 1293 invento.
2544 1238 2724 1294 Romm
2753 1240 3025 1297 beatorum
3072 1242 3290 1298 Joannis
3321 1254 3375 1299 et
3401 1244 3575 1315 Crispi

2003 1332 2453 1400 presbyterorum,
2478 1333 2567 1402 qui
2598 1334 2757 1388 multa
2785 1344 3008 1403 carpora
3030 1345 3336 1391 sanctorum
3366 1339 3419 1393 in
3451 1353 3574 1406 per-

2001 1420 2271 1474 secutione
2312 1420 2698 1476 ofliciosissime
2744 1425 3069 1493 sepelierunt
3133 1437 3184 1481 et
3212 1428 3309 1493 ipsi
3341 1439 3576 1497 postmoo

2004 1510 2128 1566 dum
2157 1512 2208 1565 in
2243 1526 2369 1577 pace
2391 1510 2729 1581 quieverunt.
2790 1516 2803 1527 “

2078 1601 2141 1656 G.
2179 1604 2284 1655 XIV
2319 1604 2552 1657 Kacmn.
2584 1605 2848 1664 Serrane.
2880 1606 3063 1663 Natale
3093 1611 3263 1665 sancti
3296 1609 3489 1680 Magni.
3520 1610 3575 1666 lu

1592 1694 1815 1749 EDITIO
1855 1694 2333 1751 BOLLANDlANA

318 1787 667 1851 monasterio,
698 1787 724 1817 "
749 1786 1047 1841 Translatio
1084 1786 1323 1855 corporis
1352 1794 1407 1839 et
1449 1787 1713 1842 dedicatio
1745 1787 1888 1842 basi—
1921 1792 1967 1851 Β

318 1855 433 1911 lica:
464 1856 522 1913 S.
548 1857 815 1925 Carilepbi
846 1858 1052 1913 abbatis
1083 1868 1139 1912 et
1161 1859 1500 1913 confessoris.

389 1946 479 2006 18.
502 1977 573 1988 -
598 1947 691 2002 XV
719 1947 853 2005 ΚΑι..
884 1948 1071 2004 Natale
1101 1949 1158 2005 8.
1186 1947 1213 1986 ιι
1240 1951 1442 2018 Agapiti
1474 1947 1743 2016 martyris.

391 2038 547 2092 Addit
586 2038 647 2093 D.
679 2038 793 2093 Sub
822 2040 1037 2094 Aurelio
1082 2041 1430 2106 imperatore,
1461 2039 1721 2093 Antiocho
1750 2053 1887 2107 prte-

317 2109 456 2166 side.
511 2109 839 2175 Prmsignaut
894 2110 954 2165 Β.
1010 2111 1107 2175 Α.,
1170 2111 1223 2163 In
1273 2110 1595 2164 Praenestina
1648 2109 1883 2163 civitate.

414 2178 501 2246 ν..
535 2183 557 2210 ⁸
589 2178 808 2251 Silautia
860 2179 951 2251 [0.
1002 2179 1312 2251 Philantiml
1356 2180 1589 2234 Heliante
1639 2180 1880 2251 virginis,

319 2249 598 2303 Marciana:
628 2249 873 2320 virginis.
902 2251 983 2311 l..,
1017 2251 1079 2303 Et
1108 2252 1159 2304 in
1201 2249 1528 2320 Praenestina
1550 2250 1761 2304 civitate
1792 2264 1883 2303 na-

319 2321 423 2375 tale
455 2320 666 2373 Eziacbi
698 2318 815 2373 cum
843 2322 1002 2373 sociis
1031 2322 1160 2374 suis.
1209 2320 1273 2374 Et
1301 2321 1477 2374 natale
1505 2318 1531 2357 ἀ
1562 2320 1773 2375 Helena:
1804 2335 1887 2373 re-

315 2390 473 2513 ginae.
504 2390 686 2471 A:,.Et
712 2390 766 2444 S.
804 2399 828 2427 ο
862 2391 1269 2473 Martioipapge:
1301 2393 1364 2444 A.
1407 2390 1470 2446 Τ.
1506 2392 1589 2458 Β.,
1624 2391 1686 2477 Et
1713 2390 1888 2445 natale

365 2501 375 2511 .
402 2461 646 2513 Candidi.
678 2460 764 2513 P..
787 2460 845 2513 lu
876 2464 1120 2513 Amantia
1168 2470 1381 2513 etvttate
1412 2463 1583 2513 natale
1615 2462 1713 2513 88.
1745 2460 1888 2513 Poo-

365 2501 375 2511 .
402 2459 646 2513 Candidi.
678 2460 764 2525 P.,
787 2460 845 2514 lo
876 2461 1120 2515 Amantia
1168 2459 1381 2515 civitate
1412 2463 1583 2517 natale
1615 2461 1713 2518 SS.
1745 2460 1888 2515 Pon-

315 2532 452 2595 διώ,
487 2530 785 2597 Pbilantiae,
812 2530 1042 2586 Helianae
1077 2532 1359 2601 virginum.

2069 1786 2522 1842 19.——XIVli.u..
2555 1787 2740 1843 Natale
2770 1788 2827 1844 8.
2857 1788 2877 1829 τ
2906 1791 3074 1859 Magni
3107 1791 3194 1864 [Β.
3229 1793 3423 1862 Magni.
3451 1792 3577 1866 Ipso

1997 1879 2080 1932 die
2104 1878 2273 1932 natale
2313 1877 2369 1933 S.
2402 1877 2660 1949 Andrech
2684 1921 2697 1941 ,
2731 1895 2824 1935 seu
2854 1881 2912 1936 8.
2947 1892 2971 1929 8
3008 1884 3235 1939 Andre:e
3265 1901 3384 1939 eum
3414 1889 3577 1943 sociis

1995 1971 2109 2024 suis
2138 1969 2345 2025 duobus
2375 1972 2609 2025 millibus
2644 1971 2734 2044 [Β.
2766 1972 3043 2045 militibus]
3071 1977 3374 2047 quingentis
3407 1994 3572 2033 nona-

1994 2059 2136 2129 ginta
2169 2069 2373 2128 septem
2405 2058 2500 2130 [V.
2533 2060 2816 2130 nonaginta
2844 2062 3012 2134 octo].

2068 2171 2351 2239 Praefigont
2383 2172 2443 2226 A.
2473 2171 2535 2224 Τ.
2565 2171 2648 2237 L.,
2680 2171 2732 2224 In
2760 2173 3077 2229 Alexandria
3105 2184 3220 2229 :ast
3248 2180 3311 2229 Α.
3337 2188 3387 2231 et
3409 2176 3472 2233 Τ.
3500 2178 3577 2234 sic

1993 2238 2321 2315 distinguunt
2346 2259 2359 2294 :
2394 2238 2796 2315 Io'Alexautlt'ia
2823 2246 2995 2298 natale
3018 2247 3073 2299 8.
3101 2246 3266 2315 Magni
3295 2259 3348 2301 et
3368 2250 3426 2303 8.
3454 2250 3561 2302 An-

1994 2313 2139 2367 dreas
2168 2321 2481 2380 martyrum.
2527 2312 2723 2365 Eodem
2749 2313 2836 2367 die
2859 2317 3037 2367 natale
3062 2317 3117 2369 S.
3149 2312 3421 2371 l{Mariani
3449 2334 3572 2370 eum

1997 2384 2202 2455 duobus
2226 2382 2458 2455 [niuibus
2481 2382 3091 2455 quingentisnouaginta
3114 2396 3339 2455 septem.
3369 2388 3570 2443 Deinde

1998 2453 2235 2510 addunt:
2260 2451 2444 2509 Romte
2481 2451 2745 2516 natales.
2778 2452 2953 2525 Magni
2984 2451 3251 2527 martyris

1670 2619 1895 2676 VSMITll
1934 2616 2162 2677 Ntszﬁ.

388 2716 416 2744 ⁸
450 2712 764 2769 Translatio.
810 2713 864 2769 S.
898 2713 1158 2779 Carilephi
1189 2714 1427 2781 reliquias
1453 2723 1728 2783 grassante
1757 2714 1887 2768 Nor-

314 2798 631 2855 rnannorum
672 2794 849 2851 strage
881 2784 948 2851 ,in
991 2794 1224 2838 castrum
1271 2785 1482 2851 Blesas,
1515 2785 1671 2855 vulgo
1723 2784 1883 2847 Binis,

314 2854 566 2910 dimcesis
611 2854 982 2926 Carnotensisi
1009 2857 1072 2906 ad
1116 2855 1343 2926 Ligerim
1400 2858 1580 2926 situm.
1614 2855 1882 2926 translatae

314 2933 464 2992 sunt,
497 2933 940 2991 asservanturque
973 2925 1130 2979 hodie
1162 2924 1211 2978 in
1254 2925 1486 2978 oratorio
1516 2925 1571 2977 S.
1606 2924 1879 2993 Carilephi

314 2992 458 3047 dicto
480 2994 616 3047 intra
646 2995 802 3047 castri
835 2995 1112 3061 ambitum,
1132 3003 1325 3062 praeter
1345 2997 1573 3062 sinciput
1594 2996 1734 3061 quod
1761 2992 1879 3049 cum

314 3063 522 3118 duabus
550 3065 811 3118 vertebris
843 3064 893 3117 in
925 3065 1088 3133 ipsius
1129 3067 1297 3119 sancti
1329 3064 1647 3120 monasterio
1687 3068 1880 3120 Aniso-

313 3133 451 3188 leusi
485 3135 730 3189 habetur.
763 3135 961 3189 Natalis
990 3135 1047 3190 S.
1081 3135 1349 3203 Carilephi
1386 3150 1544 3204 supra
1584 3136 1883 3191 celebratur

313 3202 568 3258 Kalendis
593 3204 735 3258 Julii.

362 3204 568 3259 alendis
593 3204 735 3258 Julii.

382 3252 793 3345 EvAij-rz'pitiiidui
816 3289 933 3328 cum
953 3284 1094 3330 esset
1115 3291 1373 3329 annorum
1396 3274 1880 3344 quindecim,jossu
1910 3252 1957 3316 ο

316 3345 589 3416 Aureliani
638 3347 972 3416 imperatoris
1002 3355 1173 3400 tentus
1200 3361 1261 3399 ac
1292 3347 1459 3413 primo
1496 3346 1675 3400 nervis
1702 3345 1879 3401 crudis

315 3415 404 3469 diu
434 3430 603 3469 caesus
624 3415 728 3482 est,
755 3423 925 3483 etper
951 3426 1176 3485 quatuor
1204 3417 1320 3470 dies
1348 3416 1722 3470 incarceratus.
1753 3416 1881 3473 Inde

314 3499 435 3538 cum
466 3486 678 3555 prasidi
708 3485 970 3540 Antiocho
1014 3487 1197 3541 fuisset
1226 3486 1528 3549 exhibitus,
1561 3501 1753 3553 prunas
1793 3501 1879 3541 ar-

312 3555 505 3626 dentes
533 3570 691 3621 super
718 3565 873 3624 eaput
902 3556 1017 3624 ejus
1040 3556 1193 3625 jussit
1223 3556 1441 3624 imponi.
1484 3556 1587 3609 Sed
1618 3570 1736 3609 cum
1764 3571 1881 3626 gra-

316 3624 415 3678 tias
447 3625 555 3680 Deo
583 3639 762 3695 ageret
793 3636 991 3693 martyr
1014 3667 1029 3690 ,
1061 3628 1280 3694 ﬂagellis
1312 3637 1392 3679 est
1421 3641 1590 3679 etesus
1619 3635 1671 3679 et
1710 3624 1881 3681 nudus

313 3707 607 3764 suspensus
654 3697 825 3764 capite
873 3697 1119 3749 deorsum
1165 3712 1319 3751 verso
1345 3736 1358 3760 ,
1389 3696 1494 3748 acri
1525 3702 1706 3751 subter
1736 3695 1881 3753 fumo

314 3763 478 3819 facto.
506 3765 701 3820 Deinde
722 3763 913 3837 iterum
936 3766 1158 3837 ﬂagellis
1177 3767 1412 3831 cteditor,
1433 3776 1485 3819 et
1503 3767 1725 3820 bulliens
1747 3781 1880 3834 aqua

316 3849 478 3903 supra
504 3845 740 3890 ventrem
764 3835 879 3905 ejus
898 3835 1139 3892 lusa'est.
1174 3837 1432 3890 Antiocho
1461 3847 1633 3891 autem
1663 3845 1881 3903 repente

317 3914 550 3975 mortuo,
582 3922 701 3959 cum
732 3906 789 3959 8.
823 3908 1073 3975 Agapitos
1118 3923 1183 3960 ex
1232 3916 1494 3975 praecepto
1549 3905 1880 3973 imperatoris

318 3973 565 4031 leonibus
610 3973 1008 4044 objiceretur‘et
1038 3973 1255 4031 minime
1305 3973 1462 4030 laesus
1507 3987 1673 4039 esset,
1704 3976 1879 4042 gladio

317 4046 681 4100 ministrorum
732 4047 1067 4099 coronandus
1113 4049 1419 4115 percutitur.
1472 4046 1624 4111 Atio,
1660 4045 1875 4098 Notker.

316 4144 387 4186 -τ-
416 4115 652 4170 Celebris
678 4127 754 4170 est
789 4117 954 4186 ipsius
986 4118 1237 4169 memoria
1273 4118 1544 4180 PraneSIe,
1581 4117 1665 4173 ubi
1714 4130 1879 4170 Sacrae

315 4184 554 4256 ejusdem
586 4184 822 4256 reliquiai
860 4196 1214 4241 asservantur.
1249 4186 1511 4240 Bauomus
1541 4186 1591 4238 in
1623 4188 1780 4239 notis.

389 4267 413 4294 ε
447 4254 778 4309 8ἱ1αηιὶιι.Ἰη
831 4257 998 4310 Ponto
1043 4258 1256 4312 Amecia
1289 4258 1520 4321 civitate,
1551 4258 1738 4310 natalis
1777 4254 1876 4311 SS.

315 4324 550 4393 Pontini,
584 4326 882 4390 Pliilantim,
914 4336 1018 4380 etc.
1054 4329 1275 4380 lilERnN.
1310 4337 1463 4379 mart.

384 4392 412 4432 ἀ
441 4396 671 4467 (delenit.
690 4396 762 4451 De
777 4401 830 4454 8.
854 4398 1066 4451 Helena:
1084 4399 1295 4465 pietate,
1318 4397 1681 4467 magnitudine
1693 4398 1877 4464 animi,

313 4465 760 4537 beneﬁcentiapet
807 4472 1072 4535 quomodo
1122 4470 1171 4520 in
1199 4465 1453 4521 Ecclesit‘s
1485 4469 1730 4537 religiose
1760 4486 1879 4523 ver-

308 4546 426 4589 sata
455 4540 525 4591 sit
554 4538 667 4605 lege
696 4536 886 4593 Euseb.
938 4540 987 4591 in
1026 4537 1136 4591 Vita
1166 4537 1519 4602 Cousmutini,
1552 4536 1632 4606 ni,
1665 4538 1753 4605 42,
1785 4539 1873 4602 ω,

1992 2709 2368 2765 Constantinus
2420 2710 2635 2779 Magnus
2680 2712 2985 2768 contulerit.
3050 2712 3271 2770 Romam
3327 2717 3563 2776 demtum

1989 2791 2072 2837 est
2111 2781 2339 2835 cadaver
2370 2781 2583 2836 Helena:
2632 2784 2915 2849 Augustze,
2946 2792 3003 2837 ut
3034 2794 3257 2841 testatur
3305 2788 3568 2847 Eusebius

1991 2853 2041 2904 in
2079 2851 2192 2923 Vita
2221 2851 2577 2923 Constantini,
2613 2866 2687 2913 ιιι,
2719 2855 2819 2918 47,
2850 2862 2905 2906 et
2935 2864 3051 2923 post
3100 2856 3368 2912 biennium
3418 2861 3565 2915 Con-

1990 2920 2395 2995 stantinopolim
2436 2923 2809 2989 deportatum,
2858 2920 3131 2980 ut'tradit
3190 2928 3585 2995 Nicephortts,‘

1992 3007 2102 3052 vttt,
2135 2991 2223 3045 30.
2274 2995 2339 3043 At
2365 2991 2629 3055 Socrates,
2664 3007 2700 3049 ι.
2736 2995 2829 3053 l7,
2862 2996 3022 3048 verba
3057 2995 3268 3051 Eusebii
3304 2991 3560 3056 transui;

1991 3061 2120 3117 bens
2144 3067 2232 3121 τήν
2254 3062 2634 3139 βασῴύοᾳᾳαν
2662 3063 2801 3139 πόλιν
2830 3080 3017 3139 novatn
3052 3066 3269 3139 lionlatn
3302 3070 3565 3139 ittlerpre.

1994 3140 2135 3186 tatur
2163 3173 2177 3195 ,
2208 3148 2326 3185 cum
2378 3134 2632 3188 Eusebius
2683 3135 2841 3203 regiae
2890 3134 3033 3188 urbis
3080 3138 3291 3191 nomine
3339 3134 3561 3196 Romam

1990 3216 2201 3270 semper
2239 3203 2516 3275 designare
2558 3203 2754 3275 soleat.
2796 3204 2943 3258 Adde
2975 3206 3113 3275 quod
3147 3208 3377 3262 nondmn
3408 3213 3560 3265 dedi-

1987 3283 2102 3327 cata
2150 3283 2263 3351 erat
2318 3273 2827 3341 Constantinopolis,
2857 3288 2920 3327 ac
2972 3273 3192 3351 proinde
3242 3280 3368 3333 urbs
3418 3285 3561 3351 regia

1989 3342 2298 3415 voearignon
2332 3352 2559 3415 poterat,
2588 3359 2712 3398 cum
2742 3356 2864 3400 tunc
2896 3342 3148 3415 temporis
3176 3360 3319 3403 esset
3350 3342 3557 3406 tantum

1985 3422 2137 3467 Vetus
2169 3413 2495 3481 Byzantium.

1984 3552 2018 3608 Β
2051 3494 2083 3565 ,υ
2116 3482 2348 3536 Martini.
2390 3484 2464 3538 De
2496 3483 2720 3540 Martino
2751 3498 2881 3552 papa
2911 3484 3031 3540 vide
3059 3485 3193 3542 infra
3223 3503 3293 3547 χιι
3322 3487 3554 3546 Novem-

2024 3570 2114 3608 TIS.

2024 3570 2114 3608 TIS.

2062 3622 2080 3662 ί
2121 3623 2313 3691 Magni.
2364 3623 2512 3679 llunc
2539 3625 2653 3681 Ade
2683 3633 2737 3679 et
2763 3623 3030 3680 Usuardns
3057 3634 3111 3681 et
3140 3627 3388 3684 [labantis
3418 3632 3555 3686 male

1984 3709 2104 3749 cum
2133 3694 2192 3749 S.
2219 3694 2429 3753 Andrea
2456 3697 2805 3750 contundunt.
2840 3695 2896 3750 S.
2931 3696 3149 3766 Magnus
3178 3699 3427 3766 Anagnie
3461 3718 3553 3756 ne-

1982 3775 2132 3836 catus
2180 3738 2359 3836 θεῖ-1η
2403 3766 2766 3836 persecutione
2801 3767 2962 3819 Decii.
3013 3738 3087 3820 fle
3114 3783 3218 3836 quo
3241 3812 3256 3835 ,

1986 3834 2244 3893 Barouius
2276 3834 2328 3887 in
2375 3837 2533 3903 notis,
2568 3835 2756 3888 tabulae
2785 3846 2837 3888 et
2865 3845 3044 3890 vetera
3075 3834 3413 3894 munutnenta
3449 3841 3553 3896 Ec-

1982 3906 2159 3960 clesia:
2203 3905 2509 3980 Anagninus.
2558 3909 2734 3980 Agunt
2762 3905 2850 3980 alii
2891 3905 2991 3980 hac
3016 3906 3102 3959 die
3130 3909 3197 3960 de
3226 3909 3333 3961 alio
3364 3910 3555 3980 Magno

1983 3985 2215 4043 martyre
2245 3976 2296 4027 in
2325 3975 2566 4027 Cuzsarea
2608 3973 2905 4043 Cappadoci
2924 3992 2952 4025 ιε
2998 3984 3238 4042 tempore
3280 3973 3549 4032 Aureli'ani

1986 4041 2319 4114 imperatoris
2350 4044 2447 4095 sub
2478 4043 2698 4114 praeside
2722 4041 3020 4114 Alexandro
3048 4041 3244 4114 dequo
3278 4046 3464 4102 Petrus
3482 4051 3552 4104 de

1981 4113 2173 4176 Natal.,
2208 4129 2299 4174 vn,
2332 4111 2593 4185 76.,Fuit
2640 4114 2762 4168 item
2806 4113 2940 4185 alius
2987 4113 3042 4166 8.
3081 4111 3295 4185 Magnus
3340 4118 3553 4185 episco-

1986 4199 2079 4252 pus
2112 4185 2400 4257 Altinensis
2428 4184 2495 4238 de
2533 4197 2639 4257 quo
2684 4184 2822 4253 apud
2867 4184 3113 4238 eumdem
3165 4184 3215 4240 in
3257 4184 3551 4257 appendice

1981 4269 2096 4323 cap.
2136 4256 2219 4309 l7.

2054 4335 2078 4372 ις
2113 4326 2344 4402 Αιιιιτρω.
2375 4323 2714 4402 Tribunusub
2738 4324 2999 4402 Antiocho
3024 4324 3077 4378 in
3120 4340 3425 4402 regiontous
3452 4346 3553 4402 ay-

1982 4395 2128 4469 riaa;_
2154 4396 2396 4469 quicum
2446 4395 2702 4469 divinitus
2741 4394 2969 4469 adeptus
3009 4407 3151 4469 esset
3183 4394 3455 4469 insignem
3486 4394 3555 4456 de

1985 4465 2167 4538 Persis
2214 4465 2703 4538 victoriam,__mult_i
2754 4481 2813 4518 ex
2862 4465 3120 4521 militibus
3168 4469 3283 4538 ejus
3306 4465 3555 4526 victoria:

1986 4535 2266 4603 participes
2302 4536 2457 4595 ﬁdem
2503 4535 2854 4590 Christianam
2902 4535 3208 4603 amplexati
3240 4551 3383 4594 sunt.
3441 4544 3553 4596 lloc

309 4605 405 4679 Η,
428 4606 517 4679 At),
547 4609 635 4661 46,
666 4607 939 4673 Quomodo
969 4609 1127 4661 etiam
1159 4622 1369 4661 erucem
1398 4605 1723 4663 Dominidiu
1756 4627 1877 4677 per-
1904 4606 1955 4665 D
1983 4608 2193 4679 cognito
2219 4647 2234 4671 ,
2267 4608 2557 4660 Antiochus
2600 4605 2802 4679 iratus
2825 4608 2882 4659 S.
2913 4606 3175 4679 Andream
3227 4611 3275 4661 in
3332 4611 3554 4679 ignitum

306 4677 558 4747 quisitam
612 4679 990 4747 Hierosolymis
1036 4682 1253 4745 reperit,
1285 4678 1401 4729 vide
1450 4679 1682 4741 Socrat.,
1717 4696 1755 4740 ι.
1792 4680 1875 4746 l7,

305 4758 361 4799 et
392 4746 703 4821 sozomen.,
738 4764 792 4810 ιι,
822 4746 871 4800 l.
905 4747 1069 4821 llujus
1093 4747 1605 4821 nbitusaonohﬁiﬁ,
1634 4752 1876 4821 contigit,

306 4817 452 4883 quod
491 4818 724 4871 ostendit
750 4820 1061 4871 consolatus
1090 4818 1253 4871 Flavii
1290 4818 1481 4873 Valerii
1519 4817 1874 4884 Constantini,

306 4887 645 4959 Constantini
670 4888 836 4956 Magni
863 4890 1061 4953 fratris,
1082 4903 1220 4959 antu)
1246 4892 1486 4955 sequenti
1518 4901 1717 4959 gestus.
1746 4890 1876 4945 Cum

310 4958 455 5012 enim
481 4959 677 5011 Helena
711 4967 933 5023 nepotes
963 4974 1088 5012 suos
1114 4957 1447 5012 Constantini
1481 4957 1649 5028 Magni
1681 4961 1878 5017 liberos

308 5042 523 5080 summo
546 5043 727 5083 amore
750 5040 1181 5097 prosequeretur,
1209 5030 1256 5082 id
1282 5039 1404 5083 ante
1427 5035 1601 5085 omnia
1627 5032 1893 5098 providit,-

308 5098 499 5164 nequis
547 5113 612 5151 ex
665 5100 957 5152 Constantii
1010 5100 1189 5153 liberis
1240 5098 1570 5155 Constantini
1628 5103 1880 5159 fratribus

308 5169 699 5240 imperiumeis
742 5170 1059 5236 subriperet.
1094 5172 1267 5234 Quare
1313 5170 1430 5221 illos
1457 5173 1598 5225 velut
1641 5174 1875 5240 exsules,

307 5241 485 5307 quoad
516 5238 664 5309 vixit,
694 5254 907 5305 semper
932 5242 1180 5302 detinuit,
1205 5255 1344 5293 nunc
1372 5240 1579 5295 Tolosa:
1605 5243 1657 5299 in
1683 5238 1875 5309 Gallia,

309 5316 371 5361 ιιι
417 5308 599 5361 scribit
646 5313 929 5375 Ausonius,
959 5327 1097 5363 nunc
1142 5308 1876 5379 Corinthi,quemadmodum

312 5380 487 5448 prodit
514 5378 749 5433 Julianus
779 5381 830 5433 in
861 5381 1095 5449 Epistula
1122 5383 1185 5434 ad
1208 5378 1528 5447 Corinthios,
1553 5384 1705 5451 cujus
1734 5382 1876 5449 frag-

308 5459 547 5521 mentum
577 5460 756 5503 exstat
782 5456 920 5520 apud
955 5451 1230 5505 Libaniutn
1263 5453 1313 5503 in
1359 5456 1597 5508 oratione
1629 5469 1721 5521 pro
1752 5455 1873 5507 Ari-

307 5520 571 5588 stophane
617 5521 913 5583 Corinthio,
955 5522 1040 5574 ubi
1087 5521 1335 5574 Libanius
1387 5520 1875 5590 testatur,lie|enm

308 5592 534 5645 consilio
578 5601 633 5645 et
671 5592 1039 5645 novercalibus
1084 5593 1219 5645 odiis
1263 5594 1627 5646 Constantium
1681 5595 1872 5647 .luliani

308 5671 516 5729 patrem
546 5661 645 5733 hac
685 5663 902 5733 etiillac
950 5662 1249 5716 traductum
1294 5661 1477 5716 fuisse.
1523 5664 1875 5733 Cumitaque

309 5732 691 5785 Constantinus
734 5732 1066 5785 Constantini
1117 5733 1290 5799 Magni
1340 5734 1523 5800 frater,
1550 5746 1606 5785 ut
1641 5732 1875 5790 Zonaras

311 5801 506 5871 prodit,
525 5818 667 5855 anno
688 5805 929 5870 sequenti
950 5804 1133 5857 consul
1155 5805 1493 5871 processerit,
1529 5820 1632 5859 non
1657 5806 1871 5859 dubium

312 5874 439 5944 quin
472 5882 590 5943 post
618 5876 801 5929 matris
847 5882 1071 5930 mortem
1104 5874 1241 5929 hunc
1283 5874 1333 5929 iu
1366 5874 1579 5941 fratrem
1614 5876 1870 5933 honorem

1986 4678 2177 4729 lectum
2230 4694 2424 4730 aereum
2491 4676 2611 4745 poni
2674 4676 2869 4743 jussit,
2922 4678 3114 4732 deinde
3171 4681 3220 4733 in
3278 4676 3551 4736 carcerein

1981 4745 2230 4817 conjecit.
2282 4749 2439 4802 Jussu
2489 4757 2663 4817 autem
2716 4747 3019 4800 Maximiani
3078 4762 3108 4800 e
3156 4764 3374 4805 carcere
3429 4768 3553 4805 cum

1981 4820 2141 4870 sociis
2172 4818 2422 4871 liberatus
2446 4857 2461 4882 ,
2493 4819 2544 4870 in
2575 4816 2808 4870 Ciliciam
2852 4819 2917 4871 ad
2946 4816 3170 4871 Tarsum
3212 4834 3271 4874 se
3298 4824 3549 4887 contulit,

1982 4897 2036 4939 et
2064 4904 2089 4937 a
2118 4889 2271 4940 l’etro
2296 4890 2545 4956 episctipo
2572 4886 2819 4940 Tarsensi
2852 4888 3109 4954 baptisma
3143 4892 3402 4957 suscepit.
3436 4886 3546 4946 Fu;

1980 4959 2129 5024 giens
2157 4970 2330 5017 autem
2357 4974 2387 5011 c
2432 4959 2597 5010 Tarso
2626 4972 2743 5009 cum
2776 4958 3043 5011 sodalibus
3075 4973 3167 5025 per
3208 4967 3374 5013 totttm
3406 4963 3550 5017 'l‘au-

1983 5043 2096 5080 rum
2127 5038 2357 5081 uim-tem
2382 5068 2397 5091 ,
2424 5029 2593 5081 donec
2621 5027 2873 5101 adistius
2907 5030 3101 5101 montis
3126 5032 3397 5097 angustias
3432 5047 3550 5101 per-

1982 5100 2212 5174 veniret,
2240 5102 2459 5174 ulterius
2490 5095 2975 5174 progredidcsistit
3004 5095 3547 5174 e‘sspectans‘tna'rty-

1982 5171 2137 5225 riutn.
2165 5171 2248 5223 ubi
2280 5184 2466 5240 omnes
2491 5185 2519 5240 a
2552 5167 2777 5240 Seleuci,
2802 5168 2890 5235 qui
2915 5170 3303 5237 praeficiebatttr
3319 5167 3543 5240 Ciliciae,

1981 5240 2235 5293 militibus
2260 5239 2505 5293 trucidati
2527 5247 2668 5309 sunt.
2692 5237 2906 5309 Sumus.
2927 5248 3054 5292 tom.
3083 5240 3169 5293 IV.
3194 5241 3478 5309 Perperam
3498 5261 3530 5298 e

1980 5311 2221 5379 Andreas
2238 5320 2287 5363 et
2306 5311 2523 5379 Magnos
2546 5307 2676 5361 infra
2698 5308 2943 5379 dicuntur
2969 5310 3109 5375 passi
3135 5315 3185 5365 in
3205 5307 3545 5374 Alexandria.

2052 5378 2081 5416 ¹ι
2112 5380 2357 5432 Marium)
2389 5377 2613 5433 oFestutn
2664 5377 2779 5445 ejus
2819 5380 3167 5446 depositionis
3213 5385 3375 5436 etiam
3416 5384 3548 5439 infra

1981 5452 2283 5504 celebratur
2307 5451 2391 5503 die
2418 5466 2447 5504 ι
2470 5450 2818 5518 Septembris,
2853 5449 3005 5518 cujus
3030 5453 3189 5506 vitam
3216 5466 3282 5507 ex
3305 5456 3546 5510 vetustis-

1980 5523 2116 5574 simo
2140 5521 2404 5593 llreviario
2419 5516 2583 5593 edidit
2602 5516 2856 5593 Labbzeus
2877 5516 3130 5593 t.'llliibl.
3149 5522 3326 5586 Novm,
3345 5541 3395 5592 p.
3418 5524 3547 5593 55‘2,

1981 5595 2067 5663 ubi
2101 5592 2294 5663 dicitur
2318 5592 2471 5663 annis
2494 5602 2585 5663 sex
2619 5591 2669 5642 in
2699 5592 3023 5663 monasterio
3047 5591 3464 5663 princiaco,sub
3484 5591 3547 5653 S.

1981 5662 2191 5735 Faterio
2205 5664 2393 5735 abbate
2408 5660 2619 5735 vixisse,
2638 5668 2746 5713 tum
2761 5662 3043 5735 secessisse
3060 5663 3197 5732 apud
3215 5660 3548 5735 Spinolaium

1979 5734 2187 5807 vicum,
2204 5731 2380 5807 ibique
2402 5730 2470 5785 44
2497 5730 2990 5807 anniseretniticam
3013 5730 3172 5807 vitam
3203 5730 3546 5807 transegisse.

1980 5803 2257 5856 'l‘ctradius
2288 5803 2564 5875 episc0pus
2611 5800 2956 5875 Bituricensis
3002 5806 3091 5873 qui
3121 5800 3413 5863 ecclesiam‘
3436 5809 3553 5875 ejus

1977 5875 2249 5929 dedicasse
2266 5874 2481 5944 dicitur,
2496 5874 2729 5928 interluit
2745 5875 2971 5945 concilio
2990 5878 3275 5946 Agatheusi
3299 5894 3384 5935 an.
3412 5879 3516 5935 506
3536 5918 3550 5944 ,
