4064 6346
473 338 607 398 εοη

1182 340 1380 395 BEDA‘Z
1417 339 1875 397 VENERABILIS
1912 338 2062 395 OPP.
2104 338 2280 396 PARS
2321 341 2410 397 IV.
2453 373 2521 383 —
2562 340 2943 400 IIISTORICA.

3605 348 3739 416 1οη

1741 455 1965 509 EDITIO
2003 455 2467 513 COLONIENSIS.

474 549 642 604 Gallia
687 547 856 602 sancti
908 545 1089 599 Donati
1139 545 1458 615 presbyteri,
1492 544 1581 613 qui
1624 544 2050 600 anachoreticam
2082 552 2129 609 Α
2159 547 2358 602 siarum
2408 548 2614 617 pepulis
2661 557 2805 604 tanta
2854 548 3041 615 laetitia
3089 552 3495 625 occurrentibus
3522 594 3538 620 ,
3590 555 3741 624 quasi

476 642 637 693 vitam
670 636 849 692 multis
877 636 1033 692 annis
1061 636 1234 691 duxit.
1264 638 1442 691 ltomm
1472 636 1611 692 beati
1631 637 1754 692 Julii
1785 636 2051 692 senatoris

476 731 747 802 martyris.
794 730 944 785 Hunc
966 729 1255 785 docuerunt
1288 728 1424 784 beati
1456 741 1738 801 martyres,
1770 729 2049 796 Eusebius,

477 824 809 888 Vincentius,
845 822 1179 890 Peregrinus,
1213 822 1516 885 Pontianus,
1564 837 1655 890 per
1682 837 1902 890 quorum
1934 837 2049 875 mae

475 930 577 970 nus
603 916 759 969 etiam
808 912 1087 968 facultates
1131 926 1255 967 suas
1300 912 1619 982 pauperibus
1650 912 1996 978 distribuens,
2022 927 2051 967 a

476 1006 633 1061 beato
665 1004 855 1059 Rufino
899 1003 1210 1073 presbytero
1250 1003 1569 1071 baptismum
1604 1005 1857 1073 percepit.
1895 1004 2048 1072 Quod

476 1094 699 1148 audiens
740 1090 1065 1147 Commodus
1116 1093 1422 1162 imperator,
1455 1094 1621 1147 iratus
1666 1093 1882 1147 tradidit
1926 1109 2052 1148 eum

474 1185 690 1240 Vitellio
728 1184 912 1255 judici,
961 1192 1018 1238 ut
1067 1184 1340 1239 facultates
1388 1183 1505 1253 ejus
1553 1184 1875 1255 requireret,
1905 1193 1957 1239 et
1984 1186 2053 1243 ad

476 1277 883 1332 sacrificandum
932 1277 1247 1344 impelleret.
1305 1277 1516 1345 Quique
1558 1278 1785 1346 conjecit
1830 1294 1950 1333 eum
1998 1278 2050 1333 in

474 1381 745 1423 eorcerem
764 1410 778 1431 ,
809 1376 863 1422 et
893 1376 1012 1436 post
1042 1367 1268 1421 triduum
1297 1369 1497 1423 catenis
1525 1370 1753 1423 vinetum
1800 1367 1925 1423 fecit
1951 1370 2053 1424 sibi

473 1460 813 1526 pfmsentari;
855 1468 907 1512 et
956 1459 1195 1511 auditum
1239 1458 1775 1527 eum,taudiu.jussit
1823 1458 2053 1513 fustibus

471 1550 628 1614 caedi,
658 1551 831 1611 donec
878 1551 1145 1604 emitteret
1173 1552 1433 1617 spiritum.
1469 1551 1632 1621 Cujus
1660 1566 1853 1619 corpus
1882 1553 2050 1607 colle-

472 1655 664 1710 gerunt
710 1656 873 1697 noctu
901 1644 1185 1711 supradicti
1216 1643 1384 1699 sancti
1415 1654 1696 1714 martyres,
1739 1652 1793 1698 et
1819 1642 2051 1713 sepelie-

473 1743 598 1790 runt
629 1735 681 1789 in
711 1736 1020 1789 cmmeterio
1041 1736 1330 1800 Calepodii.

546 1825 608 1879 A.
648 1825 757 1879 XIII
791 1826 1032 1880 KALEND.
1062 1824 1328 1879 Suprema.
1355 1824 1618 1879 Samuelis
1638 1824 1935 1894 prophetae.
1959 1839 2053 1878 cu-

2157 640 2418 695 viventem
2444 640 2793 710 susciperent.
2821 640 3020 697 Eodem
3043 639 3131 697 die
3157 643 3295 699 beati
3320 644 3626 716 Porphyrii,
3650 645 3743 714 qui

2156 742 2394 785 sanctum
2424 742 2710 803 martyrem
2741 732 3023 802 Agapitum
3062 735 3287 789 erudivit
3316 737 3366 791 in
3408 735 3517 793 fide
3545 745 3603 791 et
3640 736 3743 790 do-

2156 822 2325 877 ctrina
2355 822 2574 879 Cbristi.
2610 824 2665 878 In
2699 824 3019 883 Alexandria
3049 827 3223 880 natale
3247 827 3509 891 Dioscori,
3532 837 3588 883 et
3618 825 3745 882 alibi

2155 913 2433 969 Philiberti
2478 915 2705 970 abbatis.
2757 915 2813 971 In
2845 916 3075 971 Luciana
3106 928 3418 973 sanctorum
3451 916 3744 983 Valentini,

2156 1004 2362 1059 Leonti.
2396 1005 2451 1059 In
2478 1006 2697 1060 Sinnida
2728 1006 2943 1062 civitate
2987 1016 3295 1063 sanctorum
3329 1007 3564 1074 Valenti,
3608 1005 3744 1061 Piri-

2154 1095 2243 1159 cii,
2276 1097 2420 1165 Arci,
2454 1096 2683 1163 Maximi,
2719 1098 2982 1166 Pamphili
3013 1109 3065 1154 et
3094 1097 3284 1155 Colovi
3311 1098 3662 1170 cenfessoris,
3686 1110 3741 1161 et

2156 1190 2323 1243 sancti
2350 1188 2599 1243 Bernardi
2627 1190 2855 1244 abbatis.

2227 1279 2286 1332 Β.
2322 1279 2410 1334 XII
2447 1280 2682 1335 KALEND.
2713 1282 2983 1338 Serrane.
3017 1283 3071 1338 In
3100 1283 3369 1340 territorio
3391 1283 3749 1340 Gamalitana

2156 1369 2407 1435 civitatis,
2441 1372 2617 1429 natale
2660 1373 2827 1429 sancti
2877 1374 3074 1430 Privati
3117 1375 3364 1447 martyris
3392 1386 3445 1430 et
3474 1377 3745 1445 episcopi,

2156 1462 2245 1529 qui
2295 1478 2477 1529 passus
2529 1472 2612 1518 est
2661 1466 3030 1533 persecutione
3083 1466 3347 1521 Valeriani
3390 1475 3445 1522 et
3486 1463 3745 1522 Gallieni.

2159 1551 2357 1605 Eodem
2406 1552 2491 1608 die
2536 1554 2710 1609 natale
2756 1566 3060 1613 sanctorum
3092 1556 3293 1614 Βοηθεί
3330 1566 3385 1612 et
3412 1556 3746 1621 Maximiani,

2157 1657 2379 1708 quorum
2427 1655 2573 1714 gesta
2624 1644 2907 1701 habentur.
2961 1646 3018 1700 In
3057 1647 3279 1702 civitate
3324 1646 3522 1702 Salona
3569 1646 3747 1700 natale

2157 1734 2419 1789 Anastasii
2439 1738 2721 1808 martyris:
2740 1737 2830 1807 qui
2855 1753 2973 1792 cum
2994 1738 3201 1794 videret
3225 1738 3434 1793 beatum
3457 1736 3743 1808 Agapitum

2158 1824 2294 1878 int'cr
2325 1835 2584 1880 tormenta
2617 1826 2824 1882 fortiter
2874 1827 3139 1883 Christum
3170 1829 3534 1891 confitentem,
3567 1826 3746 1880 excla-

471 1915 560 1984 jus
589 1931 737 1971 sacra
765 1932 887 1972 ossa
917 1919 1184 1984 Augustus
1204 1917 1463 1971 Arcadius
1485 1914 1553 1971 de
1569 1914 1749 1969 Judaca
1778 1914 2051 1969 transtulit
2080 1910 2127 1973 Β
2156 1917 2318 1971 mavit
2342 1934 2359 1989 ;
2392 1918 2608 1988 Magnus
2658 1928 2743 1975 est
2772 1919 3189 1975 Christianorum
3231 1919 3404 1982 Deus.
3438 1928 3495 1973 et
3523 1932 3635 1971 non
3665 1923 3748 1970 est

472 2005 528 2059 in
559 2005 840 2063 Thraciam
870 2006 1201 2077 portantibus
1220 2005 1507 2077 episcopis,
1533 2013 1589 2060 et
1613 2006 1847 2060 omnium
1876 2006 2048 2061 eccle‘

2157 2008 2293 2071 alius
2331 2022 2534 2089 praeter
2571 2024 2714 2065 eum.
2764 2009 2891 2065 Erat
2937 2020 3116 2066 autem
3147 2010 3533 2067 cornicularius
3568 2012 3747 2067 miles.

1720 2097 1951 2154 EDITIO
1989 2098 2491 2157 BOLLANDIANA.

539 2190 631 2245 ΞΟ.
657 2218 726 2229 -
746 2188 865 2245 XIII
893 2189 1027 2245 KH...
1055 2197 1082 2227 ⁸
1112 2188 1326 2246 Samuel
1357 2187 1637 2259 prepheta.

542 2300 734 2358 Florus
780 2302 832 2356 in
882 2304 950 2360 Α.
1002 2300 1067 2355 'I".
1127 2301 1215 2367 L.,
1271 2300 1508 2359 Cainone
1553 2310 1750 2366 castro,
1792 2300 2053 2367 depositio

468 2390 529 2448 8.
558 2389 585 2429 δ
614 2391 821 2445 Maximi
867 2392 1217 2456 confessoris;
1258 2391 1350 2460 qui
1391 2398 1446 2445 et
1485 2389 1730 2453 maximis
1766 2390 2051 2459 virtutibus

467 2482 680 2547 enituit,
707 2489 783 2548 et,
808 2489 865 2536 ut
905 2483 1039 2536 liber
1069 2481 1199 2537 Viue
1227 2481 1345 2550 ejus
1372 2481 1546 2545 docet,
1575 2497 1695 2551 qure
1726 2497 1882 2537 versu
1913 2496 2049 2537 con-

468 2573 664 2642 scripta
695 2572 904 2641 legitur,
940 2571 1234 2627 beatissimi
1274 2573 1483 2628 Martini
1511 2573 1801 2641 discipulus
1831 2572 1948 2627 fuit.
1983 2572 2048 2627 Et

468 2662 534 2724 8.
559 2674 583 2704 ο
612 2664 890 2721 Philiberti
918 2664 1122 2724 abbatis
1141 2704 1162 2738 ι
1189 2664 1276 2735 qui
1306 2664 1545 2736 diversas
1586 2665 1861 2735 hominum
1888 2664 2044 2729 infir-

2164 2194 2375 2248 mitates
2398 2209 2589 2248 curans
2616 2209 2712 2264 per
2735 2194 2986 2261 Spiritum
3011 2205 3255 2251 sanctum
3279 2197 3452 2252 futura
3474 2200 3743 2269 pmvidit.

2160 2284 2395 2342 [labetur
2424 2287 2476 2339 in
2505 2285 2566 2340 Τ.
2612 2289 2783 2355 primo
2810 2285 2948 2357 loco.

2224 2377 2409 2452 (ἦν...
2434 2377 2498 2433 Et
2518 2378 2577 2452 S.
2609 2376 2635 2452 (ξ
2670 2379 2932 2452 Valentini
2979 2381 3249 2452 martyris.
3302 2381 3393 2449 τ..
3425 2381 3481 2437 1η
3530 2381 3749 2442 Lucana

2154 2448 2346 2504 natalis
2371 2448 2653 2504 Valentini.
2689 2451 2773 2513 8.,
2802 2451 2855 2503 In
2885 2448 3133 2504 Lucania'
3157 2452 3337 2507 uitale
3506 2452 3746 2509 Valenti-

2154 2519 2295 2574 niani
2328 2530 2380 2574 et
2408 2520 2636 2575 Leontii.
2669 2520 2724 2574 In
2757 2521 3084 2577 Alexandria
3116 2523 3289 2578 natale
3312 2523 3370 2580 S.
3404 2524 3673 2581 Dioscuri.

2222 2610 2311 2666 2|.
2335 2640 2407 2652 -
2425 2610 2516 2666 XII
2544 2610 2679 2674 ΚΜ..
2715 2610 2883 2667 Vacat
2911 2612 3088 2681 Baeda.

2224 2706 2417 2767 Florus
2441 2708 2496 2763 in
2528 2708 2595 2763 A.
2620 2705 2684 2763 Τ.
2720 2706 2806 2776 L.,
2836 2708 2900 2764 Et
2924 2708 3182 2781 passioS.
3215 2715 3239 2745 ⁸
3269 2706 3740 2779 Privati:qoiVa-

1862 2798 2073 2855 δΜιτιι
2108 2799 2335 2863 ΝΟΤιΕ.
3526 2825 3533 2835 π

478 2909 534 2959 et
577 2898 848 2953 Aurelian.
886 2897 927 2962 I,
959 2910 1048 2951 an.
1074 2894 1203 2959 5H,
1233 2892 1373 2950 unde
1410 2890 1706 2959 colligimus
1733 2892 2048 2955 Marianum.

475 2981 737 3037 regnante
783 2967 1092 3037 tihlodoven
1135 2968 1172 3027 I,
1200 2965 1468 3037 lloruisse.
1523 2964 2062 3037 \ticus__EVattttensis

479 3033 560 3095 est
584 3041 735 3093 vicus
758 3038 1011 3095 dimccsis
1042 3036 1459 3098 Letnovicensis,
1482 3035 1641 3104 vulgo
1661 3033 1834 3104 dictus
1858 3034 2058 3099 Evarix,

2169 2891 2394 2947 clericos
2422 2890 2792 2956 inflammavit,
2823 2891 2911 2962 qui
2942 2905 3064 2955 eum
3095 2890 3233 2961 apud
3262 2890 3582 2947 Andoenum
3607 2893 3742 2950 falso

2170 2962 2497 3032 detulerunt,
2532 2973 2841 3032 tantumque
2881 2962 3193 3032 elfecerunt,
3219 2972 3274 3017 ut
3302 2962 3591 3032 episcopus
3618 2979 3740 3023 eum

2161 3032 2386 3101 jusserit
2406 3030 2464 3086 in
2495 3030 2769 3088 carcerem
2810 3031 2969 3086 trudi.
3025 3030 3285 3092 nimissus
3314 3030 3436 3089 inde
3460 3030 3503 3089 e'
3522 3049 3744 3091 carcere

478 3111 570 3166 ubi
603 3109 843 3169 sepultus
873 3107 1062 3167 dicitur
1089 3124 1117 3161 ει
1147 3106 1306 3173 Οτι-ε.
1339 3104 1541 3159 Turon.
1576 3102 1642 3158 de
1670 3103 1754 3158 Gl.
1783 3104 1935 3159 Conf.
1969 3105 2057 3167 81,
2090 3103 2136 3166 C
2167 3104 2231 3156 ad
2272 3104 2594 3159 Ansoaldum
2624 3103 2791 3173 episc.
2821 3102 3020 3173 Pictav.
3050 3118 3106 3157 se
3136 3104 3357 3168 recepit.
3378 3112 3526 3160 eteo
3565 3108 3744 3173 opitu-

480 3181 771 3244 Marianus,
805 3180 893 3247 qui
928 3177 981 3233 in
1010 3178 1185 3236 vicina
1213 3174 1368 3240 silva.
1393 3176 1438 3229 la
1473 3174 1634 3247 forest
1657 3174 2061 3247 diAntreaigues

478 3270 547 3310 en
574 3245 923 3313 Comhraille,
943 3258 1184 3303 mortuus
1211 3259 1452 3315 repertus
1477 3246 1667 3301 fuerat.
1694 3246 1915 3301 Sacrum
1944 3245 2062 3314 ejus

475 3336 671 3392 corpus
699 3320 891 3392 in_ipso
923 3318 1125 3392 pariete
1156 3319 1429 3392 ecclesiae,
1458 3332 1614 3392 quam
1646 3316 2059 3392 bodieincolnut

475 3387 722 3449 canonici
755 3387 813 3445 S.
844 3389 1149 3458 Augustini.
1180 3389 1479 3455 depositum
1514 3388 1707 3458 fuerat.
1742 3388 1833 3441 scd
1863 3387 2059 3449 exinde

481 3463 799 3518 translatum
830 3456 1006 3524 fuit—in
1032 3474 1244 3527 causam
1275 3467 1581 3523 argenteam
1612 3473 1640 3510 a
1672 3456 1963 3527 Reginaldo
1990 3458 2060 3511 de

484 3534 533 3588 Ia
561 3532 717 3586 Porte
743 3531 909 3597 episc.
942 3528 1306 3584 Letnovicensi
1338 3543 1424 3579 an.
1455 3528 1612 3591 12500,
1646 3537 1701 3579 ut
1733 3531 1895 3581 refert
1932 3529 2057 3581 Iler-

479 3603 682 3658 nardns
731 3599 903 3652 Gnido
944 3599 1079 3667 apud
1128 3598 1395 3653 Labbeutn
1447 3606 1588 3651 tomn
1624 3597 1646 3651 ι
1686 3598 1821 3651 Bibl.
1873 3598 2057 3661 Novae,

479 3690 534 3738 p.
564 3670 687 3731 6.55.
723 3670 857 3724 Male
880 3666 1145 3723 adduntur
1173 3683 1291 3721 cum
1314 3666 1520 3719 duobus
1542 3666 1774 3738 millibus
1800 3670 2059 3735 quingen-

475 3736 543 3800 tis
593 3739 882 3809 nonaginta
931 3748 1173 3807 septem,
1204 3753 1322 3805 qua:
1371 3740 1546 3809 potius
1593 3737 1660 3792 ad
1691 3736 1749 3791 S.
1784 3738 2055 3801 Andream

479 3815 725 3866 videntur
749 3810 1032 3877 pertinere.

550 3885 575 3913 ⁸
609 3879 841 3934 Samuel.
893 3880 1057 3946 Cujus
1086 3892 1230 3943 ossa,
1273 3886 1328 3931 ut
1353 3878 1404 3932 in
1434 3876 1569 3931 libro
1597 3884 1782 3932 contra
1814 3876 2055 3937 Vigilan-

477 3954 607 4006 tiunt
642 3951 699 4006 B.
735 3952 1091 4017 Ilieronynms
1139 3948 1325 4002 scribit
1352 3990 1369 4015 ,
1402 3949 1667 4013 Augustus
1700 3949 1961 4002 Arcadius
1991 3949 2057 4002 de

478 4023 659 4077 .Indaza
715 4020 987 4081 tranSIulit
1032 4018 1722 4086 Thraciam,‘portantibns
1768 4019 2056 4087 episcopis.

479 4095 592 4148 Sub
622 4092 797 4144 Attico
827 4091 1081 4156 epiSCOpo
1110 4087 1705 4156 Constantinopolitano
1746 4104 1835 4141 eas
1866 4091 2054 4142 allatas

476 4175 603 4216 esse
650 4159 1215 4233 Constantinopolim,
1273 4158 1577 4233 lunatasque
1633 4160 1683 4233 i_n
1737 4158 2055 4233 tempload

473 4234 561 4286 Ser
586 4233 769 4283 timum
805 4228 1025 4298 posito;
1044 4228 1230 4283 scribit
1275 4228 1589 4284 Theodorus
1635 4229 1823 4293 Lector
1852 4228 1903 4283 in
1936 4230 2057 4283 Col-

476 4304 675 4356 Ietttan.
711 4300 800 4355 bb.
831 4315 886 4354 ll.

414 4432 418 4436 _
546 4370 571 4409 ι»
606 4370 840 4423 .ttm‘mi.
881 4370 981 4435 Qui
1016 4368 1262 4427 occulere
1312 4368 1449 4433 qttod
1481 4378 1597 4424 erat
1646 4366 1884 4434 cupiens,
1917 4368 2054 4433 apud

476 4438 1022 4503 lnsnlatn-Barbaratn
1073 4442 1379 4493 tnnnastrrii
1415 4440 1785 4508 Lugdunensis
1818 4440 2051 4507 peregri,-

478 4512 594 4564 nari
623 4509 875 4577 expetiit;
905 4509 1273 4573 manifestattts
1303 4519 1476 4563 autem
1509 4519 1563 4564 et
1592 4509 1659 4564 ibi
1687 4552 1700 4575 ,
1731 4510 1782 4563 itt
1825 4513 2046 4577 patriam

473 4581 653 4637 redire
696 4581 978 4647 disposuit.
1034 4579 1163 4651 Cum
1215 4580 1263 4643 in
1314 4580 1521 4641 itinere.
1552 4581 1677 4633 dum
1710 4580 1914 4641 Ararim
1952 4581 2049 4634 llu-

475 4652 619 4705 viunt
652 4652 921 4711 transiret,
947 4650 1273 4718 naufragium
1307 4666 1495 4719 passus
1528 4660 1689 4715 esset,
1718 4656 1781 4703 ad
1813 4662 2045 4702 castrum

471 4721 809 4777 Cainonense
864 4720 1012 4775 urbis
1063 4720 1341 4775 'I'uronica:
1399 4724 1619 4777 veniens
1668 4723 2046 4773 monasterium

472 4792 615 4847 circa
646 4808 768 4845 ann.
805 4790 933 4858 M33,
965 4792 1275 4855 collocavit;
1304 4793 1391 4845 ubi
1437 4793 1624 4858 plenus
1667 4790 1870 4843 dierum
1918 4789 2051 4845 obiit

474 4873 527 4917 et
556 4863 798 4928 Sepultus
828 4870 930 4916 cst.
963 4861 1131 4921 Gneo.
1161 4864 1364 4915 Turon.
1397 4862 1463 4915 dc
1490 4862 1667 4916 Gloria
1697 4860 1849 4914 Conf.
1881 4860 1974 4913 2‘2.

556 4938 579 4966 θ
617 4927 905 4992 Philiberti.
941 4932 1190 4985 llelt~ano
1223 4934 1491 4987 tt-tritorio
1511 4932 1635 4993 orti,
1668 4930 1757 4983 lilii
1792 4927 2055 4989 Filibaudi

474 5003 714 5070 cpi-cepi
749 5000 1140 5070 Vicojuliensis.
1194 5003 1296 5067 Qui
1336 5003 1385 5054 in
1433 5003 1547 5054 aula
1601 5001 1737 5069 regis
1770 5000 2049 5069 Daguberti

474 5074 754 5134 educatus,
775 5076 907 5139 Agtlt
936 5082 1117 5140 postea
1142 5073 1349 5124 abbatis
1376 5070 1730 5128 Resbacettsis
1756 5072 2048 5139 disciplinm

474 5157 534 5195 se
560 5143 863 5197 commisit:
892 5158 996 5211 quo
1026 5142 1310 5206 defuncto,
1340 5152 1391 5195 et
1422 5142 1533 5211 ipse
1561 5142 1779 5195 fratrum
1808 5142 2045 5196 omnium

473 5228 739 5268 consensu
770 5213 935 5279 abbas
964 5211 1165 5281 eiectus
1194 5222 1296 5271 est.
1338 5214 1485 5267 'I'ttut:
1510 5229 1536 5264 a
1566 5227 1687 5279 rege
1717 5211 2042 5273 Francorum

473 5282 815 5349 Chlodoveu,
844 5280 1147 5350 atque'ejus
1178 5286 1357 5353 regina
1389 5282 1655 5353 vocabulo
1680 5280 2041 5353 Baldecbildc,

472 5353 647 5408 locum
696 5354 749 5408 In
798 5348 933 5423 pago
987 5348 1406 5423 Itotmnag'cusi,
1455 5352 1782 5408 Ccmeticum
1832 5348 2045 5423 nomine

470 5423 721 5489 obtinuit,
748 5420 812 5478 et
852 5420 992 5478 anno
1035 5420 1245 5477 circiter
1276 5422 1399 5486 (554,
1430 5436 1710 5494 postquam
1752 5436 1919 5473 annos
1946 5420 2045 5477 ali-

472 5503 605 5560 quot
632 5495 866 5564 regentlo
909 5504 1029 5563 post
1062 5496 1267 5561 Agilutn
1320 5493 1556 5548 Itcsbaco
1589 5493 1855 5561 variisque
1884 5506 2037 5557 pere-

470 5564 861 5632 grinationibus
904 5566 1266 5632 impendisset,
1294 5565 1361 5618 ibt
1396 5565 1770 5617 tttonaSteriunt
1800 5571 2041 5632 constru-

471 5629 569 5687 iit.
609 5633 743 5689 Cum
792 5629 991 5688 autem.
1019 5637 1179 5689 multa
1214 5635 1420 5700 pictatis
1468 5648 1639 5703 opera
1674 5634 1906 5696 fecisset,
1940 5629 2041 5683 Ile-

475 5703 719 5767 brninus,
748 5721 811 5757 eo
837 5707 974 5771 quod
1019 5717 1235 5770 promer
1259 5701 1558 5767 superbiant
1605 5701 1888 5758 Fibbertus
1915 5716 2037 5755 eum

472 5775 868 5849 iucrcpmssct,
900 5777 953 5833 in
1000 5776 1055 5829 Ii.
1095 5778 1262 5837 vitum
1315 5777 1731 5845 Itotontagcnses
1780 5773 2034 5844 quesdam

2168 3174 2308 3228 Iante
2336 3174 2387 3227 in
2419 3174 2579 3229 Ilerio
2623 3166 2785 3233 maris
2837 3166 3004 3228 insula
3052 3166 3433 3229 monasterium
3474 3166 3743 3243 condidit,

2163 3245 2253 3299 ubi
2292 3259 2411 3297 cum
2458 3244 2677 3299 vixisset
2724 3258 2894 3297 annos
2942 3254 3099 3308 octo,
3143 3244 3377 3298 Ebroino
3422 3243 3541 3313 ejus
3591 3248 3744 3303 hoste

2164 3323 2376 3367 mortuo
2406 3330 2431 3363 a
2460 3314 2515 3367 S.
2544 3314 2802 3369 Audoeno
2825 3324 3105 3369 revocatus
3130 3325 3233 3369 eat.
3268 3314 3323 3368 In
3351 3313 3561 3369 Caltivo
3585 3318 3743 3372 terri~

2163 3385 2301 3438 torio
2348 3382 2591 3447 Waratto
2638 3384 2818 3453 palatii
2862 3384 3109 3452 princeps
3155 3385 3407 3450 Oppidum
3452 3384 3657 3441 Villare
3693 3389 3742 3443 ei

2160 3456 2420 3518 donavit,
2481 3456 2567 3509 ubi
2637 3456 2899 3521 virginum
2967 3455 3347 3515 monasterium
3413 3459 3740 3515 construxit.

2163 3525 2362 3579 Deinde
2383 3541 2503 3580 cum
2525 3525 2809 3581 Ait-adrum
2832 3522 3103 3581 Gemctico
3126 3526 3741 3594 prmfecissctahbatem,

2162 3611 2409 3650 reversus
2454 3606 2537 3651 est
2583 3595 2828 3660 Herium,
2870 3595 2955 3649 ubi
3003 3595 3153 3648 obi.t.
3205 3597 3262 3650 Β.
3301 3596 3590 3650 Filibertus
3622 3608 3741 3666 post

2163 3666 2376 3719 Ebroini
2434 3680 2617 3720 necem
2681 3667 2750 3718 ab
2812 3667 2999 3719 exsilio
3067 3677 3349 3720 revocatus
3406 3680 3512 3720 non
3582 3669 3741 3731 longo

2161 3746 2399 3801 tempore
2444 3748 2716 3804 superstes
2764 3735 2881 3788 fuit.
2932 3738 3087 3803 Anno
3135 3737 3278 3803 regni
3324 3735 3651 3792 Theoderici
3682 3740 3735 3800 9.

2160 3807 2450 3861 Ebroinum
2503 3808 2736 3860 occisum
2764 3820 2903 3867 .esse
2948 3806 3107 3867 tradit
3147 3806 3477 3875 Sigebertus,
3514 3807 3617 3862 hoc
3656 3820 3737 3862 est

2158 3891 2303 3935 anno
2324 3876 2519 3930 Christi
2543 3876 2671 3945 ἀεὶ,
2695 3884 2787 3933 aut
2810 3876 3125 3945 insequenti.
3155 3875 3384 3929 Proinde
3406 3875 3465 3931 S.
3496 3876 3738 3934 Fi’iberti

2159 3948 2337 4001 obitus
2368 3961 2507 3999 anno
2544 3942 2686 4001 circa
2724 3946 2827 4001 684
2856 3988 2869 4007 ,
2904 3942 3241 4000 collocandus
3274 3947 3500 4001 videtur.
3549 3948 3738 4002 Surins

2161 4028 2286 4071 tom.
2319 4015 2403 4069 IV.
2423 4012 2828 4087 MabillonJAct.
2852 4016 2979 4071 Ben.
3008 4032 3129 4071 uec.
3150 4017 3607 4087 tt.—-Translatio
3624 4020 3740 4087 ejus

2160 4088 2442 4141 occasione
2465 4086 2912 4140 Nortmannorum
2938 4088 3003 4139 ab
3028 4087 3254 4140 Iblbodo
3271 4086 3466 4141 abbate
3492 4086 3736 4143 Heriensi

2159 4171 2302 4211 anno
2348 4155 2485 4220 836,
2521 4157 2657 4210 facta
2700 4166 2782 4211 est
2810 4172 2878 4227 vti
2912 4157 2999 4211 die
3025 4157 3165 4215 Junii
3197 4159 3368 4225 primo
3396 4173 3459 4211 ex
3494 4159 3736 4213 IIerieusi

2161 4227 2486 4281 monasterio
2528 4228 2581 4280 in
2619 4228 2823 4282 Deense
2854 4243 2945 4295 per
2992 4230 3360 4294 Antpennutu,
3400 4228 3660 4281 Varinnas
3683 4239 3736 4284 et

2164 4298 2368 4367 Palurn.
2405 4298 2595 4351 Postea
2628 4298 2848 4352 incenso
2874 4298 3062 4357 [lt-ensi
3094 4301 3442 4363 monasterio,
3466 4316 3588 4367 qua:
3610 4316 3736 4353 con-

2161 4368 2402 4437 ﬂagratio
2449 4367 2641 4423 accidit
2677 4384 2817 4421 anno
2848 4369 2947 4421 847
2969 4410 2984 4434 ,
3014 4369 3180 4421 nihilo
3224 4369 3397 4423 minus
3438 4385 3503 4423 eo
3534 4372 3587 4423 in
3622 4372 3734 4423 loco

2162 4440 2412 4492 remansit
2467 4453 2662 4507 corpus
2731 4452 2938 4491 sacrum
3000 4455 3167 4506 usque
3216 4440 3282 4492 ad
3330 4455 3528 4493 annum
3583 4440 3735 4503 857,

2157 4524 2264 4575 quo
2308 4509 2359 4561 in
2387 4508 2680 4577 Conaltlutn
2726 4509 3155 4562 ηιυιιειμιετὶοιιιιι
3193 4512 3303 4577 agri
3336 4512 3736 4565 Andecavensis

2152 4580 2465 4649 translatum
2499 4588 2600 4632 est.
2630 4576 2757 4635 lude
2780 4576 3458 4649 adrecnperanda’praedia
3490 4586 3731 4649 quaedam

2151 4664 2292 4702 anno
2318 4648 2422 4710 862
2446 4658 2689 4705 evectum
2717 4659 2798 4701 est
2822 4648 3136 4702 Masciacum
3167 4652 3305 4716 apud
3339 4650 3623 4712 Pietoues;
3649 4651 3733 4704 ubi

2154 4721 2353 4774 restitit
2386 4720 2437 4772 itt
2468 4734 2666 4773 annum
2698 4719 2823 4780 875,
2845 4735 2949 4787 quo
2981 4721 3030 4772 in
3058 4720 3543 4774 Trenorchiensem
3573 4722 3734 4776 abba-

2151 4790 2277 4844 tiam
2318 4789 2548 4845 delatum
2594 4797 2697 4851 est.
2750 4788 3132 4858 Mantuanus,
3186 4794 3307 4845 Act.
3349 4791 3477 4845 lien.
3511 4802 3651 4860 part.
3684 4805 3731 4857 ι,

2149 4876 2260 4915 800.
2292 4876 2361 4912 ιν.

2223 4928 2249 4967 ά
2291 4929 2577 5004 Valentini.
2609 4928 2703 4985 llic
2726 4944 2844 5004 cum
2878 4929 3096 5001 Leontio
3127 4933 3318 4988 colitur
3347 4933 3507 4988 etiam
3542 4932 3735 5004 postri-

2152 5001 2238 5056 die
2264 5002 2398 5070 aputl
2432 5001 2741 5070 llterOuytn.
2763 5001 2911 5054 Mart.

2223 5080 2247 5108 ο
2282 5068 2499 5127 Privati.
2554 5068 2858 5123 Alamannis
2905 5070 3005 5124 sub
3041 5070 3175 5125 duce
3210 5072 3419 5129 Chroco
3452 5078 3503 5130 in
3532 5075 3734 5129 Gallias

2150 5141 2507 5215 irruentibus,
2536 5140 2593 5194 S.
2629 5140 2870 5215 Privatus
2897 5140 3220 5215 Gabalitanue
3250 5146 3396 5200 urbis
3425 5149 3728 5215 episcopus,

2149 5211 2199 5266 in
2223 5221 2410 5281 erypta
2436 5211 2832 5265 Memmatensis
2873 5214 3089 5278 montis,
3121 5215 3206 5265 ubi
3228 5215 3444 5282 jejnntis
3464 5211 3734 5271 orationi-

2148 5282 2352 5349 busque
2376 5282 2615 5347 vacabat,
2648 5283 2931 5350 reperitur,
2959 5285 3151 5351 popqu
3178 5282 3544 5341 Gredonensis
3574 5288 3732 5341 castri

2148 5352 2201 5405 in
2248 5352 2540 5405 munitione
2590 5354 2859 5405 concluso.
2921 5353 3025 5409 Sed
3081 5354 3205 5407 dum
3252 5369 3380 5410 oves
3404 5372 3533 5411 suas
3564 5362 3731 5411 bonus

2149 5432 2328 5487 pastor
2360 5422 2496 5489 lupis
2514 5424 2740 5489 tradere
2785 5437 2887 5475 non
2917 5425 3201 5488 consentit,
3236 5425 3515 5481 daemoniis
3545 5430 3731 5481 immo-

2147 5493 2257 5546 lare
2302 5492 2661 5560 compcllitur.
2712 5492 2862 5558 Quod
2907 5508 3155 5560 spurcum
3205 5496 3294 5547 ille
3335 5507 3443 5549 tam
3474 5512 3730 5552 esecrans

2146 5577 2306 5629 quam
2342 5561 2607 5635 refutans,
2638 5564 2815 5615 tandiu
2862 5561 3087 5635 fustibus
3112 5566 3335 5619 emditur
3361 5569 3534 5634 quoad
3565 5582 3729 5635 usque

2149 5642 2427 5699 putaretur
2456 5634 2754 5704 exanimis;
2785 5632 2877 5685 sed
2918 5649 2983 5687 ex
3013 5636 3122 5703 ipsa
3153 5632 3512 5704 quassatione,
3565 5632 3724 5691 inter-

2148 5704 2332 5768 positis
2354 5703 2531 5769 paucis
2545 5702 2747 5762 diebus,
2764 5704 3004 5770 Spiritum
3028 5702 3310 5763 exhalavit.
3337 5706 3509 5764 Gaio.
3528 5708 3721 5763 Tunna.

2144 5786 2180 5839 ι,
2208 5771 2294 5825 32.
2323 5772 2535 5838 Sontes,
2566 5783 2690 5828 tum.
2724 5771 2809 5826 IV.
