4064 6346
240 405 377 461 11113

1368 411 1559 468 SECT.
1604 414 1670 467 ll.
1712 439 1782 452 -—
1823 408 2383 464 MARTYROLOGIA.

3355 412 3501 470 10H

1517 522 1740 577 EDITIO
1777 520 2238 576 COLONIENSIS.

238 610 315 667 Ad
357 624 517 679 quem
566 625 763 679 praeses
788 630 799 664 :
826 610 973 667 Sicut
1004 612 1154 666 rideo
1176 650 1194 679 ,
1224 612 1411 682 inquit,
1443 595 1693 667 seductus
1722 628 1801 669 es.
1831 617 1886 674 Α
1912 627 2034 668 cum
2061 613 2219 666 sociis
2248 624 2455 665 eorum.
2504 607 2635 665 Item
2676 608 2858 666 Romre
2898 610 3040 667 beati
3081 612 3333 669 Antonini
3361 626 3503 671 mar-

238 711 314 765 Ex
348 721 454 778 quo
484 719 684 773 praeses
711 704 1014 772 imperaturi
1047 706 1331 760 Aureliano
1356 707 1693 777 renuntiavit,
1718 706 1808 775 qui

235 815 356 854 mox
390 799 565 867 perire
592 797 739 851 illum
764 797 947 865 jubet;
978 808 1033 851 et
1065 799 1132 850 ita
1165 807 1365 868 martyr
1398 796 1587 855 factus.
1617 798 1812 867 migra-

239 888 309 942 vit
338 887 404 942 ad
449 886 751 942 Dominum.
802 888 855 938 In
889 887 1151 954 lliSpaniis
1196 887 1476 952 Vincentii,
1508 887 1719 942 .luliani.
1753 888 1808 942 ln

236 978 484 1039 Sardinia
510 992 813 1045 sanctorum
845 977 1056 1043 Luxurii
1084 988 1138 1032 et
1164 978 1401 1048 Trajani.

305 1068 369 1123 t3.
399 1066 465 1122 XI
499 1066 735 1121 Kacsuo.
768 1067 1033 1122 Sensus.
1075 1067 1260 1124 Natale
1306 1069 1475 1123 sancti
1521 1068 1811 1135 Timor'hei,

235 1159 325 1226 qui
371 1159 441 1212 ab
487 1158 767 1213 Antiochia
816 1160 1032 1213 veniens
1080 1159 1301 1213 Romam
1329 1200 1344 1223 ,
1374 1159 1470 1212 sub
1522 1159 1815 1213 Melchiade

235 1267 373 1322 papa
422 1262 698 1320 susceptus
743 1260 825 1305 est
872 1251 925 1304 in
972 1252 1252 1317 hospitium
1282 1268 1308 1304 a
1339 1252 1612 1322 Sylvestro
1656 1267 1812 1320 papa,

233 1344 325 1413 qui
352 1354 534 1412 postea
578 1345 858 1412 episcopus
887 1343 1058 1398 factus
1089 1354 1189 1397 est.
1222 1344 1320 1410 Qui
1351 1359 1471 1398 cum
1504 1360 1700 1398 annum
1731 1355 1816 1399 to—

234 1444 348 1487 tum
372 1442 430 1487 et
455 1434 655 1503 aliquot
674 1448 883 1492 menses
908 1435 1218 1501 praedicans,
1242 1437 1434 1489 multos
1454 1436 1518 1487 ad
1541 1434 1829 1497 Christum

231 1526 612 1593 convertisset,
644 1534 817 1581 tentus
857 1540 885 1577 a
935 1523 1225 1594 Tarquinio
1268 1525 1413 1581 urbis
1459 1526 1731 1594 praefecto,
1762 1538 1816 1582 et

232 1616 393 1685 longa
445 1615 677 1670 careeris
721 1616 959 1669 custodia
1007 1626 1337 1681 maceratus,
1366 1631 1486 1671 cum
1518 1616 1819 1671 sacrificare

231 1707 398 1777 idolis
428 1705 706 1769 noluisset,
732 1706 889 1759 tertio
910 1720 1100 1767 etesiis.
1119 1716 1172 1760 et
1190 1706 1514 1774 gravissimis
1546 1706 1817 1774 suppliciis

232 1804 554 1851 attrectatus
576 1837 591 1860 ,
623 1795 959 1856 aid-ultimum
1005 1796 1401 1871 decollatustet
1428 1797 1573 1865 juxta
1607 1797 1815 1850 beatum

229 1887 459 1945 Paulum
484 1889 781 1957 apostolum
824 1890 1062 1957 sepultus
1087 1899 1188 1942 est.
1220 1889 1602 1960 Augustudnno
1643 1890 1841 1951 sancti,

1918 707 2082 780 tyris;
2113 705 2203 777 qui
2230 720 2349 760 cum
2379 712 2522 759 esset
2544 703 2803 769 carnifex,
2833 703 2966 760 Vidit
2995 713 3225 760 stantem
3248 706 3504 775 juvenem

1920 815 2040 855 cum
2071 798 2313 868 spongia.
2345 806 2397 851 et
2422 796 2781 866 detergentem
2815 796 2979 851 latera
3020 806 3327 852 sanctorum
3355 814 3498 854 mar-

1920 896 2095 956 tyrutn
2131 886 2365 951 Eusebii,
2396 884 2666 951 Pontiani,
2700 886 2973 955 Peregrini
3019 896 3179 954 atque
3208 887 3498 955 Vincentii,

1917 992 2039 1037 cum
2097 975 2344 1044 suspensi
2391 975 2447 1029 in
2492 976 2720 1046 equuleo
2767 977 3144 1043 czederentur,
3197 978 3501 1033 exclamare

1921 1067 2079 1136 coepit
2108 1086 2119 1120 :
2147 1067 2281 1121 Vere
2310 1066 2448 1120 Deus
2474 1076 2553 1121 est
2584 1049 2862 1133 Christus,
2896 1083 3051 1137 quem
3084 1068 3134 1122 hi
3181 1068 3499 1138 praedicant;

1920 1171 1978 1215 et
2005 1159 2211 1228 fugiens
2239 1158 2496 1214 oecultea
2516 1158 2705 1212 Rufino
2734 1159 3046 1229 presbytero
3062 1160 3360 1227 baptizatus
3381 1168 3498 1228 est;

1921 1258 1976 1306 et
2005 1265 2251 1305 reversus
2279 1250 2343 1303 ad
2378 1249 2648 1304 Vitellium
2692 1265 2811 1304 cum
2852 1265 2909 1306 se
2947 1251 3304 1306 Christianum
3338 1252 3504 1308 libere

1926 1344 2197 1409 fateretur,
2242 1341 2455 1410 capitali
2502 1343 2761 1396 sententia
2811 1342 3115 1409 damnatus,
3147 1344 3231 1398 via
3282 1344 3503 1399 Aurelia

1925 1433 2165 1500 sepultus
2192 1441 2295 1488 est.
2324 1430 2522 1509 Eodem
2549 1432 2638 1487 die
2667 1441 2851 1487 octava
2884 1434 3274 1504 Assumptionis
3300 1443 3503 1491 saneta:

1925 1523 2126 1577 Mariae.

1997 1615 2057 1666 D.
2090 1612 2134 1667 X
2165 1612 2409 1675 KALEND.
2441 1612 2714 1669 Serrana.
2746 1614 2930 1669 Natale
2972 1622 3277 1670 sanctorum
3307 1624 3507 1686 marty-

1920 1720 2042 1761 rum
2094 1705 2313 1771 Donati,
2361 1705 2645 1769 Restituti,
2680 1705 2977 1770 Valeriani,
3010 1705 3338 1772 Fructuosm,
3381 1721 3505 1761 cum

1922 1794 2041 1847 aliis
2087 1795 2369 1848 duodecim
2417 1793 2469 1847 in
2518 1794 2801 1848 Antiochia
2844 1798 3136 1850 coronatis.
3191 1798 3388 1850 Eodem
3420 1797 3508 1851 die

1924 1885 2060 1937 heati
2089 1884 2295 1951 Zachzei
2338 1884 2592 1951 episcopi,
2624 1884 2710 1951 qui
2742 1901 2810 1953 qtt
2832 1895 2963 1939 irtus
2994 1886 3252 1940 aJtcolio
3284 1886 3505 1941 ieroso—

230 1979 618 2047 Simplmriani,
648 1981 736 2047 qui
769 1989 1006 2049 tempore
1032 1982 1301 2036 Aureliani
1349 1983 1683 2051 imperatoris
1713 1985 1813 2041 sub
1846 1975 2181 2046 BJYlIlOlul"
2221 1978 2355 2028 reiit
2400 1976 2710 2029 licclesiatn.
2767 1976 3005 2046 Lugduni
3033 1986 3335 2031 Sanctorum
3369 1992 3507 2030 mar-

231 2071 487 2128 Heraclio
540 2074 847 2138 consulari,
879 2089 999 2128 cum
1046 2074 1201 2128 idolis
1256 2076 1555 2133 sacrificare
1613 2076 1813 2141 nollet,

229 2163 411 2232 primo
458 2164 761 2233 verberibus
802 2164 1079 2232 afflictum,
1133 2165 1323 2224 deinde
1362 2165 1563 2221 carceri
1616 2162 1817 2219 manci-

228 2262 444 2323 patum,
468 2254 807 2317 adultimum
842 2256 1081 2317 abscisso
1119 2254 1295 2322 capite
1331 2255 1587 2325 martyrio
1617 2254 1815 2309 ellecit.

228 2343 291 2412 lo
327 2354 511 2413 portu.
536 2344 795 2408 Romano.
823 2354 1125 2399 sanctorum
1155 2347 1559 2416 peregrinorum
1606 2354 1819 2411 marty-

229 2452 380 2501 rum,
410 2436 685 2502 Martialis,
713 2436 957 2506 Epicteti,
984 2436 1279 2504 Saturnini,
1304 2437 1500 2507 Aprilis
1522 2449 1576 2491 et
1604 2435 1815 2499 Felicis,

1923 2076 2095 2137 tyrum
2137 2065 2358 2120 Minervi
2403 2074 2458 2120 et
2491 2064 2730 2119 Elcazari
2759 2083 2879 2120 cmn
2914 2067 3034 2120 filiis
3079 2080 3222 2119 octo.
3256 2066 3311 2121 In
3343 2075 3501 2135 portu

1922 2157 2068 2212 urbis
2097 2157 2278 2211 Romae
2307 2166 2609 2211 sanctorum
2641 2155 2927 2226 llippolyti,
2951 2156 3181 2222 Quiriaci
3205 2168 3257 2212 et
3288 2155 3501 2212 Archil—

1920 2249 2008 2303 lai.
2042 2249 2222 2303 Remis
2251 2249 2487 2312 civitate,
2521 2257 2826 2302 sanctorum
2856 2250 3119 2303 Timothei
3151 2260 3207 2306 et
3235 2250 3504 2314 Apollina

1921 2339 2014 2403 ris,
2046 2338 2138 2408 qui
2167 2337 2358 2392 ibidem
2390 2338 2715 2407 inartyyizati
2747 2347 2889 2398 sunt.
2916 2338 3319 2398 lnAlexaudria
3356 2336 3499 2392 beati

1925 2432 2157 2486 'l'heona:
2184 2429 2526 2486 venerabilis.
2559 2429 2743 2486 Passio
2771 2431 2926 2483 trium
2960 2428 3178 2484 fratrum
3210 2430 3500 2484 incivitate

1514 2549 1738 2609 EDITIO
1774 2546 2266 2603 BOLLANDIANA.

234 2648 430 2704 lerianl
486 2655 542 2702 et
566 2646 773 2702 Galieni
804 2648 1152 2715 temporibus,
1206 2661 1329 2701 eum
1368 2656 1510 2701 esset
1538 2648 1818 2715 episcopus

227 2738 635 2803 Minatensiom,
659 2740 728 2792 ob
749 2749 947 2793 sancta:
977 2739 1099 2793 ﬁdei
1128 2740 1538 2801 confessionem,
1567 2755 1595 2792 a
1623 2739 1812 2794 barba-

225 2832 306 2887 ris
328 2829 506 2899 ﬂagris
528 2838 583 2884 et
612 2829 906 2885 ustionibus
935 2828 1160 2885 amictus
1188 2842 1393 2901 tempus
1417 2832 1737 2884 terminavit.

304 2921 365 2973 Β.
396 2921 458 2975 C.
488 2918 555 2974 V.
608 2919 693 2982 L.,
729 2920 783 2971 In
816 2919 1063 2981 Hispania
1094 2920 1215 2974 Julii
1256 2929 1309 2974 et
1356 2920 1570 2975 Iuliani.
1620 2920 1681 2975 C.
1720 2921 1805 2985 V.,

224 2990 526 3052 Vincentii,
561 2988 775 3057 Augurii
815 3000 868 3043 et
898 2988 1195 3045 Fructuosi.
1234 2991 1317 3053 Β..
1348 2990 1403 3044 In
1432 2991 1673 3045 Sardinia
1715 3007 1809 3043 na-

228 3063 342 3130 tale
368 3059 468 3115 SS.
501 3068 527 3097 ·
561 3059 805 3130 Luxurii,
835 3059 1073 3127 Trajani,
1103 3060 1353 3126 Quadrati
1381 3062 1637 3129 episcopi.
1668 3063 1811 3130 Syn-

222 3129 459 3198 dufagiaa
489 3130 663 3183 natale
691 3128 789 3184 SS.
814 3130 1031 3195 Artnsii,
1061 3130 1349 3192 Diomedis,
1380 3130 1574 3186 Zotici.
1600 3132 1664 3185 Et
1687 3128 1811 3187 alibi

221 3200 427 3254 Privati
451 3198 718 3269 martyris.
752 3198 792 3251 D
821 3241 837 3265 ,
853 3199 908 3251 ln
932 3198 1226 3254 Territorio
1246 3200 1473 3253 civitatis
1490 3202 1812 3257 Gavalitana:

220 3271 427 3326 Privati
453 3268 691 3339 episcopi
730 3270 1083 3339 etdtiiartyris.
1114 3274 1179 3324 Α.
1213 3270 1301 3333 T.,
1337 3271 1391 3323 In
1425 3271 1689 3339 Hispaniis
1719 3290 1811 3328 na-

221 3341 335 3395 tale
363 3339 424 3395 S.
458 3338 742 3395 Vincentii.
774 3337 977 3397 Eodem
1004 3340 1090 3395 die
1117 3340 1335 3396 Juliani.
1362 3340 1451 3407 T.,
1477 3337 1689 3398 Cblodi.

290 3434 385 3489 2‘2.
408 3432 569 3488 —Xl
600 3432 734 3488 ΚΑι..
764 3433 947 3489 Natale
975 3434 1033 3489 S.
1066 3434 1093 3472 ι»
1126 3435 1415 3501 Timothei,
1464 3436 1554 3505 qui
1603 3437 1679 3489 ab
1694 3438 1810 3499 An.

218 3525 425 3579 tiochia
447 3523 662 3580 veniens
685 3526 931 3590 Romam,
960 3525 1060 3579 sub
1088 3525 1319 3581 Miltiade
1347 3543 1501 3597 papa,
1527 3540 1805 3599 susceptus

218 3625 310 3669 est
332 3614 385 3667 in
414 3611 699 3680 hospitium
728 3613 841 3673 aS.
876 3613 1172 3684 Sylvestro,
1200 3617 1288 3683 qui
1323 3627 1501 3685 postea
1526 3620 1809 3687 episcopus

220 3706 403 3761 factus
439 3713 542 3760 est.
573 3704 859 3775 (Hactenus
887 3707 976 3776 Α.)
1006 3706 1107 3774 Qui
1156 3723 1276 3761 cum
1331 3719 1496 3763 totum
1527 3726 1723 3769 aunnm
1754 3722 1824 3777 et,

217 3797 432 3862 aliquot
484 3810 694 3851 menses
740 3797 811 3852 ibi
857 3798 1154 3867 praadicans
1186 3799 1379 3855 multos
1416 3801 1481 3855 ad
1532 3804 1801 3859 Christum

218 3888 605 3953 convertisset,
664 3898 839 3943 tentus
892 3903 921 3941 a
963 3889 1253 3959 Tarquinio
1280 3892 1720 3963 urbispraefecto,
1751 3906 1817 3950 et

218 3981 387 4049 longa
440 3982 673 4036 carceris
723 3982 960 4035 custodia
993 3991 1310 4047 maceratus,
1343 3998 1467 4041 cum
1504 3984 1807 4041 sacrificare

218 4070 389 4127 idolis
416 4071 695 4138 noluisset,
725 4072 879 4135 tertio
904 4087 1075 4130 caesus
1098 4083 1153 4128 et
1175 4075 1504 4143 gravissimis
1532 4079 1807 4146 suppliciis

1922 2650 2255 2705 attrectatus,
2284 2639 2349 2694 ad
2376 2639 2627 2701 ultimum
2655 2642 2945 2696 decollaIus
2983 2652 3083 2707 est,
3115 2654 3169 2699 et
3190 2643 3341 2714 juxta
3372 2645 3501 2703 bea-

1923 2743 2034 2788 tum
2061 2734 2361 2803 apostolum
2409 2735 2627 2789 Paulum
2670 2738 2930 2806 sepultus.
2956 2737 3223 2806 Scriptum
3253 2740 3304 2792 in
3329 2739 3495 2804 histo-

1918 2825 1996 2879 ria
2029 2823 2085 2879 S.
2115 2822 2394 2892 Sylvestri.
2446 2825 2646 2880 Eodem
2685 2826 2771 2881 die
2796 2829 2969 2887 natale
3010 2827 3070 2884 S.
3120 2828 3497 2899 Symphoriaul

1915 2914 2187 2982 martyris.
2516 2948 2519 2951 ν

1990 3003 2178 3061 Florus
2200 3004 2253 3063 iu
2286 3006 2347 3059 Α.
2378 3005 2442 3060 Τ.
2474 3005 2558 3071 ιτ..
2592 3016 2883 3072 prtenotato
2910 3007 3291 3076 Augusmduno
3309 3009 3487 3064 addit:

1916 3094 2017 3160 Qui
2048 3104 2291 3165 tempore
2318 3097 2585 3151 Aureliani
2611 3100 2944 3167 imperatoris
2964 3099 3031 3153 ab
3060 3101 3267 3156 Eraclio
3293 3116 3493 3157 consu-

1915 3184 2011 3239 lari
2034 3187 2473 3256 compreltensus,
2493 3189 2613 3256 quia
2638 3200 2863 3243 statuam
2897 3189 3243 3247 Berecintliize
3264 3194 3490 3249 adorare

1916 3278 2089 3333 noluit
2115 3294 2289 3337 caesus
2332 3289 2387 3334 et
2430 3280 2632 3341 carceri
2690 3288 2771 3336 est
2815 3284 3166 3350 mancipatus,
3194 3284 3492 3355 ductusque

1834 3368 1881 3430 Ο
1914 3380 2063 3430 extra
2092 3385 2300 3424 murum
2324 3385 2353 3423 θ
2377 3379 2718 3439 persecutore
2738 3381 2818 3425 681
2842 3379 3159 3442 prostratus.

1986 3462 2073 3525 ν..
2104 3462 2170 3516 Et
2216 3462 2275 3517 S.
2307 3472 2331 3502 ο
2364 3461 2556 3529 Ypoliti
2587 3463 2638 3516 in
2670 3472 2849 3528 portu.
2898 3466 2963 3519 Et
3003 3466 3125 3520 alibi
3160 3466 3414 3522 Martialis
3438 3476 3496 3523 et

1913 3533 2101 3587 Aurea:
2132 3534 2182 3586 in
2213 3534 2429 3587 civitate
2466 3534 2633 3586 Ostia.
2662 3532 2746 3596 L.,
2776 3534 2894 3599 Ipso
2914 3536 3001 3590 die
3022 3535 3077 3590 S.
3105 3533 3131 3572 ἀ
3157 3538 3323 3590 Mauri
3354 3552 3497 3590 mar-

1911 3603 2043 3671 tyris
2070 3618 2188 3654 cum
2220 3603 2379 3656 sociis
2408 3604 2541 3656 suis.
2575 3603 2658 3665 3.,
2693 3604 2747 3657 In
2777 3605 3054 3658 Antiochia
3080 3608 3254 3659 natale
3284 3607 3491 3659 Marini.

1911 3673 1966 3725 In
1997 3673 2165 3724 Gallia
2188 3674 2399 3733 civitate
2426 3674 2806 3739 Augusmduno
2846 3676 3023 3730 natale
3051 3676 3151 3732 SS.
3176 3676 3409 3732 Medardi
3437 3687 3493 3733 et

1911 3742 2296 3796 Emilianicutn
2331 3744 2452 3795 filiis
2474 3760 2583 3796 StllS
2612 3754 2732 3797 octo

1978 3833 2068 3886 23.
2091 3863 2156 3872 —
2177 3834 2220 3886 Χ
2254 3833 2384 3895 ΚΜ..
2416 3834 2579 3887 Vacat
2610 3833 2785 3886 Btutla.

1982 3921 2171 3975 Florus
2202 3925 2253 3975 in
2286 3927 2353 3976 A.
2377 3922 2439 3975 T.
2486 3924 2570 3985 L.,
2618 3924 2955 3992 lnAquileia.
2974 3924 3146 3979 natale
3170 3925 3265 3979 SS.
3301 3924 3491 3980 Fortuo

1913 4012 2021 4065 nati
2048 4023 2103 4067 et
2135 4013 2449 4081 Ermogenis
2478 4024 2532 4067 et
2565 4014 2842 4068 Martialis.
2887 4015 2952 4068 Et
2977 4014 3026 4066 in
3057 4016 3270 4070 civitate
3320 4016 3490 4086 Egeas

1914 4104 2091 4171 passio
2121 4103 2220 4159 SS.
2255 4102 2539 4170 °.Claudt'i,
2581 4106 2799 4169 Asterii,
2823 4105 3050 4160 Neonis:
3093 4110 3180 4176 qui
3211 4108 3309 4162 sub
3334 4106 3487 4179 Lysia

1650 4190 1854 4247 S’lllTll
1895 4192 2121 4255 ΝΟΤίΕ.

299 4284 331 4347 ἦ
364 4273 731 4347 Luxurii._0ui
760 4288 890 4347 cum
919 4273 1121 4347 Qisello
1144 4286 1192 4329 et
1223 4275 1508 4330 Camerino
1540 4279 1590 4330 in
1627 4295 1802 4347 perse-

220 4346 447 4405 cutione
479 4342 784 4415 Diocletiani
811 4344 911 4397 sub
940 4345 1173 4412 Delphio.
1210 4347 1432 4411 prmside
1476 4342 1652 4415 gladio
1676 4353 1799 4404 c;rsi

221 4424 375 4471 sunt.
394 4414 648 4466 Baronius
666 4414 715 4465 in
738 4413 889 4467 Mart.
908 4416 1246 4479 —'l‘rajanus
1259 4417 1417 4468 etiam
1432 4413 1550 4471 cum
1574 4418 1805 4475 Luxurio

224 4498 425 4561 passus
453 4495 555 4546 est,
587 4484 628 4561 s_i
664 4494 878 4561 nostro“
895 4486 1116 4561 auctori,
1164 4485 1393 4561 Notkt'ro
1439 4498 1493 4540 et
1535 4489 1801 4558 Martyrol.
1841 4501 1891 4561 ι)

230 4553 460 4615 llieron.
490 4553 717 4607 credas:
762 4563 815 4605 et
843 4554 1143 4620 Quadratus
1166 4556 1312 4622 juxta
1346 4566 1581 4611 nostrum
1614 4553 1809 4615 et'llie-

227 4638 540 4692 ronymuui.
575 4622 825 4693 Baronius
854 4626 903 4676 in
937 4626 1073 4687 notis
1103 4627 1285 4678 scribit
1310 4627 1448 4679 hunc
1469 4630 1584 4681 sine
1605 4631 1809 4693 cpisco-

228 4706 392 4765 patus
421 4694 517 4769 loci
552 4692 720 4769 titulo,
740 4702 842 4769 tam
870 4694 920 4746 in
949 4697 1110 4747 vetcri
1146 4696 1385 4769 Romano
1416 4692 1808 4769 Martyrologio,

225 4762 393 4831 quam
428 4764 476 4815 in
510 4774 613 4815 vet.
643 4762 766 4817 Mss.
802 4763 1056 4818 hactenus
1113 4767 1337 4833 positum
1392 4762 1611 4834 reperiri
1643 4786 1657 4832 ;
1702 4762 1813 4826 'nee

229 4837 481 4906 aliquem
514 4834 727 4906 docere,
771 4835 979 4893 cuinam
1026 4835 1460 4899 EcclesiteTuerit
1504 4840 1805 4906 prolectus.

229 4906 428 4981 Petrus
453 4904 521 4981 de
548 4903 718 4981 platal.
766 4907 916 4966 hunc,
942 4907 1185 4959 eumdem
1215 4916 1418 4975 censet,
1436 4903 1565 4981 cum
1616 4925 1683 4965 eo
1721 4913 1810 4981 qtti

223 4976 429 5032 colitur
454 4972 524 5025 2i
546 4972 685 5025 Maii.
1403 4972 1439 4981 ”

309 5044 337 5082 ιο
366 5043 634 5096 Timothei.
688 5044 1120 5117 llic,_passttst,c5t
1166 5061 1264 5101 nec
1314 5059 1432 5110 post
1459 5065 1653 5105 annum
1683 5051 1808 5117 31%,

230 5130 335 5171 nec
378 5124 521 5185 ante
548 5120 743 5167 ann’um
795 5115 919 5170 510.
953 5116 1081 5168 Nam
1121 5124 1245 5172 ante
1283 5132 1477 5170 annum
1518 5119 1643 5185 5t",
1686 5115 1815 5177 Mel-

233 5184 460 5256 ehiades
492 5182 672 5256 Romae
714 5184 1070 5256 pontificntum
1104 5204 1206 5238 non
1232 5188 1418 5255 gessit,
1442 5198 1501 5243 et.
1521 5182 1661 5244 anno
1688 5193 1813 5256 3l2,

235 5264 362 5327 post
413 5251 681 5327 interitum
724 5254 992 5321 Maxentii,
1036 5251 1435 5321 Constantinus,
1464 5262 1551 5327 qui
1584 5261 1633 5313 in
1662 5251 1812 5316 Occi;

232 5326 403 5378 dente
450 5323 762 5388 imperabat,
813 5340 995 5391 pacem
1038 5326 1291 5383 Ecclesia:
1334 5323 1583 5384 restituit.
1631 5330 1815 5386 Petrus

234 5394 399 5462 igitur
414 5395 498 5465 de
522 5393 695 5465 Natal.
728 5396 795 5447 de
823 5396 1102 5457 Timotheo
1130 5413 1313 5465 agens,
1362 5412 1411 5452 ei
1427 5413 1544 5452 rare
1596 5402 1814 5455 omnino

233 5462 589 5531 conspicitur,
640 5463 766 5517 dum
812 5478 931 5519 eum
962 5466 1123 5521 refert
1153 5462 1362 5532 passum
1395 5469 1495 5521 sub
1536 5469 1815 5525 Valeriano

236 5536 373 5599 imp.
420 5532 738 5609 _c_ut_n_.ni_bil
787 5550 1071 5609 commune
1106 5538 1295 5591 habeat
1325 5536 1631 5593 Valerianus
1682 5543 1812 5609 imp.

234 5618 361 5656 cum
389 5601 709 5675 _Melchiade
760 5620 913 5673 papa,
958 5607 1110 5673 cujus
1164 5618 1403 5675 tempore
1436 5611 1575 5662 hunc
1604 5601 1812 5674 passum

234 5688 360 5726 esse
388 5673 529 5725 idem
559 5674 669 5752 ipse
692 5683 933 5752 testatur.
963 5677 1076 5752 sed
1109 5686 1159 5730 et
1199 5673 1315 5746 ejus
1356 5673 1665 5752 martyrium
1697 5696 1804 5747 per-

239 5746 672 5814 peram_pouitur
698 5746 836 5812 apud
863 5747 1243 5814 tiuspinianum
1292 5751 1393 5802 sub
1442 5746 1594 5803 sexto
1622 5746 1814 5805 consu-

240 5814 350 5869 latu
406 5812 739 5881 Constantii;
791 5831 912 5869 nam
942 5812 1061 5871 cum
1095 5834 1277 5887 passus
1329 5820 1398 5875 sit
1426 5820 1642 5877 sedente
1686 5821 1813 5878 Mel-

1908 4285 2097 4339 chiade
2150 4299 2310 4360 papa,
2343 4300 2687 4360 nequaquam
2726 4288 2897 4354 aptari
2926 4299 3106 4360 potest
3134 4292 3356 4360 tempori
3388 4291 3489 4359 illi,

1909 4300 2097 4339 clitaue
2150 4300 2215 4352 pa
2259 4300 2310 4349 a,
2343 4300 2673 4354 nequaquam
2726 4300 2897 4354 aptart
2933 4300 3106 4352 potest
3134 4300 3356 4360 tempori
3388 4300 3489 4359 illi,

1909 4370 2016 4422 quo
2048 4365 2166 4423 post
2192 4300 2875 4425 ararcellinipontificatum
2921 4359 3158 4415 Romana
3204 4363 3360 4418 sedes
3402 4377 3495 4419 va-

1912 4435 2075 4478 caret.

1987 4505 2011 4565 εξ
2038 4494 2246 4561 Ypoliti.
2277 4496 2349 4548 De
2373 4496 2470 4549 hoc
2501 4496 2621 4551 vide
2646 4497 2783 4549 dicm
2802 4509 3132 4565 sequentem.

1987 4562 2012 4601 ἀ
2048 4565 2237 4619 Mauri.
2271 4566 2413 4637 Passi
2446 4566 2661 4619 Rhemis
2691 4562 2906 4622 civitate
2927 4568 3246 4637 Gallim.Qtt\.
3270 4585 3297 4621 a
3323 4569 3489 4625 Roma

1911 4649 2031 4708 cum
2065 4637 2129 4708 li:
2155 4636 2436 4708 Timotheo
2469 4638 2702 4708 themos
2753 4640 2990 4703 veniens,
3041 4636 3317 4708 postquam
3372 4656 3493 4695 ver-

1915 4705 2036 4758 bum
2102 4706 2195 4761 Dei
2230 4707 2456 4778 ibidem
2532 4707 2889 4762 disseminans
2946 4705 3308 4778 Apellinarem
3368 4727 3488 4765 tum

1912 4778 2033 4830 aliis
2089 4777 2325 4844 pluribus
2382 4778 2750 4846 baptizasset,
2808 4799 2834 4830 ει
2892 4777 3180 4847 Lampadio
3239 4780 3491 4845 praefecto

1912 4862 2032 4899 cum
2087 4848 2245 4902 sociis
2300 4850 2498 4902 sanctis
2554 4862 2691 4918 quos
2748 4849 3104 4919 baptizaverat
3135 4891 3149 4914 ,
3197 4850 3492 4905 deciillatus

1913 4926 2013 4969 est.

1988 4990 2012 5019 θ
2038 4984 2266 5041 Claudii.
2297 4988 2466 5054 Quem
2496 5002 2695 5057 praeses
2717 4989 2870 5058 jussit
2901 4990 3071 5056 primo
3127 4990 3290 5058 virgis
3336 4990 3492 5053 caedi.

1916 5066 2094 5122 postea
2131 5074 2180 5110 tn
2209 5059 2434 5126 equuleo
2462 5062 2709 5126 suspendi
2732 5069 2807 5113 θυι
2842 5059 2957 5128 ejus
2989 5061 3209 5127 pedibus
3251 5064 3493 5116 llatmnas

1914 5127 2207 5199 admoveri,
2245 5128 2530 5193 particulas
2551 5145 2759 5197 quoque
2781 5145 2844 5184 ex
2864 5146 2978 5193 epis
3007 5131 3272 5185 calcaneis
3298 5133 3487 5199 praeci-

1913 5198 2104 5269 sasilli
2132 5197 2329 5262 oll'erri,
2355 5200 2561 5267 ungulis
2582 5202 2780 5263 vexari,
2813 5202 2961 5253 testis
2990 5197 3487 5269 asperrimislatera

1916 5267 2050 5329 radi.
2100 5278 2156 5323 et
2208 5270 2458 5322 candelas
2499 5269 2750 5322 ardentes
2804 5267 3080 5338 applicari.
3138 5272 3377 5326 Asterius
3433 5273 3486 5326 in

1914 5339 2139 5410 equuleo
2180 5347 2481 5410 torquetur,
2526 5340 2694 5410 pedes
2743 5339 2861 5408 ejus
2891 5351 3132 5406 uruntur,
3164 5356 3359 5410 corpus
3392 5342 3493 5396 int-

1916 5409 2144 5461 maniter
2174 5408 2490 5478 flagellatur.
2522 5408 2684 5462 Neoni
2718 5412 2893 5464 cervix
2929 5410 3204 5476 frangitur,
3228 5408 3489 5467 carbones

1915 5478 2242 5550 ardentesin
2273 5494 2394 5550 eum
2426 5480 2803 5548 conjiciuntur,
2848 5491 2900 5535 et
2930 5482 3106 5535 nervis
3129 5485 3343 5536 dorsum
3370 5482 3488 5550 ejus

1914 5548 2294 5603 conscinditur.
2326 5549 2525 5601 Omnes
2552 5550 2778 5617 denique
2810 5559 2916 5605 trcs
2960 5552 3147 5606 fratres
3197 5553 3337 5607 cruci
3366 5548 3487 5605 affl-

1915 5630 2126 5688 g‘unlttl‘.
2179 5619 2309 5671 Cum
2344 5618 2424 5671 his
2453 5620 2689 5672 Donviua
2737 5629 2789 5672 et
2829 5621 3102 5675 Theonilla
3136 5637 3301 5688 passa:
3340 5632 3485 5688 sunt,

1916 5685 2068 5740 (loss.
2106 5687 2434 5741 Diocletiano
2464 5688 2504 5740 ll
2538 5698 2587 5742 et
2620 5690 2955 5744 Aristobulo‘:
2991 5693 3082 5745 Est
3134 5685 3218 5746 hic
3265 5685 3486 5747 annusa

1916 5758 2128 5812 Christo
2152 5757 2439 5812 secundum
2470 5760 2731 5814 veriorem
2764 5764 3186 5831 supputationem
3217 5763 3334 5820 285.
