4064 6346
508 332 648 393 1015

1254 321 1458 378 ΒΕῡιιΕ
1502 315 1948 374 VENERADlLIS
1987 313 2134 368 OPP.
2183 311 2355 367 PARS
2394 310 2479 365 ιν.
2526 338 2592 350 -
2633 305 3018 363 HISTORICA.

3631 294 3796 353 {016

1792 404 2012 484 lsDI-Tlt)
2052 424 2513 482 tZOLONlENSIS.

508 541 693 608 AEgma
740 537 836 592 sub
877 534 1030 606 Lysia
1075 528 1319 601 praeside.
1353 525 1408 582 id
1454 535 1556 590 est,
1603 522 1828 589 Claudii,
1860 521 2085 585 Asteris,
2118 525 2170 584 Α
2199 528 2324 572 tunc
2345 531 2374 570 a
2398 513 2624 586 praeside
2645 512 2914 608 clibanum
3125 520 3432 608 accensum,
3445 513 3520 608 ,ει
3539 513 3794 608 ante-ora

509 631 726 690 Neonis.
764 631 832 681 Et
859 624 1032 693 vigilia
1063 619 1235 676 sancti
1266 616 1638 674 Bartbolomazi
1671 613 1920 682 apostoli.

583 726 641 778 E.
676 721 741 776 IX
769 719 1010 774 KALEND.
1057 713 1327 772 Serrano.
1370 709 1554 764 Natale
1596 706 1655 760 S.
1703 702 2077 759 Bartbolonuei

509 813 756 884 apostoli,
788 810 874 877 qui
905 807 1042 876 apud
1075 805 1275 860 Indiam
1314 799 1511 855 Christi
1561 798 1905 867 Evangelium
1942 810 2082 864 pra:-

511 907 716 969 dicans,
747 904 930 958 vivens
959 915 989 955 a
1022 896 1262 952 barbaris
1295 894 1597 948 decoriatus
1623 899 1728 959 est,
1755 898 1913 955 atque
1940 887 2092 956 jussu

513 999 655 1069 regis
687 995 920 1064 Astragis
955 992 1248 1047 decollatus
1275 987 1584 1056 martyrium
1619 982 1921 1052 complevit.
1966 981 2087 1036 Hu-

511 1090 600 1160 jus
628 1085 852 1156 apostoli
899 1081 1319 1139 sacratissimum
1343 1092 1540 1146 corpus
1580 1077 1807 1144 primum
1843 1076 1908 1128 ad
1939 1074 2088 1128 insu-

516 1180 622 1241 lam
656 1175 882 1248 Liparis,
913 1190 1032 1247 quae
1054 1172 1234 1229 Sicilia
1257 1173 1432 1229 vicina
1460 1178 1564 1235 est,
1594 1168 1790 1222 deinde
1819 1167 2091 1221 Beneven-

515 1281 628 1335 tum
661 1270 994 1332 translatum,
1030 1266 1114 1334 pia
1133 1265 1368 1320 ﬁdelium
1400 1261 1741 1320 veneratione
1768 1258 2094 1314 celebratur.

517 1365 670 1434 Apud
701 1362 1073 1428 Carthaginem
1095 1368 1398 1414 sanctorum
1422 1355 1510 1424 qui
1541 1355 1680 1423 passi
1709 1360 1832 1407 sunt
1855 1362 2097 1418 tempore

517 1453 849 1510 Valerianiet
867 1450 1110 1508 Gallieni.
1147 1450 1346 1504 Ferunt
1360 1447 1502 1502 enim
1535 1446 1675 1501 inter
1690 1443 1792 1498 alia
1811 1440 2096 1509 supplicia,

2202 609 2341 664 illius
2358 622 2557 677 prunas
2576 621 2694 660 cum
2720 605 2875 660 thure
2890 602 3177 667 exhibitas,
3197 611 3250 656 et
3267 598 3550 671 praesidem
3571 597 3798 654 dixisse

2200 699 2552 754 Christianis:
2588 698 2778 766 Eligite
2821 712 2852 750 e
2878 696 3086 749 duobus
3133 708 3295 748 unum
3325 710 3338 746 :
3371 699 3466 746 aut
3493 691 3652 745 thura
3699 705 3802 746 su-

2205 805 2298 858 per
2327 790 2410 843 his
2438 789 2758 845 carbonibus
2797 785 2988 841 oﬂ'erte
3029 784 3176 848 Iovi,
3209 792 3303 838 aut
3338 782 3393 838 in
3438 782 3644 838 calcem
3691 782 3797 836 de-

2203 879 2533 950 mergemini.
2569 879 2719 933 Tunc
2761 877 2988 933 trecenti
3017 877 3114 931 viri
3163 875 3268 930 ﬁde
3313 875 3529 941 armati,
3577 887 3642 929 se
3684 872 3801 927 ictu

2205 969 2540 1041 rapidissimo
2596 969 2868 1025 Christum
2923 969 3016 1023 Dei
3068 968 3262 1023 Filium
3318 966 3483 1022 Deum
3537 964 3798 1028 fatentes,

2195 1061 2441 1133 jecerunt
2471 1061 2522 1115 in
2554 1060 2752 1130 ignem,
2783 1066 2839 1115 et
2884 1059 3021 1114 inter
3046 1071 3270 1128 vapores
3309 1056 3473 1112 calcis
3516 1057 3571 1110 in
3605 1056 3801 1124 pulve-

2201 1175 2312 1215 rem
2361 1166 2490 1215 sunt
2535 1155 2800 1214 conversi.
2854 1155 2930 1209 Ex
2963 1171 3070 1224 quo
3117 1155 3282 1208 etiam
3330 1151 3658 1209 candidatus
3705 1149 3804 1205 ille

2201 1253 2475 1308 exercitus
2539 1251 2816 1306 beatorum
2867 1246 3044 1303 Massa
3090 1245 3318 1302 candida
3350 1243 3550 1302 meruit
3578 1255 3802 1299 nuncu-

2205 1347 2340 1416 pari.

1791 1529 2018 1587 EDITIO
2061 1519 2566 1581 BOLLANDIANA.

519 1640 751 1708 preside
801 1633 1039 1690 cruciﬁxi
1095 1639 1238 1686 sunt.
1292 1629 1486 1684 Eodem
1534 1627 1620 1682 die
1672 1625 1856 1680 Remis
1882 1625 2101 1680 civitate

523 1729 702 1800 passio
734 1725 833 1784 SS.
867 1736 891 1762 ι
923 1717 1188 1783 Timothei
1215 1732 1268 1777 et
1309 1721 1626 1790 Apollinaris
1656 1719 1744 1792 [Α.
1773 1715 2101 1788 Apollonii]:

524 1821 617 1892 qui
665 1836 694 1875 a
745 1819 912 1873 Roma
961 1817 1012 1871 in
1065 1815 1262 1871 Gallias
1292 1815 1461 1879 missi,
1492 1812 1632 1882 apud
1662 1811 1844 1865 urbem
1878 1810 2108 1864 Remen-

526 1928 640 1968 sem
663 1910 1012 1967 consummati
1044 1905 1316 1978 martyrio,
1343 1904 1574 1959 coelestia
1599 1919 1756 1973 regna
1780 1913 2106 1960 meruerunt.

608 2002 696 2062 0..
727 2001 908 2055 Natale
939 2003 1242 2053 sanctorum
1276 2003 1564 2065 martyrum
1596 1994 1804 2059 Donati,
1841 1993 2112 2061 Restituti,

532 2072 822 2135 Valeriani,
857 2071 1183 2133 Fructuosm,
1213 2081 1329 2119 cum
1359 2067 1476 2117 aliis
1501 2066 1806 2128 duodecim,
1849 2066 1935 2134 qui
1974 2080 2112 2131 prae-

529 2142 831 2198 clarissimo
876 2137 1226 2195 conlessionis
1273 2138 1472 2188 honore
1533 2135 1827 2189 Antiochia:
1873 2137 2110 2189 coronati

527 2223 672 2268 sunt.
735 2213 793 2264 V.
847 2214 929 2273 S.,
971 2209 1218 2280 Cyriacae
1251 2207 1316 2259 ad
1362 2206 1419 2260 S.
1456 2207 1814 2280 Laurentium.
1873 2205 1927 2280 In
1970 2205 2114 2280 Nepe

526 2283 589 2338 S.
649 2283 940 2336 Tholommi
987 2274 1223 2347 episcoiii
1260 2287 1311 2330 et
1353 2278 1620 2345 niartyris.
1648 2274 1734 2338 C.,
1759 2276 1838 2347 In
1874 2275 2110 2344 Aquileia

529 2351 590 2420 S.
606 2352 631 2390 δ
651 2352 946 2406 Fortunati.
968 2346 1294 2420 Ermogenis.
1316 2347 1373 2420 Et
1398 2347 1624 2420 inportu
1655 2346 1995 2420 urbisilomm
2021 2362 2114 2398 na-

528 2415 636 2477 tale
663 2421 719 2476 S.
756 2433 779 2461 ο
816 2421 1105 2490 Hippolyti,
1131 2415 1217 2490 qui
1240 2417 1435 2490 dicitur
1457 2417 1658 2490 Nonus.
1686 2415 1984 2490 I3.,_Iimn_;_n
2020 2431 2114 2490 na-

532 2493 638 2547 tale
655 2493 753 2546 SS.
774 2486 1062 2551 Laurentii,
1086 2488 1334 2552 Abundii,
1356 2487 1660 2540 Innocentii.
1685 2486 1915 2540 lnGallia
1936 2487 2115 2541 Remis

528 2563 745 2617 civitate
774 2563 945 2614 natale
991 2559 1408 2627 SS.7'l'imutbei,
1461 2557 1801 2626 Apollinaris.
1849 2558 2114 2627 Augusto-

533 2633 680 2688 duno
711 2631 972 2700 depositio
997 2630 1054 2685 S.
1087 2626 1113 2666 ἀ
1147 2629 1399 2682 Flaviani.

601 2725 693 2780 24.
719 2756 788 2767 --
814 2725 880 2780 IX
938 2724 1069 2779 ΚΜ..
1125 2722 1180 2777 In
1235 2723 1374 2776 India
1434 2720 1604 2776 natale
1663 2723 1686 2750 ε’
1739 2719 2114 2779 Bartbolomaei

531 2797 780 2876 apostoli.

2287 1616 2474 1671 Florus
2500 1611 2650 1667 addit
2668 1611 2719 1665 in
2749 1612 2812 1666 A.
2838 1620 2888 1666 et
2913 1610 3001 1677 1‘.,
3022 1609 3121 1677 Qui
3151 1609 3447 1665 decollatus
3467 1617 3555 1664 est
3579 1608 3637 1663 in
3661 1607 3806 1663 India

2215 1705 2468 1763 interiore
2497 1717 2594 1771 pro
2623 1701 2836 1756 Christo
2859 1700 3010 1770 jussu
3033 1700 3171 1769 regis
3205 1700 3474 1770 Astyagis.
3505 1699 3680 1754 Abest
3704 1709 3808 1754 hoc

2215 1799 2300 1853 die
2331 1799 2385 1851 in
2419 1796 2482 1851 V.
2510 1805 2563 1850 et
2592 1793 2823 1850 refertur
2843 1792 3102 1862 sequenti.

2293 1905 2433 1959 Idem
2461 1902 2654 1958 Florus
2674 1902 2724 1956 in
2759 1903 2822 1956 Α.
2850 1901 2916 1956 Τ.
2941 1901 3026 1968 L.,
3055 1901 3241 1955 Roma:
3262 1899 3440 1968 passio
3467 1900 3529 1956 S.
3572 1899 3590 1937 τ
3629 1898 3778 1955 Geue

2222 1995 2307 2058 sii,
2340 1994 2453 2064 qui,
2487 2009 2607 2048 cum
2638 2003 2780 2048 esset
2808 1991 2984 2059 miles,
3015 2007 3074 2046 se
3103 1991 3222 2046 lidei
3267 1989 3601 2045 Christiana:
3626 1992 3808 2060 subje-

2223 2089 2314 2142 cit.
2342 2087 2632 2157 (Hactenus
2663 2086 2752 2153 A.)
2779 2085 2870 2139 llic
2891 2099 3010 2140 cum
3041 2084 3199 2156 'jussu
3235 2085 3551 2140 Diocletiani
3585 2085 3808 2154 impera-

2223 2179 2353 2233 toris
2405 2177 2493 2230 diu
2551 2178 2603 2231 in
2661 2177 2885 2244 equulco
2926 2176 3150 2246 positus,
3201 2175 3410 2246 ungulis
3463 2186 3809 2242 attractatus,

2223 2269 2559 2338 lampadibus
2611 2268 2991 2335 inﬂammatus,
3025 2270 3076 2321 in
3109 2260 3444 2322 coiilessione
3472 2279 3664 2322 sancta
3697 2285 3814 2340 per-

2216 2363 2430 2415 sisteret
2449 2375 2512 2415 ac
2529 2359 2735 2415 diceret
2753 2359 2920 2414 Iudici
2943 2375 2960 2414 :
2989 2379 3007 2412 ι
3036 2359 3554 2429 Si'centuplicaveris
3569 2362 3711 2418 circa
3729 2377 3811 2418 me

2219 2463 2501 2517 tormenta,
2526 2451 2798 2506 Christum
2845 2452 2969 2505 mihi
2995 2450 3060 2506 de
3088 2467 3202 2517 ore,
3233 2450 3502 2506 Christum
3541 2453 3614 2508 de
3653 2454 3810 2509 corde

2219 2547 2430 2600 auferre
2480 2562 2581 2598 non
2635 2543 2856 2613 poteris,
2894 2563 2913 2596 ι
2971 2543 3146 2610 gladio
3195 2544 3375 2613 jussus
3422 2553 3506 2599 est
3561 2545 3807 2600 interimi.

2222 2637 2426 2694 Eodem
2454 2638 2536 2692 die
2555 2637 2794 2692 Iiodomo
2823 2636 2910 2708 [L.
2945 2635 3260 2708 Rotomago]
3289 2637 3558 2704 depositio
3584 2638 3643 2693 S.
3664 2640 3810 2693 SAu-

2230 2728 2388 2786 doeni
2415 2729 2649 2800 episcopi
2675 2739 2730 2782 et
2757 2729 3103 2797 confessoris,
3137 2731 3225 2798 qui
3259 2730 3501 2799 plurimis
3529 2729 3806 2784 miraculo-

1936 2884 2140 2941 SMITH
2181 2888 2412 2944 NOTAE.

607 2991 633 3020 ἰ
667 2983 935 3037 Timothei.
985 2981 1180 3036 Horum
1231 2987 1522 3050 martyrum
1589 2981 1715 3034 Acta
1747 3021 1762 3044 ,
1815 2980 1936 3034 illos
1995 2997 2117 3042 cum

537 3054 723 3110 Mauro
752 3054 1063 3122 presbytero
1093 3054 1314 3120 aliisque
1336 3051 1536 3122 multis,
1567 3050 1773 3104 Nerone
1800 3052 2114 3120 imperante,

537 3128 638 3182 sub
665 3121 952 3191 Lampadio
977 3123 1218 3192 prmside,
1256 3137 1441 3189 passos
1473 3121 1636 3176 fuisse
1659 3132 2116 3177 commemorant:

537 3213 658 3262 quae
705 3195 964 3250 sententia
994 3210 1097 3247 n-sn
1130 3195 1299 3260 placet
1331 3194 1394 3245 iis
1435 3193 1520 3259 qui
1557 3193 1728 3264 nullos
1759 3205 2019 3264 martyres
2067 3196 2117 3247 in

542 3267 728 3321 Galliis
771 3276 892 3318 ante
925 3266 990 3319 Μ.
1025 3265 1222 3318 Aurelii
1252 3275 1490 3329 tempora
1523 3263 1830 3317 admittunt.
1862 3263 2121 3317 Videntur

542 3347 715 3392 tamen
750 3335 1050 3389 Maximiani
1101 3336 1428 3402 temporibus
1459 3332 1787 3396 antiquiores
1817 3351 1828 3396 ;
1862 3349 2120 3400 nusquam

540 3407 684 3462 enim
715 3407 815 3458 sub
847 3407 1018 3458 Iiictio
1048 3403 1190 3458 Varo
1223 3404 1449 3472 praeside
1481 3405 1640 3468 passi,
1687 3415 1745 3456 ut
1783 3405 1962 3457 caeteri
2007 3406 2124 3459 Del-

540 3480 674 3544 gica:
703 3476 886 3529 Galliae
918 3477 1136 3544 istorum
1191 3487 1488 3539 temporum
1537 3483 1818 3542 martyres,
1849 3474 2122 3532 dicuntur.

546 3543 622 3600 De
654 3546 733 3597 bis
761 3545 968 3599 Marlot.
999 3543 1088 3596 lib.
1119 3559 1132 3596 ι
1161 3544 1384 3606 Metron.
1418 3545 1699 3597 Bernensis
1728 3560 1846 3611 cap.
1871 3544 1960 3597 Ἥ.
1998 3546 2125 3598 Fro-

543 3615 776 3672 doardus
799 3615 926 3667 Acta
958 3614 1066 3668 l'ere
1097 3615 1294 3681 imegra
1326 3613 1565 3676 exhibet,
1591 3615 1682 3667 sed
1709 3616 1971 3682 passionis
2001 3626 2128 3667 tem-

544 3700 643 3752 pus
684 3700 786 3738 non
816 3683 1060 3748 exprimit
1089 3699 1102 3746 ;
1161 3684 1498 3737 Timotheum
1530 3699 1658 3736 vero
1689 3699 1754 3737 ex
1785 3685 2004 3738 Oriente
2034 3686 2129 3738 lie-

550 3770 664 3810 mos
705 3755 985 3808 advenisse
1014 3755 1218 3817 scribit,
1249 3763 1406 3823 atque
1435 3754 1610 3807 laudat
1640 3753 1802 3822 Greg.
1834 3754 2035 3810 Turon.
2060 3756 2128 3810 de

543 3826 726 3895 Gloria
749 3824 1062 3895 Martyrum,
1090 3840 1124 3886 ι,

618 3895 646 3936 δ
679 3888 978 3948 Fortunati.
1022 3894 1098 3947 Ex
1130 3888 1320 3947 tabulis
1345 3893 1598 3948 Ecclesiae
1627 3893 1975 3962 Aquileiensis
2004 3896 2128 3950 reli-

545 3967 695 4032 quias
726 3969 958 4033 ipsorum
1004 3967 1268 4024 habentis,
1308 3966 1594 4036 passisunt
1620 3965 1894 4030 Singidonl
1923 3968 1972 4019 in
2017 3965 2132 4036 My-

547 4039 624 4100 sia
652 4037 751 4090 sub
784 4036 1088 4089 Victoriano
1120 4036 1365 4102 przrside,
1413 4035 1742 4092 Diocletiano
1773 4035 2127 4104 imperatore;

552 4121 779 4174 quorum
836 4107 978 4171 prior
1032 4117 1148 4158 erat
1206 4105 1417 4164 lector.
1481 4107 1612 4158 alter
1665 4108 1967 4169 diaconus,
2023 4123 2132 4173 quo

549 4185 791 4245 tempore
819 4177 875 4230 S.
905 4176 1139 4229 Dowatus
1169 4188 1221 4230 et
1253 4175 1402 4240 ser-ii,
1437 4175 1504 4228 de
1531 4176 1721 4244 quibus
1750 4176 1837 4229 die
1861 4192 1947 4228 xxi
1979 4181 2131 4240 liujusi

551 4246 754 4301 mensis
805 4248 1084 4301 Ferrarius
1140 4248 1191 4300 in
1243 4247 1494 4315 Catalogo
1539 4247 1767 4314 generali
1817 4249 1942 4315 agit,
1992 4247 2133 4318 passi

550 4327 694 4372 sunt.

631 4415 652 4444 ε
691 4409 978 4480 Hippolyti.
1009 4409 1107 4475 Qui
1139 4418 1192 4462 et
1221 4409 1394 4476 pridie
1422 4373 1648 4471 colitur,
1668 4408 1806 4480 apud
1836 4407 2132 4480 Usnardum

2226 2983 2465 3036 veritati:
2506 2984 2592 3038 ille
2646 2981 2785 3037 enim
2831 2981 3052 3036 Nonnus
3095 2982 3191 3035 luit
3235 2980 3450 3037 Edessa:
3496 2983 3808 3052 episcopus,

2227 3055 2821 3124 vixitqueitemporilms
2851 3052 3135 3124 Theodosii
3167 3053 3401 3124 .lunioris
3449 3053 3808 3122 imperatoris,

2229 3134 2286 3177 ut
2331 3123 2514 3178 scribit
2567 3123 2812 3189 Niceph.,
2864 3139 2968 3183 xw,
3025 3123 3112 3185 3t),
3157 3123 3225 3176 de
3265 3137 3371 3191 quo
3399 3124 3564 3175 etiam
3599 3126 3814 3180 habetur

2228 3195 2425 3248 mentio
2456 3195 2507 3246 in
2536 3197 2761 3249 concilio
2785 3194 3166 3246 Calcedonensi
3190 3211 3204 3260 ;
3227 3203 3282 3246 at
3309 3209 3436 3247 vero
3463 3194 3640 3247 Nonni
3673 3209 3812 3249 nata-

2226 3264 2291 3318 lis
2333 3267 2384 3319 in
2431 3265 2638 3323 Baronii
2685 3263 3056 3334 Martyrologio
3100 3275 3183 3317 est
3231 3262 3344 3318 dies
3383 3279 3420 3318 ll
3484 3264 3810 3319 Decembris.

2238 3335 2391 3405 Viget
2414 3335 2585 3407 adhuc
2619 3337 2666 3389 in
2704 3333 2856 3400 portu
2889 3333 3127 3407 Hoinano
3160 3335 3413 3407 memoria
3444 3337 3504 3390 S.
3552 3336 3814 3407 Hippolyti

2228 3403 2480 3473 cpi’Si-opi,
2517 3407 2708 3473 illaque
2735 3405 3061 3471 οοεεεμὶυἰιιιι·
3083 3405 3183 3456 alta
3209 3403 3361 3458 fovea
3389 3408 3544 3471 aquis
3568 3403 3815 3471 plena,'in

2228 3492 2384 3544 quam
2416 3480 2682 3541 proiectus
2713 3475 3022 3540 martyrium
3049 3476 3456 3527 consummavit.
3480 3477 3743 3530 Baronius
3767 3476 3814 3527 in

2231 3548 2390 3600 netis.
2425 3545 2497 3599 De
2531 3547 2631 3616 hoc
2656 3546 2771 3614 ipso
2796 3545 3078 3616 Hippolyto
3105 3545 3224 3599 vide
3247 3546 3406 3599 etiam
3441 3547 3617 3599 Breda:
3645 3548 3817 3601 Chro-

2234 3618 2390 3669 nicon
2424 3617 2522 3668 sub
2553 3615 2620 3669 ill.
2653 3618 2888 3668 Aurelio.

2300 3685 2326 3721 ά
2359 3685 2612 3739 Flaviani.
2650 3686 2721 3738 De
2746 3702 2850 3753 quo
2878 3684 3070 3739 tabula:
3102 3685 3599 3752 Augustodunensis
3643 3686 3817 3740 Eccle-

2229 3757 2342 3822 sim,
2375 3766 2427 3810 et
2457 3768 2637 3810 vetera
2679 3756 3056 3824 manuscripta,
3104 3771 3310 3810 necnon
3346 3758 3683 3812 recentiores
3727 3757 3819 3811 hac

2231 3828 2337 3882 die.

2305 3927 2327 3956 ε
2359 3916 2744 3973 ΒιττιΙιοῖοηιωὶ.
2767 3918 3021 3972 Baronius
3045 3918 3272 3973 natalem
3295 3917 3450 3987 hujus
3471 3918 3616 3972 diem
3635 3921 3822 3986 postri-

2231 3989 2318 4043 die
2367 3990 2493 4056 agit.
2527 3989 2675 4044 Ilunc
2723 3989 2858 4053 apud
2888 3989 3042 4043 Indos
3091 3992 3247 4055 tidem
3311 3991 3664 4043 annuntiasse
3703 4004 3822 4042 con-

2233 4068 2373 4113 stare
2396 4059 2600 4112 videtur
2635 4075 2698 4112 ex
2729 4060 2973 4119 EuSebio.
3016 4076 3065 4124 v,
3102 4060 3199 4122 Il);
3236 4059 3446 4126 Rufino,
3490 4075 3571 4123 tn,
3603 4061 3628 4112 I
3658 4076 3674 4123 ;
3708 4059 3821 4112 Ilie-

2233 4130 2431 4184 ron.de
2459 4129 2654 4194 Script.
2701 4130 2870 4182 Ecel.:
2905 4129 2995 4182 sed
3021 4145 3123 4182 non
3153 4133 3285 4182 adeo
3306 4141 3509 4183 certum
3543 4140 3649 4190 est,
3674 4144 3823 4198 quam

2234 4200 2507 4269 regionem
2566 4200 2637 4253 illi
2669 4209 2916 4253 auctores
2943 4199 3104 4254 Indiae
3133 4202 3349 4254 nomine
3393 4201 3681 4269 designare
3729 4213 3819 4269 νοτ

2237 4265 2452 4324 luérint.
2505 4269 2636 4325 Vide
2663 4270 2969 4324 'l‘illemont.
3006 4282 3136 4324 tom.
3169 4287 3182 4322 ι
3229 4271 3364 4325 Hist.
3403 4265 3550 4325 Eccl.
3589 4271 3743 4334 Quod
3767 4267 3825 4321 ad

2237 4343 2350 4408 cjus
2397 4340 2647 4408 reliquias
2692 4343 2931 4406 spectat,
2985 4340 3082 4394 fuit
3137 4341 3243 4394 illis
3292 4340 3537 4408 inprimis
3567 4343 3826 4393 illustrata

2245 4411 2432 4464 civitas
2465 4411 2626 4464 Daras
2649 4411 2699 4464 in
2729 4412 2918 4465 finibus
2950 4411 3200 4472 Persidis,
3224 4421 3280 4463 ut
3308 4413 3491 4464 scribit
3516 4410 3828 4464 Theodorus

556 4491 610 4535 et
639 4459 1111 4550 aii;.'s'.’saaigir.is
1143 4459 1444 4548 tiippuiyiu'
1459 4459 1546 4532 is;
1566 4459 1766 4532 illiilli"
1781 4459 2142 4550 ἐἶῐιίὲίιὸιέῇζ
2173 4459 2221 4517 ι)
2250 4459 2429 4536 ῑεξιὲιέἷιῐ
2442 4459 2556 4535 ιιιίῖ
2569 4459 3036 4548 ιζ’(ἓόιὶὲέὲιὶῖιῆῖξθῖ
3049 4459 3291 4550 Nic-apii...
3308 4459 3443 4542 3.11.7
3456 4459 3551 4534 57'.
3568 4459 3829 4548 erigas:

557 4568 676 4606 Inus
701 4552 750 4604 in
783 4552 874 4605 lib.
908 4551 975 4604 de
997 4549 1197 4616 Script.
1235 4552 1374 4603 Eccl.
1405 4564 1526 4616 Cap.
1563 4552 1654 4611 til,
1704 4561 1755 4603 et
1785 4551 1836 4601 in
1882 4549 2144 4616 prooemio

557 4636 718 4690 super
750 4621 963 4687 Matlh.,
1013 4621 1102 4674 ubi
1158 4635 1278 4675 eum
1328 4622 1557 4688 appellat
1603 4631 1914 4689 tl’iartyrem.
1948 4621 2146 4674 (.larnit

558 4693 886 4758 temporibus
911 4691 1196 4745 Alexandri
1224 4691 1381 4756 imp.,
1410 4699 1462 4741 ut
1488 4691 1671 4743 scribit
1703 4691 1921 4753 Euseb.,
1953 4706 2026 4754 IV,
2059 4693 2145 4753 ib’.

560 4769 738 4832 Agens
768 4763 836 4816 de
863 4763 1047 4816 eodem
1079 4762 1409 4827 Nicephorus
1432 4761 1666 4826 appellat
1689 4776 1809 4816 eum
1837 4760 2146 4830 episcopum

561 4833 932 4888 Portuensem.
966 4833 1218 4886 Miramur
1245 4834 1382 4895 quod
1411 4832 1764 4902 Hieronymus
1782 4831 1848 4885 de
1873 4846 1938 4885 co
1961 4847 2148 4899 agens,

560 4906 712 4971 cujus
740 4904 992 4957 Ecclesim
1024 4905 1308 4967 episcopus
1341 4902 1502 4972 fuerit
1532 4920 1588 4956 se
1621 4919 1724 4956 non
1756 4905 1988 4972 potuisse
2013 4905 2152 4956 scire

563 4985 807 5030 testatur.
844 4972 1086 5028 Gelasius
1119 4984 1292 5026 autem
1347 4972 1399 5024 in
1453 4971 1588 5025 libro
1613 4972 1679 5026 de
1709 4971 1912 5025 duabus
1946 4974 2151 5025 naturis

561 5057 744 5099 contra
776 5045 1075 5111 Eutychen,
1105 5059 1221 5096 cum
1276 5042 1611 5112 Ilippolytum
1645 5045 1796 5101 citat.
1837 5044 1964 5098 dicit
1992 5043 2155 5095 fuisse

563 5117 872 5185 episcopum
891 5115 1340 5185 Menepolitanum
1366 5113 1606 5185 Arabiae;
1635 5116 1772 5185 quod
1799 5130 1979 5168 verum
2004 5124 2149 5180 puto,

566 5183 854 5254 antequam
899 5186 1111 5256 venerit
1139 5184 1192 5236 in
1226 5185 1446 5256 Italiam.
1485 5183 1682 5256 Debet:
1715 5184 2001 5256 Hippolyto
2028 5186 2157 5238 l’ru-

566 5257 806 5325 dentium
841 5257 889 5309 in
917 5255 1116 5325 hymno
1163 5255 1443 5325 undecimo
1473 5255 1642 5320 decipi
1678 5254 2007 5325 perspicuum
2041 5265 2152 5318 est;

567 5324 690 5379 dum
725 5326 865 5396 quod
897 5323 976 5379 est
1016 5327 1234 5396 alterius
1264 5324 1530 5395 Hippolyti
1565 5323 1879 5378 Antiorbeni
1931 5325 2152 5396 presby-

571 5397 694 5464 teri,
723 5398 850 5450 olim
883 5397 1179 5457 Nowtioni,
1210 5395 1330 5447 huic
1362 5397 1562 5448 lubuit.
1597 5397 1795 5448 liursus
1826 5405 1998 5464 autem
2027 5395 2155 5448 illud

568 5462 715 5520 Petri
747 5465 988 5520 Damiani
1017 5467 1081 5519 de
1116 5466 1399 5534 Hippolyto
1433 5465 1708 5520 l’ottucnai
1743 5466 1789 5516 in
1817 5463 2048 5531 Epistula
2091 5467 2156 5517 ad

575 5534 846 5589 Nicolaum
881 5537 1172 5590 secundum
1207 5537 1505 5588 ltomanum
1541 5537 1864 5604 pontilicem,
1893 5549 1994 5601 qua
2020 5534 2158 5589 hunc

571 5607 730 5659 etiam
763 5607 1008 5660 Nuntium
1040 5609 1235 5660 dictum
1290 5619 1407 5660 csse
1435 5618 1674 5669 testatur,
1719 5606 1886 5668 illum,
1921 5606 2156 5673 inquam,

575 5676 1058 5746 quiquatstuariam
1092 5677 1232 5730 illum
1265 5677 1650 5730 Antiochenam
1671 5678 1734 5730 ad
1762 5676 2032 5729 meliorem
2054 5678 2159 5728 frti-

580 5763 700 5825 gem
727 5746 976 5816 reddidit=
1012 5749 1306 5803 nullatenus
1337 5759 1578 5817 putamus
1599 5762 1714 5802 csse
1747 5757 2156 5803 consentaneum

2252 4553 2470 4615 piissimi
2498 4553 2676 4620 templi
2708 4552 2812 4606 illic
2869 4555 3030 4606 erecti
3053 4568 3081 4606 a
3111 4552 3408 4606 Iustiniano
3436 4553 3567 4618 imp.
3593 4551 3831 4606 meminit

2252 4623 2476 4689 Procop.
2506 4625 2595 4676 lib.
2628 4638 2658 4675 ιι
2697 4625 2837 4676 tedii.
2865 4623 3056 4676 .Iustin.
3097 4623 3226 4690 imp.
3261 4624 3318 4676 S.
3349 4622 3726 4675 Barlholomari
3756 4635 3834 4674 se-

2255 4695 2491 4761 pulcrum
2536 4692 2742 4760 Lipari~
2771 4709 2910 4746 anno
2935 4695 3036 4746 808
3067 4709 3095 4745 a
3125 4693 3405 4747 Saracenis
3439 4694 3706 4744 violatum
3738 4700 3830 4752 est,

2253 4764 2476 4832 ejusque
2526 4779 2691 4816 sacra:
2746 4764 2978 4831 reliquiae
3027 4779 3165 4816 anno
3196 4762 3440 4830 sequenti
3476 4763 3833 4816 Beneventum

2257 4838 2525 4887 translatzc
2565 4846 2720 4896 sunt;
2771 4834 2910 4886 unde
2960 4833 3178 4885 Romam
3225 4835 3400 4887 allatae
3453 4843 3581 4886 sunt
3636 4833 3708 4888 ab
3753 4833 3834 4885 0t-

2257 4915 2379 4957 tone
2433 4903 2492 4956 lll
2529 4948 2542 4969 ,
2601 4915 2757 4963 atque
2799 4905 2846 4955 in
2894 4903 3061 4956 insula
3105 4902 3352 4957 Tiberina
3394 4904 3702 4968 depositze,
3758 4900 3835 4953 ubi

2255 4976 2542 5027 etiamnum
2589 4983 2950 5026 asset-rantur.
3007 4972 3081 5026 De
3135 4988 3328 5040 genere
3358 4974 3564 5038 mortis,
3611 4975 3831 5026 diversae

2258 5053 2381 5097 Sunt
2422 5046 2732 5096 sententiae:
2766 5045 2819 5096 In
2851 5045 3286 5097 commentariolo
3320 5044 3586 5111 Hippolyti
3620 5043 3691 5097 de
3717 5044 3836 5096 duri-

2257 5115 2428 5168 decim
2478 5113 2731 5181 apostolis
2779 5115 3006 5182 legitur,
3057 5117 3113 5168 S.
3167 5114 3614 5167 Baitholotnzeum
3672 5114 3837 5178 capite

2258 5185 2510 5239 deorsum
2563 5186 2829 5251 pendente
2883 5200 3001 5238 esse
3031 5185 3359 5238 crucdixum.
3391 5184 3645 5237 Testatur
3685 5185 3837 5236 etiam

2258 5256 2521 5324 Iosephus
2564 5255 2700 5320 apud
2747 5254 3160 5324 Illetapbrasten,
3207 5255 3367 5307 fuisse
3407 5255 3552 5308 cruci
3601 5254 3834 5324 altisoni,

2260 5323 2417 5393 idque
2439 5325 2656 5391 Niceph.
2692 5330 2964 5392 protitctur
3001 5323 3092 5377 lib.
3127 5340 3183 5391 ιι,
3228 5338 3273 5378 c.
3319 5325 3407 5390 59,
3435 5333 3490 5378 ct
3513 5323 3837 5378 excoriatum

2262 5396 2423 5450 fuisse
2456 5395 2669 5449 tradunt
2696 5396 2806 5458 alii,
2837 5409 2890 5447 ut
2919 5396 3054 5460 apud
3083 5395 3337 5448 Isidorum
3367 5395 3434 5448 de
3467 5394 3586 5448 Vita
3615 5404 3670 5448 et
3698 5395 3840 5448 obitu

2260 5477 2430 5520 sanet.
2468 5467 2590 5519 177.
2623 5464 2817 5518 Nostrr
2845 5466 3072 5534 denique
3102 5467 3420 5519 decollatum
3452 5467 3661 5518 scribit.

2337 5534 2356 5573 ί
2390 5536 2607 5604 Genesij.
2670 5537 2740 5588 lle
2770 5536 2869 5588 hoc
2909 5533 3024 5588 vide
3075 5535 3216 5588 diem
3263 5543 3595 5606 sequentem,
3629 5550 3736 5604 quo
3771 5533 3837 5587 ab

2262 5609 2510 5661 omnibus
2543 5610 2651 5660 lere
2685 5606 3072 5675 martyrologiis
3093 5607 3304 5660 colitur.

2335 5688 2358 5723 ὅ
2387 5679 2638 5730 Aur/ocui.
2673 5679 2961 5732 Suessione
2990 5679 3146 5730 nobili
3191 5693 3383 5745 genere
3421 5679 3520 5731 orti
3550 5691 3613 5730 ac.
3643 5679 3693 5729 in
3726 5676 3838 5727 aula

2266 5747 2478 5802 Cl'vl'dl'll
2513 5750 2646 5816 regis
2678 5747 2972 5803 auricularii
2997 5765 3007 5812 ;
3037 5751 3117 5803 ubi
3149 5765 3267 5805 cum
3293 5750 3349 5806 S.
3380 5749 3545 5818 Eligit)
3568 5750 3763 5818 Optime
3784 5761 3839 5799 se
