4064 6346
205 371 364 431 i017

1358 373 1546 432 SECT.
1591 372 1656 431 ll.
1698 402 1764 414 —-
1803 371 2362 430 MARTYROLOGIA.

3350 376 3488 434 1018

1500 488 1727 543 EDITIO
1767 487 2233 545 COLONIENSIS.

282 577 355 632 F.
402 578 511 634 Vlll
548 578 787 636 KALEND.
827 578 1096 636 Serrana.
1140 578 1323 635 Passio
1355 579 1567 636 Genesii
1600 588 1804 651 marty-
1833 583 1885 641 Α
1913 594 2029 633 rum
2055 620 2071 646 ,
2115 579 2350 647 Eusebii,
2383 578 2648 646 Pontiani,
2693 578 2964 648 Peregrini
2991 588 3045 636 et
3076 578 3360 646 Vincentii,
3389 580 3490 636 im-

203 669 313 739 ris,
351 671 452 726 sub
494 671 821 728 Diocletiano
869 673 1228 743 imperatore,
1288 671 1378 740 qui
1426 671 1525 725 fuit
1571 670 1798 739 primum

204 764 318 816 sub
367 762 669 832 gentilitate
716 765 912 830 minus,
960 765 1282 836 Thymelica:
1325 764 1458 818 artis
1505 763 1799 833 magister;

204 853 309 906 sed
347 865 530 922 postea
569 853 772 910 Christi
817 855 1096 911 confessor
1123 855 1311 921 factus,
1365 855 1540 909 modis
1566 855 1744 909 multis
1769 869 1800 910 a

203 945 657 1010 persecutoribus
701 955 784 1002 est
813 946 1108 1011 cruciatus,
1142 946 1244 1000 hoc
1287 954 1389 1012 est,
1438 943 1669 1000 qutibus
1695 959 1802 1000 eae-

203 1048 331 1099 sus,
361 1035 592 1104 equuleo
625 1050 936 1104 suspensus,
969 1034 1196 1089 flammis
1225 1034 1471 1100 adustus,
1504 1035 1801 1090 novissime

203 1123 545 1182 decollatus.
575 1124 762 1180 Romae
803 1128 981 1181 natale
1007 1134 1314 1181 sanctorqu
1343 1134 1571 1195 quatuor
1603 1135 1803 1197 marty-

1913 683 2126 739 perante
2153 669 2466 737 Commodo,
2498 670 2708 726 Vitellio
2745 670 2965 740 judice:
3004 672 3096 741 qui
3142 671 3370 740 primum
3404 671 3487 728 le-

1910 761 2015 816 vati
2047 761 2098 815 itt
2125 762 2373 830 equuleo,
2403 775 2464 817 ac
2493 762 2673 816 nervis
2702 757 2947 830 di’stenti,
2991 761 3324 832 fustibusque
3364 768 3493 817 sunt

1909 853 2056 919 caesi,
2087 862 2140 908 et
2167 853 2396 909 ﬂammae
2422 854 2488 908 ad
2517 853 2682 909 latera
2721 867 2908 910 eorum
2939 854 3218 923 appositar,
3263 867 3362 908 nec
3410 863 3492 907 ta-

1910 961 2030 999 men
2062 946 2319 1012 superati,
2366 946 2628 1001 Eusebius
2656 947 2877 1015 prtecisa
2918 947 3097 1018 lingua
3145 947 3488 1018 loquebatur,

1909 1037 2198 1091 novissime
2230 1037 2516 1106 plumbatis
2563 1053 2734 1106 usque
2775 1039 2842 1094 ad
2886 1039 3234 1096 emissionem
3265 1043 3488 1112 spiritus

1911 1130 2123 1184 mactati
2155 1139 2297 1186 sunt.
2329 1127 2565 1196 Quorum
2595 1144 2818 1200 corpora
2848 1133 3067 1204 collegit
3107 1133 3295 1192 beatus
3335 1133 3488 1190 Rull-

1471 1214 1697 1272 EDITIO
1737 1218 2250 1277 BOLLANDIANA.

203 1333 336 1372 rum
363 1316 532 1388 signis
552 1315 796 1382 rutilans,
825 1315 1065 1372 oratione
1085 1324 1268 1370 sancta
1291 1327 1438 1371 more
1465 1314 1591 1370 Eliae
1613 1331 1644 1371 e
1660 1316 1803 1374 cmlo

205 1405 454 1475 pluviam
482 1406 704 1474 adeptus
722 1413 826 1460 est.

283 1497 381 1564 0.,
413 1496 734 1564 Carthagine
763 1506 788 1533 η
812 1507 1101 1566 martyrum
1130 1495 1313 1566 Massa:
1329 1494 1597 1552 Candidze.
1627 1497 1690 1552 V.
1712 1497 1799 1566 C.,

205 1567 406 1622 Roma
437 1579 549 1623 nat.
572 1567 629 1622 8.
653 1567 869 1622 Genesii
898 1565 1168 1637 martyris.
1207 1569 1270 1620 Et
1298 1565 1349 1620 in
1390 1568 1533 1623 Ostia
1555 1569 1614 1625 8.
1638 1566 1666 1606 δ
1695 1565 1802 1623 An-

203 1653 319 1693 reae
358 1638 596 1704 virginis.
631 1640 715 1703 8.,
747 1639 802 1692 In
830 1638 1112 1692 Antiochia
1144 1637 1318 1708 natale
1370 1637 1600 1708 Jebonii,
1647 1640 1802 1708 Capi-

203 1710 404 1771 tulani,
456 1709 637 1762 Italiae.
673 1722 693 1748 ε
729 1708 960 1762 lledonis
1016 1708 1230 1762 civitate
1275 1707 1536 1774 depositio
1586 1710 1646 1765 S.
1686 1707 1798 1764 Aiu-

203 1779 378 1832 doeni
402 1779 638 1847 episcopi
659 1791 712 1834 et
736 1776 1079 1832 confessoris.
1113 1777 1373 1832 Neveruis
1400 1777 1612 1834 civitate
1632 1781 1796 1848 depu-

201 1848 338 1902 sltio
371 1849 431 1902 8.
465 1849 694 1902 Patriani
725 1849 952 1903 abbatis
997 1857 1052 1903 et
1098 1848 1438 1902 confessoris.
1477 1850 1796 1906 Cenomanis

198 1918 432 1974 civitate
463 1921 654 1973 natalis
686 1919 952 1988 ltigomeri
977 1918 1271 1988 presbyteri
1295 1929 1350 1974 et
1376 1918 1722 1976 confessoris.

272 2009 378 2066 25.
403 2039 476 2051 —-
496 2009 607 2066 Vlll
635 2009 772 2064 KAL.
817 2010 981 2065 Vacat
1010 2010 1186 2066 Bzeda.

279 2101 485 2158 Florus
527 2102 581 2157 in
627 2102 799 2202 A.‘et-
831 2099 920 2169 T.,
965 2102 1180 2157 Arelato
1226 2105 1404 2176 passio
1440 2103 1497 2159 S.
1522 2102 1546 2140 ἀ
1581 2103 1795 2160 Genesii
1829 2140 1875 2202 Β

206 2193 472 2263 Martyris
498 2233 516 2260 ,
565 2193 656 2261 qui
686 2191 958 2247 decisione
993 2193 1184 2262 capitis
1210 2209 1433 2263 agonem
1476 2209 1570 2264 pro
1598 2194 1799 2250 Christi

203 2286 436 2342 nomine
476 2287 701 2355 pollenti
751 2285 968 2342 fervore
1019 2291 1386 2343 conservavit.
1428 2289 1512 2356 L.,
1555 2289 1696 2357 Qui,
1739 2298 1798 2342 ut

204 2382 406 2448 fertur,
435 2381 546 2438 alio
576 2396 684 2436 non
715 2391 798 2438 est
825 2381 1019 2438 tinctus
1054 2382 1368 2452 baptismate
1397 2400 1554 2455 quam
1580 2383 1797 2455 proprio

205 2476 503 2546 sanguine.
549 2474 726 2546 Pergit
771 2474 964 2530 Florus
1008 2475 1060 2530 in
1100 2475 1166 2530 '1‘.
1198 2484 1252 2531 et
1280 2474 1367 2542 L.,
1399 2475 1465 2530 Et
1489 2475 1672 2530 Romae
1695 2488 1793 2528 na-

1911 1341 2018 1398 tale
2049 1351 2074 1380 ο
2099 1340 2250 1397 Lucii
2277 1341 2518 1413 episcopi
2544 1350 2600 1398 et
2630 1341 2910 1414 martyris,
2938 1343 3027 1412 qui
3059 1342 3347 1414 vigesimus
3378 1343 3487 1414 pri-

1908 1449 2029 1490 mus
2076 1444 2199 1505 post
2249 1435 2467 1490 Petrum
2519 1450 2641 1490 cum
2691 1435 2975 1491 ecclesiam
3024 1439 3180 1491 anuis
3226 1435 3396 1491 tribus
3435 1444 3490 1491 et

1909 1525 2184 1581 mensibus
2228 1526 2398 1581 tribus
2446 1527 2717 1591 rexisset,
2785 1525 3116 1596 temporibus
3159 1526 3387 1583 Gallieni
3432 1535 3490 1581 et

1906 1617 2173 1675 Valesiani
2218 1617 2316 1691 [L.
2364 1619 2500 1674 Galli
2532 1627 2587 1672 et
2623 1618 2938 1691 Volusiani]
2983 1619 3172 1674 exsilio
3218 1632 3486 1684 retrusus,

1908 1709 2002 1766 sed
2032 1718 2218 1779 postea
2253 1717 2383 1764 nutu
2431 1707 2527 1764 Dei
2558 1709 2623 1764 ad
2658 1710 2927 1779 pr0priam
2956 1709 3238 1765 ecclesiam
3273 1709 3482 1763 incolu-

1909 1803 2010 1857 mis
2037 1813 2120 1858 est
2149 1817 2403 1858 reversus
2424 1842 2441 1869 ,
2473 1801 2671 1859 deinde
2714 1804 3031 1875 martyrium
3060 1803 3114 1858 iu
3145 1801 3484 1859 confessione

1901 1893 2097 1949 Christi
2128 1894 2362 1962 pertulit.

1973 2027 2058 2091 V.,
2109 2026 2168 2081 S.
2202 2030 2218 2063 ι
2257 2026 2630 2098 Bartholommi
2679 2027 2927 2097 apostoli.
2963 2027 3059 2083 llic
3109 2028 3160 2082 iu
3207 2027 3476 2098 Lycaonia

1900 2098 2232 2166 przedicavit,
2267 2097 2330 2151 ad
2359 2099 2600 2152 ultimum
2631 2099 2683 2152 in
2720 2099 2925 2153 Albano
2961 2098 3184 2167 majoris
3212 2097 3482 2155 Armeniae
3559 2109 3562 2112 '

1910 2169 2038 2222 urbe
2063 2169 2248 2222 vivens
2270 2183 2297 2220 a
2325 2168 2565 2222 barbaris
2591 2167 2895 2238 decuriatus
2923 2213 2938 2238 ,
2971 2180 3130 2238 atque
3168 2184 3261 2236 per
3279 2169 3482 2238 jussio-

1908 2254 2029 2292 nem
2056 2239 2196 2306 regis
2221 2239 2465 2309 Astyagis
2491 2239 2786 2294 decollatus
2827 2249 2928 2306 est,
2959 2241 3140 2309 sicque
3162 2249 3319 2294 teme
3347 2253 3484 2295 con-

1907 2310 2048 2363 ditus
2080 2310 2258 2377 ibique
2284 2310 2545 2376 sepultus.
2579 2309 2780 2362 Natalis
2811 2310 2930 2378 ejus
2959 2325 3052 2364 vut
3083 2310 3198 2364 Kal.
3227 2315 3480 2376 Septem-

1905 2380 2018 2434 bris
2065 2380 2385 2434 celebratur.
2441 2379 2526 2442 C.,
2589 2380 2642 2432 ltt
2692 2380 2907 2434 civitate
2961 2381 3108 2434 Ostia
3152 2379 3209 2436 S.
3261 2383 3475 2435 Aureae.

1904 2449 2089 2506 Romae
2115 2450 2175 2506 8.
2211 2456 2235 2495 8
2269 2448 2484 2505 Geuesii
2519 2449 2792 2520 martyris.
2828 2450 2892 2506 ι).
2913 2490 2930 2517 ,
2964 2451 3151 2506 Natale
3176 2451 3236 2506 8.
3261 2449 3480 2506 Gettesii

1597 2567 1801 2623 SMITH
1839 2565 2062 2623 NOTAE.

203 2663 398 2731 gessit.
430 2661 532 2727 Qui
563 2659 1277 2731 RotomagensisepiscOpus
1302 2658 1451 2724 juxta
1496 2656 1621 2725 Pagi
1650 2657 1804 2731 ordi-

204 2729 371 2786 natus
411 2741 496 2786 est
515 2747 654 2784 anno
680 2729 816 2796 640;
847 2729 991 2785 omni
1016 2729 1206 2783 virtute
1234 2729 1429 2792 clarus,
1455 2729 1799 2794 monasteria,

204 2802 499 2863 ecclesias,
523 2800 960 2870 xenodochiaque
987 2800 1259 2863 fundavit;
1296 2809 1351 2852 et
1379 2815 1472 2867 per
1492 2812 1670 2870 annos
1696 2813 1802 2854 non

206 2886 416 2942 paucos
447 2871 686 2926 eamdem
717 2869 1030 2942 gubernavit
1076 2870 1373 2942 ecclesiam.
1408 2869 1691 2942 Defunctus
1720 2884 1804 2923 se-

206 2939 526 3012 peliebatur
557 2942 606 2995 in
651 2939 972 3012 munasterio
997 2940 1059 3012 VS.
1093 2939 1250 3012 Petri
1275 2940 1326 2993 in
1351 2940 1609 3012 suburbio
1641 2940 1805 3012 lioto-

212 3009 484 3083 inageusi,
516 3012 780 3080 hodieque
810 3011 1005 3066 celebri
1037 3011 1133 3083 sub
1158 3010 1322 3078 ipsius
1435 3009 1674 3083 Audoeui
1707 3024 1805 3063 no-

207 3079 380 3151 mln'e.
400 3083 572 3137 Verus
601 3079 713 3136 dies
743 3083 898 3143 huius
918 3082 1082 3133 sancti
1111 3081 1423 3134 emortualis
1449 3079 1658 3151 videtur
1684 3093 1804 3151 esse

1911 2671 2070 2723 supra
2099 2655 2243 2722 vide,
2273 2671 2305 2710 e
2334 2653 2466 2710 vivis
2494 2654 2745 2709 excessit.
2798 2653 2872 2708 De
2899 2667 3040 2708 anno
3067 2661 3246 2710 autem
3287 2656 3475 2712 mortis

1910 2727 2234 2795 assignando
2260 2741 2448 2796 magna
2477 2735 2562 2780 est
2589 2724 2906 2786 difficultas;
2933 2739 3113 2796 verum
3143 2740 3207 2779 ex
3237 2725 3322 2791 iis,
3350 2741 3472 2794 qua

1917 2798 1972 2852 in
1995 2794 2259 2851 Chronico
2292 2794 2502 2850 Damasi
2531 2810 2658 2849 sana
2685 2805 2842 2861 sunt,
2874 2794 3086 2864 quando
3116 2797 3224 2862 agit
3249 2796 3316 2851 de
3337 2798 3468 2851 Cor-

1910 2867 2053 2922 nelio
2097 2877 2148 2921 et
2189 2867 2461 2937 Stephano
2484 2905 2499 2930 ,
2551 2875 2758 2937 tempus
2789 2879 2908 2937 _qu_o
2936 2864 3078 2919 sedit
3099 2864 3300 2937 Lucius
3331 2867 3471 2922 inter

1911 2949 2196 3006 utrumque
2222 2979 2235 3000 ,
2281 2934 2410 2992 satis
2439 2945 2586 2991 certo
2625 2935 2823 3004 colligit
2862 2934 3253 3006 Pearsoniusin
3286 2937 3469 2991 annal.

1911 3005 2284 3079 Cypriahici_s._
2323 3007 2452 3062 Nam
2500 3006 2780 3079 cornelius
2807 3006 2954 3074 juxta
2987 3005 3116 3079 illud
3168 3005 3471 3079 Chronicon

1910 3076 2160 3138 decessit.
2193 3077 2344 3131 Gallo
2373 3093 2410 3132 ll
2464 3086 2518 3130 et
2554 3076 2837 3131 Volusiano
2885 3077 3212 3140 consulibus,
3247 3077 3346 3130 hoc
3390 3087 3475 3133 est

206 3146 468 3208 omnibus
513 3153 741 3222 ignotus.
794 3153 1116 3219 Fridegodns
1146 3161 1319 3203 tamen
1350 3152 1562 3222 natione
1608 3150 1808 3222 Anglus
1835 3159 1882 3222 ε
1915 3165 2055 3222 anno
2088 3148 2220 3222 liﬂ;
2252 3147 2552 3222 Stephanus
2593 3146 2870 3222 ordinatus
2897 3155 2980 3222 est
3008 3148 3299 3222 secundum
3325 3149 3475 3222 idem

205 3226 506 3278 arbitratus
532 3220 614 3277 est
640 3224 949 3277 Audoennm
980 3236 1010 3275 e
1033 3222 1167 3274 vivis
1201 3221 1494 3275 excessisse
1521 3236 1573 3273 ιιι
1607 3220 1806 3274 Kalen-

205 3297 308 3349 das
338 3295 617 3364 Septemb.
646 3295 948 3356 Dominica;
975 3292 1066 3346 sed
1096 3307 1161 3346 eo
1188 3292 1272 3344 die
1302 3302 1537 3364 mortuus
1565 3301 1804 3364 nonest,

206 3381 334 3420 cum
363 3361 693 3433 Fridegodus
739 3367 849 3433 ipse
881 3371 1105 3416 testetur
1134 3376 1254 3417 eum
1284 3361 1481 3433 obiisse
1509 3378 1648 3414 anno
1679 3361 1806 3433 677,

205 3438 290 3489 Vel
315 3437 468 3504 juxta
492 3431 622 3488 COt'i.
657 3431 925 3497 Msf678;
955 3442 1026 3496 et,
1051 3448 1171 3487 cum
1199 3439 1250 3504 ul
1282 3432 1398 3484 dies
1439 3447 1560 3485 xxtv
1586 3431 1806 3504 Augusti

206 3509 281 3560 sit
319 3503 672 3572 ’Dominicus,
726 3519 947 3559 necesse
995 3504 1084 3568 sit,
1132 3511 1189 3555 ut
1235 3503 1284 3555 in
1315 3516 1471 3555 cursu
1518 3505 1587 3555 sit
1633 3503 1807 3556 littera

211 3578 272 3639 Ε,
305 3591 433 3656 qua:
466 3577 518 3630 in
549 3587 795 3656 neutrum
839 3589 1034 3656 annum
1065 3572 1248 3654 incidit
1291 3582 1412 3653 ante
1439 3589 1528 3656 an1
1553 3572 1679 3656 6§2,
1705 3586 1807 3638 quo

208 3642 393 3701 tamen
429 3662 611 3702 mense
635 3647 872 3714 Augusto
899 3645 1079 3700 adhuc
1108 3644 1160 3714 in
1203 3643 1334 3710 vivis
1361 3652 1476 3697 erat
1500 3642 1804 3698 Andnenus.

207 3715 351 3771 Vide
383 3717 506 3786 Pagi
536 3733 674 3771 anno
692 3715 818 3782 685,
845 3731 943 3770 xx.

281 3797 326 3858 ειη
358 3784 667 3858 Martyrum.
721 3787 821 3858 Qui
873 3791 1010 3855 passi
1042 3794 1166 3858 sunt
1197 3793 1433 3858 tempore
1462 3784 1725 3838 Valeriani
1756 3793 1809 3839 et

210 3856 466 3912 Gallieni.
500 3856 696 3912 Ferunt
717 3857 857 3912 enim
891 3858 1029 3911 inter
1059 3857 1160 3909 alia
1185 3856 1438 3923 sapplicia
1465 3863 1589 3908 tunc
1621 3871 1650 3908 a
1673 3870 1808 3921 pra:-

207 3929 634 3982 side-clibanum
686 3928 845 3982 calcis
901 3942 1203 3990 accensum,
1258 3937 1311 3979 et
1364 3925 1504 3978 inter
1530 3939 1623 3978 ora
1669 3925 1809 3979 illius

213 4013 418 4065 prunas
467 4013 586 4051 cum
641 4000 796 4052 thure
849 3999 1136 4061 exhibitas,
1177 4005 1230 4049 et
1287 3995 1563 4065 praesidem
1611 3994 1809 4048 dixisse

209 4067 572 4123 Christianis:
610 4069 798 4133 Eligite
823 4083 852 4122 e
881 4069 1087 4123 duobus
1119 4082 1305 4134 unum,
1339 4076 1428 4117 aut
1457 4067 1608 4118 thura
1652 4079 1810 4132 super

215 4142 302 4193 his
335 4139 659 4194 carbonibus
685 4138 868 4193 offerte
897 4139 1032 4199 Jovi,
1065 4147 1156 4190 aut
1196 4138 1246 4188 in
1288 4137 1487 4190 calcem
1540 4135 1806 4203 demergi-

213 4209 376 4266 tnini.
427 4208 578 4262 Tunc
621 4212 840 4263 trecenti
869 4210 964 4261 viri
999 4208 1100 4262 fide
1123 4207 1312 4260 armati
1344 4222 1402 4260 se
1441 4206 1547 4259 ictu
1578 4210 1808 4274 rapidis-

211 4283 359 4333 simo
390 4277 655 4332 Christum
691 4282 912 4332 fatentes
957 4279 1205 4346 jecerunt
1253 4280 1304 4329 in
1333 4278 1560 4347 ignem,
1593 4287 1649 4330 et
1676 4279 1810 4330 inter

212 4364 448 4416 vapores
476 4351 634 4403 calcis
664 4350 894 4418 pulverei
939 4359 1055 4401 sunt
1115 4346 1364 4402 demersi.
1391 4346 1396 4347 ⁷
1419 4349 1489 4400 lix
1520 4362 1623 4416 quo
1651 4348 1807 4400 etiam

213 4419 463 4471 Candida
495 4419 664 4473 Massa
689 4421 882 4472 meruit
911 4419 1201 4484 nuncupari
1233 4418 1544 4471 Candidatus
1575 4418 1659 4471 ille
1685 4421 1808 4470 bea-

215 4501 394 4541 torunt
427 4492 713 4544 exercitus.
745 4491 878 4543 Aoo.
912 4491 1196 4543 BARONIUS.

1912 3219 2253 3281 Chronicon,
2299 3215 2588 3274 Volusiano
2636 3215 2676 3270 ll
2725 3226 2780 3270 et
2824 3217 3052 3270 Maximo
3087 3217 3236 3280 Cos.,
3289 3219 3338 3271 id
3391 3229 3476 3274 est

1912 3304 2052 3343 anno
2092 3289 2216 3344 ‘253.
2259 3289 2440 3358 Neque
2487 3290 2626 3341 enim
2675 3289 2815 3342 inter
2860 3287 3086 3351 primum
3124 3288 3393 3342 Volu~iani
3423 3300 3478 3344 et

1912 3361 2205 3414 secundum
2255 3361 2369 3427 ejus
2419 3359 2752 3412 consulatum
2795 3357 2882 3410 alii
2928 3359 3174 3412 consules
3218 3359 3269 3413 itt
3303 3359 3472 3413 Fastis

1912 3429 2194 3484 habentur.
2247 3433 2422 3496 Quare
2456 3431 2647 3483 Lucius
2670 3443 2810 3481 antto
2841 3429 3026 3496 elapso
3049 3439 3168 3497 post
3189 3429 3468 3484 decessum

1911 3500 2142 3555 Cornelii
2172 3502 2467 3566 ordinatus,
2506 3509 2628 3553 ante
2657 3498 3018 3568 pontificatum
3052 3499 3307 3566 Stephani
3333 3514 3476 3554 anno

1909 3570 2017 3625 255
2066 3572 2314 3626 decessit.
2369 3571 2699 3638 Nicephorus
2722 3610 2738 3636 ,
2773 3584 2846 3634 vt,
2876 3570 2928 3634 7,
2960 3569 3101 3623 sedis
3136 3569 3284 3624 Lucii
3312 3571 3474 3624 dura-

1913 3645 2109 3696 tionem
2164 3652 2410 3697 accurate
2458 3641 2689 3705 noravit;
2743 3639 2819 3692 ait
2861 3640 3039 3694 enim:
3092 3639 3206 3694 Non
3257 3641 3476 3709 integris

1910 3723 2114 3780 septem
2146 3714 2418 3768 mensibus
2450 3713 2675 3766 ecclesia
2708 3711 3101 3775 administrata,
3143 3711 3471 3779 Stephanum

1914 3783 2094 3838 habuit
2119 3799 2504 3837 successorem.
2531 3783 2703 3851 Aliqui
2733 3782 2889 3834 hodie
2914 3786 3198 3848 quamdam
3225 3783 3289 3851 AS.
3326 3781 3474 3835 Lucii

1914 3857 2313 3908 translationem
2364 3849 2653 3908 celebrant.
2707 3853 2778 3905 Ita
2823 3861 3009 3904 auctor
3057 3853 3154 3905 Ms.
3202 3849 3472 3906 Florarii:

1911 3923 2213 3977 'l‘ranslatio
2258 3934 2563 3978 sanctorum
2595 3921 2898 3989 pontificum
2947 3921 3090 3974 Lucii
3139 3931 3467 3988 papm,etc.,

1909 3991 2340 4064 Martyrologium
2379 3995 2476 4064 sub
2507 3993 2720 4064 nomine
2743 3991 2966 4064 _Usuardi
2998 3990 3231 4043 Colonia:
3255 3993 3469 4064 etaliud

1912 4061 2136 4117 Lubeca:
2203 4061 2320 4117 cum
2377 4062 2660 4116 doctrinali
2711 4061 3066 4124 clericorum,
3122 4075 3262 4113 anno
3310 4061 3471 4121 Mill),

1911 4149 2126 4199 excusa,
2168 4134 2264 4187 ista
2321 4135 2552 4188 habent:
2598 4132 2652 4185 ln
2714 4133 2900 4195 Dacia,
2937 4133 2988 4184 in
3013 4132 3238 4184 ecclesia
3267 4128 3477 4184 lloskil-

1911 4203 2061 4257 densi
2090 4205 2364 4258 translatio
2395 4205 2452 4258 8.
2488 4204 2634 4257 Lucii
2669 4217 2815 4270 papae
2840 4211 2892 4254 ct
2915 4203 3182 4271 martyris.
3216 4202 3473 4255 llerutatt-

1914 4289 2011 4328 ntts
2057 4275 2265 4330 Greven
2315 4276 2364 4328 in
2405 4276 2516 4328 suis
2560 4275 2625 4328 ad
2660 4272 2955 4325 Usunrdutn
2987 4272 3340 4327 additionibus
3370 4272 3468 4325 ista

1910 4343 1982 4397 ita
2019 4347 2286 4414 restringit
2312 4363 2326 4400 :
2357 4345 2655 4399 Translatio
2697 4343 2886 4406 capitis
2937 4343 2996 4396 S.
3042 4342 3185 4396 Lucii
3241 4356 3389 4411 papte
3419 4352 3472 4396 et

1912 4419 2160 4488 martyris
2185 4419 2251 4469 ab
2281 4419 2410 4488 urbe
2449 4417 2614 4468 ltotua
2652 4415 2702 4488 in
2734 4414 2943 4488 Daciam
2975 4415 3039 4467 ad
3065 4414 3472 4488 ecclesiatnlio-

1911 4484 2291 4540 scltildensetn.
2347 4487 2480 4539 Duas
2521 4488 2580 4540 S.
2623 4486 2916 4555 Cyprianus
2958 4501 3022 4538 ex
3053 4484 3473 4555 Al'ricarscripsit

289 4557 320 4595 δ
367 4561 568 4613 Aurem.
625 4561 695 4612 Ea
751 4576 900 4624 passa
952 4560 1178 4613 habetur
1227 4567 1465 4625 tempore
1512 4556 1799 4611 Alexandri
1831 4549 1962 4610 DS.
2011 4557 2170 4609 Lucio
2220 4557 2481 4624 Episullas
2509 4597 2524 4621 ,
2567 4549 2793 4624 prior—cm
2821 4598 2835 4620 ,
2870 4571 2987 4608 cum
3019 4556 3083 4609 ad
3111 4549 3468 4625 pontificatum

219 4631 565 4696 imperatoris
597 4632 695 4683 sub
730 4629 953 4697 Ulpiano
983 4631 1256 4696 prtefecto.
1299 4627 1452 4694 Viget
1481 4628 1652 4679 adhuc
1682 4629 1798 4698 ejus

216 4699 477 4753 tnernoria
505 4701 568 4752 ad
598 4699 728 4754 ostia
751 4701 1022 4764 Tiberina,
1044 4699 1130 4754 ubi
1153 4709 1385 4753 etsacrte
1407 4704 1524 4766 ejus
1556 4699 1796 4768 reliquis:

213 4778 583 4824 reservantur.

294 4851 317 4906 εξ
355 4839 640 4892 ltltedom’s.
676 4840 863 4895 Melius
893 4841 1203 4906 Rotomago.

288 4905 576 4980 ereuesii.
627 4912 866 4980 Quatuor
915 4921 1036 4964 sunt
1089 4909 1438 4977 cognomines
1469 4911 1676 4974 sancti,
1708 4911 1796 4978 qui

221 4979 274 5033 in
304 4978 605 5046 Aquilauim
638 4978 943 5048 regionibus
973 4981 1306 5033 honorantur
1333 4998 1344 5032 :
1379 4981 1430 5033 in
1457 4981 1640 5048 primis
1667 4985 1798 5035 Are-

217 5049 443 5120 latensis
476 5051 606 5120 _ille.
660 5058 726 5104 de
767 5067 870 5120 quo
929 5051 1011 5103 hic
1057 5051 1253 5120 agitur.
1316 5052 1464 5106 Alter
1513 5062 1596 5103 est
1645 5051 1796 5104 diuis

219 5118 447 5172 Tbierni
475 5118 760 5182 Ttttclaris,
784 5118 858 5174 ide
889 5137 992 5190 qua
1024 5118 1194 5190 tiri-.3.
1225 5120 1422 5172 Turon.
1460 5121 1547 5174 lib.
1582 5120 1648 5172 de
1670 5121 1795 5175 Glo-

217 5192 293 5241 tia
343 5197 633 5257 martyrum
684 5207 801 5257 cap.
829 5188 918 5256 77,
973 5189 1127 5258 cujus
1173 5188 1362 5242 festum
1414 5190 1712 5243 celebratur
1764 5208 1795 5243 v

217 5258 338 5310 Kal.
369 5259 500 5310 Nov.
533 5259 748 5314 Tertius
778 5273 857 5314 est
887 5262 1171 5328 episcopus
1201 5259 1659 5314 Claromontensis
1681 5301 1694 5323 ,
1727 5260 1796 5316 de

216 5345 325 5393 quo
348 5329 494 5382 Ordo
525 5344 581 5383 ιιι
611 5330 744 5384 Non.
778 5331 926 5395 Julii,
973 5341 1026 5383 et
1065 5332 1346 5399 Gatalogus
1391 5331 1790 5398 episc0pornm.

221 5399 448 5453 Ultimus
493 5411 576 5453 est
617 5400 808 5454 Comes
861 5402 1223 5464 Claromont.,
1281 5402 1345 5454 de
1379 5417 1482 5468 quo
1512 5401 1794 5469 Catal0gus

218 5471 478 5523 comitum
510 5509 524 5532 ,
582 5471 704 5524 hist.
757 5472 814 5523 S.
866 5471 1104 5538 Prtejccli
1156 5481 1208 5524 et
1256 5473 1316 5524 S.
1356 5471 1547 5534 Boniti,
1599 5470 1791 5525 Labbei

220 5537 352 5592 Bibl.
404 5541 560 5606 Nov.,
611 5557 665 5602 ll,
714 5543 837 5594 7-19.
879 5537 1003 5595 Vide
1027 5543 1180 5608 hujus
1209 5545 1337 5596 Acta
1385 5542 1521 5609 apud
1553 5542 1789 5609 Surium,

216 5621 437 5666 auctore
463 5612 678 5666 Paulino
701 5612 902 5665 Nolano
929 5612 1206 5679 ερὶδεονο,
1231 5622 1284 5664 et
1308 5611 1552 5680 ejusdem
1588 5611 1794 5681 insigne

218 5681 530 5735 miraculum
576 5697 604 5736 a
661 5683 719 5736 Β.
773 5683 973 5736 llilario
1017 5683 1316 5737 Arelatensi
1371 5682 1620 5751 episc0p0
1664 5696 1793 5737 cuu-

217 5751 494 5820 scripturn.

292 5831 313 5857 ο
350 5822 512 5876 Lucii.
566 5823 656 5882 llic
712 5840 810 5880 non
861 5823 1044 5891 hodie,
1104 5823 1193 5878 scd
1220 5823 1301 5878 die
1335 5839 1382 5878 tv
1419 5823 1603 5889 llartii,
1635 5837 1789 5894 quem

1884 4637 2210 4696 assumptus
2235 4623 2375 4681 esset
2402 4666 2418 4691 ,
2467 4644 2496 4695 (ι
2511 4623 2628 4678 nam
2661 4627 2904 4679 dolemus
2935 4626 3183 4694 periisse;
3211 4623 3469 4693 posterio-

1901 4711 2013 4751 retn
2047 4714 2190 4759 vero,
2245 4714 2362 4750 cum
2391 4698 2456 4750 ab
2497 4700 2690 4750 exsilio
2733 4697 2953 4748 Romam
3011 4711 3256 4750 reversus
3300 4703 3463 4758 esset,

1903 4777 1957 4820 ut
1981 4769 2177 4839 _ci__cnm
2210 4769 2427 4839 collegis
2458 4769 2716 4839 Africanis
2746 4767 2974 4820 reditum
3002 4767 3375 4839 gratularetur.

1975 4834 2408 4892 ίΒιιι-ιὴοιοηιαῖὶ.
2464 4838 2540 4892 De
2589 4838 2689 4891 hoc
2735 4847 2788 4892 et
2830 4841 2887 4891 8.
2937 4841 3111 4890 Aurea
3158 4836 3277 4889 vide
3322 4834 3464 4889 diem

1897 4910 2310 4974 prmCedentem.

1971 4988 1996 5024 κ
2027 4978 2249 5031 Genesii.
2302 4979 2395 5032 llic
2426 4987 2480 5033 ct
2509 4978 2676 5047 pridie
2705 4979 2924 5041 colitur,
2985 4977 3070 5030 tibi
3119 4976 3272 5030 miles
3304 4975 3468 5031 fuisse

1897 5045 2124 5117 dicitur;
2156 5049 2251 5104 sed
2275 5059 2483 5103 constat
2513 5045 2585 5103 ex
2615 5052 2726 5117 ejus
2754 5051 2900 5102 Actis
2921 5048 3058 5116 apud
3092 5049 3303 5102 Surium
3335 5059 3464 5100 tom.

1897 5115 1961 5170 IV
1993 5120 2150 5173 editis
2175 5159 2190 5183 ,
2237 5135 2354 5172 cum
2420 5120 2582 5172 fuisse
2631 5115 2881 5183 mimum,
2911 5115 2966 5173 et
2995 5119 3118 5172 dum
3151 5118 3202 5171 in
3237 5121 3465 5186 theatro,

1896 5204 2002 5254 quo
2053 5193 2220 5258 magis
2266 5190 2500 5256 placeret
2544 5189 2870 5244 Diocletiano
2917 5192 3085 5258 itnp.,
3137 5187 3465 5258 CltriSIiattos

1897 5261 2029 5312 ritus
2061 5257 2359 5315 irridendos
2388 5259 2662 5319 exhiberet
2689 5299 2702 5323 ,
2735 5268 2789 5313 ct
2815 5274 2948 5328 aqua
2977 5257 3084 5312 ficti
3133 5257 3463 5328 baptismatis

1899 5331 2324 5396 perfunderetur,
2354 5332 2499 5386 illico
2526 5331 2793 5384 Christum
2828 5345 2951 5383 vere
2990 5330 3292 5383 confessum
3319 5342 3460 5393 esse,

1895 5409 1950 5473 et
1983 5402 2100 5453 ideo
2133 5405 2388 5473 martyrio
2416 5410 2750 5473 coronatum.
2801 5400 3142 5473 Conl‘nudunt
3171 5400 3314 5473 hunc
3341 5415 3465 5473 c‘utu

1896 5469 2126 5525 Genesio
2151 5469 2448 5527 Arelatensi
2496 5472 2825 5525 Mombritius
2852 5481 2906 5524 et
2938 5470 3080 5525 l’etr.
3112 5471 3178 5524 de
3209 5470 3324 5523 Nat.
3360 5469 3462 5523 Ro-

1894 5554 1995 5592 [nte
2023 5543 2242 5597 illustris
2292 5554 2372 5595 est
2402 5545 2655 5597 memoria
2689 5542 2844 5609 hujus
2876 5541 3122 5606 Geuesii,
3155 5556 3307 5610 quam
3330 5539 3463 5594 Gre-

1893 5613 2073 5677 gorius
2116 5629 2246 5681 papa
2294 5611 2506 5666 Tertius
2554 5613 2902 5676 instauravit,
2950 5619 3108 5682 atque
3152 5612 3459 5666 muneribus

1893 5691 2203 5747 exornavit,
2259 5692 2314 5734 ιιι
2352 5693 2558 5737 constat
2605 5698 2668 5736 ex
2722 5684 2812 5736 lib.
2861 5683 2928 5738 de
2973 5683 3127 5736 Rom.
3183 5682 3370 5750 poutif.
3404 5683 3458 5735 in

1894 5751 2080 5804 eodem
2109 5755 2363 5823 Gregorio
2387 5753 2589 5810 Tertio.
2646 5753 2756 5809 Sub
2786 5753 3028 5810 Plutiano
3060 5754 3310 5821 praefecto
3340 5768 3459 5822 pas-

1895 5835 1982 5875 SIIs
2010 5833 2110 5879 est.
