4064 6346
634 362 764 417 M25

1388 361 1582 417 BEDJS
1626 353 2070 414 \‘ENERABILIS
2111 353 2255 407 Ol‘P.
2304 347 2481 404 PARS
2518 344 2608 405 ιν.
2652 373 2721 384 —-
2762 341 3141 398 lllSTORICA.

3753 342 3879 396 i014

1877 467 2103 526 EDITIO
2138 461 2599 522 COLONIENSIS.

644 590 706 631 Ic
730 580 915 629 Sorore
947 568 1252 632 Theodora,
1296 574 1349 620 et
1374 579 1493 619 cum
1521 578 1587 619 eo
1615 564 1814 633 pariter
1840 560 1987 615 mille
2016 558 2214 613 ducen-
2243 562 2295 620 Α
2322 554 2493 622 scopi,
2524 552 2612 621 qui
2641 552 2813 622 primo
2846 550 2913 604 de
2939 549 3163 602 civitate
3192 561 3285 601 sua
3313 553 3529 615 propter
3556 545 3810 602 barbaros
3834 548 3885 603 in

644 677 728 721 tos
755 660 1129 735 quinquaginta
1175 671 1358 712 servos
1400 654 1540 723 ejus,
1574 667 1768 707 uxores
1808 664 2017 718 qucque
2070 656 2123 702 et
2154 645 2214 698 [i-

650 755 750 810 lios
786 768 990 817 eorum,
1029 750 1174 818 prius
1202 745 1531 815 ingenuitate
1562 743 1667 797 illis
1710 754 1991 802 concessa,
2025 752 2087 792 ac
2113 752 2218 790 non

655 846 821 901 multo
854 854 972 912 pOSt
1002 843 1069 896 ab
1096 838 1380 895 Aureliano
1405 833 1580 906 gladio
1615 833 1883 904 plectitur.
1909 827 2073 899 Cujus
2098 842 2219 882 cor-

651 951 749 1008 pus
774 932 989 1003 collegit
1033 934 1185 987 beata
1228 927 1528 995 Theodora,
1574 934 1741 994 atque
1784 923 1838 977 in
1888 923 1970 975 via
2018 918 2220 974 Salaria

654 1026 919 1097 sepelivit.
965 1023 1022 1079 ln
1063 1022 1239 1078 Africa
1287 1020 1547 1089 depositio
1586 1016 1756 1072 sancti
1800 1012 2074 1083 Angusuni
2106 1011 2223 1080 epi-

2320 645 2619 701 Sardiniam
2671 643 2959 697 translatus
3004 650 3123 703 est,
3166 649 3223 695 et
3266 655 3435 709 nuper
3483 654 3513 693 a
3570 637 3893 708 Luitprando

2324 750 2449 803 rege
2486 732 2958 802 Langobardorum
2989 729 3234 785 Ticinum
3273 729 3495 798 relatus,
3522 737 3579 783 et
3609 729 3889 787 honoriﬁce

2322 826 2572 881 conditus
2606 834 2707 880 est.
2745 823 3207 891 ConstantinOpoli
3238 822 3411 877 sancti
3459 822 3748 877 Alexandri
3780 826 3888 893 epi-

2324 919 2473 987 scopi
2523 927 2578 976 et
2603 916 2949 980 confessoris,
2990 914 3146 986 cuius
3190 918 3387 971 virtute
3432 916 3697 971 orationis
3742 917 3889 972 Arius

2326 1009 2511 1064 divino
2536 1007 2739 1077 judicio
2760 1006 3159 1064 condemnatus.
3178 1007 3385 1077 crepuit
3410 1007 3643 1076 medius,
3668 1018 3723 1063 et
3737 1008 3895 1065 etfusa

1896 1106 2123 1162 EDITIO
2162 1103 2669 1161 BOLLANDIANA.

665 1211 839 1268 Africa
858 1209 917 1266 S.
940 1217 966 1245 ⁸
989 1206 1264 1277 Augustini
1294 1200 1528 1273 episcopi
1553 1218 1565 1254 :
1600 1201 1689 1270 qui
1721 1199 1893 1268 primo
1929 1198 1996 1252 de
2024 1212 2117 1250 sua
2147 1196 2225 1249 ci-

663 1302 827 1356 vitate
850 1309 1063 1370 propter
1083 1297 1335 1354 barbaros
1350 1292 1648 1349 Sardiniam
1678 1288 1982 1355 translatus,
2007 1285 2034 1323 δ
2059 1300 2228 1354 nuper

667 1409 696 1447 a
722 1390 1047 1447 Luithrando
1076 1402 1200 1457 rege
1229 1384 1695 1455 Longobardorum
1722 1380 1765 1436 Τ
1770 1380 1920 1434 icinis
1949 1378 2146 1433 relatus
2176 1384 2229 1432 et

672 1482 961 1537 honoriﬁce
985 1478 1229 1535 conditus
1257 1486 1359 1531 est.

741 1571 926 1626 Florus
954 1570 1007 1624 in
1034 1569 1098 1623 A.
1127 1566 1190 1620 Τ.
1225 1566 1283 1620 L.
1318 1582 1332 1617 :
1363 1564 1549 1619 Setinis
1579 1560 1690 1634 [T..
1720 1558 1929 1623 Comis;
1964 1557 2053 1624 L.,
2079 1557 2232 1614 Scot-

671 1660 777 1732 tiis]
806 1660 1021 1714 civitate
1048 1655 1221 1711 natale
1265 1664 1287 1693 ι
1317 1654 1515 1707 Bibiani
1538 1651 1770 1719 episcopi
1802 1661 1855 1703 et
1884 1649 2230 1713 conlessoris,

670 1752 759 1821 qni
786 1750 966 1804 inultis
993 1745 1359 1816 languentibus
1391 1742 1572 1797 tribuit
1599 1741 1901 1795 sanitatem.
1939 1738 2005 1793 Et
2034 1741 2234 1794 Arver-

2330 1192 2389 1250 S.
2420 1189 2447 1229 ἀ
2476 1192 3021 1263 Julianiniartyris:
3064 1191 3155 1261 qui
3216 1190 3317 1246 sub
3364 1190 3621 1259 Crispino
3686 1188 3897 1258 praside

2332 1283 2549 1353 paganis
2594 1297 2653 1338 se
2707 1282 2773 1337 ad
2823 1297 3035 1352 pinnam
3105 1280 3466 1352 quaerentibus
3513 1279 3658 1334 ultro
3707 1292 3767 1333 se
3814 1293 3898 1348 pro

2332 1388 2514 1429 amore
2558 1373 2791 1429 nominis
2835 1373 3037 1430 Christi
3084 1372 3340 1434 oll'erens.
3380 1370 3561 1443 gladio
3610 1378 3707 1426 est.
3744 1370 3896 1427 inter.

2333 1475 2564 1535 emptus.

2411 1554 2500 1615 Ο..
2531 1554 2595 1608 Et
2620 1554 2885 1622 depositio
2916 1553 2976 1611 S.
3008 1554 3250 1610 Faustini
3280 1553 3535 1621 episcopi.
3567 1552 3628 1607 S.
3662 1551 3900 1606 Balbina.

2343 1624 2427 1687 Β..
2474 1626 2729 1680 Santonis
2772 1627 2985 1681 civitate
3027 1626 3290 1694 depositio
3332 1624 3389 1678 S.
3424 1624 3634 1694 Yiviaiii
3678 1622 3901 1694 episcopi

2342 1704 2396 1749 et
2421 1695 2765 1750 confessoris.
2800 1696 2926 1749 Item
2970 1692 3150 1749 Romae
3183 1694 3396 1755 Basilei,
3440 1693 3628 1747 Ηθιὶίιι.
3661 1692 3903 1747 Constan-

2345 1766 2564 1833 tinopoli
2590 1767 2852 1832 depositio
2878 1768 2939 1821 S.
2963 1774 2987 1801 θ
3011 1764 3297 1820 Alexandri
3320 1764 3575 1834 episcopi.
3606 1764 3904 1819 Arivernico

671 1842 753 1898 nis
781 1844 835 1897 in
878 1841 1016 1906 vico,
1045 1838 1133 1907 qui
1179 1837 1374 1892 dicitur
1420 1832 1665 1898 Prii-atis,
1711 1831 1765 1885 in
1822 1830 2029 1895 Galliis,
2064 1830 2238 1899 passio
2273 1827 2313 1884 Β
2347 1827 2520 1892 natale
2546 1836 2605 1892 S.
2632 1827 2822 1891 Iuliani
2854 1837 3119 1908 martyris.

1606 1928 1609 1933 ’
2021 1921 2229 1978 SMITH
2266 1923 2496 1981 NOTAE.

669 2025 897 2097 Traiano
925 2025 1052 2092 imp.
1078 2023 1287 2097 missus
1311 2029 1393 2074 est
1436 2017 1500 2072 ad
1551 2016 1966 2097 internecionem
1998 2016 2235 2097 omnium

590 2116 593 2119 λ
666 2086 1110 2155 Christianorum.
1156 2092 1343 2147 Statim
1394 2104 1521 2157 ergo
1566 2089 1801 2139 Romam
1852 2086 2142 2155 ingressus,
2174 2087 2232 2142 S.

674 2170 974 2223 Hermetent
998 2180 1119 2219 cum
1145 2161 1446 2216 Alexandro
1462 2158 1665 2212 carceri
1696 2157 1928 2219 inclusit,
1953 2170 2048 2211 nec
2074 2157 2239 2211 multo

674 2246 796 2309 post
827 2252 948 2309 eum
989 2234 1287 2309 decollavit,
1312 2231 1474 2309 cuius
1507 2242 1888 2309 corpussoror
1919 2224 2038 2295 ejus
2064 2227 2242 2309 Theo-

673 2295 803 2362 dora
851 2306 1083 2372 collegit,
1114 2312 1165 2356 et
1214 2304 1264 2355 in
1310 2299 1509 2372 Salaria
1556 2295 1722 2372 veteri
1762 2295 1925 2372 hodie
1962 2297 2237 2372 sepelivit.

672 2379 805 2433 Aeta
830 2376 885 2430 S.
914 2365 1192 2429 Alexandri
1231 2373 1368 2437 apud
1403 2369 1711 2422 Bollanduin
1744 2367 1829 2419 die
1856 2365 2006 2437 tertia
2042 2367 2241 2422 mensis

678 2448 819 2501 Maii.
853 2446 1004 2498 Errat
1035 2443 1170 2504 Ado,
1197 2436 1319 2493 dum
1355 2454 1571 2508 passum
1613 2437 1800 2489 scribit
1826 2436 1925 2489 sub
1957 2436 2243 2490 Aureliano

677 2519 806 2585 imp.
839 2516 966 2568 Nam
1000 2513 1312 2585 Aurelianus
1350 2511 1438 2585 ille
1479 2509 1640 2575 jndex
1690 2515 1828 2570 erat,
1856 2522 1963 2584 noti
2013 2507 2243 2574 impera-

679 2574 783 2651 tor,
817 2594 873 2639 ut
904 2584 1147 2653 praedii-ta
1174 2574 1733 2653 Actademonstrant:
1766 2590 1863 2628 nec
1894 2574 2072 2653 minus
2100 2587 2244 2653 errat

680 2645 935 2711 liaronius
965 2655 1016 2706 in
1046 2653 1193 2706 Notis
1235 2652 1322 2719 qui
1368 2648 1531 2719 tradit
1567 2661 1688 2719 eum
1736 2661 1947 2713 passum
1990 2645 2245 2719 sub_lla~-

687 2727 876 2783 driano
901 2726 1220 2792 imperatore
1238 2714 1266 2785 ς’
1289 2735 1417 2792 nam
1440 2718 1624 2772 eadem
1658 2718 1786 2792 Ama
1812 2714 2248 2792 testant_ur_lt_unc

680 2807 803 2854 ante
828 2786 1181 2850 Alexandrum
1209 2790 1419 2857 'l‘rajani
1448 2787 1773 2857 temporibus
1803 2786 2057 2857 martyrio
2080 2786 2249 2857 tuisse

681 2878 1015 2921 coronatum.
1066 2863 1195 2919 Vide
1247 2855 1403 2928 supra
1451 2859 1520 2914 de
1561 2855 1636 2913 ’S.
1690 2856 2001 2911 Alexandro
2057 2855 2145 2912 die
2191 2872 2248 2910 ιιι

680 2936 821 2991 Maii.

754 3017 780 3042 ι
816 3005 1101 3076 Augustini.
1132 3001 1231 3068 Qui
1280 3002 1376 3076 fuit
1403 3013 1467 3053 ex
1512 2998 1782 3076 provincia
1816 2997 2085 3076 Africana,
2115 2995 2245 3076 civi-

686 3087 792 3130 tate
830 3068 1209 3145 Tliagasteiisi;
1258 3074 1403 3145 prius
1440 3070 1839 3145 griiiiiiiiaticain
1883 3068 1934 3121 iii
1976 3081 2069 3145 sua
2118 3068 2249 3145 civi-

687 3157 814 3211 tate,
861 3159 909 3200 ei
948 3139 1277 3199 rhetoricam
1329 3142 1379 3196 in
1431 3140 1751 3208 Carthagine
1794 3149 1977 3211 postea
2025 3139 2248 3211 docuit:

688 3207 1033 3284 consequenti
1058 3225 1233 3268 autem
1266 3223 1502 3281 tempore
1522 3219 1673 3284 trans
1704 3223 1850 3284 mare
1894 3210 1945 3261 in
1986 3210 2115 3284 urbe
2146 3207 2253 3284 lio-

2341 2018 2557 2079 lsaiirict
2580 2034 2721 2077 anno
2742 2026 2955 2087 quarto,
2979 2017 3079 2071 hoc
3099 2025 3202 2082 est,
3228 2029 3368 2070 anno
3383 2013 3511 2068 Chr.
3528 2014 3659 2079 721,
3686 2022 3743 2087 et
3771 2012 3906 2068 Baeda

2342 2104 2481 2142 anno
2496 2088 2599 2142 754
2616 2086 2769 2154 obiit,
2787 2100 3151 2157 argumentum
3179 2087 3305 2139 mihi
3326 2086 3532 2139 videtur
3554 2086 3905 2157 maxiinepro.

2344 2159 2536 2224 habile,
2566 2161 2707 2228 quod
2750 2155 2869 2214 hoc
2891 2158 3324 2227 Martyrologium
3366 2169 3550 2210 revera
3576 2158 3673 2228 sit
3711 2171 3739 2206 a
3771 2155 3907 2208 Beata

2343 2227 2669 2294 conlectum,
2694 2231 2818 2299 quia
2848 2230 3007 2299 paulo
3032 2240 3151 2297 post
3178 2236 3315 2281 bane
3346 2227 3759 2281 translationem
3774 2240 3905 2279 com-

2350 2299 2581 2368 positum
2610 2316 2729 2354 esse
2758 2308 2988 2355 constat.

2421 2379 2442 2407 ο
2479 2367 2704 2423 Bibiam’.
2749 2369 3074 2424 Fortunatus
3114 2368 3207 2423 lib.
3239 2383 3286 2430 ι,
3316 2381 3487 2422 carm.
3523 2366 3618 2432 ιε,
3652 2365 3912 2420 Leontium

2349 2438 2797 2507 Burdegalensem
2853 2440 3034 2493 laudat
3081 2439 3151 2492 ob
3207 2444 3637 2491 consummatam
3689 2435 3911 2506 ejusdem

2346 2511 2514 2563 sancti
2562 2510 2860 2575 basilicam,
2892 2525 3010 2578 quze
3053 2508 3119 2562 ab
3159 2508 3410 2569 Eusebio,
3444 2516 3553 2578 tum
3599 2509 3669 2559 ab
3715 2508 3910 2578 Etherio

2349 2578 2642 2635 Santonum
2666 2577 2935 2649 episcopis
2963 2582 3191 2645 incmpta
3221 2580 3413 2631 fuerat.
3442 2577 3497 2629 In
3525 2592 3590 2630 ea
3619 2588 3733 2630 erat
3758 2577 3913 2649 S._lli-

2352 2649 2491 2719 hiani
2517 2646 3009 2716 sepulcrum,'quod
3033 2661 3253 2719 argento
3275 2662 3519 2716 auroque
3544 2655 3739 2701 tectum
3764 2646 3913 2700 luisse

2352 2718 2559 2773 Leontii
2588 2730 2639 2773 et
2668 2720 2954 2775 Placidinie
2992 2718 3294 2788 sumptibus
3326 2720 3466 2771 ideui
3498 2726 3678 2771 auctor
3706 2726 3917 2788 attestaf

2352 2799 2482 2842 tur:
2523 2791 2750 2843 ecclesia
2798 2792 2853 2844 S.
2898 2786 3269 2844 Bihiani‘cum
3314 2788 3571 2841 suburbio
3624 2786 3917 2857 cognomini

2352 2860 2613 2927 hodieque
2655 2860 2914 2914 subsistit.
2948 2862 3130 2915 Exstat
3161 2862 3212 2914 in
3243 2869 3349 2913 vet.
3382 2874 3484 2912 ms.
3518 2860 3579 2913 S.
3614 2856 3755 2910 Petri
3795 2856 3915 2909 Car-

2354 2932 2590 2984 nutensis
2621 2930 2845 2998 epistola
2867 2931 2966 2985 sub
2997 2932 3211 2985 nomine
3244 2929 3523 2998 Augustini
3552 2930 3619 2981 ad
3650 2928 3921 2981 Bibianuin.

2352 3001 2657 3070 episc0pum
2710 3002 3099 3056 Santonensem
3130 3003 3276 3065 data,
3308 3016 3426 3068 quae
3457 3000 3603 3070 edita
3650 3009 3733 3053 est
3761 3013 3789 3049 a
3820 2998 3916 3070 lla:

2355 3067 2571 3126 billonio
2599 3075 2654 3123 in
2704 3072 2950 3139 Appi‘nd.
2993 3072 3057 3125 ad
3106 3067 3395 3139 Liturgiam
3447 3068 3811 3133 Gallicanam;
3840 3067 3915 3120 ubi

2355 3142 2641 3208 respondet
2686 3144 3008 3210 Augustinus
3049 3142 3238 3197 litteris
3278 3155 3412 3209 quas
3438 3142 3489 3193 ei
3532 3140 3788 3193 Bibiauus
3832 3152 3913 3205 per

2356 3210 2641 3280 Troianum
2689 3213 2972 3267 diaconum
3016 3228 3169 3265 suum
3218 3211 3612 3265 transmiserat.
3658 3211 3917 3264 Secundus

689 3277 884 3371 ma,_ei
911 3277 1453 3371 apudilediolanuiii,
1476 3281 1571 3371 ‘ubi
1604 3278 2129 3371 ιὶιιιιοΑ,ιιιιρθιίιζιιιςίςξ⁵
2146 3277 2249 3371 Vit;
2280 3307 2327 3371 α
2360 3294 2440 3371 εει
2461 3277 2476 3280 ⁷
2504 3283 2556 3335 in
2619 3284 2889 3371 vulgatis“.
2922 3285 3212 3371 catalogisn
3255 3282 3549 3371 Saiit'o‘num
3631 3282 3917 3371 episcopus.

698 3349 970 3412 lentiniaiii
1019 3355 1238 3408 Minoris
1278 3354 1556 3407 comitatus
1605 3350 1773 3404 fuerat
1814 3350 2152 3403 constitutus.
2188 3349 2253 3402 Et

691 3442 813 3481 cum
851 3426 1257 3499 Manichaeorum
1302 3422 1489 3499 hieresi
1522 3423 1672 3499 “apud
1702 3420 2075 3499 (lay-haginein
2126 3420 2255 3472 ado-

694 3500 899 3551 Iescens
927 3497 1095 3548 iuerat
1124 3496 1397 3555 seductus,
1430 3494 1481 3545 in
1516 3494 1616 3545 ﬁde
1663 3491 1921 3545 catli'iilica
1968 3491 2187 3544 edoctus
2226 3504 2255 3542 a

693 3566 752 3620 S.
783 3567 1067 3618 Ambrosio
1096 3573 1149 3617 et
1177 3564 1519 3616 conﬁrmatus
1550 3572 1649 3625 est,
1680 3571 1731 3614 et
1758 3561 1825 3613 ab
1854 3560 2038 3614 eodem
2086 3560 2257 3628 bapti-

694 3644 863 3690 zatus.
910 3635 1076 3700 Major
1106 3644 1278 3687 autent
1320 3633 1470 3686 anuis
1503 3634 1711 3700 triginta
1741 3630 1966 3683 Africani
2003 3630 2179 3696 rediit,
2205 3637 2260 3684 et

696 3722 725 3758 ει
752 3703 966 3759 Valerio
994 3703 1318 3773 Hipponensi
1349 3706 1598 3770 episcopo
1622 3704 1827 3768 Capitur
1846 3700 1912 3773 ad
1944 3700 2258 3773 presbyterii

696 3777 941 3845 gradum,
967 3784 1019 3828 et
1063 3770 1230 3828 iactus
1263 3775 1535 3844 presbyter
1574 3771 1951 3845 monasterium
1996 3770 2249 3845 intraee-

697 3842 914 3900 clesiant
945 3860 1063 3898 mox
1098 3845 1347 3911 instituit,
1380 3842 1433 3897 et
1460 3844 1661 3909 accepit
1698 3850 2012 3909 potestatein
2043 3842 2258 3895 verbum

696 3915 791 3969 Dei
842 3929 1018 3969 coram
1068 3916 1317 3983 episcopo
1366 3913 1707 3983 praedicandi,
1754 3915 2052 3979 multosque
2096 3911 2260 3965 libros

697 3986 954 4039 adversus
986 3982 1265 4040 AlriCanas
1291 3986 1522 4038 liwreses
1552 3982 1886 4046 maximeque
1917 3992 2100 4035 contra
2154 3982 2260 4033 Do-

698 4057 938 4121 natistas,
989 4055 1309 4109 Manichacus
1354 4066 1405 4108 et
1446 4069 1679 4123 paganos
1724 4052 1968 4107 coniecit.
2024 4050 2262 4105 Valerius

698 4134 830 4197 vero
861 4134 1103 4197 metuens
1151 4142 1217 4179 ne
1257 4127 1322 4179 ab
1351 4124 1450 4179 alia
1488 4124 1731 4197 hcclesiag
1752 4125 2028 4177 sacerdote
2060 4126 2262 4192 privata

701 4194 768 4249 ad
808 4194 1169 4264 episcopatum
1199 4205 1549 4264 qumreretur,
1578 4203 1631 4247 et
1661 4194 1834 4246 sciens
1865 4209 1921 4246 se
1957 4207 2182 4264 corpore
2210 4201 2265 4246 et

701 4262 859 4319 aetate
904 4262 1349 4331 inlti'missininm,
1392 4269 1444 4319 S.
1491 4263 1841 4333 Augustinum
1890 4262 2108 4315 invitum
2143 4263 2266 4317 licet

702 4335 935 4388 ordinari
978 4336 1076 4389 sibi
1121 4340 1490 4405 ciieptsciipum
1538 4351 1567 4387 ει
1600 4333 2111 4405 ιιιίιιιιιιελΝιιιιιιιιὶίυ
2143 4333 2265 4405 Με-

701 4406 841 4528 {alio
882 4405 1175 4459 Calamcnsi
1207 4402 1455 4474 cpiscopo
1486 4406 1727 4459 obtinuit.
1777 4402 1907 4471 Ejus
1950 4403 2267 4457 auctoritate

750 4475 943 4527 cclcsia
990 4476 1274 4528 catholica.
1310 4478 1499 4528 frustra
1550 4476 1840 4528 reluctante
1874 4474 2264 4527 Donatistarum

750 4475 943 4527 cclcsia
990 4476 1274 4541 catholica,
1310 4478 1499 4529 frustra
1550 4476 1840 4530 reluctante
1874 4474 2264 4527 Donatistarum

704 4545 927 4615 furore,
952 4548 1192 4614 gnaviter
1238 4549 1538 4615 pullulavit;
1570 4556 1624 4601 et
1653 4547 1703 4596 id
1737 4545 1999 4615 praecipue
2042 4544 2264 4611 collligil

704 4624 822 4737 rost
850 4614 1187 4670 collationem
1224 4614 1339 4684 qua:
1371 4620 1435 4670 ab
1478 4618 1735 4669 universis
1764 4614 2027 4681 episeopis
2070 4614 2259 4667 catho-

727 4687 821 4737 icis
848 4686 983 4737 apud
1012 4686 1379 4737 Carthaginem
1419 4702 1537 4737 cum
1581 4685 1968 4737 Donatistarum
1995 4682 2258 4737 eoisciiuis

727 4699 774 4738 lc

780 4687 821 4735 is
848 4686 983 4754 apud
1012 4675 1379 4755 Carthaginem
1419 4702 1537 4740 cum
1581 4675 1968 4737 Douatisiarnm
1995 4682 2258 4755 episcopis
2295 4675 2344 4737 D

704 4755 836 4808 [acta
869 4767 970 4808 est.
1000 4756 1102 4809 Nec
1134 4754 1307 4810 minus
1336 4770 1550 4811 Strenue
1588 4758 1841 4808 adversus
1888 4754 2261 4823 l’elagiauistas

706 4839 865 4893 quain
898 4827 1194 4881 Donatistas
1238 4828 1512 4891 laboravit,
1549 4842 1639 4894 per
1671 4840 1835 4877 annos
1868 4826 2030 4879 lerine
2077 4828 2260 4878 decem

707 4895 873 4949 libros
900 4897 1156 4961 condens,
1189 4907 1241 4950 et
1279 4899 1329 4951 in
1360 4898 1583 4951 ecclesia
1629 4898 1830 4964 pupulis
1859 4910 1926 4949 ex
1960 4896 2147 4949 eodem
2179 4911 2265 4948 er-

708 4979 828 5018 rore
867 4968 1287 5034 frequentissime
1326 4968 1619 5035 disputans.
1650 4967 1884 5033 Denique
1913 4966 2178 5019 laboribus
2210 4964 2260 5019 in

707 5036 905 5089 bonum
938 5038 1184 5091 Ecclesia:
1213 5039 1497 5092 subeundis
1528 5038 1841 5098 indefessus,
1869 5038 1918 5088 in
1951 5036 2052 5088 llde
2082 5038 2264 5088 catho-

711 5107 810 5160 lioti
838 5108 1168 5161 defendenda
1194 5119 1460 5173 strenuus,
1494 5108 1706 5160 sedulus
1737 5109 1787 5158 in
1821 5106 2081 5160 li.i-reticis
2112 5105 2259 5157 lalla-

709 5177 807 5230 ciis
847 5179 1156 5243 refutandis,
1189 5178 1435 5232 Vandalis
1462 5178 1752 5245 Gothisque
1783 5191 1965 5231 mense
2008 5191 2095 5230 xm
2132 5177 2261 5244 Ilip-

752 5264 1001 5302 onenscm
1054 5249 1237 5302 urbem
1283 5259 1501 5317 angusta
1545 5248 1819 5300 obsidone
1876 5248 2258 5316 prementibus,

733 5319 858 5372 'ehre
882 5330 1156 5387 correptus
1185 5319 1315 5373 obiit
1339 5336 1477 5373 anno
1507 5330 1674 5372 aetatis
1703 5319 1789 5379 76,
1818 5331 2149 5385 episcopatus
2172 5317 2260 5383 Iit),

707 5388 902 5441 Christi
924 5387 1046 5452 450,
1065 5392 1365 5444 consulibus
1380 5390 1679 5444 Theodosio
1702 5403 1791 5441 xttt
1813 5398 1866 5443 et
1893 5387 2263 5441 Valentiniano

707 5472 771 5510 tt.
806 5457 932 5513 Vide
978 5460 1167 5523 Vitam,
1202 5473 1415 5515 auelore
1442 5461 1701 5524 Possidio,
1731 5463 1925 5511 editam
1959 5460 2050 5509 ult.
2086 5461 2182 5511 vol.
2214 5459 2263 5510 itt

711 5529 841 5581 edit.
867 5531 1061 5585 llened.
1093 5531 1164 5583 De
1193 5530 1292 5584 hac
1325 5533 1662 5585 translatione
1689 5546 1755 5584 ex
1798 5529 2040 5586 Sardinia
2071 5529 2267 5583 'l'tciuis

710 5598 828 5652 vide
858 5604 951 5653 uti.
974 5600 1193 5654 Comma
1223 5603 1391 5655 Baeda:
1418 5602 1683 5655 Chronici.

783 5665 809 5703 ι’
841 5668 1039 5738 Nuper.
1071 5672 1145 5724 Ex
1186 5678 1283 5726 hac
1312 5687 1439 5725 voce
1468 5688 1625 5740 nuper
1653 5671 1938 5728 notandum
1968 5677 2049 5722 est
2077 5668 2267 5739 Marty-

709 5739 967 5817 rologium
1000 5740 1098 5817 hoc
1131 5758 1232 5795 non
1268 5742 1356 5795 diu
1386 5754 1502 5811 post
1531 5739 1663 5797 hanc
1693 5743 2085 5817 translationem
2115 5754 2266 5793 coni-

713 5811 937 5877 positum
970 5814 1129 5866 luisse
1159 5832 1168 5864 :
1201 5828 1319 5866 cum
1348 5823 1519 5867 autem
1551 5814 1820 5869 translatio
1848 5812 2039 5868 accidit
2073 5811 2262 5866 Leonis

2356 3352 2661 3477 ggi‘itrxngtés
2710 3349 2769 3409 in
2832 3352 2981 3409 Notis
3040 3349 3123 3408 ad'
3174 3352 3333 3422 Greg.
3388 3352 3595 3407 'l‘uron.
3650 3349 3718 3406 de
3782 3349 3913 3405 ειυς.

2401 3438 2539 3486 out.,
2569 3438 2657 3477 ac.

2431 3494 2454 3532 ἀ
2486 3494 2708 3547 Juliuni.
2737 3493 2838 3560 Qui
2886 3508 3005 3548 cum
3052 3502 3198 3550 esset
3244 3493 3303 3547 Β.
3332 3492 3572 3548 Ferreoli
3612 3491 3807 3546 tribuni
3841 3503 3918 3543 co-

2362 3579 2500 3628 mes,
2531 3574 2585 3618 et
2631 3567 2683 3619 in
2717 3565 2894 3618 habitu
2936 3566 3150 3619 militari
3195 3566 3400 3619 occulte
3431 3564 3649 3617 Christo
3679 3562 3917 3623 serviret,

2362 3636 2412 3689 in
2441 3636 2807 3702 persecutione
2831 3634 3143 3688 Diocletiani
3164 3650 3195 3689 a
3218 3636 3471 3689 militibus
3496 3642 3697 3695 tentus,
3719 3634 3919 3685 desecto

2360 3718 2573 3773 gutture
2604 3718 2775 3760 morte
2806 3706 3043 3758 horribili
3070 3718 3289 3760 necatus
3311 3714 3414 3760 est.
3447 3704 3654 3757 Bittius.
3678 3703 3921 3757 Jutianunt

2362 3785 2648 3845 martyrem
2682 3777 2889 3829 Brivate
2930 3789 3142 3843 passum
3187 3790 3305 3830 esse
3350 3786 3405 3829 et
3446 3778 3740 3845 sepultum,
3782 3786 3921 3845 nemo

2362 3855 2445 3899 est
2472 3841 2563 3915 q'ui
2591 3847 2877 3915 inliciatur.
2902 3841 3006 3900 Sed
3046 3861 3168 3899 cum
3214 3846 3407 3913 duplex
3437 3846 3556 3913 ejus
3589 3844 3821 3897 nominis
3858 3841 3920 3893 vi-

2363 3930 2457 3969 cus
2488 3914 2578 3983 sit,
2609 3929 2759 3971 vetus
2805 3914 3008 3970 scilicet
3046 3927 3098 3969 et
3129 3930 3263 3969 nova
3295 3916 3500 3978 Urivas,
3537 3916 3602 3967 lis
3635 3922 3721 3967 est
3748 3928 3844 3980 quo
3880 3914 3921 3964 in

2363 3985 2477 4039 loco
2529 3988 2771 4056 primitus
2816 3989 2872 4042 S.
2923 3996 3125 4056 martyr
3170 3988 3327 4039 l'uerit
3366 3986 3665 4051 depositus.
3695 3985 3920 4056 Savaro,

2364 4053 2701 4121 Sirmoiidus,
2735 4067 2865 4122 etc.,
2894 4053 3112 4111 censent
3139 4058 3286 4110 illum
3321 4059 3372 4109 in
3402 4056 3569 4110 veteri
3616 4053 3834 4107 Brivate
3856 4067 3925 4106 se-

2368 4128 2567 4195 pultum
2612 4128 2803 4192 fuisse;
2831 4128 2898 4181 de
2923 4143 3022 4195 qua
3055 4128 3209 4197 Greg.
3241 4126 3631 4187 Turonensein,
3686 4124 3923 4177 Fortuna-

2368 4208 2514 4261 tuin,
2564 4199 2927 4265 Apollinarem
2977 4198 3255 4252 Sidoniunt
3312 4202 3363 4251 in
3421 4198 3794 4265 propemptico
3848 4208 3926 4246 seu

2365 4281 2529 4321 carm.
2576 4269 2680 4333 25.,
2713 4269 2949 4337 aliosque
3000 4280 3206 4321 veteres
3253 4270 3456 4321 locutos
3503 4266 3686 4337 fuisse,
3720 4265 3924 4337 volunt;

2367 4337 2453 4391 alii
2486 4353 2612 4391 vero
2643 4341 2757 4392 haec
2785 4336 3017 4392 denova
3048 4338 3255 4393 Brivate
3278 4338 3605 4407 intelligunt,
3640 4336 3732 4407 ubi
3761 4337 3927 4407 etiam-

2369 4424 2492 4460 num
2521 4409 2578 4463 S.
2608 4408 2803 4463 Juliani
2831 4424 3025 4477 corpus
3054 4422 3356 4462 asservatur
3384 4425 3433 4460 ιιι
3456 4404 3779 4474 ’ρθιοεΙεὺιί
3810 4404 3929 4457 basi-

2369 4479 2489 4532 lica.
2518 4480 2591 4533 De
2622 4480 2720 4534 hoc
2760 4480 2877 4534 vide
2916 4486 3075 4549 'ut'cg.
3108 4481 3306 4534 'l‘uron.
3338 4479 3406 4533 de
3435 4479 3621 4533 Gloria
3654 4486 3928 4544 martyrum

2370 4550 2462 4603 lib.
2491 4564 2547 4602 ιι.

2442 4628 2465 4655 ⁸
2500 4619 2796 4673 Alexaudii.
2822 4619 2922 4685 Qui
2952 4619 3003 4673 in
3025 4618 3331 4687 episcopatu
3357 4616 3931 4685 Constantinopolitano

2370 4688 2702 4757 Metrophaui
2744 4692 3019 4744 successit.
3060 4690 3239 4743 Noluit
3265 4688 3450 4742 Arium
3483 4689 3927 4757 przevaricatorettt

2366 4770 2419 4813 et
2462 4764 2637 4815 socios
2666 4761 2717 4813 in
2747 4763 3179 4814 communionem
3227 4762 3483 4826 recipere,
3513 4760 3642 4812 licet
3690 4758 3933 4811 Eusebius

2367 4831 2788 4885 Nicomediensis
2832 4847 3022 4899 graves
3073 4846 3241 4885 minas
3285 4829 3661 4893 intentaverit;
3695 4829 3931 4895 petiitque

2364 4914 2395 4954 a
2426 4902 2533 4953 Deo
2564 4912 2621 4955 ut
2665 4903 2926 4970 siquidem
2979 4912 3119 4955 recta
3148 4912 3294 4954 esset
3340 4902 3452 4953 Arii
3502 4901 3804 4964 sententia,
3837 4899 3931 4966 ipse

2367 4973 2505 5024 diem
2549 4972 2917 5037 disceptationi
2952 4974 3303 5039 priestitutum
3349 4984 3687 5038 nequaquam
3723 4972 3929 5039 videret.

2368 5044 2461 5093 Sin
2488 5056 2607 5093 vera
2632 5052 2774 5095 esset
2799 5038 3131 5108 tides,’quam
3162 5044 3275 5107 ipse
3304 5044 3674 5109 proliteretur,
3708 5050 3764 5092 ut
3793 5038 3933 5091 Arius

2368 5111 2653 5179 impietatis
2705 5126 2887 5179 poenas
2934 5117 3123 5177 lui-ret,
3152 5112 3344 5179 quippe
3371 5110 3459 5180 qui
3495 5112 3737 5163 omnium
3786 5112 3934 5161 malo-

2368 5196 2483 5234 rum
2508 5197 2690 5238 auCtor
2709 5194 2869 5236 esset.
2889 5184 3070 5251 Neque
3094 5197 3357 5235 incassum
3382 5182 3703 5249 precabatur
3725 5181 3935 5233 Alexano

2368 5253 2465 5305 der
2494 5264 2549 5305 ut
2591 5255 2720 5305 inira
2756 5254 2844 5306 illa
2872 5263 2926 5306 et
2955 5256 3227 5320 repentina
3277 5268 3421 5305 mors
3466 5252 3577 5304 Arii
3621 5252 3836 5305 abunde
3866 5261 3932 5301 te-

2369 5331 2555 5376 statur.
2603 5324 2897 5385 Socnxrns,
2939 5338 2988 5388 t,
3021 5323 3109 5385 57,
3142 5322 3240 5386 58;
3282 5322 3547 5376 SUZOIIEN.
3580 5337 3650 5385 tt,
3685 5322 3779 5376 29.
3820 5320 3933 5372 Cum

2372 5398 2482 5449 tios
2527 5394 2733 5461 quidem
2763 5409 2825 5445 ac
2855 5394 3033 5461 viginti
3064 5408 3231 5447 annos
3270 5396 3319 5445 in
3371 5397 3685 5460 episcopatu
3728 5392 3933 5460 egisset,

2371 5473 2491 5515 octo
2538 5479 2661 5517 vero
2690 5479 2752 5515 ac
2790 5465 3072 5533 nonaginta
3109 5479 3278 5516 annos
3322 5463 3559 5527 vixisset,
3591 5477 3661 5517 ex
3697 5464 3799 5515 hac
3831 5462 3934 5533 luco

2375 5535 2640 5601 migravit,
2672 5544 2789 5586 cum
2826 5530 2968 5600 prius
3012 5536 3316 5587 mandasset
3362 5535 3424 5587 iis
3470 5548 3637 5600 penes
3683 5546 3821 5601 quos
3859 5530 3933 5599 jus

2374 5614 2491 5657 erat
2520 5604 2764 5671 eligendi,
2794 5614 2851 5657 ut
2877 5605 3099 5656 alterum
3130 5620 3192 5658 ex
3222 5605 3430 5658 duobus
3461 5617 3593 5669 quos
3626 5604 3742 5671 ipse
3771 5616 3929 5655 nonn-

2374 5686 2546 5739 naret,
2570 5676 2847 5744 eligerent,
2871 5689 2921 5730 et
2951 5674 3069 5727 ideo
3096 5675 3313 5731 l’auluin
3338 5683 3392 5730 et
3419 5674 3791 5729 Macedoniutu
3819 5687 3928 5742 pro-

2376 5749 2651 5812 posuisset.
2679 5746 2973 5811 Socturss,
3004 5760 3058 5811 ii,
3089 5749 3139 5797 ti.

3996 506 3999 651 ι

3999 710 4001 823 l
