4064 6346
128 244 255 303 {013
1223 245 1418 303 SECT.
1458 246 1524 303 ll.
1565 277 1632 287 —
1672 245 2233 303 MARTYROLOGIA.

1370 364 1594 421 EDITIO
1631 364 2098 423 COLONIENSIS.

124 456 242 506 sunt
288 445 494 502 viscera
532 448 678 516 ejus.
725 448 876 519 Apud
931 452 1231 512 Sanctonas
1285 459 1452 513 sancti
1505 459 1702 514 Juliaui
1734 462 1782 523 Α
1809 458 1875 513 ad
1905 460 2259 515 secretarium
2304 456 2499 531 judicis
2539 463 2684 511 esset
2724 454 3036 525 perductus,
3066 454 3211 525 juxta
3255 468 3388 513 tem-

127 539 351 608 episcopi
379 546 434 593 et
453 540 800 595 coiil'essoris.
832 543 896 596 Et
926 548 1103 601 natale
1134 550 1303 604 sancti
1332 550 1529 605 Juliani
1561 568 1701 608 mar-
1809 549 1953 617 plum
2008 547 2246 619 Serapis,
2308 551 2432 604 dum
2486 554 2771 615 cogeretur
2818 546 2884 600 ad
2954 547 3386 617 sacriﬁcandum,

129 629 268 701 tyris.
305 629 434 683 Item
468 633 645 685 natale
676 636 847 686 sancti
883 635 1082 705 Pelagii
1114 643 1391 711 martyris.
1805 638 2114 693 exsnl‘tlavit
2138 640 2191 693 in
2235 640 2422 694 faciem
2457 649 2645 693 statuae
2672 652 2847 704 aerem,
2882 647 2936 691 et
2961 640 3137 692 statim
3174 639 3389 697 cecidit.

192 721 250 775 ε.
279 720 345 775 IV
375 721 618 777 KALEND.
649 724 920 779 SEP‘IIHB.
964 727 1148 783 Passio
1194 741 1247 785 et
1285 732 1589 801 decollatio,
1622 735 1704 790 vel
1807 729 1934 786 Item
1967 731 2158 785 ductus
2190 732 2256 786 ad
2302 732 2547 787 Mercurii
2588 738 2845 799 statuam,
2886 747 3008 801 qua:
3038 733 3197 787 simili
3228 735 3390 789 modo

134 817 295 885 Potius
327 816 565 871 inventio
591 818 779 885 capitis
812 820 949 874 benti
976 821 1197 878 Joannis
1242 822 1518 893 Baptistae,
1546 842 1705 896 quem
1806 822 2019 876 cecidit.
2052 820 2181 875 Item
2216 822 2281 874 ad
2311 821 2651 876 simulacrum
2687 821 2891 888 Dianai,
2924 822 3062 890 quod
3092 824 3201 889 pari
3229 824 3388 879 modo

134 909 386 973 Herodes,
435 918 495 964 nt
521 912 867 981 evangelista:
913 914 1174 981 referunt,
1208 916 1460 971 decollari
1507 934 1707 985 praece-
1808 909 2023 964 cecidit.
2069 909 2220 963 Tunc
2268 923 2467 977 praeses
2509 909 2666 975 jussit
2700 925 2822 963 eum
2854 909 3134 964 decollari.
3165 912 3388 979 Quidam

3243 252 3381 309 £026

130 1002 219 1071 pit.
251 1001 438 1055 Romae
467 1001 520 1055 in
572 1004 837 1057 Aventino
867 1004 1070 1072 oppido
1115 1007 1463 1072 Vindmense,
1514 1010 1579 1062 ad
1624 1026 1709 1064 ar-

130 1110 241 1150 cum
269 1094 508 1150 FauStiui
540 1094 708 1149 beata:
742 1096 953 1150 Sabina:
997 1098 1269 1168 martyris,
1301 1112 1417 1167 quat
1450 1099 1546 1153 fuit
1577 1115 1711 1154 uxor

133 1186 521 1255 prteclarissimi
552 1185 819 1254 quondam
850 1186 1143 1241 Valentini.
1192 1190 1335 1243 tlanc
1381 1190 1530 1243 beata
1565 1189 1712 1261 virgo

131 1279 347 1348 Serapia
373 1294 496 1333 vera
526 1279 625 1333 title
663 1279 941 1333 instruxit.
982 1279 1139 1334 Passa
1188 1292 1269 1335 cst
1300 1291 1477 1335 autem
1512 1281 1711 1336 famula

132 1371 319 1425 Christi
366 1370 565 1425 Sabina
607 1371 706 1425 sub
754 1371 993 1425 Adriano
1033 1373 1381 1440 imperatore,
1426 1374 1524 1426 sub
1572 1388 1713 1442 prae-

135 1463 267 1519 tecto
296 1479 516 1534 quoque
564 1464 801 1532 Elpidio,
853 1480 971 1519 cum
1029 1464 1080 1519 in
1137 1467 1472 1521 confessione
1519 1466 1714 1520 Christi

137 1557 465 1623 perduraret,
532 1556 893 1611 decollatione
939 1557 1130 1625 capitis
1189 1559 1435 1628 martyrii
1486 1560 1714 1627 palmam

136 1649 319 1718 adepta
352 1658 455 1704 est.
484 1648 648 1719 Cujus
677 1663 874 1715 corpus
920 1649 1185 1718 sepultum
1234 1658 1317 1703 est
1368 1651 1420 1704 in
1472 1651 1718 1718 sepulcro

82 1744 85 1745 ⁷
137 1741 269 1810 quod
302 1740 403 1796 sibi
436 1741 545 1809 ipsa
576 1748 870 1808 paraverat,
897 1740 984 1795 ubi
1016 1748 1068 1794 et
1094 1740 1401 1810 magistram
1431 1741 1709 1809 Serapiatn

1810 1016 1937 1069 ergo
1980 1002 2059 1054 vir
2089 1001 2426 1054 Christianus
2456 999 2646 1053 obvius
2676 1001 2727 1055 ei
2778 999 2894 1065 fuit,
2922 1001 3232 1060 hominibus
3272 1003 3391 1072 qui-

1810 1092 1930 1146 dem
1986 1093 2303 1145 absconsus.
2348 1091 2458 1146 Deo
2506 1104 2631 1145 vero
2681 1093 3039 1158 manifestus;
3094 1092 3178 1146 hic
3225 1095 3388 1163 ctepit

1811 1184 2079 1235 clamare:
2118 1184 2289 1249 Ipsum
2330 1198 2486 1251 quem
2525 1182 2607 1236 hic
2636 1196 2853 1238 sanctus
2882 1184 3040 1239 Pater
3080 1187 3386 1251 conﬁtetur,

1814 1273 2099 1327 Dominum
2126 1273 2309 1329 Jesum
2340 1274 2611 1327 Christum
2657 1274 2797 1327 colo.
2834 1276 2949 1329 Mox
2982 1284 3037 1330 et
3066 1276 3177 1345 ipse
3206 1276 3272 1330 ab
3314 1276 3397 1331 ol-

1814 1366 1937 1419 ticio
1980 1365 2216 1433 praefecti
2247 1365 2696 1433 comprehensus,
2733 1366 2927 1433 pariter
2970 1364 3093 1419 dato
3122 1364 3221 1419 sibi
3252 1364 3394 1434 prius

1815 1456 1997 1509 osculo
2041 1461 2183 1525 pacis
2210 1472 2328 1510 cum
2365 1458 2521 1512 beato
2554 1456 2732 1512 Felice
2759 1456 3053 1511 decollatus
3090 1467 3193 1513 est.
3227 1457 3395 1527 Hujus

1816 1562 2007 1601 nomen
2038 1550 2163 1617 quia
2211 1562 2315 1603 non
2359 1549 2678 1603 invenerunt
2711 1548 3050 1618 postmodum
3081 1550 3391 1619 Christiani,

1818 1638 2109 1692 Adauetuin
2137 1654 2258 1693 eum
2291 1639 2722 1709 appellaverunt,
2756 1658 2820 1695 eo
2858 1642 3001 1710 quod
3032 1651 3220 1698 sancto
3249 1657 3395 1697 mar-

1824 1734 1922 1803 tyri
1955 1734 2115 1788 Felici
2160 1744 2350 1788 auctus
2403 1736 2472 1788 sit
2523 1734 2588 1787 ad
2639 1750 2917 1790 coronam.
2947 1736 3240 1792 Christiani
3268 1752 3397 1793 vero
3477 1801 3485 1804 ν

138 1832 242 1901 ipsa
292 1840 420 1885 ante
466 1830 805 1886 condiderat.
858 1831 912 1884 In
964 1830 1199 1885 Venusio
1254 1829 1468 1885 civitate
1506 1832 1717 1900 Apuliae
1751 1844 1796 1904 Β
1825 1832 1981 1880 noctu
2006 1826 2303 1889 venientes,
2332 1826 2403 1879 ibi
2437 1826 2488 1878 in
2518 1825 2708 1880 eodem
2738 1827 2858 1881 loco
2902 1827 3233 1896 sepelierunt
3276 1842 3392 1883 eos.

138 1925 306 1979 natale
339 1923 534 1978 Felicis
562 1923 821 1990 episcopi.
853 1920 1080 1977 Civitate
1128 1923 1473 1979 Tubzozense
1524 1924 1725 1978 Janua-

139 2016 198 2069 rii
231 2015 559 2085 presbyteri,
601 2020 657 2068 et
700 2014 1072 2069 Fortunatiani
1102 2025 1154 2070 et
1180 2015 1402 2085 Septimi
1432 2017 1720 2085 lectorum,

139 2107 226 2176 qui
266 2107 369 2162 sub
414 2107 740 2162 Diocletiano
768 2108 1088 2175 imperatore
1129 2125 1159 2163 a
1191 2110 1543 2180 Magdcltiano
1590 2127 1718 2181 pro-

140 2210 393 2253 curatore
415 2199 595 2266 gladio
621 2201 981 2254 consummati
1007 2209 1149 2254 sunt.

208 2290 269 2343 D.
306 2290 370 2344 Ill
412 2290 651 2345 thexn.
694 2292 964 2345 Serrane.
1008 2291 1189 2345 Romre
1222 2291 1301 2345 via
1344 2293 1573 2348 Ostiensi
1604 2308 1726 2348 san-

142 2382 208 2434 cti
236 2380 434 2436 Felicis
466 2381 787 2452 presbyteri,
826 2384 925 2437 sub
964 2383 1295 2438 Diocletiano
1325 2394 1379 2438 et
1408 2384 1728 2440 Maximiano

145 2471 587 2542 imperatoribus,
616 2472 868 2542 prtefecto
893 2483 946 2529 et
968 2472 1151 2543 judice
1184 2474 1445 2530 Dracone.
1483 2475 1579 2528 llic
1602 2489 1723 2528 cum

1826 1914 2060 1980 Quorum
2088 1930 2315 1984 corpora
2347 1917 2629 1972 voluerunt
2676 1920 2860 1989 pagani
2912 1920 3105 1976 exinde
3141 1919 3401 1985 eti'odere,

1831 2006 1924 2062 sed
1955 2008 2259 2076 quicunque
2284 2024 2473 2063 manus
2499 2021 2863 2079 opposuerunt
2883 2028 2912 2066 a
2937 2013 3149 2069 diabolo
3171 2013 3403 2083 correpti

1827 2108 1971 2167 sunt,
2004 2101 2091 2156 ubi
2126 2110 2308 2169 postea
2337 2102 2478 2170 pacis
2508 2113 2746 2173 tempore
2772 2106 2989 2161 basilica
3017 2105 3270 2162 fabricata
3299 2119 3407 2163 est.

1831 2194 1895 2246 Et
1917 2194 2089 2248 natale
2114 2204 2312 2249 sancta:
2337 2194 2645 2252 Gaudentiie
2664 2199 2897 2268 virginis,
2932 2192 3053 2254 cum
3074 2199 3192 2254 aliis
3215 2200 3407 2254 tribus.

1834 2286 1903 2341 Et
1931 2288 2193 2357 depositio
2223 2289 2360 2359 Agili
2399 2291 2624 2347 abbatis.

1907 2386 1969 2440 E.
2006 2386 2158 2439 Puto.
2191 2386 2431 2443 KALEND.
2464 2390 2728 2446 Sarrana.
2768 2392 3003 2448 Treviris
3033 2391 3208 2448 natale
3245 2390 3415 2446 sancti

1838 2475 2039 2529 Paulini
2069 2478 2305 2547 episcopi
2337 2487 2391 2533 ct
2420 2482 2767 2551 confessoris,
2810 2483 2901 2553 qui
2935 2491 3174 2554 tempore
3201 2482 3410 2538 Arianm

1299 2568 1303 2573 ’
1400 2564 1627 2619 ElllTIO
1668 2563 2165 2620 BOLLANDIANA.

215 2648 308 2703 29.
330 2678 405 2691 —
432 2648 495 2704 1V
537 2632 669 2703 KAL.
702 2649 885 2705 Romae
914 2650 971 2707 S.
1006 2658 1031 2686 ⁸
1056 2652 1266 2727 Sabinae
1315 2653 1539 2724 virginis
1571 2665 1727 2725 atque

151 2743 420 2815 martyris.
452 2742 475 2777 ι’
504 2744 702 2798 Eodem
731 2744 818 2797 die
846 2744 1128 2800 decollatio
1157 2746 1213 2801 S.
1238 2745 1456 2801 Joannis
1480 2746 1730 2816 Baptista:

150 2834 237 2903 qui
269 2836 445 2904 primo
473 2834 525 2890 in
553 2834 788 2891 Samaria
817 2838 1060 2892 conditus
1085 2851 1210 2893 tunc
1239 2841 1291 2893 in
1325 2844 1347 2873 ο
1384 2840 1725 2908 Alexandria,

154 2938 310 2999 porro
337 2926 362 2964 ἀ
386 2939 545 2998 caput
568 2930 637 2985 de
685 2929 1065 3003 Hierosolymis
1109 2932 1173 2987 ad
1218 2932 1508 2989 Phoenicia:
1543 2934 1730 2989 urbem

154 3019 416 3075 Emissam
446 3020 675 3075 delatum
702 3031 803 3076 est.

1834 2656 1911 2711 SS
1948 2665 1971 2704 κ
2007 2657 2201 2712 Felicis
2249 2658 2485 2726 episcopi
2533 2657 2759 2711 civitatis
2804 2656 3182 2720 Tubzocensis,
3211 2664 3270 2713 et
3291 2657 3405 2713 Au-

1837 2747 1974 2802 dacti
2017 2759 2070 2804 et
2100 2748 2339 2804 Januarii
2384 2748 2698 2820 presbyteri,
2728 2759 2782 2804 et
2829 2750 3191 2804 Fortunatiani
3222 2759 3275 2805 et
3315 2750 3416 2808 Se-

1841 2842 2047 2910 ptitnini
2073 2841 2335 2897 lectorum
2368 2860 2381 2897 :
2414 2843 2503 2911 qui
2532 2843 2862 2911 temporibus
2895 2841 3208 2897 Diocletiani
3238 2842 3288 2897 in
3317 2858 3413 2897 sua

1841 2934 2059 2990 civitate
2091 2937 2221 2989 tenti
2252 2951 2279 2988 a
2314 2935 2644 3003 Magneliano
2674 2944 2941 3000 curatore,
2971 2934 3091 2989 inde
3121 2936 3300 2990 multis
3326 2935 3417 2990 diu
3482 3008 3485 3011 Α

1842 3028 2067 3081 vinculis
2092 3040 2143 3082 et
2170 3028 2477 3083 carceribus
2505 3026 2789 3087 macerati;
2821 3036 2872 3081 et
2905 3026 2957 3080 in
2984 3027 3161 3081 Africa
3187 3034 3241 3081 et
3268 3028 3315 3111 ip
3342 3026 3401 3081 Si

221 3112 389 3187 Addit
415 3113 524 3187 T.;
557 3113 732 3182 Ipsum
782 3113 1093 3187 imminente
1138 3114 1426 3170 festivitate
1479 3116 1725 3172 Paschali
1759 3088 1805 3152 α
1837 3119 1979 3183 cilia,
2013 3118 2227 3172 tandem
2262 3120 2314 3172 in
2362 3118 2637 3173 occisione
2675 3118 2833 3187 gladii
2884 3117 3239 3171 consummati
3272 3088 3417 3171 sunt.

156 3186 320 3261 tuisse
350 3184 682 3261 decollatum.
699 3184 1039 3261 evangelista:
1064 3185 1335 3240 declarant
1355 3198 1409 3261 et
1427 3203 1577 3261 anno
1607 3200 1724 3253 post

155 3255 295 3308 hunc
325 3264 582 3322 sequente
606 3255 726 3308 cum
758 3255 932 3309 denuo
970 3266 1180 3323 tempus
1224 3258 1472 3323 paschale
1503 3261 1720 3325 rediret,

154 3327 467 3396 mySIeriutn
514 3326 796 3396 dominica:
843 3327 1105 3392 passionis
1147 3330 1470 3394 completum
1505 3340 1605 3381 est.
1638 3330 1727 3396 (1.,

151 3394 222 3449 Et
251 3395 503 3465 pausatio
536 3394 591 3449 S.
625 3396 836 3448 llelizmi
871 3398 1165 3465 prophetas,
1200 3398 1445 3465 discipuli
1474 3398 1528 3453 S.
1566 3394 1730 3454 Heia:

150 3468 451 3535 pmphetze.
480 3463 544 3521 Β.
569 3467 629 3519 (2.
667 3466 749 3527 V.,
779 3467 842 3520 Et
870 3463 1092 3521 altorum
1123 3477 1147 3504 ε
1173 3463 1560 3535 nongentorum
1592 3486 1732 3523 mar-

193 3551 331 3592 rrum
379 3537 466 3605 qui
513 3536 698 3591 eodem
748 3536 835 3590 die
882 3540 1021 3605 passi
1074 3548 1217 3592 sunt.
1268 3539 1364 3604 Τ..
1405 3540 1623 3594 t’erona:
1669 3542 1727 3595 S.

212 3606 401 3680 Fursei
430 3606 652 3680 abbatis.
686 3606 774 3668 B.,
805 3606 859 3659 ιιι
890 3610 1168 3663 Antiochia
1213 3610 1384 3680 Syriae
1426 3613 1599 3665 natale
1629 3614 1731 3665 SS.

157 3676 355 3756 Basitei
399 3688 455 3733 et
501 3676 669 3731 Pauli.
710 3680 766 3732 tn
819 3680 1009 3733 Sirmia
1054 3676 1339 3737 natale’S.
1375 3682 1585 3736 Basillae
1628 3681 1736 3735 κίε·-

157 3763 319 3818 ginis.

232 3838 326 3896 50.
352 3868 420 3879 —
441 3836 507 3894 ΙΙΙ
540 3837 672 3894 Κδι..
705 3837 757 3893 lu
808 3838 1039 3896 Venusia
1070 3840 1287 3898 civitate
1331 3842 1537 3913 Apulia:
1569 3845 1743 3899 natale

1833 3211 1993 3267 Felix
2026 3212 2406 3281 quinquaginta
2434 3225 2525 3264 sex
2569 3224 2853 3274 annorum,
2893 3209 3042 3278 virgo
3088 3210 3236 3263 obiit.
3278 3208 3422 3279 (Ha-

1836 3319 2005 3360 ctenus
2034 3306 2119 3373 L.)
2148 3306 2285 3361 Sunt
2330 3315 2506 3359 autem
2555 3305 2692 3357 inter
2730 3303 3108 3371 Carthaginem
3138 3312 3192 3356 et
3224 3302 3422 3356 Tibzo-

1839 3412 1956 3450 cam
1990 3396 2159 3469 [Mss.,
2188 3393 2485 3467 Tibiucam]
2520 3395 2692 3449 tnillia
2726 3409 2975 3463 passuum
3025 3393 3239 3463 triginta
3268 3395 3426 3464 quin-

1842 3506 1969 3560 que.

1909 3594 1969 3649 C.
1999 3594 2088 3663 V.,
2142 3598 2323 3651 Romae
2376 3597 2567 3651 natalis
2602 3595 2701 3652 SS.
2758 3594 2950 3651 Felicis
2981 3602 3036 3651 et
3063 3594 3304 3651 Audacti.
3340 3592 3427 3663 B.,

1847 3666 2048 3721 Eodem
2080 3669 2163 3722 die
2192 3671 2247 3722 S.
2275 3668 2513 3724 Sevene.

1919 3759 2005 3813 5t.
2028 3790 2097 3800 —
2122 3761 2180 3814 ll.
2207 3762 2339 3817 ΚΑΙ..
2370 3761 2532 3815 Vacat
2560 3760 2715 3814 Baeda
2746 3775 2844 3815 nec
2868 3774 2973 3813 non
2999 3772 3099 3813 ms.
3128 3757 3188 3813 D.
3216 3757 3269 3813 in
3297 3774 3429 3828 sup-

1852 3849 2140 3916 pletnento.

1563 3977 1767 4033 SMlTll
1810 3978 2035 4035 NOTAE.

235 4096 262 4123 ⁸
295 4087 522 4144 Sabim.
551 4086 679 4153 Qua:
718 4101 882 4160 passa,
900 4095 982 4141 est
1014 4095 1252 4160 tempore
1298 4088 1542 4145 Hadriani
1574 4090 1742 4160 impe-

161 4160 363 4217 ratoris
410 4159 510 4212 sub
559 4160 807 4223 praelecto
847 4158 1001 4212 Urbis
1030 4157 1262 4226 Elpidio.
1294 4161 1417 4214 llaec
1466 4162 1563 4215 fuit
1611 4157 1744 4216 uxor

161 4230 449 4297 cujusdam
497 4228 886 4295 pi'mclarissimi
937 4229 1233 4295 Valentini,
1264 4242 1317 4286 et
1368 4233 1469 4284 tilia
1523 4231 1747 4287 tlerodis

166 4299 478 4356 metaltarii.
505 4300 634 4365 Qua:
677 4314 705 4351 a
744 4298 799 4353 S.
827 4299 1106 4365 Seraphia,
1136 4303 1287 4367 cujus
1329 4317 1524 4367 corpus
1567 4313 1747 4369 postea

167 4374 288 4440 ipsa
333 4369 530 4425 Sabina
576 4370 1153 4440 sepelivit,7conversa
1203 4381 1287 4425 est
1328 4374 1393 4425 ad
1447 4373 1750 4427 Dominum.

168 4442 305 4498 Post
334 4440 643 4509 martyrium
694 4439 966 4508 Seraphim
1001 4441 1057 4493 Β.
1087 4442 1282 4495 Sabino
1332 4459 1470 4495 anno
1517 4443 1625 4497 fere
1669 4445 1753 4497 in-
1789 4442 1837 4501 Ι)

169 4523 327 4580 tegro
363 4509 718 4578 eleetnosynis
751 4510 1017 4581 incubuit.
1052 4510 1271 4564 Domum
1305 4526 1333 4564 a
1366 4511 1618 4581 priet‘ecto
1651 4516 1754 4569 Ur—

171 4584 259 4638 bis
291 4582 500 4647 Elpidio
529 4580 911 4648 comprehensa
941 4580 1445 4648 compellebatnr’ut
1481 4583 1754 4638 Christum

170 4662 437 4723 negaret:
472 4666 588 4723 qua:
617 4666 735 4704 cum
784 4651 946 4705 nollet
991 4652 1144 4723 idolis
1192 4654 1347 4706 thura
1391 4654 1536 4719 dare,
1568 4657 1756 4710 decol-

174 4721 285 4778 lata
335 4732 438 4794 est.
479 4721 882 4794 Cujuscorpus
918 4738 946 4774 a
996 4721 1313 4794 Christianis
1360 4728 1629 4794 sepultum
1680 4737 1762 4781 est

172 4797 232 4849 in
266 4793 463 4861 oppido
510 4791 779 4847 Vindieusi
821 4792 888 4845 ad
935 4794 1130 4847 Arcum
1180 4791 1443 4853 Faustini;
1483 4798 1647 4851 Perit.
1695 4812 1759 4852 DE

170 4866 393 4922 NATAL.

256 4936 284 4972 δ
314 4935 377 5008 ι).
406 4933 537 5008 _tl;cc
563 4934 639 5008 de
658 4932 1019 5008 Decollatione
1055 4934 1114 4990 S.
1143 4934 1362 4993 Joannis
1390 4938 1643 5008 Baptista:
1676 4940 1765 4993 ha-

174 5008 276 5065 bet
303 5007 368 5057 ad
400 5003 557 5057 linem
589 5004 693 5057 diei
722 5007 1012 5071 sequentis.

260 5085 285 5113 ε
310 5076 642 5129 Alexandria.
667 5076 738 5129 De
762 5077 1132 5129 'l‘ranslatione
1157 5078 1499 5145 reliquiarum
1524 5080 1582 5135 S.
1607 5079 1767 5133 Joan-

181 5149 274 5202 nis
308 5145 561 5214 Baptista:
589 5161 650 5199 ex
683 5147 904 5202 Sebaste
944 5147 1238 5201 Palaestinae
1281 5149 1411 5202 urbe
1453 5151 1504 5202 in
1539 5152 1768 5205 Alexan-

183 5220 363 5273 driam
382 5219 551 5287 plene
577 5217 747 5287 agitur
774 5218 822 5270 iu
854 5217 1024 5272 Bmda:
1049 5218 1314 5274 Chronico
1343 5220 1442 5273 sub
1462 5221 1692 5286 Juliano,
1717 5231 1771 5275 et

184 5292 245 5346 in
282 5286 459 5340 Ruﬁni
494 5287 627 5340 Ilist.
653 5304 706 5349 tt,
732 5288 822 5342 ‘28.

262 5358 293 5399 ἀ
324 5357 510 5430 Caput.
542 5358 709 5425 Caput
750 5358 867 5427 ejus
911 5358 976 5412 ad
1032 5360 1320 5413 Sozomcn.
1358 5375 1451 5427 \‘tl,
1484 5361 1577 5426 ‘21,
1608 5361 1773 5430 impe-

185 5431 391 5486 ratoris
424 5429 707 5481 Theodosii
742 5430 1067 5497 temporibus
1097 5430 1328 5483 delatum
1359 5444 1440 5485 est
1470 5429 1773 5486 Constanti-

188 5499 453 5569 nopolim.
480 5498 553 5552 De
577 5502 808 5553 secunda
834 5500 1140 5554 inventione
1164 5501 1326 5555 etiam
1355 5504 1472 5566 ejus
1499 5506 1687 5570 capitis
1721 5504 1773 5557 in

193 5574 461 5644 Emeseua
492 5570 704 5644 civitate
745 5570 1104 5644 hodieagitur
1130 5573 1275 5644 juxta
1314 5571 1546 5627 Usuardi
1574 5574 1770 5644 Marty-

195 5640 488 5713 rologium,
522 5641 645 5713 licet
688 5652 873 5695 auctor
900 5642 1098 5713 Chron.
1136 5643 1291 5696 Alex.
1334 5643 1475 5698 dicat
1502 5645 1645 5713 quod
1678 5640 1774 5697 itii-

195 5711 514 5785 perantibus
549 5710 920 5768 Valentiniano
950 5720 1004 5768 et
1051 5711 1321 5771 Marciano
1349 5724 1474 5771 ante
1518 5710 1666 5772 diem
1711 5731 1781 5771 xn

1859 4093 1978 4148 Kal.
2011 4092 2143 4146 Mart
2170 4130 2186 4154 .
2212 4098 2264 4144 et
2292 4088 2622 4144 Marcellinus
2654 4090 2703 4143 in
2734 4088 3000 4144 Chronico
3029 4089 3167 4157 quod
3198 4106 3319 4146 χειν
3342 4090 3431 4148 dia

1858 4164 2127 4219 Februarii
2178 4164 2423 4227 Baptistae
2452 4170 2611 4231 caput
2659 4161 2851 4215 iterum
2900 4161 3245 4216 inveniretur.
3298 4162 3428 4219 Vide

1859 4250 2015 4303 supra
2043 4248 2161 4287 xxiv
2191 4233 2349 4285 Febr.

1943 4307 1965 4334 θ
1998 4304 2403 4373 Nangetitorum.
2438 4301 2513 4355 De
2539 4300 2619 4354 bis
2666 4300 2923 4370 postridie
2968 4302 3079 4371 agit
3120 4301 3429 4375 liicronytn.

1863 4376 2310 4442 Martyrologium.

1938 4444 1956 4483 ί
2007 4446 2205 4499 Fursei.
2264 4444 2413 4498 llunc
2478 4443 2635 4495 hodie
2697 4441 3033 4496 laudabiliter
3085 4445 3247 4498 vitam
3316 4444 3436 4499 lini-

1864 4518 2004 4571 visse
2048 4516 2230 4569 scribit
2272 4514 2413 4569 Petr.
2446 4515 2512 4566 de
2556 4513 2725 4565 Natal.
2760 4528 2883 4575 vttt,
2927 4513 3047 4567 126.
3093 4514 3432 4583 Martyrologi

1864 4602 1991 4642 Vero
2018 4601 2203 4639 omnes
2232 4587 2569 4639 cmisetuinut
2598 4599 2718 4637 eum
2750 4584 2949 4638 obiisse
3004 4602 3085 4638 xvt
3135 4585 3393 4638 Januarii.

1938 4668 1962 4705 tt
1998 4658 2204 4710 Felicia.
2252 4658 2321 4711 lle
2367 4658 2445 4709 his
2494 4656 2627 4708 intra
2673 4664 2859 4718 agetur
2908 4671 3040 4708 xxtv
3087 4656 3276 4709 Octob.
3316 4669 3435 4709 cum

1870 4728 2162 4792 Usuardus,
2191 4726 2324 4791 Atio,
2353 4727 2609 4779 Baronius
2630 4733 2685 4781 et
2705 4726 2793 4778 alii
2823 4730 3011 4778 horum
3042 4726 3273 4778 natalem
3298 4727 3439 4779 diem

1869 4800 2164 4853 celebrant.
2201 4797 2261 4851 lli
2293 4799 2461 4850 sancti
2491 4797 2736 4848 videntur
2765 4796 2886 4849 ideo
2916 4797 2979 4848 ad
3017 4797 3155 4848 hunc
3203 4796 3341 4850 diem
3374 4810 3441 4848 ex

1870 4884 2052 4923 errore
2072 4869 2273 4930 referri,
2302 4868 2420 4935 quia
2446 4868 2583 4936 apud
2617 4878 2845 4920 eteteros
2874 4867 3265 4936 martyrologos
3297 4866 3445 4919 Felix

1868 4942 2082 5008 quidam
2115 4940 2391 5008 presbyter
2432 4949 2485 4991 et
2529 4939 2822 5001 Adauctus,
2855 4939 2941 5004 qui
2968 4937 3174 5008 Romae
3222 4937 3302 4991 via
3346 4938 3448 4990 Us-

1872 5007 2025 5065 tiensi
2057 5017 2156 5063 sub
2181 5007 2504 5062 Diocletiano
2527 5010 2665 5074 passi
2699 5016 2842 5070 Sunt,
2877 5007 3033 5060 Inidie
3057 5018 3445 5060 memorantur.

1872 5082 2034 5148 Cujus
2064 5079 2291 5133 cititatis
2320 5080 2371 5133 in
2400 5080 2572 5132 Airira
2600 5078 2745 5131 Felix
2776 5077 3065 5148 episcopus
3099 5078 3275 5145 fuerit,
3304 5079 3446 5130 varia

1869 5146 2033 5204 lectio
2062 5159 2160 5203 est.
2207 5150 2394 5203 Noster
2446 5151 2600 5215 legit,
2644 5148 2879 5200 civitatis
2927 5146 3280 5215 Tubzocensis,
3315 5149 3453 5209 Atto,

1879 5220 2223 5286 Tibrureusis,
2254 5231 2413 5289 prout
2440 5222 2599 5274 etiant
2640 5219 2691 5270 in
2726 5220 2912 5289 borum
2956 5228 3244 5288 martyrum
3286 5219 3454 5285 Aulis,

1883 5309 2000 5360 quae
2052 5302 2261 5345 eXstant
2286 5293 2424 5358 apud
2456 5290 2668 5343 Suritun
2701 5298 2831 5360 toni.
2866 5288 2925 5353 V,
2967 5289 3175 5357 legitur.
3208 5289 3283 5343 Ex
3323 5290 3461 5342 anti-

1880 5359 1998 5432 quis
2027 5375 2205 5415 autem
2238 5379 2369 5416 mss.
2403 5362 2590 5432 verior
2615 5359 2776 5432 lectio
2798 5374 2859 5413 ea
2888 5360 3311 5432 mihiprobatur
3337 5373 3462 5432 qua!

1886 5428 2067 5495 liabet,
2095 5433 2389 5486 Tibirensis.
2420 5434 2494 5485 De
2516 5428 2777 5482 'l'ibirensi
2825 5432 2905 5483 vel
2929 5430 3220 5483 Tibiritana
3245 5430 3459 5485 civitate

1886 5505 2089 5557 mentio
2124 5504 2349 5556 habetur
2376 5504 2427 5555 in
2458 5515 2612 5555 conc.
2640 5500 2894 5570 Carthag.
2921 5501 3251 5570 temporibus
3279 5501 3337 5554 S.
3357 5499 3460 5570 Cy'

1886 5575 2073 5641 priaui.
2104 5574 2303 5628 BARON.
2331 5574 2382 5627 in
2412 5572 2580 5625 Notis.
2613 5599 2682 5609 —
2715 5568 2921 5623 Felicis.
2960 5569 3050 5623 Via
3095 5571 3324 5626 Ostiensi
3366 5568 3465 5624 sub

1891 5645 2218 5699 Diocletiano
2270 5653 2324 5697 et
2372 5642 2688 5696 Maximiano
2735 5642 3164 5710 imperatoribus.
3211 5643 3310 5709 Qui
3345 5652 3467 5710 post

1891 5716 2197 5787 equuleuin,
2222 5714 2341 5771 data
2362 5714 2625 5770 sententia
2645 5727 2763 5769 cum
2789 5712 2852 5768 ad
2878 5710 3281 5771 decollatienem
3305 5713 3466 5769 duce-
