4064 6346
213 312 346 370 1035

1325 303 1518 361 SECT.
1564 300 1626 355 ll.
1673 326 1736 337 —-
1774 287 2237 348 ΜΑῐιτγῐιυωιι

3338 276 3474 331 ιιιδι

1449 393 1677 450 EDITIO
1715 380 2188 443 COLOXIENSIS.
3149 445 3152 448 Α

209 503 516 560 puerorum,
583 487 780 552 Rulipi,
833 485 1049 556 Sylvani
1097 493 1152 540 et
1209 484 1470 539 Vitalicre.
1529 483 1787 536 Cabilone
1816 483 1861 538 Α
1895 477 2032 527 uit-fu
2063 471 2207 524 urbis
2231 464 2720 560 adipiscitur-Julii!
2751 463 3088 560 D0_Slm(:dutu
3112 463 3209 518 sub
3236 463 3470 560 impera-

211 582 385 636 natale
414 581 585 634 sancti
630 578 890 645 Marcelli,
921 579 1010 647 qui
1046 578 1144 632 sub
1173 577 1444 630 Antonino
1472 575 1791 643 imperatore

210 691 306 741 per
354 674 596 728 Priscum
631 671 915 740 prmsidem
971 684 1180 738 passus,
1239 671 1379 722 hunc
1429 667 1793 722 immolmtem

212 767 317 820 clis
345 763 460 818 suis
487 763 730 815 incurrit.
765 762 1005 831 Cumque
1033 761 1099 812 ab
1128 774 1194 816 eo
1224 759 1288 811 ad
1320 757 1624 812 convivium
1664 768 1793 823 pro-

216 855 396 907 fanum
427 853 609 907 fuisset
638 853 912 920 invitatus,
943 859 995 905 et
1020 849 1324 917 lmjusmodi
1346 859 1634 903 exsecraris
1659 859 1793 913 epu-

216 945 519 1003 las,0mnes
547 942 634 1009 qni
667 944 911 1006 aderant,
943 940 1218 995 cur'idolis
1244 937 1600 998 deservirent,
1631 935 1798 988 libera

221 1033 590 1100 increpatione
619 1033 934 1100 corriperet,
970 1031 1213 1085 inaudito
1255 1030 1581 1083 crudelitatis
1606 1041 1802 1097 genere

211 1124 391 1178 defodi
445 1139 568 1178 eum
609 1124 820 1192 cingulo
873 1132 1024 1176 tenus
1073 1132 1311 1176 erectum
1368 1136 1566 1187 prmses
1617 1118 1801 1186 jussit.

215 1220 412 1284 Sicque
442 1225 656 1270 sanctus
687 1215 779 1269 Dei
829 1226 1032 1284 martyr
1077 1215 1255 1268 triduo
1307 1215 1358 1266 in
1411 1212 1656 1265 laudibus
1705 1210 1798 1264 Dei

215 1306 601 1374 omnipotentis
633 1321 1004 1376 perseverans,
1047 1307 1524 1361 incontaminatnm
1557 1305 1803 1374 Spiritum

218 1402 474 1456 reddidit.

285 1494 352 1548 G.
397 1493 529 1547 Nox.
568 1495 843 1548 SEPTEMB.
886 1493 940 1546 In
973 1491 1281 1546 suburbano
1314 1489 1498 1542 Roma:
1529 1488 1668 1542 beati
1706 1486 1800 1538 Vi-

211 1583 407 1637 ctorini
439 1585 685 1651 martyris
707 1625 720 1649 ,
753 1583 843 1652 qui
873 1582 998 1635 dum
1042 1579 1371 1634 eremiticam
1421 1577 1580 1631 vitam
1632 1575 1792 1628 duce-

216 1682 319 1738 ret,
355 1675 556 1728 diaboli
590 1674 932 1729 suasionibus
957 1683 1038 1726 est
1071 1673 1271 1740 lapsus,
1301 1671 1392 1724 sed
1442 1685 1535 1738 per
1565 1669 1654 1722 Dei
1686 1680 1808 1736 gra-

217 1767 346 1819 tiam
378 1774 749 1834 recnperatus,
797 1773 850 1819 et
881 1772 1064 1833 postea
1118 1762 1476 1817 sacerdotium
1532 1758 1804 1813 Aminter-

1899 575 2017 618 tore
2043 562 2233 619 Nerva.
2268 574 2386 612 cum
2421 549 2542 610 aliis
2571 557 2659 610 Dei
2687 555 2878 624 servis,
2931 555 3116 610 Eutice
3145 565 3198 609 et
3241 555 3473 610 Narona:

1899 656 1968 708 ah
1996 653 2281 707 Aureliano
2326 651 2503 720 judice
2536 651 2707 716 primo
2737 649 3005 720 relegatur
3037 649 3177 717 apud
3225 664 3345 703 eum
3397 649 3474 702 lo-

1901 760 2042 808 Cum,
2078 743 2162 794 ubi
2195 751 2440 810 potentes
2471 755 2620 808 aqua:
2647 750 2700 793 et
2747 740 3052 808 sulphurea:
3085 752 3335 796 emanant
3363 761 3374 795 :
3426 745 3479 796 in

1903 836 2030 905 ipsis
2051 835 2222 903 capite
2251 832 2498 886 deorsum
2530 847 2622 901 per
2650 840 2759 886 tres
2790 831 2950 885 horas
2979 833 3235 901 suspendi
3263 833 3464 902 jussus,

1904 940 1955 983 et
1986 927 2150 981 teneri
2196 926 2262 979 ab
2291 925 2453 995 impio
2491 924 2666 994 judice
2698 927 2873 991 jussus
2899 934 2998 980 est.
3033 925 3184 993 Quod
3217 942 3335 980 cum
3383 942 3480 996 per

1907 1022 2137 1075 tuiduum
2172 1033 2265 1087 pro
2292 1017 2505 1071 nomine
2545 1016 2739 1072 Christi
2773 1033 2959 1086 passus
3000 1018 3211 1083 luisset,
3243 1021 3477 1091 gloriose

1907 1121 2188 1169 Coronalus
2219 1111 2388 1165 victor
2417 1110 2660 1179 migravit
2690 1110 2754 1162 ad
2806 1111 3105 1166 Dominum.
3157 1112 3320 1180 Cujus
3353 1129 3479 1168 cor-

1908 1220 2004 1274 pus
2033 1204 2469 1258 Aminternenses
2485 1202 2661 1269 populi
2692 1203 2980 1271 rapientes,
3005 1205 3355 1258 honorilicata
3387 1221 3476 1260 se-

1910 1295 2122 1364 pultura
2152 1293 2530 1348 condiderunt.
2586 1292 2769 1346 Roma:
2800 1293 2970 1348 sancti
3002 1295 3304 1349 Herculiani
3339 1312 3482 1350 mar-

1912 1387 2062 1457 tyris.
2109 1385 2307 1452 Capua:
2338 1394 2648 1438 sanctorum
2691 1384 2890 1453 Quinti,
2925 1387 3158 1442 Arcontii
3190 1399 3240 1442 et
3276 1391 3488 1455 Donati,

1911 1476 2150 1540 Taurini,
2204 1474 2376 1542 Nimpi
2430 1482 2484 1528 et
2534 1473 2828 1538 Saturnini,
2871 1487 2925 1528 et
2973 1477 3236 1550 depositio
3285 1480 3484 1550 Ingenii

1912 1567 2170 1636 episcOpi.
3053 1545 3066 1559 ’

1987 1659 2046 1712 D.
2093 1657 2199 1712 Vlll
2240 1656 2358 1710 lous
2414 1655 2690 1711 Serrane.
2744 1655 3017 1711 Zachariae
3075 1661 3371 1728 prophetae.
3429 1660 3497 1716 Et

1915 1750 2089 1804 natale
2136 1747 2276 1801 beati
2321 1745 2661 1814 Onesiphori,
2695 1748 3058 1815 apostolorum
3111 1749 3378 1819 discipuli,
3421 1753 3492 1808 do

1471 1873 1701 1927 EDITIO
1743 1858 2245 1923 BOLLANDIANA.

293 1966 490 2021 Florus
522 1967 574 2021 in
612 1970 677 2022 A.
703 1967 767 2021 Τ.
798 1968 856 2022 Ι..
887 1985 899 2020 :
933 1968 987 2022 In
1027 1965 1220 2031 Callia,
1269 1965 1486 2019 civitate
1528 1960 1811 2017 Cavalonis
1843 1962 1890 2022 B
1920 1955 2042 2006 liam
2074 1951 2172 2004 sub
2205 1949 2430 2018 Ρτεεεῖάθ
2472 1947 2736 2017 Crispino.
2783 1949 2982 2004 Eodem
3015 1951 3103 2008 die
3133 1953 3398 2020 depo~itio
3427 1959 3490 2015 S.

219 2063 405 2118 natale
449 2064 504 2118 8.
550 2072 574 2098 ⁸
613 2063 846 2118 Marcelli
905 2064 1156 2133 martyris
1183 2104 1197 2127 ,
1259 2062 1346 2130 qui
1395 2061 1682 2115 virtutibus
1723 2073 1814 2112 co-

223 2168 456 2209 ruscans
484 2163 538 2208 ct
566 2153 618 2208 in
655 2152 994 2208 confessione
1043 2153 1252 2207 Domini
1302 2160 1607 2206 constanter
1635 2162 1814 2219 perse-

224 2260 449 2307 vorans,
481 2253 723 2314 tempore
762 2245 1014 2299 Antonini
1047 2245 1147 2298 sub
1177 2243 1364 2298 Prisco
1409 2241 1656 2310 prazside,
1699 2255 1814 2296 me-

224 2335 350 2388 dius
381 2337 435 2388 in
469 2346 608 2389 terra
651 2337 825 2391 fossus
855 2335 1253 2390 consummavit
1278 2334 1616 2404 martyrium.

302 2428 366 2480 Β.
404 2427 468 2480 V.
502 2428 562 2479 Τ.
601 2427 664 2482 L.
696 2429 760 2480 C.
788 2446 800 2481 :
827 2427 1010 2481 Romae
1057 2428 1137 2479 via
1187 2426 1394 2482 Salaria
1443 2423 1704 2492 depositio
1749 2422 1808 2477 8.

225 2496 254 2535 δ
285 2497 546 2550 Bonifacii
575 2500 834 2564 episeopi.
887 2500 970 2563 8.,
1014 2497 1138 2556 Item
1183 2498 1384 2558 ltomm,
1414 2497 1470 2548 Β.
1505 2497 1568 2551 (3.
1600 2495 1684 2552 ν..
1731 2492 1808 2564 Ad

230 2567 291 2621 S.
331 2563 686 2628 Felicitatem.
732 2569 922 2634 Magni,
965 2569 1129 2631 Casti,
1178 2565 1474 2621 Saturnini.
1509 2567 1594 2628 D.,
1642 2563 1808 2631 Moysi

231 2639 534 2705 propheta:.
568 2640 720 2704 Apud
753 2643 1015 2704 Ancyram
1046 2637 1264 2690 Calatia:
1295 2638 1467 2688 natale
1501 2642 1808 2705 sanctorum

236 2702 534 2774 martyrum
565 2702 722 2760 trium
750 2702 1030 2771 puerorum
1065 2707 1256 2771 llulini,
1295 2705 1495 2760 Silvani
1537 2715 1589 2758 et
1623 2702 1808 2774 Vitali-

228 2792 335 2830 θαι.
361 2773 447 2843 8.,
468 2775 787 2832 Cavellionis
812 2779 985 2841 passio
1007 2778 1066 2831 S.
1093 2777 1328 2831 Marcelli
1349 2775 1605 2846 episcopi.
1625 2773 1808 2829 Trevi-

228 2849 308 2900 ris
335 2849 518 2901 natale
542 2848 600 2903 8.
628 2858 650 2884 ο
677 2848 879 2902 Paulini
909 2847 1166 2914 episc0pi.

301 2937 356 2989 5.
381 2968 452 2976 —
472 2937 655 2994 Nonus.
685 2938 850 2993 Vacat
873 2939 1048 2994 Baeda.

301 3027 498 3082 Florus
543 3029 595 3083 in
643 3032 709 3084 A.
742 3039 794 3082 ct
821 3029 885 3082 T.
915 3048 928 3083 :
959 3031 1012 3083 In
1047 3029 1329 3084 Viennensi
1377 3030 1592 3086 civitate
1637 3028 1813 3097 passio

223 3119 281 3174 S.
310 3124 336 3164 ιι
362 3118 562 3174 Ferioli
610 3122 861 3190 martyris
887 3119 972 3189 qni
1016 3121 1295 3189 gladialem
1323 3123 1559 3191 suscepit
1595 3129 1814 3175 senten-

1924 2050 1947 2077 °
1971 2043 2166 2096 Bertini
2191 2040 2512 2095 confessoris
2537 2050 2590 2094 et
2612 2041 2881 2109 monachi,
2911 2044 2998 2114 qui
3026 2045 3075 2097 in
3108 2046 3301 2102 divinis
3327 2054 3489 2107 rebus

1921 2134 2153 2201 prudens
2185 2139 2239 2185 et
2287 2131 2340 2184 in
2372 2131 2527 2185 malis
2580 2132 2801 2200 simplex
2851 2135 3136 2190 virtutibus
3181 2140 3372 2196 claruit
3405 2145 3489 2199 di-

1921 2239 2076 2280 VlﬂlS.

1993 2341 2053 2415 ν,
2087 2341 2174 2415 C.,
2225 2341 2285 2415 In
2327 2349 2481 2415 pprtu
2531 2339 2770 2415 Romano
2817 2343 3018 2415 Quinti,
3064 2345 3303 2415 Taurini,
3357 2353 3493 2407 Arc-

1921 2414 2074 2476 stosi,
2103 2412 2309 2474 Donati.
2349 2412 2640 2473 Saturnini,
2671 2413 2905 2478 Ingenui.
2956 2416 3036 2480 8.,
3074 2419 3257 2472 Itomze
3290 2412 3496 2478 natalis

1921 2482 2019 2536 SS.
2044 2483 2261 2536 Taurini
2311 2492 2364 2534 et
2411 2483 2703 2535 Saturnini.
2743 2484 2826 2546 l).,
2863 2485 3046 2536 Itonia:
3078 2487 3160 2550 8.,
3190 2488 3207 2524 ί
3241 2490 3494 2548 Victorini

1927 2554 2215 2622 martyris:
2244 2553 2456 2605 fuerunt
2498 2562 2674 2604 autem
2707 2553 2811 2605 duo
2854 2554 3046 2608 fratres
3099 2557 3400 2614 Victorinus
3441 2577 3498 2618 et

1918 2625 2228 2699 Severinus.
2264 2627 2350 2681 A..
2384 2622 2903 2699 liomaajlepositiou
2937 2624 3187 2699 Bonifacii
3229 2636 3490 2699 episcopi.

1919 2693 2006 2760 L.,
2040 2693 2093 2766 |_n
2126 2693 2324 2766 Vienna
2351 2693 2534 2766 passio
2573 2691 2629 2766 _S.
2677 2693 2892 2766 Ingenui
2943 2695 3205 2766 episcopi.
3245 2703 3309 2756 Α.
3333 2691 3494 2762 Ί“.’ί..

1924 2766 2007 2839 IL.
2043 2764 2105 2839 ln_
2129 2763 2307 2839 Capua
2339 2763 2642 2839 (lanipanim
2675 2763 2848 2839 natale
2890 2763 3195 2821 sanetorum
3227 2768 3404 2839 Quinti
3438 2786 3493 2826 et

1921 2834 2128 2888 Donati.
2163 2833 2222 2886 Β.
2252 2833 2537 2900 interponit
2566 2834 2792 2884 Arcanti.

1991 2947 2045 3001 6.
2072 2973 2142 2987 -—
2169 2944 2281 2998 Vlll
2315 2944 2450 2998 lous.
2483 2944 2756 2997 Zacharia:
2787 2911 3081 3015 prophetze.

1997 3048 2214 3123 Ponitur
2245 3047 2577 3123 ult_imo_|oco
2623 3049 2672 3123 in
2820 3050 2993 3123 cel...
3021 3061 3262 3123 secundo
3311 3057 3361 3110 in
3403 3061 3495 3123 A.,

1925 3120 2050 3172 alibi
2086 3120 2274 3187 primo.
2312 3120 2395 3185 υ..
2430 3119 2495 3171 Et
2535 3120 2709 3174 natale
2739 3116 3190 3191 8.1‘0nesiphori
3223 3116 3500 3196 apostolo;

1632 3210 1836 3266 SMI'I‘H
1877 3209 2102 3268 NOTAE.

223 3303 347 3358 tela:
376 3315 498 3355 cum
531 3300 820 3364 Dorolhea,
850 3299 1043 3353 Thecla
1076 3308 1128 3353 et
1173 3299 1413 3364 Erasma,
1454 3300 1552 3353 sub
1597 3301 1806 3370 Nerone
1835 3300 1880 3360 C
1916 3300 2054 3368 regis
2079 3315 2164 3353 an.
2195 3299 2278 3353 15.
2310 3298 2442 3353 Vide
2477 3299 2643 3352 Vitam
2686 3299 2800 3367 ejus
2847 3299 3041 3354 editam
3075 3301 3212 3370 apud
3245 3301 3486 3356 Mabillo-

222 3382 350 3442 post
380 3370 548 3424 multa
587 3371 845 3442 supplicia
891 3371 1067 3442 gladio
1110 3385 1247 3442 caesa
1280 3379 1380 3442 est,
1423 3379 1478 3442 et
1521 3386 1550 3422 a
1577 3371 1633 3424 8.
1665 3368 1806 3442 Iler-

221 3440 448 3509 inagora
475 3443 703 3506 sepulta.
735 3441 837 3494 Sed
869 3457 934 3492 an
969 3441 1082 3504 illa,
1114 3440 1264 3506 cujus
1296 3441 1537 3493 hocloco
1563 3441 1806 3492 niendni-

225 3528 348 3565 mus
378 3512 452 3564 sit
481 3511 667 3564 eadem
700 3525 819 3564 cum
852 3509 972 3574 hac,
1004 3525 1069 3562 an
1100 3524 1218 3563 cum
1247 3525 1305 3562 ea
1337 3526 1454 3580 qua:
1497 3511 1653 3563 Slmtll
1687 3525 1806 3562 cum

223 3582 427 3640 Siricio
457 3591 510 3634 et
544 3583 794 3634 Aristone
827 3596 976 3646 passa
1007 3589 1109 3639 cst,
1144 3580 1401 3633 incertum
1436 3581 1664 3634 videtur.

303 3654 330 3680 “
360 3651 618 3703 Marcelli.
663 3650 737 3704 De
765 3649 863 3703 hoc
895 3649 1015 3702 vide
1041 3650 1278 3707 Surium.
1313 3659 1443 3703 tom.
1481 3651 1542 3715 V,
1565 3661 1618 3704 et
1647 3650 1808 3719 Ureg.

226 3723 468 3783 Torum,
501 3737 575 3780 ιι.
605 3719 662 3786 ’5,
694 3732 746 3773 et
767 3721 833 3773 de
855 3720 1004 3772 Glor.
1042 3728 1223 3782 mart.,
1257 3719 1346 3772 53.

299 3790 328 3826 ι’
362 3789 639 3856 Bonifacii.
683 3792 738 3843 In
781 3791 1092 3844 cmmeterio
1141 3790 1360 3843 Maximi
1409 3791 1625 3857 sepulti,
1653 3791 1810 3858 juxta

224 3861 454 3930 Hieron.
486 3860 758 3930 Martyrol.

307 3943 331 3968 ο
364 3924 596 3983 Paulini.
623 3924 718 3983 'De
759 3931 860 3983 hoc
890 3929 1032 3996 vide,
1074 3943 1256 3995 supra,
1285 3929 1424 3982 diem
1463 3929 1524 3981 3|
1565 3929 1809 3999 AuguSti.

301 4001 330 4038 ά
363 4000 578 4054 Ferioli.
620 3999 747 4054 Sive
780 4000 1030 4053 Ferreoli.
1062 4001 1159 4066 Qui
1189 4015 1308 4052 cum
1353 4008 1497 4052 esset
1527 4001 1814 4054 tribunitiae

230 4072 545 4142 potestatis,
573 4070 726 4142 jussu
753 4071 980 4138 Crispini
1017 4069 1312 4142 impiissimi
1341 4071 1581 4142 prwsidis
1614 4079 1812 4134 tentus,

224 4140 288 4199 et
321 4143 496 4210 primo
547 4141 920 4194 crudelissime
966 4140 1297 4204 verberatus,
1328 4141 1522 4193 deinde
1551 4142 1696 4208 gravi
1727 4156 1817 4193 ca-

235 4226 484 4267 tenarum
516 4211 753 4276 pondere
788 4221 1042 4263 oneratus
1097 4211 1144 4262 in
1180 4212 1513 4265 teterrimum
1545 4225 1814 4272 carcerem

231 4294 420 4336 trusus
461 4289 578 4342 est,
611 4281 754 4334 unde
786 4281 976 4333 Soitllis
1011 4280 1100 4333 Dei
1151 4290 1280 4333 nutu
1310 4282 1532 4335 vinculis
1561 4293 1612 4334 et
1637 4280 1818 4349 januis

233 4352 473 4406 carceris
506 4349 786 4417 patefactis
819 4350 1026 4420 exiens,
1077 4350 1144 4404 ab
1190 4351 1594 4420 insequentibus
1625 4357 1814 4404 iterum

233 4432 428 4489 captus
459 4432 558 4486 est,
594 4430 647 4473 et
676 4419 917 4489 martyrii
945 4424 1170 4482 palmam
1197 4421 1385 4487 capitis
1412 4423 1818 4475 obtruncatione

234 4495 508 4562 percepit.
539 4492 698 4562 Danda
732 4490 1176 4562 vulg.,iUsnard.
1213 4502 1264 4543 et
1298 4493 1430 4553 Ado,
1463 4494 1528 4544 de
1563 4506 1628 4544 eo
1658 4501 1820 4558 agunt

238 4560 307 4618 t8
339 4562 429 4614 die
462 4560 620 4629 lmjns
654 4563 875 4613 mensis.
914 4561 1038 4626 Ejus
1085 4575 1172 4614 res
1201 4570 1378 4625 gestas
1410 4562 1578 4614 edidit
1608 4563 1812 4624 Sui-ius,

1916 3372 1988 3421 nii
2019 3384 2145 3424 smc.
2180 3386 2257 3432 Ill,
2293 3372 2407 3423 Act.
2449 3370 2577 3423 Ben.
2613 3371 2797 3422 Annus
2833 3385 2962 3423 vero
2989 3372 3206 3439 quintus
3250 3373 3494 3427 decimus

1913 3439 2238 3493 Childeberti
2271 3441 2414 3509 regis
2446 3439 2645 3494 rectius
2675 3442 2922 3494 convenit
2961 3456 3083 3495 cum
3125 3457 3267 3495 anno
3293 3443 3492 3497 Christi

1917 3511 2041 3564 103).
2082 3511 2139 3562 S.
2185 3510 2385 3564 Bertini
2426 3511 2709 3563 absronsio
2757 3523 2784 3562 a
2817 3510 3081 3580 Folquino
3109 3513 3307 3566 smculo
3336 3527 3386 3566 ιχ
3415 3515 3497 3566 fa-

1915 3593 1995 3632 cta
2029 3581 2470 3650 inscribitiirxvn
2496 3580 2616 3633 Kal.
2662 3581 2907 3650 Augusti,
2943 3583 3172 3635 elevatio
3219 3582 3415 3637 szeculo
3439 3599 3492 3639 ιιι

1915 3652 2181 3705 celebrata
2236 3666 2264 3702 a
2316 3649 2547 3704 Wrdone
2614 3649 2941 3704 Rheniorum
3002 3652 3406 3720 archiepiscopo
3443 3667 3496 3708 vr

1918 3722 2092 3775 Nonas
2119 3721 2261 3786 Maii,
2293 3721 2570 3774 translatio
2599 3722 2829 3788 denique
2871 3721 2921 3773 in
2968 3722 3176 3775 thecam
3209 3722 3496 3789 pretiosio-

1919 3806 2029 3846 rem
2063 3791 2257 3844 saaculo
2290 3805 2405 3855 vin,
2442 3806 2534 3858 per
2565 3791 2782 3843 Petrum
2823 3791 3153 3845 Morinorum
3183 3793 3494 3860 episcOpum

1917 3876 2022 3912 xvtt
2051 3861 2167 3913 Kal.
2199 3865 2332 3926 Aug.

1997 3928 2014 3966 ί
2054 3930 2322 4000 Victorini.
2369 3929 2672 3983 Victorinus
2711 3938 2935 4000 martyr,
2961 3929 3111 3996 cujus
3144 3931 3306 3984 frater
3340 3931 3500 3987 fuisse

1919 4000 2205 4054 Severinus
2229 3998 2608 4064 Neapolitanus
2641 3998 2884 4061 traditur,
2917 4002 3220 4053 celebratur
3247 4002 3300 4054 in
3324 4003 3500 4056 omni-

1921 4076 2017 4123 bus
2045 4069 2439 4139 MartyroIOgiis
2471 4086 2535 4140 xv
2568 4077 2694 4138 Apr.
2720 4070 2785 4122 ad
2815 4073 2993 4136 Aquas
3013 4068 3252 4139 Cutylias
3292 4082 3498 4140 marty-

1922 4142 2001 4193 rio
2040 4150 2346 4204 coronatura,
2373 4139 2513 4206 quod
2543 4154 2663 4193 cum
2716 4141 2811 4193 SS.
2863 4141 3080 4194 Marone
3115 4149 3170 4194 et
3202 4139 3500 4210 Entychete

1922 4213 1980 4264 S.
2009 4211 2242 4264 Flaviam
2275 4210 2591 4280 Domitillam
2618 4210 2940 4263 eontirmare
2966 4214 3017 4262 in
3047 4213 3323 4280 proposito
3347 4222 3501 4265 tuen-

1922 4285 2002 4334 da:
2032 4279 2350 4348 virginitatis
2401 4277 2735 4334 crederetur.
2783 4280 2955 4348 Atque
2987 4277 3500 4337 hunc'Amiternim

1923 4352 2214 4405 antistitem
2247 4364 2402 4402 suum
2433 4348 2596 4420 fuisse
2639 4359 2842 4417 putant.
2887 4351 3116 4403 Rursum
3149 4367 3178 4402 v
3223 4354 3498 4420 Septemb.

1923 4422 2064 4474 idem
2093 4431 2423 4473 memoratur
2471 4420 2522 4472 in
2554 4419 2937 4489 Martyrologio
2983 4422 3226 4474 Romano
3252 4419 3306 4476 et
3352 4423 3498 4487 aliis,

1923 4491 2015 4543 sed
2059 4491 2218 4543 veluti
2268 4490 2536 4552 diversus,
2572 4490 2870 4560 ad_Aquas
2912 4503 3088 4545 tamen
3129 4491 3368 4560 Cutylias
3400 4494 3502 4546 sub

1924 4562 2094 4614 Nerva
2144 4562 2466 4628 imperatore
2506 4558 2839 4625 interfectus,
2885 4577 3006 4616 cum
3052 4570 3196 4616 esset
3235 4558 3499 4616 Amiterni

238 4631 467 4707 tom._V.
507 4630 582 4707 De
606 4630 1109 4707 ejusﬂtranslatione
1136 4638 1311 4707 exstat
1342 4633 1564 4707 epistola
1613 4631 1816 4707 Sidonii
1851 4648 1900 4707 υ
1928 4633 2229 4707 episcopus.
2269 4631 2394 4707 _Ado
2441 4645 2511 4707 eo
2533 4631 2619 4683 die
2640 4630 2898 4707 Severini
2929 4635 3145 4707 tratrem
3179 4642 3361 4707 vocat;
3403 4632 3501 4707 sed

239 4701 570 4772 Apollinaris
611 4701 677 4753 ad
721 4701 781 4754 S.
830 4700 1165 4772 Mamertum,
1201 4700 1291 4752 lib.
1313 4714 1428 4772 _vtl,
1477 4701 1631 4767 epist.
1674 4705 1719 4754 I.
1751 4702 1824 4754 De

235 4768 352 4825 alia
400 4785 590 4824 rursus
642 4772 780 4822 facta
814 4768 1160 4822 translatione
1193 4785 1283 4836 per
1313 4769 1656 4824 Wilicardum
1711 4776 1824 4839 epi-

237 4857 492 4910 scopum,
541 4840 731 4894 scribit
760 4841 875 4892 Ado
921 4841 972 4910 in
1013 4840 1239 4910 Chron.,
1295 4855 1436 4894 anno
1466 4843 1589 4894 719.
1644 4842 1718 4894 De
1761 4841 1818 4895 S.

244 4909 1252 4982 Ferreoli“corporehapudAViettnam
1305 4912 1478 4977 posito
1519 4912 1625 4981 agit
1663 4911 1818 4982 Greg.

239 4983 474 5041 Turon.,
509 4980 600 5032 lib.
636 4983 702 5048 de
741 4978 922 5033 Mirac.
948 4980 1002 5032 8.
1036 4979 1261 5042 Jolian.,
1291 4994 1411 5048 cap.
1443 4982 1496 5033 2.

321 5062 346 5087 ε
369 5050 590 5103 Bertim‘.
630 5047 732 5102 Hic
762 5053 810 5101 in
841 5051 1166 5103 Constantia:
1210 5047 1404 5102 finibus
1454 5061 1605 5105 natus
1635 5062 1739 5113 est,
1773 5063 1824 5105 ct

243 5127 572 5176 monachum
619 5119 671 5172 in
723 5118 1040 5173 Luxoviensi
1095 5123 1422 5173 inonasterio
1470 5125 1571 5174 sub
1631 5122 1822 5176 Eusta-

243 5194 373 5245 chio
406 5194 678 5258 professus
703 5201 820 5254 est;
849 5205 911 5242 ex
936 5205 1041 5256 quo
1065 5205 1310 5252 egressus
1343 5205 1442 5242 una
1463 5206 1584 5244 cum
1614 5193 1824 5245 duobus

244 5262 536 5314 comitibus
595 5260 942 5312 Mummolino
983 5268 1036 5311 et
1094 5263 1466 5326 Eberlramno,
1522 5277 1615 5329 per
1663 5273 1824 5314 totam

246 5332 478 5386 Galliam
510 5331 730 5384 verbum
763 5332 1104 5396 praedicabat,
1146 5343 1198 5384 et
1231 5341 1352 5398 post
1384 5334 1595 5400 Ioagum
1625 5342 1842 5398 tempo-.

249 5405 326 5455 ris
359 5400 697 5454 intervallum
737 5401 792 5453 8.
843 5402 1206 5454 Audomarum
1251 5401 1679 5456 'l‘arvenuensem
1715 5405 1827 5468 epi-

249 5486 480 5538 scopum
524 5469 672 5533 adiit,
705 5479 759 5522 ut
788 5468 834 5521 ei
883 5468 936 5521 in
970 5472 1304 5535 prtcdicando
1343 5483 1489 5526 esSet
1531 5488 1731 5538 comes,
1763 5481 1818 5527 et

252 5541 324 5594 ab
363 5540 640 5596 Adroaldo
690 5538 895 5606 accepit
924 5539 1095 5592 locum
1124 5542 1263 5607 apud
1294 5543 1464 5596 Sithiu
1499 5545 1587 5596 ubi
1634 5558 1817 5597 mona-

253 5614 481 5665 sterium
530 5610 844 5672 aedificaret,
888 5625 1030 5663 anno
1070 5613 1349 5666 undecimo
1389 5614 1678 5668 ChlodOVei
1724 5614 1816 5665 Ιὶιιί

256 5681 564 5751 Dagoberti,
594 5681 644 5734 id
676 5680 989 5752 estChristi
1012 5681 1116 5752 6,18
1145 5695 1234 5736 aut
1265 5685 1580 5752 insequenti,
1615 5686 1703 5737 ubi
1730 5698 1818 5737 se-

260 5750 361 5810 nes
400 5755 530 5808 obiit
558 5765 698 5806 anno
726 5751 922 5804 Christi
963 5750 1088 5819 698,
1135 5750 1461 5810 Childebci'ti
1498 5753 1818 5812 Francorum

675 5845 940 5908 ΡΑτιιοι..
993 5844 1206 5908 XCIV.

1929 4703 2205 4754 ntanifeste
2232 4701 2282 4754 ei
2310 4714 2430 4765 quas
2457 4699 2713 4756 Victorini
2757 4702 3084 4758 confessoris
3121 4711 3244 4754 sunt
3268 4702 3454 4755 tribuit
3481 4719 3496 4766 ;

1926 4772 2047 4823 licet
2076 4771 2270 4824 deinde
2320 4769 2713 4826 Amiterninum
2747 4774 3037 4826 antistitem
3067 4781 3304 4826 creatum
3348 4773 3494 4824 velit.

1924 4839 2268 4904 Suspicamur
2298 4856 2327 4892 v
2357 4839 2636 4906 Septemb.
2687 4843 2812 4895 olim
2868 4852 3112 4896 sanctum
3166 4840 3495 4895 Victorinum

1924 4910 2314 4973 confessorem,
2356 4911 2748 4965 Amiterninum
2772 4913 3100 4980 episcopum,
3132 4911 3495 4973 celebratum;

1925 4983 2162 5048 quicum
2217 4989 2416 5049 martyr
2455 4981 2654 5036 obiisse
2701 4991 2754 5035 et
2797 4983 3114 5036 Severinum
3158 4981 3376 5034 fratrem
3408 4981 3505 5034 ha-

1927 5053 2104 5105 buisse
2139 5051 2426 5118 diceretur,
2477 5051 2600 5105 hinc
2643 5053 2859 5120 praebita
2907 5054 3118 5106 occasio
3156 5051 3498 5106 existimandi

1930 5123 2090 5174 alium
2122 5135 2242 5174 esse
2269 5137 2297 5173 a
2327 5121 2597 5176 Victorino
2629 5124 2726 5178 88.
2756 5122 2932 5181 Nerei.
2958 5123 3209 5185 Achillei,
3244 5121 3495 5184 Maronis,

1935 5192 2252 5261 Eutychetis.
2275 5193 2447 5257 socio,
2482 5204 2536 5246 et
2585 5208 2615 5245 a
2648 5192 2914 5246 Victorino
2957 5192 3287 5246 confessore.
3323 5191 3504 5245 Victo-

1932 5267 2032 5315 rini
2060 5263 2384 5316 confessoris
2433 5277 2624 5316 nomen
2665 5263 3036 5331 Martyrologio
3067 5263 3308 5316 Romano
3334 5265 3502 5331 ascri-

1935 5342 2080 5398 ptum
2124 5347 2215 5385 vnt
2247 5332 2388 5387 Junii
2438 5332 2520 5386 his
2574 5333 2747 5385 verbis
2785 5330 3087 5388 :Camerini
3141 5334 3198 5387 S.
3244 5330 3505 5396 Victorini.

1932 5401 2280 5457 confessoris.
2311 5405 2459 5467 Quod
2486 5405 2536 5456 in
2569 5400 2956 5470 antiquioribus
2990 5406 3214 5457 Itaronio
3243 5402 3503 5471 Martyro-

1939 5474 2089 5537 Iogiis
2110 5474 2327 5540 reperiri
2352 5489 2453 5525 non
2475 5481 2666 5541 potest.
2700 5479 2968 5527 Bonane.
2993 5477 3063 5528 de
3091 5473 3350 5528 Severino
3368 5475 3505 5539 Sep-

1925 5546 2242 5609 tcmpedano
2274 5559 2361 5596 vm
2393 5544 2650 5596 Januarii.

1998 5624 2020 5659 ις
2049 5612 2320 5683 Bouifacii.
2364 5611 2460 5665 Hic
2490 5616 2648 5666 etiam
2684 5614 2854 5681 pridie
2880 5613 3198 5669 celebratur.
3304 5655 3320 5669 .

1996 5683 2022 5720 ιι
2053 5683 2381 5750 Unesiphori.
2409 5683 2517 5755 llic.
2549 5699 2668 5755 cum
2711 5695 2898 5739 sancto
2931 5686 3224 5753 Porphyrio
3259 5700 3354 5755 pro
3383 5684 3503 5740 fidei

1936 5758 2342 5827 prmdicationc,
2403 5753 2550 5822 jussu
2603 5753 2857 5810 Iladriani
2917 5753 3269 5824 proconsulis
3307 5758 3500 5814 acriter

2957 5844 3030 5908 33
