4064 6346
566 298 707 358 105⁵5

1311 296 1514 355 ΒΕΒᾸΞ
1558 294 2005 353 VENERABILIS
2043 292 2192 351 OPP.
2226 293 2401 350 PARS
2442 293 2529 348 IV.
2570 324 2637 338 —
2679 294 3058 353 illSTORlCA.

3695 300 3824 355 1056

1830 404 2055 460 EDITIO
2095 403 2560 461 COLONIENSIS.

562 516 669 566 quo
725 502 799 556 ait
852 502 1138 569 Apostoms
1189 516 1199 549 :

562 593 883 664 Onesiphori
914 590 1114 645 domui.
1157 590 1313 659 Apud
1355 588 1584 643 Africam
1613 590 1889 646 beatorum
1913 587 2133 643 confes-

562 702 745 743 serum
796 694 849 740 et
897 683 1267 753 episcoporum
1318 680 1616 744 Donatiani,
1662 679 1925 743 Przesidii,
1984 678 2135 732 Man-

562 778 725 843 sueti,
750 774 1025 841 Germani,
1049 771 1287 842 Fusculi,
1311 773 1401 841 qui
1428 771 1797 841 persecutione
1823 768 2135 835 Vandalica,

561 872 715 942 jussu
742 866 993 924 llunerici
1017 865 1155 937 regis
1186 863 1389 933 Ariani,
1420 878 1515 933 pro
1542 860 1835 917 assertione
1865 860 2143 915 catholicae

559 960 799 1017 veritatis
845 956 1129 1014 durissime
1189 954 1419 1010 fustibus
1470 953 1620 1021 cassi,
1674 961 1729 1008 et
1776 952 1966 1006 exsilio
2014 962 2138 1007 sunt

560 1051 833 1108 damnati:
866 1050 1005 1105 inter
1027 1061 1161 1117 quos
1183 1047 1342 1103 etiam
1389 1045 1720 1114 episcopum,
1769 1043 1986 1097 nomine
2033 1042 2135 1097 Le-

560 1151 697 1207 tum,
728 1140 981 1195 incendio
1011 1135 1393 1194 concremavit.
1440 1134 1591 1189 Tunc
1635 1133 1796 1189 etiam
1844 1133 2135 1202 episcopis,

559 1232 712 1301 quasi
740 1232 807 1286 ad
835 1228 1114 1287 consilium
1169 1228 1509 1298 congregatis
1537 1226 1881 1294 Carthagine,
1910 1239 2017 1278 una
2046 1224 2137 1278 die

560 1327 825 1381 universas
880 1322 1074 1378 Africa:
1120 1321 1376 1376 ecclesias
1441 1318 1655 1383 clausit,
1718 1316 2137 1384 universamque

559 1417 916 1475 substantiam
955 1415 1327 1484 episcoporum
1374 1420 1430 1467 et
1474 1409 1825 1466 ecclesiarum
1872 1406 1985 1462 suis
2028 1408 2143 1473 epi-

561 1508 739 1580 scopis
770 1506 1112 1564 condonavit.
1145 1504 1328 1561 Sancti
1374 1501 1548 1571 Magni
1589 1496 1941 1561 confessoris,
1982 1495 2143 1549 disci-

1260 498 1358 552 Dct
1412 496 1833 552 misericordiam
1886 496 2141 550 Dominus
2171 501 2221 559 Α
2249 495 2355 565 puli
2382 499 2548 551 sancti
2579 497 2734 552 Galli.
2773 497 2957 552 Romae
2990 495 3281 552 Eleutherii
3310 499 3582 570 epismpi.
3630 517 3827 572 stippa-

2244 587 2396 642 docia
2421 587 2639 642 civitate
2670 590 2839 643 sancti
2866 588 3067 643 Cuttidi
3108 590 3346 660 episcopi
3373 598 3429 647 et
3473 592 3723 663 Eugenii,
3771 605 3825 652 et

2245 680 2512 736 sociorum
2537 680 2674 749 ejus.

2318 815 2380 869 D.
2424 814 2513 869 Vll
2551 814 2670 869 Inus
2709 815 2976 870 Sarrana.
3019 814 3175 882 Apud
3224 815 3599 874 Nicomediam
3650 822 3826 877 natale

2247 908 2383 963 beati
2408 907 2625 962 Joannis
2652 908 2749 962 sub
2772 907 3110 963 Diocletiano
3134 908 3480 977 imperatore.
3507 910 3685 982 Cujus
3708 927 3823 969 cum

2239 1000 2347 1068 jam
2376 1000 2576 1054 viscera
2607 1000 2659 1053 in
2703 998 2985 1067 suppliciis
3022 998 3363 1072 defecissent,
3398 1017 3676 1071 nunquam
3709 1000 3821 1057 effi-

2242 1105 2363 1146 cere
2394 1100 2678 1159 potuerunt
2704 1100 2761 1143 ut
2798 1104 2920 1144 eum
2959 1104 3027 1145 ne
3048 1100 3363 1145 aestuantem
3395 1092 3594 1161 aliquis
3626 1092 3680 1147 in
3720 1106 3827 1161 pte-

2245 1182 2325 1235 nis
2356 1182 2578 1237 videret.
2613 1181 2676 1236 Et
2706 1181 2883 1236 natale
2913 1183 3080 1236 sancti
3113 1183 3305 1236 Euritii
3335 1185 3575 1251 episcopi
3609 1192 3665 1238 et
3690 1198 3824 1237 con-

2244 1274 2479 1336 fessoris,
2510 1282 2564 1328 et
2592 1274 2855 1341 depositio
2888 1272 3163 1329 Clodoaldi
3212 1277 3556 1333 confessoris.
3626 1278 3822 1333 Arelati

2242 1364 2412 1416 sancti
2454 1363 2757 1431 Augustalis
2800 1364 3036 1432 episcopi
3078 1373 3131 1419 et
3173 1364 3519 1430 confessoris,
3547 1375 3605 1421 et
3632 1375 3826 1421 sancta:

2243 1452 2460 1522 Regina:
2490 1453 2746 1523 martyris
3032 1466 3035 1469 ‘

1810 1607 2039 1663 EDITIO
2082 1602 2589 1659 BOLLANDIANA.

561 1728 681 1769 rum
712 1711 982 1781 discipuli.
1015 1710 1077 1781 Br.
1109 1709 1170 1781 C.
1210 1708 1267 1781 ιζ.
1300 1706 1463 1781 ΑςΓἶ
1493 1706 1579 1771 L.,
1606 1704 1903 1781 li_om_ae_S_._
1924 1712 1948 1739 α
1983 1701 2144 1781 Ειειιτ
2176 1705 2218 1763 Β
2249 1711 2382 1753 tare.
2432 1700 2562 1765 Quae
2607 1698 2879 1766 speculata
2928 1696 2986 1753 S.
3041 1697 3317 1753 Evurtium
3344 1699 3521 1767 janua
3562 1701 3829 1756 inhaeren-

562 1785 720 1839 therii
745 1772 1003 1850 episcopi.
1034 1780 1099 1835 A.
1130 1780 1193 1833 Τ.
1227 1779 1315 1845 L.,
1345 1779 1410 1832 Et
1434 1777 1699 1850 depositio
1724 1776 1786 1850 ξι.
1812 1772 2142 1850 b_llumb_erti
2194 1794 2201 1798 ι

561 1844 890 1908 confessoris
914 1844 1132 1905 Christi.
1160 1844 1327 1911 Alias,
1368 1844 1689 1901 sacerdmis.
1724 1846 1811 1909 8.,
1844 1844 1897 1897 In
1929 1844 2142 1911 territo:
2172 1856 2173 1859 ‘

559 1925 644 1978 rio
689 1920 1039 2002 Cappadocia:
1088 1910 1323 1976 civitate
1362 1918 1562 1973 l’ieaten
1594 1916 1772 1971 natale
1805 1914 1863 1968 S.
1894 1916 1915 1944 ο
1940 1910 2140 1967 Cartidi

556 2008 679 2049 cum
707 2006 870 2048 SOCIIS
896 2006 1027 2046 SUIS.

631 2096 687 2149 7.
710 2102 781 2135 —‘-
802 2092 893 2147 VII
922 2090 1068 2146 lous.
1108 2088 1165 2146 S.
1205 2088 1445 2144 Clodaldi
1474 2085 1835 2141 confessoris:

626 2183 782 2254 Quod
810 2184 999 2238 Florus
1031 2183 1084 2235 in
1115 2184 1179 2235 A.
1211 2180 1275 2235 Τ.
1308 2180 1370 2234 L.
1413 2180 1493 2233 sic
1530 2177 1716 2231 auxit:
1742 2174 1943 2229 Eodem
1972 2173 2058 2227 die
2090 2174 2141 2226 in

560 2273 836 2331 territorio
879 2273 1205 2328 Parisiorum
1238 2271 1357 2324 vico
1399 2269 1693 2337 Novigenio
1732 2267 1788 2321 S.
1820 2264 2142 2321 dClodoaldi

561 2365 889 2424 confessoris
916 2372 971 2419 et
994 2364 1159 2431 regis.
1181 2360 1368 2416 Simile
1395 2359 1519 2429 quid
1552 2359 1743 2426 legitur
1772 2360 1823 2411 in
1857 2357 1914 2411 Β.

634 2459 783 2514 Idem
817 2448 1007 2512 Florus
1031 2456 1201 2523 primo
1226 2453 1347 2509 loco
1370 2452 1472 2506 hoc
1495 2450 1653 2505 habet
1680 2468 1693 2502 :
1720 2448 2023 2503 Aurelianis
2050 2446 2144 2502 de-

560 2551 755 2624 positio
786 2550 846 2607 S.
876 2559 899 2587 °
928 2548 1130 2603 Evurtii
1162 2546 1396 2616 episcopi
1425 2553 1479 2600 et
1515 2542 1859 2606 confessoris,
1890 2542 1979 2611 qui
2012 2550 2144 2594 tem-

558 2657 689 2711 pore
727 2637 1065 2695 Constantini
1115 2636 1453 2705 imperatoris
1503 2648 1663 2688 causa
1702 2630 2143 2701 requirendorum

561 2734 788 2789 fratrum
832 2743 1103 2801 egressus,
1153 2727 1207 2781 in
1258 2725 1564 2780 Aurelianis
1604 2724 1874 2792 ingressus
1918 2730 2000 2774 est
2055 2735 2145 2774 ur-

556 2825 681 2880 bem
713 2821 846 2879 :ubi
876 2829 1004 2875 tunc
1027 2819 1176 2875 clero
1218 2825 1274 2872 et
1318 2816 1512 2886 popqu
1538 2815 1801 2884 jejunium
1835 2812 2143 2866 triduanum

560 2908 874 2971 celebrante
916 2924 1013 2981 pro
1041 2908 1279 2964 antistite
1310 2909 1505 2973 futuro,
1541 2905 1608 2959 ab
1638 2904 1861 2960 ostiario
1904 2902 2144 2957 ecclesia:

557 3004 611 3059 in
641 3000 876 3072 hospitio
904 3009 1177 3069 receptus,
1208 3006 1265 3053 et
1293 3011 1462 3065 usque
1488 2996 1551 3050 ad
1583 2995 1725 3049 diem
1760 2994 1975 3048 tertium
2003 2992 2143 3061 pacti

554 3093 743 3164 jejunii
766 3100 895 3146 nutu
928 3090 1021 3145 Dei
1045 3100 1129 3145 eSt
1149 3095 1414 3144 retentus.

556 3182 824 3254 episcopis
845 3190 900 3236 et
928 3179 1140 3250 populis
1186 3177 1451 3232 universis
1483 3176 1549 3230 ad
1596 3174 1899 3237 ecclesiam,
1931 3172 2019 3227 ille
2051 3185 2141 3241 pa-

562 3280 693 3332 riter
719 3290 841 3330 cum
868 3288 969 3328 suo
1008 3272 1225 3326 intravit
1251 3269 1492 3325 ostiario.
1524 3266 1727 3335 Quibus
1768 3265 2047 3321 orantibus
2090 3273 2143 3319 et

561 3367 777 3423 Domini
816 3363 1245 3420 misericordiam
1287 3360 1747 3430 praestolantibus,
1780 3372 1909 3413 ecce
1952 3356 2145 3412 instin-

561 3467 653 3512 ctu
684 3456 777 3512 Dei
799 3455 1049 3511 columba
1082 3453 1395 3508 transmissa
1438 3466 1532 3520 per
1568 3452 1821 3505 insertam
1855 3448 2142 3504 fenestram

561 3548 829 3616 ingressa,
860 3544 1013 3614 quasi
1046 3543 1136 3597 lux
1165 3544 1423 3596 immensa
1453 3542 1681 3609 fulgens,
1706 3555 1800 3608 per
1831 3547 1993 3593 totam
2036 3538 2147 3591 fere

566 3637 849 3703 ecclesiam
888 3648 1038 3691 more
1084 3646 1367 3705 personam
1417 3634 1782 3702 investigantis
1828 3630 1990 3700 coepit
2016 3629 2148 3682 voti.

2245 1801 2374 1859 tein,
2419 1790 2560 1845 illico
2590 1805 2751 1857 super
2790 1798 2951 1859 eaput
2998 1789 3116 1859 ejus
3169 1790 3383 1845 insedit.
3413 1790 3573 1860 Quod
3618 1794 3826 1864 signum

2243 1882 2469 1950 populus
2523 1881 2818 1949 admirans,
2870 1882 3098 1949 amplius
3147 1881 3256 1935 Deo
3304 1896 3491 1950 preces
3546 1883 3821 1949 fundebat,

2246 1975 2435 2037 iterum
2482 1971 2743 2042 duplicari
2789 1987 2852 2028 ac
2900 1972 3155 2042 triplicari
3216 1973 3555 2029 miraculum.
3606 1972 3706 2030 His
3758 1976 3821 2029 ita

2242 2064 2519 2118 orantibus
2551 2106 2565 2130 ,
2606 2064 2850 2118 columba
2906 2064 3063 2117 tertio
3111 2064 3273 2127 venit,
3342 2065 3614 2133 tertioque
3674 2080 3825 2134 super

2244 2154 2446 2224 praefati
2474 2155 2577 2209 viri
2627 2163 2786 2223 caput
2826 2154 3039 2210 insedit.
3072 2153 3184 2209 lloc
3215 2155 3410 2210 indicio
3456 2157 3678 2211 caelitus
3706 2160 3821 2212 dato

2242 2250 2463 2302 antistes
2501 2246 2725 2302 ell‘eetus
2762 2256 2844 2303 est
2880 2248 3085 2317 populo
3130 2248 3462 2302 Aureliano:
3493 2249 3581 2303 cui
3632 2260 3824 2306 tantam

2248 2337 2504 2391 Dominus
2558 2336 2783 2391 contulit
2830 2338 3084 2406 gratiam,
3123 2346 3179 2391 ut
3229 2337 3548 2393 medicinale
3604 2340 3821 2397 infirmis

2254 2428 2575 2493 remedium,
2604 2443 2660 2482 et
2684 2427 2918 2497 fatigatis
2944 2424 3175 2482 diversis
3219 2428 3619 2484 calamitatibus
3652 2430 3822 2484 infini-

2245 2526 2357 2571 ttun
2390 2519 2655 2586 praeberet
2693 2517 3035 2573 beneficium.
3088 2518 3216 2572 Nam
3256 2528 3312 2572 et
3354 2518 3407 2573 in
3442 2521 3590 2572 liora
3618 2520 3823 2573 confra-

2243 2607 2435 2663 ctiouis
2458 2608 2608 2675 panis
2634 2606 2889 2674 cmleStis,
2928 2608 3053 2662 dum
3094 2608 3162 2662 de
3202 2621 3353 2662 more
3378 2609 3704 2662 sacerdotali
3734 2612 3821 2661 lio-

2244 2697 2655 2751 stiamelevatis
2707 2698 2954 2752 manibus
2997 2698 3152 2752 tertio
3182 2697 3292 2751 Deo
3336 2697 3578 2752 oblatam
3622 2699 3826 2753 benedi-

2245 2786 2467 2839 cendam
2533 2784 2789 2849 offerret,
2863 2799 3024 2853 super
3076 2793 3235 2853 caput
3281 2783 3399 2853 ejus
3454 2786 3606 2839 velut
3671 2788 3828 2839 nubes

2253 2876 2531 2946 splendida
2558 2876 2823 2945 apparuit,
2864 2884 2918 2932 et
2945 2891 3132 2930 manus
3158 2875 3226 2931 de
3255 2876 3398 2930 nube
3443 2885 3671 2931 extensa
3718 2891 3826 2945 por-

2250 2966 2415 3020 rectis
2444 2965 2625 3036 digitis
2673 2966 2852 3038 obJata
2900 2966 3192 3022 benedixit.
3240 2966 3394 3033 Quod
3426 2967 3746 3021 miraculum
3782 2967 3827 3019 ei

1444 3084 1846 3140 connuemibus
1868 3057 2141 3137 δεηθείης
2172 3059 2216 3120 C
2251 3057 2622 3113 tantummodo
2647 3068 2701 3114 et
2728 3059 3056 3115 subdiacono
3083 3060 3220 3128 ejus,
3249 3074 3313 3115 ac
3342 3059 3431 3113 uni
3464 3060 3750 3130 pmnitenii
3779 3068 3827 3112 et

2247 3150 2339 3203 uni
2361 3148 2721 3205 castimoniali
2748 3150 3068 3217 permissum
3094 3157 3177 3205 est
3203 3150 3403 3206 videre.
3428 3149 3695 3220 Captivos
3711 3165 3830 3204 vero

2251 3238 2443 3293 fratres
2491 3248 2612 3307 post
2661 3239 3010 3309 quadraginta
3053 3255 3224 3296 annos
3261 3241 3467 3311 recepit
3518 3242 3825 3298 incolumes.

2249 3329 2517 3399 Scriptum
2550 3331 2604 3385 in
2626 3330 2804 3386 Gestis
2834 3332 2970 3400 ejus.

2323 3419 2382 3501 Βε
2535 3420 2964 3501 lnnBeneveutis.
2998 3426 3177 3501 passip
3222 3434 3533 3501 s_anctor_um
3565 3428 3815 3501 Januarii,

2262 3490 2457 3563 Ferioli
2496 3502 2554 3563 e_t
2594 3493 2877 3548 Desiderii.
2926 3490 3107 3560 ιτα,
3140 3496 3193 3549 lu
3223 3496 3401 3563 Capua
3430 3498 3694 3560 Januarii.
3735 3490 3823 3554 De?

2258 3560 2582 3640 sideriiihEt
2614 3566 2800 3640 passio
2834 3564 2849 3601 ί
2882 3567 3171 3640 ῥιιιιειιιδίι.
3216 3566 3277 3620 D.
3304 3560 3383 3640 iet
3434 3570 3527 3640 11..
3553 3578 3587 3640 με
3620 3567 3825 3640 Joannis

2259 3630 2396 3698 apud
2446 3630 2811 3688 Nicomediam
2863 3634 3071 3689 diaconi
3111 3637 3384 3706 martyris.
3430 3630 3521 3705 1%.,
3550 3638 3609 3693 lii
3661 3638 3826 3693 Galba

1954 3721 2157 3778 SMITH
2198 3720 2431 3776 NOTAE.

569 3814 903 3880 verberatus,
944 3824 1001 3871 et
1042 3830 1072 3869 a
1105 3812 1374 3869 ferocibus
1412 3811 1566 3879 equis
1600 3818 1862 3879 raptatus,
1894 3812 2137 3881 spiritum

562 3889 673 3941 Deo
700 3887 951 3941 reddidit.
986 3885 1159 3940 Latini
1192 3893 1356 3953 agunt
1402 3883 1468 3953 de
1513 3881 1702 3953 eodem
1748 3882 1935 3947 hodie;
1969 3884 2141 3938 Graeci

566 3968 742 4011 autem
774 3971 834 4009 ιιι
866 3956 983 4011 Kal.
1018 3956 1139 4009 Maii
1190 3955 1242 4008 in
1296 3952 1619 4020 Menologio,
1656 3952 1975 4021 traduntque
2004 3955 2142 4009 hunc

562 4036 802 4081 creatum
848 4026 1011 4080 fuisse
1059 4026 1370 4093 episcopum
1414 4022 1783 4093 Colophonis;
1844 4021 2144 4077 Dorotheus

563 4107 740 4150 autem
772 4095 901 4149 dicit
939 4096 1184 4149 Coronis!
1212 4111 1223 4146 :
1247 4091 1517 4161 iidemque
1544 4092 1611 4146 de
1642 4091 1830 4146 eodem
1873 4108 1975 4147 una
2015 4108 2140 4161 cum

563 4166 771 4220 Evodio
794 4165 861 4219 ad
899 4175 1113 4219 sextum
1146 4163 1266 4217 ldus
1292 4160 1572 4216 Octobres.

634 4243 660 4272 α
686 4234 985 4289 Eleutlierii.
1027 4235 1281 4298 Abbatis;
1311 4233 1568 4287 mendose
1607 4231 1750 4285 enim
1801 4231 2013 4285 additur
2044 4246 2141 4287 no-

563 4319 691 4359 men
730 4306 989 4373 episcopi,
1018 4318 1177 4373 quem
1224 4303 1282 4357 S.
1316 4302 1605 4373 Gregorius
1653 4316 1785 4369 papa
1813 4302 1905 4355 lib.
1932 4318 1985 4356 ιιι
2021 4302 2143 4356 Dia-

488 4373 498 4383 ’
560 4374 697 4444 log.,
727 4371 847 4441 cap.
887 4371 978 4441 53,
1012 4372 1200 4429 scribit
1225 4372 1464 4428 oratione
1508 4381 1562 4426 et
1590 4373 1841 4441 lacrymis
1869 4382 2137 4428 mortuum

564 4444 877 4499 suscitasse.

636 4512 664 4552 b
698 4512 990 4566 llumberti.
1042 4510 1361 4566 Fundatoris
1410 4509 1719 4566 monasterii
1771 4511 2138 4567 Maricolensis

512 4616 515 4617 ν
568 4585 621 4639 in
662 4582 978 4643 Hannonis;
1026 4582 1181 4650 cujus
1230 4580 1424 4635 natalis
1471 4583 1771 4650 celebratur
1802 4596 1903 4633 xxv
1934 4583 2135 4647 Martii;

567 4654 763 4709 festum
805 4649 1167 4707 translationis
1190 4654 1319 4704 vero
1344 4650 1519 4704 hodie.
1556 4649 1668 4704 lloc
1705 4652 1844 4704 enim
1875 4650 1962 4705 die
1986 4654 2141 4719 hujus

568 4738 764 4794 corpus
813 4732 932 4793 post
970 4722 1336 4794 centesimum
1388 4721 1883 4794 quinquagesimum
1944 4736 2141 4794 annum

567 4790 905 4849 dorinitio'nis
952 4808 1063 4847 suae
1102 4792 1236 4845 adeo
1284 4790 1507 4844 illaesum
1559 4805 1620 4843 ac
1652 4792 2017 4849 incorruptum
2062 4793 2142 4846 iu-

569 4875 789 4920 ventum
831 4872 917 4919 est
959 4879 1021 4918 ac
1048 4862 1091 4917 si
1139 4862 1325 4916 eodem
1357 4861 1442 4913 die
1481 4862 1722 4916 obiissct.
1759 4860 1833 4914 De
1869 4860 1929 4915 S.
1975 4863 2139 4916 llum:

568 4933 721 4989 bert‘o
748 4946 799 4989 et
827 4935 929 4989 hac
957 4934 1304 4988 translatione
1337 4930 1456 4987 vide
1480 4934 1626 5000 plura
1657 4932 1799 4999 apud
1825 4932 2140 4987 Bo’llandum

569 5005 656 5059 die
684 5020 785 5057 xxv
808 5004 1002 5057 Martii.

642 5079 664 5106 ε
692 5073 909 5127 Cartidi.
952 5074 1166 5128 Rectius
1212 5073 1445 5136 Cottidi,
1491 5071 1579 5141 qui
1631 5071 1923 5126 secundum
1982 5072 2142 5127 Baro-

568 5144 714 5199 ttium
746 5144 1001 5198 diaconus
1031 5153 1163 5208 erat,
1198 5152 1252 5196 et
1284 5144 1466 5196 habuit
1495 5144 1700 5195 socium
1726 5142 2044 5209 Eugenium.

638 5216 662 5254 ἀ
689 5212 985 5267 Clodoaldi.
1027 5214 1356 5265 Clilodomiri
1384 5214 1522 5279 regis
1548 5213 1871 5265 Francorum
1902 5213 1992 5266 filii
2016 5222 2139 5266 natu

568 5283 797 5350 minimi.
837 5282 936 5338 Hic
974 5283 1108 5337 duos
1139 5284 1321 5335 habuit
1361 5283 1549 5334 fratres
1578 5296 1711 5349 quos
1741 5284 1912 5348 patrui
1955 5298 2140 5335 eorum

570 5353 927 5421 trucidabant,
948 5363 1003 5407 et
1030 5353 1074 5407 si
1105 5352 1275 5420 ipsum
1305 5352 1651 5407 Clodoalduin
1681 5350 1917 5416 reperire
1943 5354 2144 5418 potuis-

575 5432 706 5489 sent,
755 5438 855 5478 nec
904 5425 1002 5477 viri
1033 5425 1195 5476 fortes
1231 5437 1355 5475 eum
1403 5422 1771 5475 internecione
1801 5421 2140 5486 liberassent,

574 5493 742 5560 ipsum
772 5494 933 5548 etiam
959 5493 1331 5548 trucidassetit.
1358 5491 1680 5545 Clodoaldus
1709 5499 1910 5557 autem,
1940 5491 2141 5545 exstiti-

571 5566 670 5617 ctis
692 5564 899 5619 duobus
929 5562 1182 5617 fratribus
1208 5566 1376 5616 haeres
1410 5563 1613 5629 paterni
1646 5563 1791 5629 regni
1819 5563 1964 5614 solus
1997 5563 2141 5615 insti-

571 5640 752 5695 tutus,
803 5634 1031 5702 regalem
1081 5648 1328 5701 pompam
1381 5634 1524 5686 illico
1564 5633 1841 5699 deSpexit,
1893 5633 2139 5697 lectioni,

566 5704 795 5760 orationi
827 5714 879 5761 et
909 5704 1290 5759 misericordia:
1345 5704 1547 5759 vaeavit
1602 5702 1942 5760 perfectiOnis
1989 5706 2141 5766 copi—

2245 3812 2345 3866 dus
2370 3812 2428 3866 S.
2459 3810 2697 3866 Severini
2736 3809 3031 3879 disciplina:
3060 3824 3118 3864 se
3166 3811 3434 3879 submisit,
3477 3823 3531 3868 et
3562 3816 3821 3870 monasti-

2246 3897 2368 3954 cum
2420 3882 2654 3954 habitum
2687 3881 2883 3954 induit.
2924 3882 3139 3934 Parisiis
3173 3884 3244 3954 ab
3294 3884 3531 3938 Eusebio
3586 3887 3817 3954 ejusdem

2204 3962 2205 3965 ‘
2250 3953 2394 4007 urbis
2443 3952 2696 4018 episcopo
2742 3951 3028 4019 presbyter
3068 3952 3345 4006 ordinatus
3375 3963 3496 4018 est;
3553 3951 3823 4022 et'postea

2249 4024 2489 4076 condidit
2521 4023 2897 4093 monasterium
2931 4024 2980 4093 in
3011 4023 3130 4093 vico
3161 4024 3481 4077 Novientum
3514 4024 3680 4090 dicto,
3710 4043 3818 4093 qua:

2252 4093 2408 4161 vulgo
2438 4091 2595 4145 hodie
2626 4091 2819 4143 dicitur
2848 4091 3234 4155 Saint—Cloud;
3267 4094 3352 4146 ubi
3395 4096 3629 4149 ecclesia
3663 4091 3819 4149 colles

2247 4160 2415 4230 giata,
2448 4160 2845 4227 destruclojziin
2881 4161 3082 4227 pridem
3132 4167 3481 4229 monasterio,
3526 4182 3671 4219 nunc
3705 4167 3819 4219 visi-

2251 4243 2355 4296 tur,
2403 4234 2453 4285 in
2494 4245 2594 4299 qua
2643 4231 2757 4297 ejus
2798 4246 3007 4283 sacrum
3049 4248 3243 4297 corpus
3289 4247 3619 4288 asservatur.
3661 4237 3819 4290 Vitam

2248 4306 2363 4369 ejus
2395 4302 2558 4355 habes
2588 4302 2638 4353 iu
2672 4302 2817 4353 Artis
2848 4302 2944 4355 SS.
2972 4302 3176 4355 ordinis
3206 4304 3532 4357 Deiiedictiiii
3559 4308 3759 4359 saseulo
3784 4324 3820 4357 i.

2247 4372 2445 4427 Scribit
2495 4373 2561 4425 de
2617 4384 2684 4424 eo
2725 4370 2884 4439 Gi'eg.
2936 4372 3137 4425 Turon.
3178 4375 3245 4426 de
3271 4384 3406 4441 gest.
3454 4374 3654 4430 Frauc.
3687 4391 3762 4440 tu,
3790 4376 3821 4428 6

2164 4428 2217 4487 D
2244 4454 2296 4496 et
2328 4445 2413 4495 ts.

2322 4516 2345 4544 θ
2370 4512 2589 4566 Evurtii.
2632 4509 2730 4575 Qui
2765 4510 2938 4577 primo
2967 4510 3149 4564 llomie
3178 4511 3433 4566 Ecclesiae
3460 4513 3820 4569 subdiaconus

2246 4581 2376 4647 fuit;
2415 4583 2611 4637 deinde
2648 4590 2705 4633 ut
2753 4581 3139 4653 Eumorpliium
3171 4593 3224 4635 et
3251 4581 3497 4636 Cassium
3542 4599 3675 4638 suos
3706 4602 3819 4653 ger—

2245 4668 2434 4706 manos
2465 4660 2732 4721 quaereret
2770 4661 2889 4721 etwa
2932 4651 3236 4721 captivitate
3267 4653 3544 4715 liberaret,
3580 4651 3815 4708 Aiirelia-

2244 4738 2371 4775 num
2407 4720 2795 4791 pertransiens,
2824 4720 2895 4773 ibi
2921 4720 3122 4774 electus
3151 4733 3233 4775 est
3263 4723 3570 4790 episcOpus.
3604 4726 3816 4780 Succes-

2245 4790 2421 4846 soreni
2455 4794 2640 4845 habuit
2669 4790 2953 4844 Attianum.
2994 4793 3239 4845 liiterl'uit
3279 4794 3507 4847 concilio
3541 4794 3818 4849 Valentino

2244 4864 2513 4916 celebrato
2560 4867 2612 4916 iii
2661 4861 2842 4915 Galliis
2896 4862 3150 4915 Gratiano
3190 4878 3248 4914 ιιι
3297 4874 3343 4914 et
3391 4864 3602 4931 liquido
3656 4880 3817 4929 coss.,

2244 4948 2385 4985 anno
2408 4932 2536 4985 574.
2575 4932 2687 5001 ὶξὶιίι
2718 4931 2834 4995 ejus
2864 4939 3039 4984 exstat
3070 4934 3208 5001 apud
3232 4934 3471 4998 Surium,
3511 4944 3645 4987 tom.
3682 4936 3739 4987 ν.

2324 4998 2651 5055 ‘Anastasii.
2722 5001 2819 5054 llic
2871 4998 3127 5068 Aquileiae
3187 5018 3375 5070 passus
3438 5014 3520 5057 est
3577 5016 3634 5059 et
3692 5005 3815 5058 fullo

2247 5072 2410 5125 fuisse
2431 5072 2627 5125 dicitur
2650 5086 2680 5123 a
2708 5071 2916 5124 Molano
2941 5072 2990 5124 in
3019 5072 3378 5127 additiouibus
3400 5073 3465 5125 :id
3501 5074 3817 5136 Usuarduui,

2244 5151 2299 5195 et
2326 5143 2555 5195 Baronio
2584 5157 2705 5195 eum
2736 5152 3013 5210 sequente.
3041 5144 3146 5197 Sed
3178 5146 3357 5196 forsan
3399 5145 3484 5196 hic
3510 5147 3818 5197 Anastasius

2245 5229 2348 5284 non
2379 5213 2520 5284 alius
2546 5223 2628 5266 est
2668 5212 2735 5265 ab
2765 5227 2829 5284 eo
2870 5213 2955 5280 qui
2986 5221 3145 5281 supra
3176 5215 3372 5284 colitur
3406 5229 3533 5268 χχιιι
3576 5219 3822 5284 Augusti,

2244 5283 2332 5351 qui
2356 5292 2409 5336 et
2433 5282 2562 5336 fullo
2582 5292 2637 5336 et
2664 5283 2926 5349 Aquileia:
2949 5285 3080 5336 civis
3116 5283 3228 5336 fuit.

2316 5362 2341 5399 ε
2365 5351 2603 5407 Joannis.
2645 5351 2742 5405 llic
2768 5367 2872 5405 non
2904 5354 3108 5406 videtur
3136 5354 3395 5408 diaconus
3418 5354 3582 5409 fuisse
3608 5370 3624 5408 :
3650 5366 3825 5422 neque

2244 5424 2385 5477 enim
2418 5438 2611 5491 praeter
2636 5422 2777 5476 hunc
2805 5423 2922 5494 quis
2965 5438 3029 5476 ex
3080 5426 3455 5494 inartyrologis
3484 5425 3632 5478 illum
3664 5440 3727 5478 eo
3752 5425 3825 5476 ti-

2247 5496 2354 5547 tulo
2377 5495 2619 5561 designat
2645 5510 2658 5557 ;
2690 5502 2744 5546 ct
2773 5492 2984 5546 videtur
3009 5492 3269 5548 Eusebius
3300 5495 3350 5548 iii
3378 5492 3524 5549 Eccl.
3551 5495 3684 5550 Hist.
3706 5507 3823 5555 χιιι,

2244 5570 2297 5626 5,
2334 5564 2456 5617 huic
2480 5562 2759 5619 sententize
2783 5566 3072 5618 contraire.
3098 5563 3292 5618 Scribit
3322 5568 3463 5619 enim
3494 5568 3596 5619 hoc
3623 5565 3777 5618 modo
3804 5581 3816 5614 :

2249 5654 2268 5686 ι
2297 5634 2589 5689 Confestim
2626 5634 2783 5701 igitur
2815 5649 2879 5685 ex
2926 5635 3029 5688 illis
3073 5636 3359 5703 quispiam,
3401 5637 3491 5704 qui
3535 5636 3672 5689 haud
3721 5636 3824 5688 ob-

2246 5707 2427 5771 scuri,
2494 5706 2590 5760 sed
2646 5704 2934 5768 secundum
2990 5706 3171 5762 swculi
3228 5706 3383 5776 hujus
3435 5706 3821 5769 cxcellentias.
