4064 6346
233 388 257 441 1
269 382 363 441 05'.‘

1351 380 1546 439 SECT.
1587 383 1653 438 ll.
1699 412 1765 425 —
1804 383 2368 442 MARTYROLOGIA.

3368 394 3505 452 1058

1475 491 1704 547 ΕυιΤιο
1743 492 2242 551 ΟΟΕΟΝΙΕΝ818.’

302 584 360 638 9‘.
409 583 473 637 Vl
521 582 639 637 lous
691 583 961 638 Serrana.
1020 581 1275 637 Nativitas
1330 583 1657 638 beatissima:
1708 582 1802 638 Dei
1835 594 1884 648 Α
1916 599 2084 639 annos
2113 585 2386 639 tredecim.
2417 584 2512 640 llic
2542 585 2739 641 invenit
2776 586 2924 642 mira:
2965 588 3345 657 magnitudinis
3377 608 3501 661 por-

234 671 512 741 gcnitricis
544 673 720 726 Maria:
770 682 1042 741 perpetuac
1073 673 1313 741 virginis.
1353 674 1506 742 Apud
1552 674 1810 728 Nicome-

231 760 371 810 diam
404 758 585 813 natale
624 760 795 813 sancti
844 758 1064 813 Adriani
1112 759 1382 829 martyris,
1433 774 1554 814 cum
1585 760 1706 813 aliis
1736 760 1814 812 vi-

229 848 365 917 ginti
411 848 600 913 tribus,
648 863 784 917 quos
810 850 1166 905 Maximianus
1211 860 1332 919 post
1361 851 1667 905 innumeras
1696 866 1814 920 po:-

229 955 325 994 nas
370 940 556 1009 jussit,
599 952 656 995 ut
684 952 838 997 vccte
876 943 1051 998 ferreo
1100 958 1295 1013 magno
1341 944 1812 1014 confringerentur

229 1032 373 1086 tibia:
421 1033 680 1101 ipsorum.
712 1034 1016 1089 Confractis
1046 1034 1222 1103 itaque
1272 1036 1540 1098 cruribus,
1572 1051 1635 1089 ac
1663 1035 1813 1104 pedi-

228 1123 329 1176 bus
371 1124 554 1179 incisis
596 1125 814 1193 insuper
865 1135 917 1180 et
971 1126 1128 1180 beato
1172 1124 1404 1178 Adriano
1456 1124 1624 1177 incisa
1655 1141 1814 1179 manu

226 1228 445 1272 orantes
469 1226 524 1271 et
548 1218 747 1285 gratias
774 1229 994 1289 agentes
1046 1218 1162 1272 Deo
1206 1218 1451 1286 spiritum
1496 1219 1809 1273 emiserunt.

225 1302 471 1372 Corpora
502 1321 687 1361 eorum
716 1307 874 1375 jussit
913 1317 1168 1377 tyrannus
1200 1307 1447 1372 incendi;
1493 1309 1587 1362 sed
1638 1308 1813 1362 subito

225 1398 383 1453 facta:
410 1410 537 1455 sunt
581 1400 982 1455 cornscationes
1021 1410 1076 1455 et
1107 1399 1361 1466 tonitrua,
1410 1415 1474 1454 ac
1516 1386 1727 1469 pluvize,
1759 1411 1813 1455 et

222 1490 532 1545 exstinctus
576 1502 660 1547 est
691 1493 846 1561 ignis.
876 1492 1027 1548 Tunc
1055 1492 1343 1547 Christiani
1372 1493 1640 1562 rapientes
1671 1509 1813 1548 mar-

226 1592 404 1651 tyrum
448 1583 722 1652 reliquias;
754 1585 994 1639 ascensis
1023 1586 1272 1661 navibus,
1316 1585 1567 1655 fugerunt
1596 1587 1809 1657 Byzan-

223 1672 380 1737 tium,
431 1684 482 1729 et
514 1676 781 1732 reverenti
832 1676 1036 1731 honore
1078 1677 1426 1746 sepelierunt.
1489 1678 1604 1732 Non
1653 1678 1811 1747 longo

220 1774 343 1829 post
372 1774 615 1833 tempore
637 1766 774 1820 beati
799 1767 1017 1821 Adriani
1044 1782 1241 1832 corpus
1272 1777 1355 1820 est
1377 1768 1598 1821 Romam
1630 1777 1803 1821 trans-

220 1857 415 1913 latum.
451 1859 504 1912 ln
535 1859 854 1913 suburbanis
886 1859 1335 1928 Moguntiacensis
1358 1860 1596 1913 ecclesia:
1628 1862 1805 1913 natale

1919 678 2115 733 tionem
2158 679 2283 747 ligni
2326 680 2571 733 salutaris
2602 680 2888 735 Dominicis
2914 683 3108 747 crucis,
3159 685 3212 739 in
3258 689 3497 740 sacrario

1916 772 2053 827 beati
2085 771 2245 825 Petri.
2275 772 2372 825 llic
2400 773 2588 826 statuit
2617 772 2668 826 in
2706 781 2940 842 tempore
2967 775 3225 831 Dominici
3251 782 3493 847 corporis

1914 862 2312 927 confractionis,
2331 864 2509 931 Agnus
2529 862 2622 916 Dei
2644 880 2673 916 a
2695 865 2838 918 clero
2859 876 2912 920 et
2932 881 2960 918 a
2990 867 3182 935 populo
3204 868 3499 932 decantari.

1915 964 1967 1007 et
1995 953 2268 1007 constituit
2296 965 2350 1006 ut
2398 953 2584 1008 diebus
2629 956 3043 1012 annuntiationis
3089 957 3320 1024 Domini,
3370 961 3503 1015 dor-

1916 1042 2173 1107 mitionis,
2222 1052 2276 1098 et
2303 1044 2592 1098 nativitatis
2621 1060 2819 1101 sanctae
2850 1045 2942 1101 Dei
2973 1050 3242 1116 genitricis
3292 1052 3492 1118 Mariae,

1914 1148 1976 1188 ac
2014 1135 2181 1188 sancti
2222 1132 2509 1201 Simeonis,
2540 1138 2677 1205 quod
2721 1138 2936 1207 liypanli
2968 1139 3152 1197 Grtece
3181 1142 3392 1208 dicitur,
3434 1145 3500 1198 li-

1916 1216 2291 1279 taniac’exeant
2317 1240 2347 1278 a
2374 1224 2571 1281 Sancto
2614 1228 2871 1293 Adriano,
2896 1242 2949 1284 et
2988 1231 3054 1285 ad
3098 1232 3347 1289 Sanctam
3391 1235 3500 1289 Ma-

1915 1316 2045 1392 riam
2077 1315 2303 1384 populus
2332 1324 2597 1369 occurrat.
2641 1316 2824 1372 Passio
2864 1315 3144 1375 beatortim‘
3180 1338 3497 1395 martyrum,

1919 1399 2165 1463 Derothei
2211 1419 2266 1464 et
2315 1408 2590 1479 Gorgonii.
2642 1411 2793 1480 Apud
2824 1412 3207 1480 Nicomediam,
3248 1419 3348 1471 sub
3380 1400 3503 1472 Dio-

1912 1496 2140 1550 cletiano
2183 1496 2522 1564 imperatore,
2563 1512 2697 1566 quos
2738 1497 2896 1565 jussit
2931 1502 3180 1569 appendi,
3228 1514 3282 1557 et
3320 1505 3501 1574 ﬂagris

1913 1594 2025 1637 toto
2053 1600 2276 1654 corpore
2320 1586 2530 1649 laniari,
2569 1596 2623 1639 et
2654 1589 2940 1642 visceribus
2965 1590 3077 1659 jam
3111 1593 3247 1658 pelle
3286 1593 3499 1647 nudatis

1910 1684 2062 1730 aceto
2109 1684 2163 1730 et
2208 1677 2318 1730 sale
2370 1676 2631 1744 perfundi.
2678 1678 2803 1733 Post
2848 1680 2959 1735 lucc
2997 1681 3216 1751 jubctur
3245 1685 3498 1739 craticula

1914 1768 2097 1837 prunis
2118 1769 2463 1823 subterstrata
2498 1771 2547 1823 in
2577 1772 2755 1825 medio
2788 1774 2933 1841 poni,
2964 1774 3137 1843 ibique
3167 1776 3306 1846 quod
3337 1778 3389 1831 in
3433 1796 3500 1833 eo

1914 1856 2171 1925 reliquum
2218 1858 2408 1919 fuerat,
2454 1858 2717 1928 absumpti
2753 1861 2983 1917 hominis
3024 1866 3274 1933 supponi,
3307 1876 3497 1921 etnon

216 1951 394 2003 sancti
447 1950 652 2005 Disboti
709 1951 1054 2020 confessoris,
1111 1960 1166 2007 et
1228 1951 1486 2020 Frisingae
1541 1951 1804 2010 depositio
1836 1942 1882 1999 Β
1911 1948 2104 2013 subito,
2147 1948 2241 2003 sed
2288 1949 2540 2016 paulatim
2570 1953 2857 2018 succendi;
2899 1955 2965 2007 ad
3015 1957 3257 2011 ultimum
3304 1958 3497 2029 laqueo

215 2042 397 2095 sancti
429 2042 742 2097 Corbiniani
772 2044 1034 2113 episcopi.

288 2135 359 2191 G.
382 2134 430 2191 ν
454 2134 574 2190 lous
594 2134 860 2191 Sera-eus.
877 2166 967 2196 —,
989 2135 1159 2207 Sergii
1182 2150 1331 2206 papze
1351 2136 1439 2205 qui
1463 2136 1600 2191 sedit
1624 2135 1806 2188 Roma:

1908 2054 2140 2108 appenso
2162 2040 2316 2108 jussit
2344 2040 2542 2096 necari.
2572 2043 2856 2111 lnterjecto
2884 2053 3124 2114 tempore
3144 2047 3337 2103 beatus
3360 2050 3501 2102 Gor-

1908 2130 2096 2200 gonius
2126 2131 2349 2185 Romam
2380 2132 2712 2189 transfertur.
2747 2133 2802 2187 lu
2834 2133 3046 2191 Sabinis
3074 2146 3377 2193 sanctorum
3406 2139 3499 2194 .la-

1478 2249 1707 2303 EDITIO
1748 2243 2257 2301 DOLLANDIANA.

214 2343 439 2397 Arelate
468 2342 733 2409 depositio
764 2339 822 2395 S.
853 2349 880 2378 ι
911 2340 1236 2411 Augustalis.
1272 2339 1474 2394 Eodem
1497 2341 1585 2395 die
1616 2339 1793 2392 natale

212 2414 272 2471 S.
306 2414 330 2450 δ
368 2414 586 2482 Regina:
613 2411 873 2481 Virginis.
1362 2420 1365 2423 ‘

286 2504 345 2558 8.
373 2533 444 2543 ——
467 2503 532 2557 Vl
558 2503 697 2558 lous.
747 2500 935 2557 Natale
962 2511 1161 2556 sancta:
1189 2501 1279 2556 Dei
1309 2500 1582 2570 genitricis
1608 2500 1804 2553 Maria).

214 2594 423 2649 Eodem
472 2593 561 2649 die
612 2593 666 2647 in
711 2592 1019 2648 Nicomedia
1047 2592 1223 2648 natale
1264 2591 1322 2649 8.
1368 2602 1390 2629 ο
1419 2590 1807 2645 Αᾱήδηίωίπο

214 2687 354 2757 tyris
381 2701 503 2740 cum
535 2684 656 2739 aliis
687 2683 872 2754 viginti
900 2683 1091 2739 tribus.

286 2799 355 2851 A.
385 2807 441 2851 et
467 2796 533 2851 Τ.
566 2794 899 2863 intcrjiciunt
923 2806 971 2850 et
1001 2795 1063 2851 S.
1094 2793 1122 2832 ἀ
1154 2794 1401 2848 Νεηιεεὶἰ.
1428 2794 1493 2849 ν.
1538 2804 1593 2849 et
1614 2794 1679 2858 C,
1707 2794 1802 2847 ad-

208 2869 348 2923 dunt
376 2885 388 2919 :
427 2867 698 2931 Demetrii,
731 2866 919 2919 Severi
951 2881 1073 2920 cum
1106 2865 1224 2919 aliis
1276 2866 1547 2919 undecim.
1576 2866 1663 2927 L.,
1690 2881 1805 2917 mu-

211 2950 323 2992 tata
348 2937 555 3004 phrasi,
591 2936 711 2998 Ipso
734 2936 821 2991 die
862 2937 915 2989 in
940 2936 1247 2991 Nicomedia
1282 2937 1459 3003 passio
1492 2936 1548 2990 8.
1580 2936 1802 2994 Adriani

206 3019 260 3063 et
290 3010 553 3061 comitum
582 3005 699 3075 ejus
730 3022 744 3059 :
776 3006 866 3075 qui
909 3007 1051 3074 passi
1096 3016 1225 3059 sunt
1248 3007 1350 3061 sub
1372 3006 1696 3060 Maximiano
1724 3006 1803 3058 vi-

208 3080 345 3146 ginti
404 3090 518 3132 tres
552 3092 798 3129 numero.
858 3076 947 3141 Β..
976 3076 1032 3130 111
1062 3076 1348 3132 Antiochia
1379 3078 1556 3131 natale
1583 3077 1677 3131 SS.
1714 3075 1802 3130 Ti-

208 3148 442 3211 mothei,
478 3157 503 3184 ε
534 3146 796 3202 Faustini.

1979 2334 2033 2387 9.
2060 2361 2129 2372 —
2154 2332 2196 2386 ν
2220 2332 2360 2388 Inus.
2386 2333 2571 2390 Natale
2600 2336 2659 2391 S.
2690 2334 2709 2374 τ
2743 2336 3011 2406 Gregorii.

1985 2426 2147 2499 Addit
2181 2426 2264 2499 L_.,
2325 2437 2379 2481 ct
2422 2428 2673 2483 Dorotbei
2726 2429 3038 2499 Martyrum.
3087 2432 3150 2489 V.
3198 2433 3265 2488 C.
3299 2435 3385 2497 D.,
3438 2439 3492 2491 lu

1914 2507 1938 2570 εξ
1968 2495 2180 2570 sabinis
2211 2497 2513 2570 liyacinthi,
2552 2495 2877 2570 Aleuaudri,‘
2898 2501 3148 2558 'I‘iburtii.
3179 2505 3268 2570 A.,
3305 2495 3489 2563 Natale

1908 2567 1966 2621 S.
1992 2566 2244 2639 Gorgodii
2276 2570 2525 2639 martyris
2548 2578 2601 2621 et
2623 2568 2871 2625 Tiburtii.
2906 2571 2971 2622 Et
2994 2566 3264 2639 depositio
3279 2575 3337 2631 S.
3367 2579 3493 2632 Ale-

1913 2637 2266 2706 xandri._'l‘.,
2302 2637 2487 2689 Passio
2519 2640 2795 2692 beatorum
2829 2637 3124 2706 martyrum
3167 2640 3195 2679 ιι
3240 2645 3496 2702 Dorotbei

1913 2716 2073 2781 atque
2126 2704 2404 2781 Gorgonii.
2453 2708 2540 2781 Τ..
2580 2708 2646 2781 Et
2677 2708 2943 2781 depositio
2972 2704 3028 2765 8.
3062 2715 3372 2770 Alexandri.
3408 2718 3494 2781 11..

1916 2774 1971 2829 111
2002 2774 2246 2856 Ctesarca
2290 2778 2642 2847 Cappadocia:
2690 2774 2868 2834 natale
2895 2783 2992 2834 88.
3029 2782 3331 2855 Fortunati,
3363 2774 3493 2842 Am;

1913 2862 2096 2899 11101111.

1983 2944 2170 2999 Florus
2201 2945 2252 2999 in
2285 2948 2348 3000 A.
2383 2946 2448 3000 Τ.
2479 2946 2537 2999 L.
2574 2964 2587 2999 :
2621 2946 2740 3013 Ipso
2781 2948 2869 3003 die
2899 2950 3196 3006 Tarvenna:
3223 2956 3493 3022 depositio

1910 3033 1966 3090 S.
1999 3032 2013 3071 ί
2043 3034 2331 3106 Audomari
2359 3036 2591 3106 episcopi
2618 3047 2670 3092 et
2696 3037 3020 3093 confessoris
3044 3041 3063 3109 (
3073 3041 3350 3113 Hucusque
3378 3046 3491 3117 ω,

1914 3124 2005 3190 qui
2065 3125 2263 3180 mundo
2311 3135 2576 3191 mortuus,
2620 3126 2731 3181 Deo
2774 3127 2983 3195 vivens,
3033 3130 3497 3207 plurimarumque

1616 3236 1826 3293 SMlTll
1866 3234 2093 3290 NOTAE.

207 3354 353 3407 sicut
381 3359 656 3420 putantur,
686 3347 1055 3420 gloriosissimi
1101 3357 1273 3420 erant,
1304 3347 1463 3402 simul
1497 3359 1653 3417 atque
1677 3352 1789 3405 edi-
1818 3349 1866 3412 C
1895 3348 2187 3411 sociorum,
2244 3346 2381 3420 licet.
2412 3343 2596 3420 forsan
2623 3343 2738 3420 ejus
2796 3347 2972 3420 passio
3016 3364 3069 3401 tv
3100 3349 3279 3405 Nonas
3311 3353 3484 3413 Martii

207 3435 358 3477 etum
385 3418 583 3475 contra
615 3419 878 3491 Ecclesias
910 3418 1234 3491 Nicomedia:
1263 3428 1405 3491 esset
1437 3422 1789 3491 propositum,

209 3493 332 3547 zelo
360 3493 455 3546 Dei
487 3501 665 3545 motus
708 3505 770 3543 ac
810 3487 1034 3542 ferventi
1068 3490 1172 3542 fide
1211 3489 1493 3555 impulsus,
1538 3493 1589 3544 in
1621 3487 1789 3545 mani;

207 3566 348 3617 festo
381 3579 443 3616 ac
491 3561 702 3629 publico
736 3561 958 3622 positam
1006 3559 1345 3622 scripturam,
1391 3569 1639 3627 tanquam
1673 3578 1793 3627 pro-

206 3636 389 3687 fanam
434 3628 503 3686 et
532 3628 905 3696 impiissimam
950 3629 1168 3681 sustulit
1212 3643 1275 3681 ac
1313 3629 1615 3698 discerpsit.
1659 3633 1788 3686 Cum

208 3707 321 3757 duo
349 3704 707 3771 imperatores
736 3699 788 3750 in
816 3698 1005 3771 eadem
1035 3700 1273 3760 civitate,
1304 3709 1356 3753 et
1379 3700 1468 3765 qui
1502 3703 1639 3755 inter
1668 3704 1791 3757 reli-

203 3790 346 3842 quos
377 3769 493 3826 erat
524 3769 989 3842 honoratissimus,
1014 3771 1438 3842 ac_quartun_i_ab
1465 3771 1791 3837 imperatore

211 3838 429 3907 imperii
478 3841 706 3911 gradum
751 3839 984 3911 tenebat,
1024 3838 1295 3911 adessent.
1327 3839 1519 3894 Verum
1572 3842 1658 3894 hic
1696 3845 1785 3911 qui

207 3916 417 3980 primus
447 3921 557 3964 tum
590 3910 656 3963 ad
696 3908 837 3980 hunc
855 3910 1079 3980 modum
1113 3909 1368 3975 praiclare
1412 3924 1471 3963 se
1498 3912 1684 3977 gessit,
1714 3908 1789 3965 Si-

204 3978 317 4037 inul
346 3999 409 4037 ea
436 3997 554 4050 qua:
588 3992 716 4033 vero
747 3978 994 4031 similiter
1023 3986 1271 4050 tanquam
1293 3993 1404 4031 rem
1436 3990 1633 4050 tantam
1657 3998 1787 4035 auso

204 4054 355 4107 illata
393 4049 542 4113 sunt,
595 4062 881 4116 perpessus
938 4059 1041 4102 est.
1074 4066 1091 4097 1
1127 4049 1277 4113 Quod
1329 4058 1508 4102 autem
1552 4049 1665 4102 haec
1718 4051 1788 4106 de

202 4125 417 4176 Joanne
460 4122 851 4186 intelliguntur,
878 4119 1100 4171 censule
1123 4120 1300 4171 omnia
1329 4117 1438 4172 fere
1465 4118 1783 4188 Martyrolo-

202 4195 315 4262 gia,
349 4207 471 4261 quae
504 4207 610 4262 uno
641 4204 906 4262 consensu
933 4188 1037 4241 11οο
1071 4188 1267 4262 factum
1289 4188 1337 4262 ei
1366 4190 1660 4243 ascribunt.

276 4259 639 4331 Ἀὶιῃαειαῌι
663 4259 786 4331 Qui,
807 4260 929 4311 licet
952 4259 1429 4331 ponatur-Areiate,
1455 4269 1631 4331 tamen
1659 4260 1782 4313 dum

204 4328 480 4402 reperitur
508 4330 650 4383 idem
680 4329 967 4402 episcopus
994 4328 1333 4402 subscriptus
1353 4330 1581 4393 concilio
1612 4331 1783 4397 primo

202 4397 539 4457 Arausicano
568 4408 809 4466 tempore
839 4399 897 4451 S.
925 4397 1119 4449 Leonis
1144 4414 1313 4463 νίψω,
1343 4414 1448 4465 quo
1470 4401 1641 4453 eidem
1671 4404 1783 4454 sedi

201 4470 509 4526 Arelatensi
566 4481 796 4537 praeerat
843 4468 900 4522 S.
946 4467 1196 4527 Hilarius,
1243 4468 1330 4537 qni
1374 4468 1549 4522 eidem
1579 4472 1783 4535 synodo

202 4540 484 4603 interfuit;
513 4536 730 4593 alterius
768 4536 941 4604 potius
984 4537 1215 4607 civitatis
1246 4536 1456 4590 videtur
1484 4538 1646 4593 fuisse
1669 4542 1783 4607 epi-

201 4626 402 4679 scopus
435 4628 449 4663 :
485 4624 609 4662 nam
662 4619 715 4661 et
768 4612 817 4659 in
852 4606 1045 4679 tabulis
1085 4608 1465 4679 episcoporum
1507 4606 1783 4662 Arelaten-

202 4699 342 4736 5111111

431 4723 845 4813 ΊᾶἵΑῆτέυειειιῖἱ
876 4749 1148 4813 episcopo.
1186 4723 1386 4799 Danda.
1418 4747 1469 4799 itt
1501 4747 1668 4803 Notis.

272 4822 301 4860 ³³
334 4822 565 4891 Regium.
598 4820 728 4884 ρυω
785 4831 938 4891 passa
968 4826 1077 4869 est'
1098 4818 1236 4891 apud
1266 4816 1487 4891 Alisiam
1519 4819 1618 4870 sub
1649 4819 1783 4888 Oly-

200 4891 320 4945 hrio
363 4886 635 4960 prazl'ecto,
689 4887 942 4960 carceris,
973 4888 1185 4960 equulei
1217 4900 1279 4938 ac
1314 4886 1674 4960 lampadarutn
1707 4886 1783 4943 [οο

199 4976 326 5017 rens
365 4957 665 5028 supplicia,
709 4959 925 5011 demunt
969 4957 1181 5024 capitali
1213 4959 1479 5011 sententia
1508 4959 1778 5015 damnata.

200 5032 369 5086 Pera.
400 5046 467 5084 ne
497 5029 702 5083 NATAL.
1372 5035 1384 5041 ·

275 5109 297 5135 ε
336 5099 578 5153 Adriani.
623 5098 789 5166 llujus
826 5096 1019 5150 natalis
1042 5095 1238 5149 rectius
1265 5098 1564 5153 celebratur
1592 5116 1642 5155 tv
1673 5101 1783 5154 No-

199 5184 299 5225 nas
330 5170 522 5224 Martii.
574 5169 672 5235 Qui
702 5183 824 5220 cum
877 5167 997 5220 aliis
1028 5176 1145 5234 post
1192 5170 1353 5222 multa
1385 5170 1640 5237 supplicia
1681 5173 1783 5227 sub

199 5241 535 5295 Diocletiano
580 5252 633 5293 et
681 5238 1001 5292 Maximiano
1052 5238 1217 5305 itnpp.
1266 5247 1578 5308 martyrium
1610 5242 1781 5295 cruri-

200 5312 368 5377 fragio
398 5310 807 5365 consummavit.
843 5309 1037 5360 Eorum
1064 5309 1304 5374 reliquia:
1328 5324 1357 5361 a
1398 5309 1584 5364 Natale
1613 5327 1780 5367 uxore

198 5382 257 5436 8.
292 5380 513 5435 Adriani
543 5390 596 5434 et
649 5380 771 5431 aliis
801 5378 1042 5431 fidelibus
1073 5377 1306 5444 ignibus,
1336 5380 1387 5432 in
1417 5396 1553 5447 quos
1584 5382 1777 5448 injecta

198 5462 326 5505 simt
372 5466 559 5506 eorum
618 5463 843 5515 corpora
875 5463 943 5500 ne
994 5463 1024 5500 a
1070 5448 1389 5502 Christianis
1438 5450 1771 5514 tollerentur,

198 5530 399 5589 erepta:
427 5530 569 5585 sunt,
621 5530 673 5572 et
702 5518 1014 5589 Byzantium
1062 5518 1271 5583 delatm,
1304 5520 1481 5586 ibique
1506 5523 1771 5576 reverenti

202 5586 409 5644 honore
463 5599 711 5657 receptae.
751 5586 894 5659 inde
939 5597 1122 5656 postea
1171 5589 1230 5643 8.
1282 5590 1530 5644 lladriani
1576 5606 1769 5659 corpus

202 5664 425 5714 Romam
478 5661 576 5714 hac
615 5662 701 5730 die
733 5658 1049 5730 translatum
1082 5660 1196 5730 fuit.
1232 5660 1306 5714 De
1335 5662 1415 5713 his
1446 5658 1767 5730 martyribus

201 5731 387 5785 Surius
438 5741 568 5784 tum.
624 5728 662 5781 γ
715 5729 969 5797 legendus
1008 5739 1109 5783 est.
1157 5728 1230 5783 Ex
1262 5731 1364 5786 hoc
1396 5728 1776 5799 Bredai'ipsius

203 5802 316 5856 loco
354 5802 571 5870 probari
626 5800 854 5863 videtur,
885 5799 1015 5855 olim
1058 5800 1360 5869 passionem
1390 5802 1445 5859 8.
1473 5800 1693 5858 Adriani
1724 5812 1776 5859 et

430 4678 898 4765 quas_descripsit
948 4678 1334 4765 Demochares,
1380 4678 1782 4765 nullamhabctur
1812 4708 1862 4765 ι)

1896 3428 2145 3471 annotata
2198 3425 2319 3481 est,
2367 3413 2529 3486 hodie
2580 3416 2741 3486 fuisse
2791 3417 3140 3475 celebratam.
3190 3420 3323 3475 Cum
3355 3442 3485 3481 vero

1896 3489 1983 3540 die
2032 3486 2412 3559 translationis
2449 3485 2631 3538 Roma:
2661 3485 2828 3559 etiam
2880 3488 2995 3540 dies
3021 3490 3216 3543 natalis
3252 3493 3368 3559 ejus
3402 3514 3486 3553 re-

1894 3561 2184 3619 coleretur,
2218 3557 2339 3609 inde
2388 3554 2582 3608 factum
2614 3568 2694 3608 est
2732 3568 2785 3608 ut
2816 3556 2965 3609 locus
2992 3554 3302 3615 certaminis
3328 3564 3486 3621 Nico-

1896 3630 2069 3703 media
2130 3626 2324 3695 potius,
2374 3640 2534 3703 quam
2565 3625 2711 3703 locus
2739 3626 3104 3703 translationis
3142 3631 3481 3703 1111111111]ιό-

1893 3698 2047 3767 logiis
2104 3694 2412 3772 poneretur.
2471 3694 2623 3772 Quod
2662 3712 2789 3772 vero
2818 3696 2989 3772 Graaci
3040 3715 3213 3772 neque
3245 3694 3475 3772 liac'tlie,

1893 3765 2067 3836 neque
2097 3768 2164 3821 ad
2219 3774 2466 3833 quartum
2515 3766 2696 3836 Nonas
2746 3765 2940 3825 Martii.
2971 3768 3065 3820 sed
3095 3765 3328 3835 septimo
3354 3765 3477 3832 ΚειΙξ

1890 3837 2041 3904 Sept.
2092 3846 2251 3905 agant
2290 3835 2857 3907 commemorationcm
2900 3838 2957 3891 S.
3016 3837 3303 3907 Hadriani;
3337 3849 3484 3899 νυνί,

1889 3907 2065 3960 simile
2094 3918 2313 3961 esteam
2348 3920 2440 3956 eos
2469 3919 2628 3971 agere
2668 3906 2831 3964 diem,
2862 3921 2961 3971 qua
3014 3908 3181 3971 prima
3229 3923 3309 3964 est
3343 3914 3481 3970 facta

1892 3977 2191 4053 translatio!
2238 3990 2361 4041 cum
2416 3972 2726 4053 Nicomedia
2791 3973 3309 4045 Constantinopolim
3365 3986 3483 4053 ejus

1888 4060 2084 4114 corpus
2106 4045 2350 4114 delatum
2375 4050 2477 4095 est.

1960 4111 2002 4156 δ’
2038 4114 2285 4193 Nemesii.
2341 4113 2437 4193 ilic
2483 4126 2611 4193 culm-
2658 4111 2926 4166 Demetrio
2977 4126 3030 4169 et
3077 4115 3281 4174 Severo
3322 4122 3474 4193 juxta

1890 4186 2108 4240 llieron.
2138 4186 2296 4238 Mart.
2329 4182 2663 4236 Alexandrim
2692 4198 2877 4246 passus
2905 4194 3007 4237 est.

1961 4264 1982 4290 ο
2013 4253 2273 4309 Faustini.
2308 4254 2351 4307 A
2378 4253 2680 4325 Buztrottitrct
2711 4251 2950 4309 Usuardo
2978 4256 3066 4325 qui
3113 4256 3339 4317 Fausws
3385 4263 3470 4321 di-

1886 4336 2023 4393 ctus,
2049 4327 2115 4379 ab
2154 4325 2370 4378 Hieron.
2399 4322 2790 4393 Faustinianus.

1962 4392 2326 4467 t'Gi-egorii._
2362 4392 2557 4445 Alcalte
2597 4393 2646 4444 in
2686 4393 2949 4467 _l_lispania
3012 4398 3150 4463 apud
3214 4400 3470 4467 lliSpalim

1887 4462 2159 4518 Christum
2199 4463 2479 4518 confessus
2529 4472 2630 4517 est.
2682 4462 2988 4520 Ftnnamus
3018 4462 3179 4523 hodie
3225 4472 3277 4525 in
3312 4462 3475 4529 Cata-

1886 4537 2009 4603 logo
2034 4536 2292 4601 generali.

1960 4616 1983 4651 ε
2014 4605 2241 4659 Sabinis.
2299 4605 2362 4658 111
2395 4611 2659 4671 martyres
2703 4617 2778 4656 sc.
2810 4604 3060 4663 milliario
3099 4608 3166 4664 ab
3199 4609 3340 4667 Urbe
3372 4615 3470 4668 tri-

1886 4676 2086 4729 ccsimo
2118 4675 2257 4742 passi
2289 4684 2433 4728 sunt.
2473 4673 2703 4726 Usuann.
2740 4678 2876 4727 Atio.

1961 4750 1987 4780 ιι
2018 4745 2285 4798 Dorothei.
2325 4746 2392 4797 Et
2447 4743 2534 4795 hic
2578 4752 2633 4797 et
2659 4742 2959 4813 Gorgonius
3013 4749 3152 4813 apud
3180 4749 3467 4806 Diocletia-

1890 4822 2020 4869 num‘
2047 4820 2344 4882 Augustum
2369 4815 2600 4885 honores
2630 4815 2984 4885 amplissimos
3010 4822 3302 4885 consecuti,
3336 4838 3461 4877 cum

1892 4886 2318 4951 persecutionem
2350 4898 2505 4952 quam
2548 4883 2639 4937 ille
2668 4883 2992 4939 Nicomedia:
3022 4883 3342 4946 Christianis
3373 4894 3457 4947 in-

1892 4956 2120 5026 ferebat,
2141 4954 2555 5026 detestarcntur,
2593 4964 2856 5026 prtesente
2875 4969 2959 5026 eo,
2981 4956 3115 5023 jussi
3136 4970 3261 5012 sunt
3286 4963 3457 5026 primo

1891 5025 2138 5093 appendi,
2163 5034 2215 5078 et
2244 5023 2422 5091 ﬂagris
2450 5032 2560 5076 toto
2582 5038 2805 5088 corpore
2830 5024 3037 5088 laniari,
3068 5028 3261 5083 deinde
3287 5023 3457 5088 visce-

1889 5100 2035 5170 ribus
2066 5095 2202 5170 pelle
2229 5095 2459 5170 nudatis,
2492 5104 2642 5146 aceto
2668 5108 2729 5170 a_c
2752 5094 2861 5170 sale
2892 5096 3155 5170 perfundi,
3180 5101 3366 5170 sicque
3402 5104 3461 5158 in

1884 5164 2381 5237 craticulamassari,
2423 5175 2584 5237 atque
2632 5163 2699 5216 ad
2721 5164 2969 5237 ultimum
3019 5167 3211 5237 laqueo
3253 5163 3459 5227 necari.

1886 5238 2079 5291 Eusen.
2138 5235 2271 5288 llist.
2333 5234 2480 5288 Eccl.
2541 5248 2655 5295 vm,
2712 5235 2919 5300 1,etc.,
2981 5234 3148 5304 usque
3194 5240 3260 5293 ad
3301 5242 3351 5295 7.
3390 5243 3455 5297 111

1886 5306 2197 5379 martyrium
2252 5305 2404 5379 passi
2446 5312 2733 5379 soritanno
2772 5304 3079 5379 19dimperii
3108 5309 3455 5379 Diocletiani,

1884 5374 1935 5451 id
1978 5372 2061 5451 est
2111 5372 2263 5451 anno
2280 5374 2476 5428 Christi
2700 5372 2983 5451 lnterjecto
3010 5389 3187 5433 autem
3217 5372 3457 5451 tempore

1884 5446 1945 5503 Β.
2007 5446 2256 5515 Gorgonii
2293 5457 2489 5515 corpus
2528 5443 2764 5515 Romam
2813 5447 3055 5515 delatum
3112 5450 3228 5513 fuit,
3277 5443 3343 5504 ac
3370 5452 3456 5508 via

1882 5519 2071 5570 Latina
2121 5512 2350 5581 positum
2377 5525 2429 5567 et
2455 5512 2577 5566 inde
2620 5512 2684 5566 ad
2712 5514 2983 5571 basilicam
3016 5520 3072 5572 S.
3101 5512 3242 5574 Petri
3277 5532 3455 5576 trans-

1882 5588 2065 5640 Iatutn.
2111 5585 2378 5651 Reliquias
2428 5597 2637 5649 quoque
2689 5586 2977 5641 translatas
3009 5589 3175 5642 Roma
3218 5592 3268 5644 in
3318 5592 3448 5647 Gal-

1876 5657 1972 5711 lias
2000 5666 2223 5711 testatur
2252 5652 2509 5722 Sigebert.
2546 5653 2599 5705 In
2626 5652 2828 5708 Chron.
2860 5672 2948 5709 an.
2978 5657 3100 5711 761.

1953 5726 1969 5799 i_
2001 5721 2576 5799 Andaniari.’Qui__no_n
2621 5725 2773 5791 longe
2804 5740 2832 5776 a
2863 5726 3173 5782 Constantia
3213 5730 3451 5799 civitate,

1878 5799 1931 5854 in
1959 5797 2079 5857 loco
2104 5796 2194 5867 qui
2236 5799 2411 5851 Aurea
2447 5792 2607 5849 Vallis
2639 5806 2859 5850 vocatur
2888 5804 3040 5855 natus
3064 5810 3171 5869 est,
3204 5818 3267 5858 er
3299 5792 3453 5874 patre
