4064 6346
543 333 550 338 .
604 283 740 338 1043

1355 286 1555 341 ΒΙΞΒᾹΞ
1597 286 2039 342 VENERABILIS
2077 286 2226 342 OPP.
2269 285 2446 345 PARS
2483 288 2569 343 IV.
2601 313 2673 362 ;—
2710 291 3080 347 HISTOBICA.

3712 290 3846 348 10H

1817 399 2043 453 EDI'l'IO
2079 399 2499 456 COLOIENSIS.

605 489 799 543 deinde
827 486 1072 557 baptismi
1100 489 1262 558 gratia
1314 490 1696 556 sanctificatus,
1729 491 2063 559 episcopatus
2091 492 2170 544 di-
2197 497 2244 552 Α
2277 493 2443 545 nelius
2459 492 2524 546 ab
2543 492 2844 548 infirmitate
2859 492 3295 550 sanavitorando.
3313 493 3701 563 Beatusitaque
3720 495 3852 550 Corn

605 579 882 647 gnitatem,
921 578 1222 646 suﬂ'ragium
1272 577 1559 633 ferentibus
1606 581 1810 648 populis
1861 581 2170 636 Christianis

602 670 918 737 assequitur,
949 677 1003 721 et
1026 669 1124 722 sub
1166 667 1449 722 Volusiano
1474 679 1528 723 et
1554 669 1792 723 Gallieno
1839 669 2170 738 imperatori-

600 758 720 822 bus,
758 756 1136 820 Perhemmius,
1189 743 1484 840 praefectus;
1519 759 1873 824 Alexandria,
1925 759 2172 827 cogitavit

599 862 722 902 eum
772 847 1035 907 occidere.
1083 845 1188 900 Sed
1235 862 1354 900 cum
1404 847 1502 900 hoc
1554 847 1771 914 implere
1817 862 1920 901 non
1972 857 2167 914 posset,

603 948 817 1005 propter
847 939 1097 1007 populum
1123 938 1477 992 Christianum
1503 978 1517 1002 ,
1549 940 1766 991 immisit
1791 939 2044 1006 quosdam
2080 939 2169 1006 qui

600 1045 661 1084 se
700 1030 959 1098 fingerent
1002 1031 1348 1085 Christianos.
1396 1031 1602 1097 Quique
1644 1031 1994 1098 ingredientes
2052 1044 2170 1097 per-

599 1130 878 1174 cusserunt
907 1135 1025 1172 cum
1057 1120 1111 1173 in
1141 1120 1381 1173 oratione
1420 1121 1780 1172 constitutum.
1812 1119 1963 1174 Sedit
1993 1129 2167 1172 autem

600 1207 652 1261 in
683 1210 984 1276 episcopatu
1025 1223 1216 1261 annum
1246 1223 1428 1271 unum,
1481 1223 1689 1264 menses
1725 1217 1852 1263 tres.
1899 1210 1964 1262 Et
2000 1210 2170 1262 sancti

600 1282 774 1356 Δηιαιί
846 1298 1168 1366 presbyteri,
1226 1305 1281 1352 et
1349 1297 1556 1352 abbatis
1625 1300 1927 1352 monasterii
2002 1302 2169 1354 sancti

605 1387 888 1440 Romarici.
945 1387 1173 1440 Turonis
1222 1386 1482 1455 depositio
1547 1387 1686 1442 beati
1757 1387 1992 1442 Licronis
2059 1389 2170 1456 epi-

603 1474 768 1540 scopi.

677 1565 736 1618 Ε.
770 1564 928 1619 XVIII
953 1565 1189 1622 KALEND.
1221 1567 1355 1622 Ocr.
1379 1597 1450 1608 —
1478 1567 1660 1622 Romte
1683 1569 1766 1622 via
1806 1571 1969 1638 Appia
2002 1571 2173 1626 natale

602 1653 776 1708 sancti
805 1653 1033 1708 Cornelii
1076 1656 1326 1723 episcopi,
1358 1657 1457 1711 sub
1485 1657 1849 1724 persecutione
1888 1659 2058 1724 Decii;
2087 1662 2169 1714 cui

606 1745 777 1810 primo
797 1760 860 1798 os
887 1759 1006 1798 eum
1041 1745 1322 1812 plumbatis
1344 1758 1427 1801 cst
1449 1761 1670 1812 caesum,
1700 1757 1755 1801 et
1782 1748 2072 1804 dccollatus
2093 1760 2175 1806 est

2272 582 2443 636 nelius
2483 594 2691 651 rogatus
2716 601 2745 639 a
2779 586 2930 640 beata
2971 585 3190 650 Lucina,
3225 601 3446 654 corpora
3490 587 3849 653 apostolorum

2273 669 2410 722 beati
2431 670 2572 725 Petri
2598 681 2652 726 et
2680 673 2825 728 Pauli
2853 674 2919 729 de
2946 675 3267 729 catacumbis
3291 676 3406 730 leva
3418 675 3493 729 vit
3517 687 3678 730 noctu
3704 691 3720 730 :
3745 679 3849 746 pri-

2271 774 2412 813 mum
2439 760 2650 829 quidem
2677 777 2867 830 corpus
2891 766 3026 819 beati
3058 766 3200 819 Pauli
3227 768 3372 821 beata
3395 766 3597 822 Lucina
3625 770 3844 836 accepit,

2270 859 2323 904 et
2349 852 2524 918 posuit
2548 853 2599 907 in
2631 854 2826 921 prtedio
2851 871 2947 910 suo
2977 857 3059 910 via
3085 858 3335 920 Ostiensi,
3363 858 3428 910 ad
3459 860 3596 912 latus
3622 859 3712 911 ubi
3758 861 3846 914 deo

2271 940 2494 994 collatus
2513 941 2628 994 fuit.
2644 943 2781 997 beati
2803 943 2943 999 Petri
2965 961 3089 1000 vero
3110 961 3304 1016 corpus
3322 955 3539 1001 sanctus
3567 947 3847 1001 Cornelius

2270 1037 2473 1102 accepit
2499 1037 2798 1106 episcopus,
2824 1046 2878 1094 et
2905 1040 3079 1108 posuit
3100 1040 3226 1106 juxa
3256 1041 3426 1094 locum
3449 1040 3543 1094 ubi
3567 1040 3846 1094 crucifixus

2271 1136 2372 1191 est,
2405 1127 2540 1180 inter
2567 1141 2788 1194 corpora
2819 1137 3150 1194 sanctorum,
3206 1131 3257 1183 in
3307 1129 3504 1196 templo
3557 1128 3844 1196 Apollinis,

2274 1217 2324 1270 in
2355 1229 2533 1272 monte
2580 1219 2795 1273 Aurelio
2833 1204 3070 1276 Vaticani
3121 1221 3297 1290 palatii
3345 1221 3666 1283 Neroniani,
3697 1222 3850 1276 tertio

2272 1307 2494 1361 Kalend.
2517 1308 2660 1363 Julii.
2695 1310 2824 1364 Item
2853 1311 3020 1365 sancti
3050 1311 3302 1381 Cypriani
3331 1312 3586 1381 episcopi,
3628 1313 3721 1380 qui
3760 1313 3851 1366 sub

2274 1397 2553 1453 Valeriano
2585 1401 2817 1468 principe
2861 1410 2982 1471 post
3017 1402 3227 1464 longum
3275 1404 3518 1456 exsilium
3569 1401 3846 1456 detrunca-

2275 1496 2360 1542 tus
2385 1491 2558 1557 capite
2600 1491 2910 1561 martyrium
2953 1494 3358 1557 consummavit,
3406 1500 3561 1546 sexto
3603 1491 3849 1546 milliaria

2274 1591 2302 1629 a
2333 1577 2650 1647 Carthagine
2689 1579 2836 1648 juxta
2880 1592 3047 1634 mare.
3079 1581 3276 1634 Eodem
3307 1581 3394 1636 die
3436 1581 3695 1635 exaltatio
3719 1594 3852 1634 san-

2275 1677 2376 1721 ctae
2422 1671 2615 1723 erucis.
2665 1670 2909 1725 Treveris
2960 1671 3225 1740 depositio
3270 1672 3438 1726 sancti
3483 1671 3714 1727 Materni
3750 1672 3857 1740 θρῖ-

2275 1757 2419 1823 scopi
2447 1767 2498 1810 et
2531 1756 2875 1812 confessoris.

601 1844 722 1884 cum
759 1832 876 1886 aliis
921 1833 1100 1902 viginti
1144 1850 1248 1888 uno
1275 1835 1562 1902 promiscui
1609 1838 1793 1901 sexus,
1828 1853 1947 1891 cum
1980 1841 2166 1906 quibus
2199 1840 2244 1899 B
2345 1843 2407 1897 F.
2442 1845 2580 1899 XVII
2610 1846 2852 1900 Kauzun.
2880 1846 3014 1900 Ocr.
3038 1845 3314 1900 —-Natalc
3341 1845 3508 1900 sancti
3556 1845 3850 1902 Nicomedis

605 1931 657 1975 et
686 1921 916 1980 Cerealis
941 1925 1235 1979 milescum
1268 1927 1494 2013 Salustio
1518 1942 1688 1982 uxore
1717 1942 1830 1993 sua,
1861 1944 2014 1997 quam
2041 1929 2173 1984 Cor-

2281 1938 2546 2006 martyris,
2575 1952 2730 2007 quem
2763 1938 2983 1994 Flaccus
3009 1929 3208 2005 comes,
3241 1951 3307 1994 co
3333 1936 3472 2005 quod
3499 1952 3702 2007 corpus
3728 1953 3846 1992 san-

1848 2038 2075 2092 EDITIU
2117 2040 2616 2102 BOLLANDIANA.

615 2125 714 2181 SS.
751 2126 1061 2181 Felicissimi
1104 2139 1157 2182 et
1200 2130 1508 2184 Secundini.
1556 2131 1611 2184 In
1653 2132 1967 2186 Alexandria
2010 2135 2182 2188 natale

612 2199 672 2271 ξ.
707 2197 1306 2271 ἸᾘϐυρῇίίῇθρίερορίΑ
1331 2201 1630 2268 Andegavis
1668 2203 1882 2256 civitate
1921 2203 2182 2271 depositio

612 2267 670 2321 ὃ.
702 2273 727 2299 α
759 2267 1044 2320 Auriliouis
1073 2269 1332 2336 episc0pi.

679 2392 764 2448 η.
788 2424 857 2435 -
885 2393 1042 2450 XVIII
1074 2396 1207 2450 Kac.
1235 2397 1371 2452 Oc'r.
1407 2398 1589 2452 Romae
1619 2400 1793 2454 natale
1816 2400 1873 2454 S.
1895 2398 1923 2436 ι)
1946 2399 2180 2473 Cornelii

605 2485 841 2554 episcopi
872 2504 882 2538 :
917 2485 1000 2540 cui
1028 2488 1199 2554 primo
1224 2501 1286 2540 os
1309 2503 1428 2541 cum
1458 2489 1738 2555 plumbatis
1767 2505 1983 2556 erasum,
2016 2501 2070 2546 et
2101 2492 2179 2545 sic

603 2577 894 2631 dccollatus
935 2585 1018 2630 est
1053 2592 1174 2632 cum
1219 2577 1337 2631 aliis
1375 2578 1561 2646 viginti
1603 2591 1659 2633 et
1705 2595 1810 2631 uno
1848 2579 1962 2648 [II.,
1991 2581 2175 2648 viginti

603 2664 830 2735 duobus]
877 2667 1157 2732 promiscui
1210 2680 1368 2720 sexus
1413 2683 1426 2719 :
1477 2677 1531 2720 et
1577 2668 1812 2722 Cerealis
1858 2669 2010 2722 miles
2057 2683 2175 2723 cum

603 2768 770 2808 uxore
812 2768 906 2808 sua
953 2755 1180 2811 Salustia
1234 2771 1392 2826 quam
1431 2756 1710 2812 Cornelius
1757 2757 1825 2812 ab
1869 2759 2175 2813 infirmitate

2280 2149 2561 2195 sanaverat
2614 2143 2751 2209 passi
2804 2142 2904 2196 sub
2957 2143 3135 2197 Decio.
3195 2152 3216 2180 ο
3273 2141 3477 2196 Eodem
3529 2140 3623 2195 die
3674 2142 3842 2196 natale

2279 2229 2338 2285 S.
2372 2229 2397 2267 d
2424 2230 2671 2299 Cypriani
2720 2232 2827 2304 [C.,
2856 2223 3082 2303 Cyriaci]
3123 2231 3392 2300 episcopi,
3430 2232 3520 2300 qui
3560 2230 3663 2285 sub
3695 2231 3842 2285 Vale—

2279 2326 2429 2378 riano
2458 2326 2696 2394 principe
2741 2336 2860 2394 post
2889 2326 3102 2393 Iungunt
3133 2325 3412 2389 exsilium,
3445 2324 3846 2386 detruncatione

2278 2417 2466 2484 capitis
2515 2419 2824 2486 martyrium
2875 2417 3262 2472 consummavit
3313 2425 3468 2469 sexto
3518 2416 3768 2469 milliaria
3818 2430 3844 2466 a

2281 2505 2618 2570 Carthagine.
2653 2506 2848 2562 Eodem
2880 2507 2967 2560 die
2991 2506 3242 2559 exaltatio
3274 2511 3474 2559 sancta:
3505 2513 3530 2541 ο
3560 2505 3758 2560 crucis.

2356 2597 2438 2660 8.,
2469 2595 2534 2650 Et
2558 2597 2822 2664 depositio
2851 2596 3040 2650 Eliarci
3071 2596 3325 2663 episcOpi.

2360 2687 2444 2740 IS.
2475 2717 2545 2728 —
2574 2687 2710 2742 XVII
2740 2687 2874 2742 Καί..
2907 2687 3090 2740 Natale
3117 2685 3175 2740 S.
3207 2684 3226 2723 τ
3255 2684 3557 2740 Nicomedis
3609 2683 3847 2752 martyris

2283 2777 2400 2847 (0.,
2425 2777 2704 2848 episcopi).
2755 2780 2816 2834 L.
2868 2777 3012 2832 addit
3059 2786 3104 2832 et
3146 2787 3171 2828 ts
3205 2775 3487 2830 Valeriani.-
3527 2774 3730 2831 Eodem
3770 2775 3847 2829 die

1985 2889 2194 2945 SMITII
2233 2887 2462 2944 NOTAE.

603 2975 927 3028 instituerat.
972 2974 1130 3029 Broili
1169 2982 1344 3027 autem
1384 2974 1515 3029 obiit
1553 2989 1694 3029 anno
1720 2974 1860 3041 690;
1903 2977 2176 3035 Broilense

2284 2993 2412 3032 vero
2454 2977 2724 3032 humiliter
2761 2977 3047 3042 renitente,
3093 2974 3157 3029 ad
3201 2973 3559 3046 episcopalem
3603 2974 3841 3046 thronum

602 3045 981 3114 monasterium
1021 3044 1347 3097 destructum
1388 3055 1470 3098 est
1514 3061 1654 3098 anno
1686 3045 1811 3110 870,
1852 3063 1959 3108 quo
1999 3050 2176 3102 immi-
2205 3054 2250 3114 ο
2284 3056 2404 3114 post
2449 3056 2674 3101 mortem
2721 3046 2910 3100 Donati
2953 3044 3383 3114 promottts'est;
3424 3053 3589 3112 quem
3632 3045 3719 3096 vix
3761 3060 3847 3110 per

575 3115 840 3178 _minente
887 3113 1152 3165 Danorum
1202 3116 1568 3181 persecutione
1619 3114 1970 3178 fratreleeo
2019 3130 2072 3172 et
2115 3120 2172 3174 S.

603 3185 796 3236 Amato
835 3187 1130 3236 servientes
1159 3196 1352 3248 corpus
1399 3183 1554 3250 hujus
1595 3187 1762 3237 sancti
1809 3188 2040 3240 Duacum
2083 3190 2177 3242 de-

604 3262 1050 3324 portaverunt,_et
1079 3251 1239 3324 ἱιιιδιιί
1267 3252 1404 3318 juris
1434 3253 1658 3324 ecclesia
1693 3255 1750 3308 Ii.
1776 3255 1952 3308 Maria:
1981 3272 2178 3324 posue-

601 3320 942 3394 runt._N_nnc
982 3320 1079 3394 ista
1129 3321 1367 3388 Deiparae
1407 3323 1633 3394 ecclesia
1677 3332 1759 3376 est
1797 3320 2073 3394 collegi'ata
2116 3328 2173 3383 S.

601 3391 775 3460 Amati
803 3391 962 3460 dicta.
993 3391 1314 3460 Maroneam,
1344 3405 1465 3444 sme.
1500 3408 1534 3444 II
1565 3393 1683 3447 Act.
1721 3395 1872 3456 Bcn.,
1907 3391 1961 3460 p'.
1993 3396 2119 3451 957.

582 3467 589 3474 '
675 3465 700 3492 ⁸
742 3459 1044 3513 Anrilionis.
1103 3459 1281 3513 Potius
1334 3460 1578 3515 Maurilii.
1631 3462 1723 3514 Ilic
1770 3459 2176 3520 Mediblancnsis

605 3527 736 3602 civis
769 3529 1034 3602 illustris,
1065 3538 1120 3581 et
1157 3529 1214 3602 S.
1247 3531 1453 3602 Martini
1483 3531 1770 3602 discipulus
1802 3534 1933 3598 fttit,
1965 3545 2020 3588 et
2061 3535 2176 3602 ejus

607 3596 1048 3674 hortatu-electus
1077 3608 1155 3650 est
1185 3598 1582 3674 Andegavensis
1615 3596 1925 3672 episcopus.
1957 3604 2030 3658 De
2057 3596 2174 3674 ejus

605 3666 894 3728 miraculis,
923 3666 991 3742 de
1011 3680 1169 3742 causa
1195 3667 1264 3742 ob
1287 3682 1444 3742 quam
1473 3666 1834 3742 episcopatum
1867 3666 2172 3742 relinquens

605 3749 752 3788 mare
787 3735 1031 3797 transiit,
1071 3735 1138 3788 de
1172 3736 1287 3802 ejus
1321 3737 1488 3789 reditu
1523 3739 1586 3789 ad
1627 3735 1779 3803 suos,
1825 3753 1876 3793 et
1907 3735 2175 3808 quomodo

604 3818 823 3879 puerum
855 3821 948 3879 per
974 3814 1097 3879 octo
1123 3808 1636 3879 annosesstiuctum
1669 3809 1734 3862 ad
1765 3810 1922 3879 vitam
1955 3828 2181 3879 revoca-_

602 3874 708 3942 vit,
740 3875 860 3927 vide
889 3876 1014 3928 Acta
1043 3876 1158 3936 eius
1183 3876 1319 3942 apud
1351 3877 1562 3930 Surium
1597 3887 1723 3930 tom.
1759 3878 1822 3931 V.

672 3941 702 3981 ιι
742 3943 985 3998 Cornelii.
1044 3943 1159 4014 Ειιίι
1214 3941 1298 3998 hic
1355 3947 1637 4014 episcopus
1691 3948 1957 4004 Iiomanus
2011 3966 2040 4004 a
2088 3955 2174 4007 die

601 4022 788 4081 quarto
830 4013 1030 4074 mensis
1059 4012 1199 4066 Junii
1240 4017 1361 4067 anui
1393 4016 1520 4079 231,
1544 4012 1673 4069 eum
1703 4017 1808 4071 duo
1839 4021 1978 4074 Decii
2023 4033 2175 4076 erant

600 4084 882 4152 consules,
915 4083 981 4136 ad
1024 4098 1112 4135 xtv
1142 4085 1416 4152 Septemb.
1456 4087 1578 4137 anni
1616 4091 1911 4152 sequentis,
1941 4088 2090 4144 Gallo
2121 4102 2174 4146 et

605 4150 888 4204 Volusiano
933 4150 1257 4205 consulibus.
1312 4154 1463 4207 Baeda
1516 4155 1615 4208 hoc
1657 4150 1772 4210 loco
1813 4150 2069 4215 eat-Actis
2112 4163 2167 4216 S.

601 4221 832 4274 Cornelii
882 4222 1039 4274 tradit
1081 4224 1149 4294 S.
1185 4223 1487 4294 Cornelium
1536 4226 1635 4278 sub
1683 4227 1841 4279 Decio
1891 4229 2172 4294 plumbatis

602 4299 798 4341 emsum
829 4300 882 4344 et
912 4302 1092 4363 postea
1120 4291 1436 4363 decollatum
1467 4311 1479 4345 :
1512 4294 1625 4347 hare
1653 4305 1799 4350 certe
1827 4291 2011 4363 aperte
2043 4302 2167 4352 falsa

601 4367 748 4430 sunt,
789 4367 842 4410 et
887 4374 914 4410 a
959 4361 1184 4414 IIaronio
1233 4363 1425 4416 frustra
1473 4371 1691 4428 tentata,
1731 4367 1818 4430 qui
1866 4361 1920 4420 in
1972 4377 2169 4422 textum

2280 3119 2404 3170 anni
2427 3126 2482 3171 et
2506 3118 2644 3182 quod
2673 3117 2906 3171 excurrit
2933 3115 3158 3183 spatium
3182 3125 3636 3183 ornaverat._cum
3661 3125 3842 3167 exorta

2279 3187 2378 3240 sub
2417 3179 2573 3242 Decio
2606 3179 3008 3253 persecutione,
3043 3186 3107 3236 ad
3140 3186 3347 3238 leonem
3379 3186 3430 3236 in
3470 3179 3630 3253 Circo
3658 3185 3842 3250 srpius

2281 3257 2496 3323 petitus,
2520 3251 2788 3309 secessum
2815 3254 3084 3324 qumsivit.
3112 3253 3487 3324 IferseCtttiOIIe
3512 3251 3688 3324 sopita
3711 3268 3842 3305 anno

2277 3325 2404 3391 251,
2435 3321 2649 3380 latebris
2677 3321 2920 3391 egressus
2940 3335 2991 3377 et
3021 3323 3270 3376 Ecclesize
3295 3336 3407 3375 sua:
3432 3321 3700 3391 redditus,
3715 3337 3834 3390 syn-

2276 3390 2437 3448 odum
2465 3390 2784 3462 Carthagine
2835 3393 2887 3446 in
2933 3406 3090 3446 causa
3133 3393 3400 3453 lapsorum
3431 3391 3639 3444 habuit.
3667 3390 3839 3444 Onam

2277 3480 2415 3516 anno
2443 3463 2549 3518 255
2591 3461 2967 3527 ἀθίιιεψιὶεηιο
3014 3462 3380 3514 barreticorum
3427 3461 3836 3516 controversiam

2276 3533 2574 3603 Cyprianus
2618 3531 2824 3586 concilii
2879 3529 3603 3603 carthaginiensisdecreto
3649 3531 3835 3603 sedare

2275 3599 2497 3656 conatus
2524 3611 2606 3658 est
2627 3643 2642 3665 ,
2672 3610 2909 3655 statuens
2938 3600 3304 3653 Iizereticorum
3349 3599 3616 3665 baptisma
3649 3600 3828 3652 invali-
3884 3620 3891 3624 -

2275 3673 2403 3726 dum
2431 3685 2494 3725 ac
2535 3673 2686 3738 plane
2719 3672 2918 3724 nullutn
2947 3685 3090 3724 esse.
3132 3669 3288 3722 Istam
3317 3669 3641 3722 sententiam
3680 3685 3834 3736 syno-

2275 3744 2374 3796 dus
2402 3743 2462 3795 7I
2495 3742 2860 3809 episcoporum
2898 3755 3040 3793 anno
3068 3738 3305 3807 sequenti
3339 3738 3518 3809 habita
3558 3740 3836 3792 confirma-

2275 3815 2367 3864 vit.
2401 3807 2540 3866 cum
2564 3825 2688 3864 vero
2715 3826 2819 3863 non
2851 3808 3024 3877 pauci,
3055 3824 3119 3861 ac
3149 3809 3198 3860 in
3231 3809 3294 3860 iis
3325 3807 3593 3874 prmcipue
3619 3809 3833 3875 Stepha-

2276 3897 2374 3934 nus
2413 3882 2694 3950 episc0pus
2726 3880 2993 3933 Romanus
3013 3877 3652 3950 ,Wstrenue_rcstiterint,_
3673 3878 3836 3950 majus

2273 3963 2327 4005 et
2357 3947 2680 4019 frequentius
2717 3950 2997 4003 concilium
3029 3949 3249 4001 Kalend.
3281 3947 3556 4019 Septemb.
3579 3947 3832 4019 ejusdem

2274 4022 2396 4072 anni
2427 4016 2736 4074 convocavit
2763 4020 3093 4089 Cyprianus,
3139 4019 3190 4068 in
3220 4030 3327 4089 quo
3355 4017 3592 4089 episcopi
3631 4017 3699 4069 87
3727 4016 3832 4089 sur:

2273 4090 2455 4157 I'ragiis
2503 4091 2616 4144 suis
2661 4087 2821 4156 prius
2846 4090 3118 4141 decretum
3161 4087 3496 4157 r0b0ra_r_unt.
3545 4088 3704 4157 Anno
3741 4087 3834 4138 3.37

2275 4154 2695 4225 persecutionem
2723 4159 2772 4210 in
2795 4157 3127 4211 Christianos
3150 4164 3326 4208 movet
3349 4154 3668 4208 Valerianus
3691 4156 3831 4222 imp.,

2272 4230 2482 4295 quando
2511 4228 2807 4298 Cyprianus
2847 4227 3183 4298 confessione
3223 4239 3402 4298 coram
3446 4226 3835 4298 Aspasiopro-

2273 4294 2494 4352 consule
2524 4294 2654 4352 ficta
2679 4301 2728 4349 in
2756 4297 3000 4350 exsilium
3025 4296 3270 4360 mittitur,
3295 4294 3537 4347 Cttruhas
3561 4296 3839 4362 provincia:

2279 4369 2576 4436 Leugitana:
2622 4368 2884 4434 relegatus
2911 4407 2927 4433 ,
2970 4375 3025 4419 et
3081 4375 3516 4436 annoaequente
3555 4366 3625 4436 ab
3665 4365 3842 4436 exsilio

604 4415 748 4502 om;
774 4442 971 4502 nomen
1011 4431 1287 4502 εητεμεεεερ
1318 4435 1460 4492 tu...
1506 4415 1700 4499 aa";
1743 4415 2170 4492 i'..e."g..i.;zat;.'a
2206 4415 2248 4472 υ
2279 4415 3508 4502 ;-;r..;::'.'t‘..';."caas"aa.:-...'a...';“taan";
3545 4415 3840 4494 magna,

605 4495 968 4573 Volusianum.
1015 4495 1141 4573 Nam
1181 4496 1366 4573 omnes
1397 4502 1493 4573 alii
1540 4495 1680 4556 Decii
1725 4519 1914 4557 nomen
1961 4522 2172 4573 semper

603 4565 890 4632 praeferunt
910 4605 926 4631 ,
957 4568 1094 4634 quod
1124 4569 1282 4621 etiam
1313 4572 1363 4622 iu
1393 4571 1645 4625 Breviarii
1678 4573 1902 4626 Romani
1932 4565 2171 4629 lectioni.

601 4633 1013 4708 Ilusrecitatur.
1058 4640 1186 4708 Acta
1227 4641 1385 4705 igitur
1427 4643 1662 4708 martyrii
1704 4645 1997 4697 adulterina
2027 4657 2170 4699 sunt.

604 4702 790 4782 Callus
812 4704 1022 4782 quidem
1051 4702 1354 4782 Cornelium
1385 4710 1449 4761 ad
1480 4702 1864 4782 Centumcellas
1893 4715 2171 4782 relegavit,

604 4772 780 4827 locum
807 4773 1212 4842 perjuctmdum,
1232 4788 1288 4829 ut
1314 4788 1537 4831 testatur
1560 4780 1756 4834 Plinius
1775 4799 1787 4844 ;
1807 4791 1860 4835 et
1879 4772 2170 4837 assentien:

599 4844 726 4918 dum
752 4853 836 4897 est
855 4847 1060 4918 auctori
1085 4849 1427 4918 vetustissimi
1452 4848 1705 4915 Catalogi,
1728 4854 1814 4918 qui
1849 4865 2023 4905 narrat
2052 4872 2170 4907 cum

599 4912 1402 4985 centumcellisdormitionetu
1460 4912 1759 4985 accepi‘sSe.
1814 4922 1887 4973 De
1945 4923 2174 4978 nefando

600 4983 889 5054 schismate
916 4984 1071 5052 cujus
1096 4985 1418 5038 Novatianus
1443 4983 1695 5054 princeps
1724 4998 1858 5052 erat,
1897 4990 2076 5044 Romzc
2106 4993 2170 5046 il-

597 5051 834 5124 legitime
874 5054 1148 5107 ordinatus
1187 5051 1491 5124 epiSCopus.
1535 5051 1655 5110 cum
1698 5051 1977 5113 Cornclius
2016 5073 2172 5116 antea

599 5119 720 5198 jure
741 5123 905 5198 pleno
934 5124 1136 5198 electus
1163 5119 1334 5198 esset,
1367 5119 1487 5178 vide
1526 5127 1865 5198 S.7_Cypriaui
1898 5130 2168 5198 epistolas.

673 5195 697 5258 ἒ
741 5191 912 5246 Verba
943 5193 1135 5245 Eodem
1164 5197 1262 5258 die,
1297 5207 1423 5258 etc.,
1457 5210 1565 5248 om.
1594 5191 1736 5248 'I‘fel
1770 5197 1826 5249 Β.

668 5257 1002 5336 “Cypriani.
1041 5257 1520 5336 Carthaginiensis,
1582 5265 1710 5336 artis
1757 5268 2001 5321 oratoriae
2044 5285 2172 5336 pro-

597 5329 832 5384 fessione
858 5331 1008 5385 clari.
1047 5333 1140 5385 llic
1179 5329 1328 5400 longe
1359 5336 1614 5400 majorem
1645 5335 1766 5385 vitae
1801 5347 2003 5401 partem
2037 5329 2174 5394 inter

597 5401 820 5470 gentiles
843 5401 1150 5454 idololatriae
1167 5417 1401 5456 assertor
1429 5403 1700 5470 transegit,
1721 5405 1887 5456 deuec
1910 5409 2173 5464 mediante

598 5467 814 5540 Caecilio
844 5471 1151 5537 presbytero
1175 5467 1765 5540 Carthaginiensi—anno
1790 5473 1891 5528 246
1920 5476 1982 5527 ad
2015 5478 2170 5533 Iidem

599 5537 793 5612 Christi
814 5541 1050 5612 transiit.
1082 5540 1320 5596 Exeunte
1348 5537 1486 5594 anno
1508 5543 1614 5595 ἔξω
1649 5543 1921 5612 presbyter
1947 5546 2171 5601 Cartha-

603 5606 857 5685 giniensis
902 5608 1072 5685 laetus
1119 5620 1529 5685 estpanunqttc
1578 5606 1919 5681 insequente,
1968 5626 2020 5668 et
2062 5618 2170 5685 jam

609 5677 822 5744 adulto,
865 5679 1184 5748 efflagitante
1217 5683 1368 5752 plebe
1397 5677 1457 5736 et
1483 5697 1616 5752 pene
1648 5677 1913 5750 rapiente,
1950 5677 2172 5755 ipsoinet

2276 4507 2584 4560 Christiana:
2614 4507 2822 4572 pietatis
2851 4506 3024 4558 cultor
3052 4519 3308 4564 summus,
3341 4504 3640 4570 disciplinae
3669 4506 3833 4558 eccle-

2276 4580 2505 4629 siastica:
2537 4587 2590 4628 et
2619 4577 2936 4641 episcopalis
2970 4574 3242 4640 potestatis
3271 4575 3461 4626 vindex
3493 4574 3801 4627 acerrimus.

2349 4657 2371 4682 ο
2408 4645 2605 4698 Crut'is.
2652 4647 2874 4710 Quando
2922 4644 3193 4694 Ileraclius
3239 4644 3555 4709 imperator,
3605 4643 3837 4696 Chosroe

2277 4731 2398 4778 rege
2438 4715 2664 4775 devicto,
2695 4730 2811 4768 eam
2842 4713 2909 4765 de
2954 4713 3168 4766 Perside
3198 4712 3622 4780 Hierosolymam
3666 4728 3836 4781 repor-

2276 4788 2422 4836 tavit.

2352 4853 2369 4891 ῐ
2415 4853 2730 4906 Nicomedis.
2766 4852 2948 4905 [inmte
2983 4855 3064 4902 via
3097 4849 3424 4904 Nomentana
3457 4850 3514 4903 Β.
3544 4850 3836 4906 Nicomedis

2277 4924 2603 4992 presbyteri;
2635 4924 2722 4988 qui
2754 4937 2872 4974 cum
2905 4921 3105 4973 diceret
3134 4923 3573 4984 et’unpellentibns
3597 4936 3659 4974 se
3688 4924 3832 4976 sacri-

2279 4991 2479 5046 Iic:ire’:
2519 5011 2535 5042 ι
2576 4994 2682 5055 Εμο
2714 5007 2816 5044 non
2850 4992 3090 5044 sacrifico
3140 4991 3239 5042 nisi
3277 4991 3381 5044 Ileo
3409 4992 3777 5056 omnipotenti,
3812 5009 3830 5039 ι

2277 5062 2559 5129 plumbatis
2588 5063 2886 5114 diutissime
2925 5076 3130 5122 cursus,
3165 5062 3407 5126 migravit
3437 5061 3500 5110 ad
3541 5061 3832 5114 Dominum.

2276 5139 2402 5186 Acta
2433 5134 2532 5185 SS.
2567 5132 2615 5183 in
2645 5133 2775 5184 actis
2808 5132 2957 5183 Nerei
2989 5141 3042 5182 et
3069 5131 3290 5182 Achillei
3325 5144 3394 5180 xu
3426 5129 3567 5181 Maii.

2347 5211 2370 5246 Β
2400 5201 2702 5262 _I-"olcriuni.
2755 5202 2810 5255 In
2855 5199 3118 5252 territorio
3160 5199 3623 5260 Cabilonensium,
3669 5209 3833 5253 castro

2275 5271 2581 5325 'I'reuortio.
2613 5272 2706 5322 llic
2737 5286 2870 5322 unus
2898 5269 3076 5320 fuitex
3108 5282 3328 5319 nmnero
3358 5278 3662 5320 sanctorum
3688 5267 3830 5334 quiu-

2275 5341 2519 5409 quaginta
2563 5343 2649 5408 qui
2697 5340 3019 5409 temporibus
3057 5336 3470 5409 Antoniuimveri
3516 5338 3750 5407 Lugduni
3782 5339 3832 5389 in

2277 5405 2543 5463 carcerem
2578 5405 2706 5461 trusi
2736 5405 2892 5469 sunt,
2928 5408 3266 5474 quique‘cum
3304 5407 3364 5459 Β.
3397 5405 3665 5470 Marcello,
3698 5417 3833 5470 pate-

2280 5482 2429 5534 factis
2463 5479 2718 5532 custodiae
2744 5479 2993 5530 divinitus
3032 5477 3298 5536 claustris,
3339 5478 3560 5540 aufugit.
3607 5477 3833 5543 Curaque

2276 5552 2340 5603 ad
2388 5550 2660 5616 praefatum
2708 5559 2938 5601 castrum
2986 5548 3337 5616 pervenisset,
3386 5555 3440 5599 et
3482 5547 3682 5598 Domini
3712 5546 3833 5598 Iesu

2276 5615 2470 5671 Christi
2506 5633 2694 5670 omne"
2739 5618 3055 5682 prmdicans,
3087 5615 3342 5686 plurimos
3386 5618 3499 5681 ipso
3531 5617 3827 5683 inspirante,

2280 5692 2341 5742 ad
2373 5689 2487 5758 ejus
2520 5687 2674 5742 Iidem
2703 5685 3396 5748 convertisset,rcvcrtcnti
3429 5688 3496 5742 ab
3527 5693 3657 5744 urbe
3683 5686 3831 5739 Cabi-
