4064 6346
323 222 469 287 Ιοιδ

1461 232 1654 288 SECT.
1695 233 1761 287 ll.
1804 264 1873 274 —
1912 233 2473 290 MARTYROLOGIA.

3442 228 3578 283 ιοιο

1576 340 1800 397 EDITIO
1847 342 2308 398 COLONIENSIS.

300 440 409 487 ctu:
434 430 648 501 virginis
689 430 956 495 Feliculze,
985 443 1139 497 quam
1166 430 1277 496 ipse
1322 444 1417 497 pro
1445 430 1657 487 Christo
1706 431 1895 500 punie-
1922 434 1969 490 A
1999 444 2174 487 menta
2212 440 2469 497 rotarum,
2502 430 2652 502 ignes
2697 437 2753 485 et
2795 429 3025 499 pondera
3078 428 3308 497 lapidum
3354 431 3575 499 angula-

300 532 413 586 rat,
440 520 734 589 sepelisset,
764 521 921 588 jussit
947 520 1065 573 duci
1092 519 1155 572 ad
1192 520 1616 576 sacrificandum.
1648 522 1764 588 Quo
1796 536 1886 575 re-

301 621 525 678 nuente,
566 610 846 679 plumbatis
877 610 1169 664 diutissime
1198 624 1367 665 cassus
1410 612 1655 681 migravit
1683 613 1746 665 ad
1779 612 1885 666 Do-

302 703 534 757 minttm.
586 701 751 770 Cujus
791 715 982 769 corpus
1030 701 1080 754 in
1122 701 1354 756 Tiberim
1394 702 1632 769 jactavit,
1675 704 1811 772 quod
1858 718 1888 757 a

298 794 504 849 clerico
535 794 719 862 ipsius,
747 796 961 849 nomine
989 793 1162 856 Justo,
1191 802 1271 849 est
1299 794 1598 859 collectum,
1630 804 1683 849 et
1711 795 1887 863 sepul-

302 894 416 937 tum
444 883 594 952 juxta
625 898 804 939 muros
836 885 920 937 via
950 883 1299 939 Numentana.
1333 883 1669 939 Cabilonensi
1713 895 1890 937 eaStro

296 974 596 1030 Trenorcio
642 976 811 1030 sancti
848 971 1112 1029 Valeriani
1178 974 1458 1045 martyris,
1508 975 1607 1031 sub
1666 975 1890 1044 praeside

298 1066 508 1132 Prisco,
534 1082 690 1137 quem
713 1068 875 1137 jussit
896 1068 1169 1137 suspendi,
1194 1082 1256 1122 ac
1282 1068 1429 1139 gravi
1460 1069 1773 1136 ungularum
1807 1067 1885 1119 la-

204 1174 209 1177 ·
294 1157 574 1213 ceratione
596 1159 845 1220 cruciari,
898 1172 961 1212 ac
998 1158 1190 1213 deinde
1240 1157 1411 1228 gladio
1442 1158 1666 1225 percuti.
1699 1158 1763 1209 Et
1792 1171 1888 1209 na-

296 1248 411 1301 tale
439 1247 611 1303 sancti
639 1248 767 1316 Apri
805 1248 1062 1317 episcopi,
1094 1257 1149 1302 et
1178 1247 1344 1302 sancti
1376 1246 1592 1301 Leohini
1620 1245 1889 1300 confesso-

296 1339 396 1392 ris.
429 1337 485 1391 ln
524 1337 841 1393 Alexandria
872 1348 1177 1393 sanctorum
1211 1338 1539 1408 Serapionis,
1571 1336 1795 1392 Leontii.
1832 1337 1885 1392 Io

292 1429 436 1501 Cyra
468 1429 687 1486 Galatiae
713 1431 880 1486 sancti
910 1432 1109 1494 Eleuci,
1141 1431 1334 1485 Valerii
1362 1441 1414 1486 et
1440 1430 1707 1501 Cyrionis,
1739 1429 1891 1485 Stra-

293 1523 463 1587 tonis,
488 1522 738 1578 Macrobii
765 1532 817 1577 et
842 1523 1160 1578 Constantii.
1187 1523 1242 1577 ln
1275 1522 1482 1593 Ancyra
1526 1522 1692 1576 sancti
1741 1521 1887 1575 Pauli

291 1613 555 1683 episcopi.
600 1613 856 1684 Lngduno
894 1615 1155 1684 depositio
1207 1615 1385 1668 Albini
1430 1615 1689 1683 episcopi,
1718 1623 1773 1668 et
1800 1627 1887 1668 oc-

296 1714 417 1758 tava
444 1703 637 1760 natalis
664 1715 862 1760 sanctae
891 1704 1067 1759 Mariae
1097 1703 1339 1773 virginis.

1994 525 2152 589 rium,
2190 522 2385 577 bestias
2424 532 2479 576 et
2526 522 2705 590 plagas
2732 522 3021 589 virgarum,
3077 534 3256 574 set-ras
3303 530 3485 573 acutas
3525 530 3578 575 et

1993 613 2285 683 sartagines
2314 613 2502 681 ignitas
2531 604 2674 666 vicit.
2709 612 2762 664 In
2792 612 2975 665 ultimo
3003 619 3189 665 sancta
3220 611 3369 679 virgo
3412 612 3579 677 preci-

1994 703 2092 758 bus
2124 706 2370 768 obtinuit,
2403 714 2455 758 ut
2483 718 2583 757 una
2613 718 2676 758 ex
2708 703 2893 756 bestiis
2924 716 3159 755 morsom
3183 702 3284 756 sibi
3311 701 3576 770 infigeret,

1992 794 2145 847 et-ita
2176 792 2568 847 immaculatum
2596 793 2839 861 spiritum
2876 791 3105 845 Domino
3132 791 3381 846 reddidit.
3412 790 3581 861 Cujus

1993 901 2186 956 corpus
2209 888 2598 956 Pliilophronns
2639 898 2786 956 pater
2813 886 2950 955 ejus,
2996 896 3049 941 et
3076 886 3356 941 Tlteodora
3408 892 3579 940 mater

1991 976 2108 1047 ejus
2134 988 2375 1033 curatum
2398 978 2739 1047 sepelierunt,
2764 979 2912 1046 quasi
2935 976 3079 1031 mille
3102 991 3287 1043 passus
3307 990 3337 1029 a
3364 975 3579 1031 civitate

1994 1066 2349 1121 Chalcedona.
2392 1062 2577 1121 Romae
2609 1076 2910 1120 sanctorum
2939 1066 3113 1120 Lucim
3154 1077 3203 1120 et
3250 1065 3575 1132 Geminiani,

1993 1157 2316 1225 imperatore
2348 1156 2693 1219 Diocletiano,
2718 1154 2983 1225 jndicibtts
3008 1155 3293 1225 Apofrasio
3320 1165 3375 1211 et
3401 1156 3579 1223 Mega-

1992 1247 2091 1301 sio.
2123 1247 2386 1301 Manserat
2409 1256 2583 1301 autem
2618 1249 2770 1301 beata
2798 1246 2957 1300 Lucia
3008 1248 3060 1301 in
3109 1246 3365 1301 viduitate
3407 1260 3577 1299 annos

1995 1335 2204 1405 triginta
2235 1351 2328 1390 sex
2354 1352 2368 1401 ;
2400 1337 2561 1390 t0tius
2591 1337 2733 1389 enim
2754 1336 2877 1389 vita:
2902 1349 3013 1391 sua:
3035 1338 3159 1391 anni
3188 1338 3337 1391 fuere
3361 1347 3576 1403 septua-

1991 1425 2131 1494 ginta
2163 1426 2415 1495 quinque.
2459 1427 2592 1493 Quae
2622 1434 2870 1479 accusata
2910 1441 2937 1477 a
2991 1426 3099 1479 tilio
3127 1441 3225 1481 suo
3255 1426 3395 1495 quod
3425 1425 3575 1479 chri-

1990 1517 2159 1571 stiana
2184 1517 2408 1582 viveret,
2443 1517 2614 1585 primo
2640 1502 2695 1569 in
2717 1529 2985 1570 carcerem
3008 1516 3163 1570 missa
3192 1523 3298 1579 est,
3325 1515 3413 1575 ubi
3440 1529 3572 1569 con-

1990 1608 2299 1663 solationem
2356 1607 2590 1662 divinam
2642 1606 2965 1675 promeruit;
3014 1606 3136 1660 dein
3179 1606 3405 1661 fustibus
3451 1606 3568 1660 diu-

1990 1697 2194 1753 tissime
2221 1711 2379 1765 cassa,
2411 1707 2466 1754 et
2485 1698 2664 1753 subito
2701 1708 2859 1753 terra:
2899 1706 3072 1752 motus
3114 1698 3282 1753 factus
3327 1708 3410 1752 est
3454 1711 3572 1751 ma-

374 1792 442 1848 G.
468 1793 584 1849 XVI
610 1794 849 1849 KALEND.
895 1796 1029 1850 Ocr.
1058 1824 1128 1835 —
1162 1793 1345 1848 Natale
1386 1803 1582 1847 sanctae
1633 1792 1885 1847 Eufemia:
1916 1779 1963 1840 B
1990 1804 2151 1859 gnus,
2183 1796 2237 1844 et
2266 1789 2518 1858 templum
2545 1788 2693 1843 Jovis
2740 1786 2809 1841 ita
2848 1789 3149 1854 subrutnm,
3200 1797 3256 1843 ut
3302 1801 3400 1843 nec
3442 1786 3576 1856 lapis

293 1883 542 1952 virginis,
564 1899 680 1953 quas
708 1885 1048 1955 martyrizata
1095 1893 1178 1938 est
1218 1868 1317 1937 sub
1344 1881 1673 1936 Diocletiano
1712 1882 1882 1950 impe-

293 1984 497 2039 ratore,
526 1974 848 2043 proconsule
876 1983 1053 2029 autem
1086 1973 1288 2039 Prisco,
1321 1974 1373 2027 in
1403 1973 1619 2027 civitate
1656 1971 1881 2027 Chalce-

293 2064 460 2119 dona.
500 2064 630 2133 Qua:
671 2072 931 2120 tormenta
975 2072 1030 2120 et
1067 2076 1331 2132 carceres,
1363 2061 1588 2117 verbera
1628 2069 1684 2116 et
1728 2075 1884 2131 argu-

1989 1893 2150 1948 super
2200 1880 2426 1953 lapidem
2473 1890 2793 1936 remaneret.
2848 1881 3000 1934 'l‘unc
3057 1881 3109 1935 in
3161 1880 3321 1935 ollam
3378 1893 3572 1935 aeream

1992 1971 2151 2027 missa
2191 1980 2296 2038 est,
2340 1973 2456 2042 pice
2482 1981 2536 2027 et
2574 1970 2791 2041 plumbo
2836 1971 3154 2039 ferventem,
3184 1970 3271 2025 ubi
3313 1970 3486 2027 triduo
3515 1970 3580 2024 il-

1990 2062 2116 2117 lzesa
2163 2062 2473 2131 permansit.
2505 2062 2694 2118 Postea
2735 2063 2954 2132 plumbo
2993 2071 3049 2118 et
3073 2061 3214 2117 ferro
3241 2069 3481 2125 onerata,
3513 2068 3571 2115 et

1538 2173 1771 2229 EDITIO
1814 2172 2289 2228 DOLLANDIANA
2302 2210 2317 2226 .

291 2266 359 2324 8.
395 2272 423 2302 ⁸
450 2264 582 2335 Apri
613 2265 846 2335 episcopi
881 2283 893 2317 :
928 2265 993 2318 A.
1021 2254 1074 2319 et
1102 2264 1168 2319 Τ.
1200 2263 1555 2332 praemittunt,
1584 2263 1638 2317 ln
1665 2263 1881 2318 civitate

286 2359 472 2416 Tullo.
523 2358 583 2414 Β.
633 2373 762 2414 vero
807 2376 821 2412 :
871 2357 928 2412 ln
979 2357 1249 2412 territorio
1294 2357 1649 2412 Cavillnneusi
1698 2366 1875 2411 castra

284 2449 634 2505 'l‘rinorchio.
682 2450 746 2503 Et
776 2448 804 2486 ι’
838 2449 1058 2503 Leobini
1101 2448 1445 2504 confessoris.
1495 2448 1696 2503 Desunt
1740 2449 1881 2515 Aper

287 2553 349 2599 et
379 2543 643 2597 Leobinus
673 2541 725 2596 in
755 2541 817 2596 L.

364 2631 432 2685 Α.
461 2630 554 2694 'l‘.,
596 2630 856 2695 Belvagus
900 2629 1177 2684 translatio
1207 2628 1446 2697 corporis
1485 2627 1543 2681 8.
1577 2631 1598 2658 ε
1630 2627 1872 2682 aniani.

293 2699 501 2757 Eodem
550 2700 636 2754 die
660 2699 920 2765 depositio
956 2701 1014 2755 8.
1047 2700 1071 2736 ά
1107 2699 1313 2753 Aicadri
1345 2700 1550 2751 abbatis
1572 2742 1585 2761 ,
1615 2699 1703 2765 qui
1735 2707 1786 2751 et
1821 2698 1873 2750 in

291 2770 358 2825 L.
392 2769 675 2824 invenitur.
706 2768 793 2834 B.,
824 2769 876 2821 In
909 2770 1224 2823 Alexandria
1252 2767 1427 2823 natale
1457 2766 1612 2821 trium
1642 2767 1866 2822 fratrum

292 2840 500 2910 Cyrini,
534 2840 736 2893 Leontii
765 2849 817 2893 et
846 2839 1173 2908 Serapionis.

366 2929 551 2983 Hi.-
583 2927 701 2983 XVl
738 2929 871 2984 Kac.
914 2929 1101 2984 Natale
1138 2928 1193 2983 8.
1230 2939 1252 2965 θ
1287 2928 1593 2997 Ευῃιιθιηίαξ
1633 2928 1872 2996 virginis,

288 3036 415 3092 qua:
451 3021 812 3093 martyrizavit
854 3022 954 3074 sub
994 3020 1323 3074 Diocletiano
1363 3020 1706 3089 imperatore,
1753 3034 1871 3087 pro-

286 3111 516 3167 consule
552 3120 732 3166 autem
773 3108 978 3176 Prisco,
1021 3110 1074 3164 in
1115 3110 1328 3164 civitate
1366 3108 1683 3163 Calcedonia
1716 3126 1727 3159 :
1759 3123 1875 3177 qua:

1992 2271 2255 2317 tormenta
2297 2272 2350 2317 et
2390 2277 2657 2328 carceres,
2699 2264 2916 2319 verbera
2964 2274 3019 2319 et
3064 2272 3371 2334 argumenta
3416 2274 3566 2319 rota-

1990 2367 2106 2406 rum
2128 2392 2143 2416 ,
2173 2352 2322 2421 ignes
2351 2361 2405 2407 et
2429 2355 2661 2422 pondera
2705 2353 2938 2421 lapidum
2968 2354 3296 2421 angularium
3319 2393 3335 2419 ,
3367 2352 3567 2407 bestias

1988 2450 2044 2495 et
2067 2442 2245 2496 clavas
2276 2441 2571 2512 virgarum,
2601 2457 2778 2497 serras
2808 2452 2990 2498 acutas
3018 2451 3073 2497 et
3100 2442 3396 2512 sartagines
3424 2441 3569 2511 igni-

1990 2544 2091 2601 tas,
2125 2550 2337 2589 rursum
2362 2550 2596 2589 morsum
2628 2536 2809 2590 bestize
2838 2550 2932 2605 pro
2957 2536 3168 2591 Christo
3194 2535 3484 2605 superavit,
3514 2545 3571 2591 et

1988 2628 2053 2683 ad
2102 2627 2246 2683 mille
2291 2642 2477 2697 passus
2521 2628 2754 2683 civitatis
2799 2627 3114 2683 Calcedonis
3158 2629 3369 2698 sepulta
3411 2636 3495 2683 est
3535 2643 3570 2683 a

1980 2727 2130 2787 patre
2159 2734 2257 2774 suo
2287 2719 2710 2789 Philosophrone
2740 2720 2856 2791 [D.,
2883 2718 3267 2791 Pbilupltrone]
3292 2729 3568 2775 senatore.

1958 2810 2098 2878 'lpso
2128 2809 2215 2865 die
2241 2812 2431 2865 natalis
2460 2820 2763 2866 sanctorum
2795 2810 2812 2849 ί
2843 2810 3019 2868 Luciae
3043 2811 3160 2883 [D.,
3193 2810 3361 2881 Lucii]
3384 2823 3436 2867 et
3458 2810 3568 2866 Ge-
3598 2832 3615 2857 ‹

1980 2902 2219 2957 miniani.

2363 3014 2590 3102 alibi
2628 3015 2739 3102 §.s
2776 3013 3164 3102 Emerentiante
3191 3014 3276 3071 vel
3305 3013 3565 3069 Emeren-

1984 3084 2143 3140 tianis
2170 3084 2255 3140 vel
2282 3085 2732 3140 Emerentianitis.

1679 3231 1887 3287 SMlTll
1928 3231 2160 3288 NOTAE.

292 3331 630 3400 lonensinm,
654 3330 743 3385 ubi
775 3329 985 3383 Priscus
1014 3330 1075 3385 Β.
1106 3329 1405 3383 Marcellum
1439 3337 1726 3400 martyrem
1768 3347 1862 3386 ne-

291 3412 507 3456 caverat
534 3399 630 3468 pro
657 3400 853 3455 Christi
885 3400 1129 3465 nomine,
1182 3400 1389 3467 prmsidi
1438 3399 1619 3452 Prisco
1648 3401 1861 3454 delatus

292 3482 397 3526 est.
427 3473 595 3535 Quem
641 3471 729 3524 ille
761 3470 984 3537 primum
1031 3470 1187 3523 minis
1230 3469 1471 3537 frangere
1500 3481 1722 3523 cenatus
1751 3482 1858 3535 est,

291 3542 489 3595 deinde
515 3554 832 3608 suspensum
873 3552 921 3593 et
964 3541 1278 3608 ungularum
1312 3540 1630 3593 laceratione
1658 3542 1863 3595 crucia-

294 3623 407 3664 tum
438 3610 651 3679 tandem
679 3609 851 3679 gladio
881 3610 1222 3662 animadverti
1258 3608 1396 3663 fecit.
1433 3612 1566 3661 Ano.

365 3688 392 3716 ι
431 3680 576 3751 Apri.
622 3678 841 3751 Ponitur
886 3679 969 3751 hic
1012 3680 1278 3751 septimus
1310 3678 1503 3751 ordine;
1544 3679 1593 3751 in
1640 3680 1860 3735 Tabulis

287 3748 661 3817 episcoporum
695 3748 1016 3803 Tnllcnsium
1039 3794 1052 3813 ,
1083 3764 1214 3817 quas
1250 3748 1533 3816 descripsit
1566 3750 1859 3813 Demoehae

290 3836 401 3873 res.
435 3820 531 3873 Hic
568 3834 629 3872 ex
662 3818 928 3872 causidico
957 3821 1274 3881 monachus,
1305 3829 1360 3871 et
1388 3834 1450 3872 ex
1485 3821 1745 3872 monacho
1775 3830 1859 3873 est

264 3891 460 3943 .factns
490 3892 793 3957 epist-opus.
818 3888 890 3941 De
910 3904 1014 3957 quo
1044 3889 1294 3942 Paulinus
1318 3889 1548 3941 Nolanus
1578 3890 1736 3956 epist.
1765 3889 1855 3954 50,

285 3958 379 4022 51,
412 3959 501 4023 59,
532 3960 581 4011 in
613 3958 744 4011 Bibl.
778 3956 1010 4010 Patrum.

360 4028 387 4066 δ
428 4027 657 4082 Leobini.
706 4027 936 4079 Primum
970 4029 1019 4080 in
1048 4027 1372 4080 monasterio
1413 4026 1713 4080 Miciacensi
1746 4042 1857 4079 mo-

288 4098 492 4151 nachus
522 4099 673 4151 vixit.
715 4097 864 4162 Quod
910 4105 1028 4164 post
1056 4104 1178 4151 octo
1204 4109 1372 4151 annos
1414 4096 1722 4165 relinquens
1755 4095 1858 4151 Ga-

288 4171 559 4221 valensent
590 4167 771 4220 urbem
816 4167 1064 4233 expetiit,
1112 4168 1200 4220 uhi
1233 4167 1299 4219 ab
1347 4165 1543 4218 Ililario
1584 4166 1699 4234 ejus
1742 4169 1855 4234 epi-

284 4252 452 4304 scopo
476 4236 875 4291 sacerdotalitcr
904 4247 1182 4302 susceptus
1211 4246 1287 4289 cst
1312 4253 1325 4300 ;
1362 4236 1481 4289 inde
1514 4237 1767 4290 recwlens
1790 4238 1855 4289 ad

285 4308 347 4360 Β.
382 4307 583 4373 Lupum
615 4321 673 4361 se
698 4306 939 4363 contulit,
965 4315 1020 4359 et
1048 4322 1166 4358 cum
1198 4321 1262 4359 eo
1293 4321 1385 4372 per
1414 4308 1673 4373 integrum
1702 4308 1856 4373 quin-

278 4354 572 4445 quoi-inium
597 4354 855 4430 invendem
879 4354 1122 4429 emnobio
1144 4354 1499 4429 commoratus
1523 4354 1624 4427 Est.
1652 4354 1854 4430 Inierea
1888 4354 1939 4413 θ

283 4447 412 4500 dum
443 4445 632 4500 Franci
668 4447 806 4500 bella
832 4456 1013 4497 contra
1049 4446 1447 4514 llnrgundiooes
1474 4445 1773 4509 concitant,
1804 4456 1858 4499 et

282 4515 402 4584 ejus
430 4517 659 4570 emnobii
693 4514 938 4569 monachi
985 4514 1223 4582 fugiunt,
1257 4517 1369 4581 ipse
1399 4531 1518 4567 cum
1552 4531 1656 4566 uno
1697 4516 1858 4569 fratie

279 4600 411 4640 sene
439 4587 586 4639 solus
613 4586 828 4640 relictus
855 4596 955 4651 est,
984 4596 1036 4639 et
1065 4600 1094 4637 a
1128 4586 1390 4648 barbaris,
1422 4586 1541 4652 quia
1575 4585 1742 4638 noluit
1772 4600 1857 4639 res

282 4656 593 4709 ntunasterii
627 4657 886 4723 pandere,
920 4656 1115 4709 misere
1141 4654 1423 4708 cruciatus.
1460 4654 1549 4707 llis
1580 4670 1706 4708 vero
1733 4671 1856 4719 snp-

280 4725 457 4794 pliciis
482 4735 691 4792 t-rcptus
720 4740 841 4780 cum
877 4725 1129 4777 Enfronio
1159 4734 1211 4778 et
1238 4725 1455 4778 Rustico
1481 4724 1537 4777 Β.
1564 4724 1774 4777 At‘itunt
1804 4726 1854 4777 in

281 4795 473 4850 Pertici
514 4794 799 4851 solitudine
828 4802 1243 4849 commorantem
1287 4795 1449 4856 adiit,
1500 4795 1588 4861 qui
1630 4808 1723 4848 cos
1764 4809 1855 4846 su-

278 4865 485 4930 scepit,
519 4864 920 4933 Leobinumque
949 4865 1150 4918 cellarii
1196 4864 1430 4934 przefecit
1458 4863 1657 4934 officio.
1707 4868 1748 4917 A
1796 4865 1853 4918 S.

282 4934 531 4990 Etherio
559 4934 811 5003 episcopo
853 4945 1031 5003 posma
1072 4933 1353 5000 provectus
1393 4944 1473 4987 est
1504 4933 1569 4986 ad
1606 4933 1853 4987 diacona-

281 5014 414 5066 tum,
444 5004 639 5058 deinde
670 5005 917 5059 fratribus
946 5003 1273 5072 Brajacettsis
1296 5003 1611 5057 monasterii
1643 5016 1855 5071 prtepo-

277 5076 439 5128 sitns.
491 5075 652 5129 Beato
699 5085 875 5128 autem
928 5073 1169 5127 JEtherio
1218 5074 1531 5128 Carnoteusi
1585 5075 1855 5137 defuncto,

283 5144 550 5199 Leobinus
592 5144 667 5197 illi
711 5149 913 5199 electus
955 5153 1036 5198 est
1082 5144 1133 5195 in
1179 5158 1576 5207 successorem;
1626 5143 1857 5210 denique

282 5223 406 5280 post
436 5215 575 5268 facta
618 5214 872 5267 miracula
916 5230 1019 5268 non
1063 5228 1224 5283 pauca
1256 5213 1386 5267 ohiit
1416 5223 1467 5265 et
1507 5213 1744 5279 sepultus
1776 5223 1857 5283 est

281 5286 336 5338 in
377 5284 589 5338 basilica
620 5283 678 5340 8.
719 5284 948 5337 Martini.
983 5283 1112 5337 Vide
1140 5284 1256 5351 ejus
1288 5283 1459 5336 Vitam
1491 5284 1687 5335 editam
1718 5282 1854 5346 apud

284 5352 426 5407 l’ltil.
459 5354 669 5408 Lahhtei
704 5364 833 5408 tom.
865 5355 905 5408 ll
938 5354 1069 5408 Bibl.
1102 5353 1255 5415 Nov.,
1288 5368 1341 5421 p.
1372 5353 1496 5407 532.
1526 5352 1853 5421 Cltildeberti

279 5422 605 5477 Francorum
621 5425 755 5489 regis
772 5424 1093 5494 temporibus
1106 5420 1553 5489 claruit,obiitque
1571 5436 1710 5494 anno
1730 5420 1851 5494 Pi§7.

282 5494 553 5547 l’rioratus
582 5495 644 5546 de
674 5494 725 5547 la
768 5490 942 5563 Veyre,
976 5505 1029 5549 et
1058 5496 1277 5548 ecclesia
1313 5491 1728 5563 parochialis‘de
1756 5490 1855 5543 Po-

449 5564 500 5616 in
529 5566 747 5687 «tinﬁwu
791 5560 1103 5620 Pictavieusi
1147 5579 1268 5622 cum
1315 5560 1591 5633 patronum
1635 5560 1849 5615 habent.

342 5652 353 5687 ι
397 5674 433 5687 ..
470 5649 519 5687 n.
586 5654 617 5687 υ
658 5676 671 5687 .

342 5636 433 5701 id.,
465 5649 519 5705 Ρ.
551 5636 671 5689 750.

2046 3340 2067 3368 ε
2111 3332 2347 3387 Luciani.
2382 3330 2546 3401 tlujus
2574 3329 2689 3386 dies
2716 3329 2910 3385 natalis
2948 3343 3108 3399 supra
3137 3328 3440 3385 celebratur
3468 3329 3557 3386 die

1970 3416 2138 3458 xxvnt
2169 3402 2429 3457 Januarii.

2038 3473 2064 3510 ά
2106 3473 2331 3527 Aicadri.
2373 3470 2468 3525 Hic
2512 3470 2647 3525 obiit
2699 3484 2840 3524 anno
2887 3484 3009 3525 terte
3058 3468 3376 3525 Christianae
3421 3470 3551 3526 687.

1967 3542 2096 3596 Nam
2123 3543 2182 3598 S.
2209 3542 2466 3596 Aicadrns
2496 3539 2730 3595 triennio
2759 3549 3033 3606 superstes
3058 3540 3155 3594 fuit
3180 3540 3237 3594 Β.
3262 3539 3547 3595 Filiberto-

1966 3624 2023 3667 ut
2052 3622 2196 3680 patet
2222 3628 2283 3665 ex
2317 3611 2466 3665 initio
2494 3612 2664 3665 ultimi
2696 3611 2885 3678 capitis
2916 3609 3046 3664 Vitae
3075 3610 3134 3665 S.
3173 3609 3379 3664 Aicadri
3406 3611 3546 3677 apud

1965 3683 2249 3735 Mabillonii
2292 3696 2416 3735 saec.
2458 3696 2495 3735 ιι
2526 3683 2643 3735 Act.
2674 3680 2829 3735 Ben..
2871 3694 3029 3735 ouem
3059 3694 3199 3734 anno
3225 3680 3331 3734 684
3360 3682 3546 3735 deces-

2014 3694 2249 3737 abillomt
2292 3696 2416 3736 δερ.
2458 3696 2495 3735 ll
2526 3694 2643 3735 aet.
2674 3694 2829 3742 uen.,
2871 3694 3029 3747 quem
3059 3694 3199 3734 anno
3225 3694 3331 3734 ϋδι
3360 3694 3547 3735 ueees-

1940 3754 2097 3807 .sisse
2137 3761 2341 3808 ccrtum
2383 3760 2481 3805 est.
2532 3750 2663 3805 Cum
2704 3764 2831 3819 ergo
2870 3750 3128 3803 Aicadrns
3166 3750 3355 3803 vixerit
3392 3749 3551 3806 annis

1962 3824 2129 3875 tribus
2173 3830 2227 3876 et
2274 3822 2570 3887 sexaginta,
2622 3830 2777 3873 natus
2825 3834 2967 3872 anno
3008 3819 3110 3872 624
3140 3819 3399 3874 dicendus
3440 3827 3547 3874 est.

1966 3892 2168 3946 Deinde
2214 3892 2511 3944 duodennis
2556 3889 2781 3943 secessit
2823 3890 2874 3941 in
2923 3889 3298 3942 monasterium
3348 3888 3544 3943 Ansio-

1968 3976 2130 4017 uense
2161 3975 2300 4014 anno
2343 3958 2469 4024 636,
2514 3968 2699 4027 postea
2742 3958 3053 4027 tricenarius
3094 3957 3332 4011 condidit
3368 3959 3543 4012 eccle-

1966 4033 2097 4082 siam
2129 4026 2564 4094 Quinciacensem
2594 4042 2735 4080 anno
2759 4029 2887 4083 (554.
2937 4026 3032 4081 Ubi
3078 4036 3357 4094 postquam
3393 4027 3547 4081 annis

1964 4100 2172 4167 aliquot
2201 4098 2406 4168 praefuit
2426 4138 2441 4162 ,
2482 4112 2510 4150 a
2558 4098 2617 4150 Β.
2647 4096 2906 4168 ίΙῖίΙίὴᾳτιο
2933 4097 3072 4168 circa
3099 4111 3294 4149 annum
3325 4096 3430 4168 (570
3457 4097 3546 4151 di-

1966 4165 2146 4223 rectus
2176 4165 2257 4223 est
2283 4171 2335 4222 in
2367 4167 2749 4221 monasterium
2779 4167 3168 4229 Gemeticense,
3202 4165 3343 4233 quod
3375 4181 3545 4234 usque

1965 4239 2029 4292 ad
2066 4239 2266 4292 obitum
2307 4252 2461 4291 suum
2504 4237 2661 4291 rexit.
2695 4236 2753 4291 S.
2785 4236 2995 4291 Aicadri
3040 4249 3232 4299 corpus
3278 4249 3383 4290 una
3422 4250 3545 4291 cum

1967 4310 2026 4362 Β.
2063 4309 2299 4377 llugonis
2331 4307 2773 4374 Rothomagensis
2803 4306 3041 4374 reliquiis
3078 4305 3148 4359 ob
3188 4305 3547 4377 Nortmanno-

1962 4394 2077 4433 rum
2110 4376 2473 4433 infestationes
2503 4377 2815 4430 translatum
2841 4387 2925 4431 est
2950 4378 3014 4429 ad
3046 4376 3226 4429 villam
3258 4376 3541 4445 Hasprum,

1964 4450 2134 4518 inquit
2188 4448 2493 4502 Baldericus
2542 4447 2597 4500 in
2650 4446 2853 4500 Chron.
2911 4445 3189 4501 Camerae.
3247 4454 3303 4502 et
3354 4447 3542 4503 Atreb.

1962 4519 2053 4573 lib.
2088 4534 2146 4579 tt,
2176 4532 2293 4585 cap.
2325 4518 2417 4573 ‘29.

2035 4597 2059 4647 ρ
2102 4588 2419 4657 Euphemiw.
2471 4585 2595 4657 Ejus
2625 4587 2753 4640 Acta
2804 4600 2869 4641 ex
2913 4586 3135 4642 vetustis
3184 4586 3545 4643 monumentis

1959 4659 2146 4715 Surius
2178 4655 2346 4713 edidit
2376 4666 2507 4710 tom.
2533 4655 2605 4709 'V.

2036 4727 2055 4765 ί
2097 4728 2289 4781 Luciw.
2316 4728 2444 4794 Qua:
2470 4741 2590 4780 cum
2614 4726 2682 4782 36
2705 4726 2856 4780 annis
2881 4725 2932 4779 in
2964 4724 3215 4779 laudabili
3239 4724 3540 4793 virginitate

1962 4797 2071 4851 Deo
2110 4797 2361 4861 serviret,
2406 4806 2652 4851 accusata
2684 4806 2765 4850 est
2809 4813 2835 4848 a
2870 4797 2977 4849 tilio
3015 4809 3115 4848 suo
3159 4795 3442 4863 Euprepio,
3484 4804 3541 4850 et

1959 4877 2143 4921 coacta
2193 4877 2249 4919 nt
2299 4867 2455 4921 idolis
2500 4881 2648 4920 sacra
2694 4866 2912 4929 faceret,
2964 4866 3284 4932 imperatore
3329 4864 3538 4918 Diocle-

1960 4940 2125 5002 tiano,
2163 4936 2431 5005 judicibus
2461 4936 2740 5005 Apofrasio
2778 4945 2831 4989 et
2876 4935 3125 5002 Megasio.
3167 4933 3317 5000 Quod
3356 4933 3536 4989 facere

1959 5017 2336 5071 etintemnens,
2391 5017 2510 5074 post
2556 5020 2827 5061 carcerem
2873 5014 2928 5058 et
2973 5005 3265 5058 smvissima
3313 5005 3532 5059 verbera

1960 5078 2118 5130 missa
2150 5086 2233 5131 est
2263 5078 2313 5129 in
2344 5076 2503 5130 ollam
2533 5079 2649 5143 pice
2676 5085 2730 5130 et
2752 5075 2969 5143 plumbo
2997 5074 3311 5141 ferventem,
3338 5074 3405 5128 de
3429 5089 3533 5141 qua

1959 5146 2124 5199 illaesa
2151 5147 2449 5216 egrediens,
2472 5156 2687 5200 onerata
2721 5146 2863 5201 ferro
2884 5154 2937 5197 et
2967 5145 3306 5216 plumboper
3331 5145 3531 5216 plateas

1961 5214 2468 5281 trahitur—civitatis,
2502 5227 2555 5271 et
2595 5231 2715 5269 cum
2756 5215 3133 5284 pertransisset
3171 5214 3385 5268 domum
3430 5214 3535 5269 Ge-

1959 5288 2211 5351 miuiani,
2246 5288 2384 5341 idem
2417 5290 2495 5340 vir
2520 5288 2728 5341 emlesti
2773 5286 3028 5339 miraculo
3070 5286 3369 5351 instinctus,
3414 5299 3534 5353 per-

1957 5359 2101 5410 venit
2130 5357 2193 5411 ad
2224 5357 2395 5412 locum
2427 5358 2510 5410 ubi
2539 5364 2719 5408 sancta
2750 5355 2837 5407 Βιεί
2874 5354 3236 5422 torquebatur,
3263 5363 3316 5408 et
3345 5365 3532 5421 petens

1959 5427 2275 5494 baptismum
2307 5441 2425 5480 cum
2470 5426 2555 5478 illa
2590 5425 2786 5491 pariter
2815 5424 2987 5494 gladio
3019 5425 3198 5479 Roma:
3238 5425 3529 5479 trucidatas

1957 5508 2056 5551 est.
2090 5500 2219 5560 Auo,
2258 5498 2511 5559 L'suano.,
2544 5495 2806 5558 Nonum,
2842 5496 3055 5560 Sumus,
3088 5503 3216 5548 tom.
3248 5494 3310 5549 V.

2029 5576 2054 5613 8
2099 5565 2485 5619 Emcrcntiame.
2531 5565 2584 5617 In
2617 5567 2699 5617 via
2730 5567 3054 5618 Nomentana
3085 5565 3147 5619 ad
3175 5564 3304 5618 Cao.
3340 5564 3390 5619 in
3422 5577 3531 5619 cce-

1958 5639 2181 5692 mcterio
2210 5636 2443 5690 Marthae.
2480 5636 2703 5690 "IIRON.
2740 5636 3008 5704 hlartyrol.
