4064 6346
565 294 702 354 1047

1348 284 1547 344 [ΗέῠίΕ
1593 283 2039 344 VENERABILIS
2085 287 2235 342 OI’P.
2280 288 2456 344 PARS
2497 284 2582 341 IV.
2631 316 2698 328 —-—
2739 286 3123 344 IIISTORICA.

3700 287 3841 348 I058

1842 400 2066 454 EDI'I‘IO
2103 398 2571 455 COLONIENSIS.

557 516 654 572 per
684 500 883 568 plateas
930 495 1155 550 civitatis
1202 492 1380 560 ducta,
1428 490 1642 560 quidam
1681 490 1762 542 vir
1792 487 2140 543 Geminianus
2173 493 2216 548 Λ
2248 488 2472 542 cletiano
2496 489 2547 542 iu
2572 487 2824 548 Chalcide
2855 487 3076 542 Grazcia:
3108 487 3363 560 martyrio
3394 498 3686 545 coronatus
3735 503 3837 548 est.

557 594 688 648 vidit
718 591 819 648 sibi
849 599 1028 660 patere
1052 587 1272 652 ctelum,
1301 595 1354 640 et
1381 585 1558 640 statim
1587 582 1882 639 associatus
1911 589 1993 636 est
2013 595 2140 633 san-

557 695 658 740 ctae
688 682 861 737 Lucis:
887 681 936 735 in
968 693 1201 744 carcere,
1233 684 1288 731 et
1315 677 1408 742 ibi,
1434 682 1682 729 monente
1701 671 1912 742 angelo,
1939 685 1968 723 a
1991 684 2140 739 pres-

557 779 764 848 bytero,
813 774 1028 829 nomine
1067 770 1375 835 Prothasio,
1417 768 1713 836 baptizatus
1768 763 1966 818 Deinde
2014 778 2138 817 san-

554 879 635 924 cta
667 867 830 922 Lucia
867 879 988 919 cum
1035 860 1349 918 Geminiano
1401 855 1682 927 Amegasio
1728 854 1994 910 consulari
2053 868 2138 906 ar—

552 960 701 1023 ctati,
750 954 1036 1012 novissime
1085 952 1259 1020 gladio
1305 949 1658 1004 animadversi
1707 955 1849 1002 sunt.
1898 946 2134 1010 Quorum

549 1062 774 1116 corpora
821 1047 998 1113 rapuit
1045 1044 1288 1114 quaedam
1344 1041 1531 1094 mulier
1558 1038 1871 1103 christiana,
1923 1037 2138 1090 nomine

551 1143 799 1204 Maxima,
830 1149 878 1194 et
906 1147 962 1192 ut
988 1136 1185 1201 decuit,
1211 1135 1474 1205 sepelivit.

616 1235 681 1287 A.
714 1231 805 1285 XV
837 1230 1076 1284 Kacesn.
1108 1228 1240 1282 Der.
1282 1256 1354 1269 —-
1387 1224 1686 1293 Tungrensi
1736 1223 1951 1278 dioecesi
2001 1221 2137 1275 Leo-

544 1323 636 1379 dio
666 1325 788 1378 villa
841 1322 1045 1392 publica
1097 1320 1271 1374 natale
1315 1319 1483 1373 sancti
1537 1318 1804 1372 Lamberti
1858 1316 2130 1385 episcopi;

544 1417 634 1485 qui
677 1415 800 1469 dum
830 1415 1028 1482 regiam
1061 1414 1276 1467 domum
1306 1413 1422 1468 zelo
1454 1411 1730 1482 religionis
1779 1411 2129 1477 increpasset,

545 1523 666 1563 cum
698 1506 912 1561 rediens
943 1505 1174 1559 orationi
1204 1503 1555 1568 incumberet,
1593 1503 1660 1557 ab
1687 1501 2032 1570 iniquissimis
2057 1500 2133 1554 vi-

541 1599 619 1653 ris
647 1599 715 1652 de
765 1598 959 1667 palatio
1004 1596 1150 1665 regio
1200 1595 1379 1650 missis
1420 1609 1486 1649 ex
1520 1595 1810 1664 improviso
1848 1591 2132 1647 conclusus

547 1690 688 1746 intra
725 1691 943 1746 domum
997 1688 1238 1743 ecclesiae
1288 1687 1566 1742 occiditur.
1617 1687 1782 1754 Cujus
1827 1686 2129 1754 sepulcrum

551 1781 893 1837 creberrimis
945 1780 1216 1835 miraculis
1264 1780 1582 1835 illustratur.
1629 1779 1683 1833 In
1732 1777 2000 1832 Britannia
2032 1777 2132 1830 8ο-

2247 579 2471 634 Vienna:
2522 580 2687 634 sancti
2723 578 2980 643 Ferreoli,
3014 581 3101 647 qui
3136 581 3523 648 persecutionis
3573 591 3834 652 tempore,

2245 683 2366 720 cum
2395 677 2538 721 esset
2576 668 2861 722 tribunitiae
2892 668 3194 737 potestatis,
3235 667 3391 736 jussu
3439 668 3691 738 praesidis
3723 681 3838 725 ten-

2248 768 2329 810 tus
2359 757 2528 827 primo
2560 757 2924 812 crudelissime
2951 766 3034 812 est
3073 772 3266 823 casus,
3289 757 3669 829 deinde-gravi
3701 769 3840 816 cate-

2245 866 2430 904 narum
2476 858 2700 903 onustus
2751 846 3017 919 pondere,
3071 849 3123 901 iu
3181 851 3510 903 teterrimum
3563 864 3840 907 carcerem

2247 953 2423 996 trusus
2453 953 2569 1006 eSt;
2601 939 2740 994 unde
2769 939 2974 994 solutus
3017 938 3108 992 Dei
3154 948 3304 1004 nutu,
3351 949 3535 1007 postea
3579 941 3652 993 ab
3703 941 3840 994 inse-

2242 1032 2523 1102 quentibus
2552 1041 2758 1100 eaptus,
2791 1033 3030 1102 martyrii
3067 1031 3294 1100 palmam
3325 1029 3517 1100 capitis
3541 1031 3834 1087 obtrunca-

2243 1124 2389 1180 tione
2412 1126 2685 1192 percepit;
2717 1124 2867 1192 cujus
2894 1138 3087 1193 corpus
3114 1139 3236 1178 cum
3267 1124 3440 1192 capite
3471 1124 3615 1177 beati
3641 1123 3835 1179 Juliant

2240 1217 2305 1270 ad
2336 1217 2519 1270 urbem
2550 1215 2926 1269 Viennensium
2975 1215 3221 1276 relatum,
3253 1220 3306 1268 et
3335 1211 3602 1281 condigna
3637 1212 3840 1268 honoro

2239 1309 2508 1364 conditum
2567 1317 2668 1360 est.
2721 1306 3006 1360 Mediolani
3057 1303 3322 1371 depositio
3373 1304 3512 1357 beati
3567 1303 3836 1374 Eustorgii

2238 1398 2495 1467 episc0pi,
2527 1405 2581 1452 et
2608 1396 2808 1465 Satyri,
2841 1395 3184 1462 Theophimi,
3221 1393 3446 1449 Jociani.

2308 1486 2368 1541 C.
2398 1487 2518 1542 XIII
2541 1485 2782 1541 KALEND.
2807 1485 2944 1542 Ocr.
2975 1514 3044 1526 ——
3075 1484 3128 1539 In
3157 1485 3372 1554 Neapoli
3400 1485 3717 1553 Campaniae
3747 1501 3835 1540 na-

2239 1581 2342 1636 tale
2370 1589 2677 1635 sanctorum
2717 1578 2975 1643 Januarii,
3009 1578 3401 1633 Beneventanus
3452 1578 3692 1632 civitatis
3720 1576 3832 1647 epi-

2235 1672 2404 1740 scopi,
2437 1687 2560 1726 cum
2588 1671 2745 1725 Sosio
2775 1669 3000 1723 diacono
3037 1666 3318 1724 Mesenatae
3346 1667 3600 1734 civitatis,
3637 1679 3694 1723 et
3724 1670 3828 1722 dia.

2235 1777 2371 1818 cono
2409 1777 2506 1816 suo
2549 1760 2726 1826 Festo,
2773 1769 2826 1815 et
2874 1761 3073 1814 lectore
3103 1774 3201 1814 suo
3246 1758 3545 1821 Desiderio,
3590 1760 3686 1828 qui
3721 1769 3833 1824 post

542 1874 704 1927 cratis
753 1872 1032 1942 Stephani.
1087 1870 1400 1925 Novioduno
1448 1870 1616 1924 sancti
1676 1868 1964 1931 Valeriani,
2016 1866 2126 1920 Ma-

2238 1854 2444 1907 viucula
2471 1861 2526 1907 et
2562 1864 2808 1906 carceres
2849 1851 3023 1918 capite
3050 1858 3177 1904 sunt
3216 1848 3339 1903 caesi
3388 1845 3440 1901 in
3485 1848 3706 1902 civitate
3738 1845 3834 1901 Pu-

539 1965 673 2020 crini
721 1974 775 2019 et
823 1963 1095 2018 Gordiani.
1148 1963 1330 2016 Romae
1379 1959 1517 2015 beati
1561 1959 1753 2014 JuStini
1802 1957 2126 2028 presbyteri,

539 2069 698 2124 quem
741 2055 925 2110 beatus
968 2054 1151 2109 Sixtus
1189 2053 1476 2107 ordinavit.
1525 2051 1620 2105 Ilic
1666 2050 1853 2104 beatos
1891 2049 2130 2103 Lauren-

540 2149 697 2213 tium,
731 2147 1100 2216 Hippolytum,
1129 2155 1182 2200 et
1211 2144 1585 2207 Concordiam,
1632 2143 1913 2206 Irenaeum,
1947 2141 2130 2194 Abun-

541 2241 712 2308 dium,
743 2251 794 2295 et
816 2241 1068 2310 Cyrillam
1101 2239 1258 2292 tiliam
1305 2238 1447 2292 Decii
1485 2234 1712 2289 Caesaris
1742 2243 2026 2302 martyres,
2078 2240 2133 2286 et

539 2332 675 2386 alios
703 2332 966 2400 plurimos
995 2328 1281 2398 sepulturis
1311 2327 1571 2380 condidit.
1613 2325 1743 2379 Item
1794 2324 1976 2378 Roma:
2005 2337 2127 2376 san-

540 2431 746 2478 ctorum
777 2430 1068 2489 martyrum
1093 2419 1322 2474 Narcissi
1353 2428 1407 2473 et
1436 2414 1852 2472 Crescentionis.

613 2513 672 2566 Β.
707 2510 823 2566 XIV
857 2511 1096 2565 KALEND.
1149 2508 1284 2563 Ocr.
1311 2535 1382 2550 --
1409 2507 1592 2561 Natale
1640 2506 1808 2560 sancti
1849 2505 2124 2570 Methodii,

517 2581 791 2674 .O'ytnpii,
823 2601 989 2667 Lucii,
1021 2609 1073 2656 ct
1099 2611 1280 2668 postea
1326 2598 1451 2669 Tyri
1479 2597 1730 2667 episcopi,
1760 2597 1851 2666 qui
1876 2597 1976 2650 sub
2010 2597 2128 2649 Dio-

2242 1947 2474 2010 teolana,
2499 1944 2599 2000 sub
2621 1941 2947 1997 Diocletiano
2970 1941 3228 2011 principe,
3251 1939 3499 2007 etjudiee
3519 1936 3827 1993 Dracoutio.

2239 2037 2339 2102 Qui
2367 2049 2486 2088 cum
2512 2033 2834 2087 ducerentur
2859 2031 2923 2084 ad
2955 2040 3203 2095 mortem,
3230 2028 3480 2083 viderunt
3506 2029 3654 2082 inter
3683 2029 3829 2093 alios,

2242 2126 2524 2181 Proculum
2582 2121 2884 2177 I'uteolana:
2951 2121 3179 2176 civitatis
3225 2120 3551 2184 diaconum,
3621 2129 3680 2174 et
3733 2119 3832 2172 duo

2241 2218 2371 2272 laici-
2412 2215 2679 2284 Eutyches
2731 2220 2785 2267 et
2832 2211 3110 2278 Achatius,
3158 2212 3628 2279 interrogaverunt
3672 2224 3830 2275 quare

2238 2310 2367 2379 justi
2394 2305 2706 2377 juberentur
2737 2303 2929 2359 occidi.
2958 2304 3100 2370 Quos
3129 2303 3288 2371 judex
3319 2313 3377 2356 ut
3405 2303 3541 2356 vidit
3569 2301 3828 2357 Christia-

2237 2415 2354 2470 nos,
2376 2400 2538 2469 jussit
2563 2396 2812 2451 decollari
2840 2410 2960 2450 cum
2985 2395 3112 2448 illis.
3142 2394 3232 2449 Sic
3259 2407 3448 2448 omnes
3486 2403 3698 2460 septem
3739 2408 3827 2461 pa-

2237 2494 2364 2548 riter
2393 2497 2518 2545 sunt
2546 2487 2818 2552 decollati,
2841 2496 2892 2540 et
2919 2487 3153 2540 tulerunt
3186 2496 3342 2540 nocte
3380 2500 3568 2539 eorum
3601 2499 3822 2547 corpora

2237 2583 2418 2656 populi
2461 2580 2905 2634 Christianorum.
2932 2576 3258 2644 Neapolitani
3287 2576 3600 2631 Januariutn
3632 2589 3818 2644 posue-

1825 2709 2054 2762 EDITIO
2097 2699 2597 2762 BOLLANBIANA.

605 2812 694 2865 17.
723 2839 794 2850 -—
822 2807 915 2864 XV
977 2808 1110 2862 ΚΜ..
1141 2805 1340 2860 Natalis
1369 2803 1425 2860 S.
1459 2812 1482 2841 ιι
1518 2802 1782 2857 Lamberti
1823 2799 1912 2872 [Ιί.
1941 2800 2001 2855 C.
2031 2799 2122 2864 Β..

534 2899 883 2972 Landeberti]
925 2901 1158 2968 episcopi
1189 2907 1246 2952 et
1289 2897 1560 2966 martyris.
1605 2896 1661 2949 In
1702 2891 1987 2948 Britanniis
2027 2892 2126 2947 So-

531 2995 696 3050 cratis
723 3002 780 3048 et
808 2991 1083 3060 Stephani.

2234 2797 2314 2850 cis
2340 2802 2394 2847 ct
2425 2800 2446 2826 ο
2482 2786 2804 2855 Constantii,
2832 2784 2920 2845 aui
2953 2784 3094 2841 oassi
3123 2791 3245 2839 sunt
3281 2783 3378 2837 sub
3413 2781 3630 2838 Nerone
3660 2785 3824 2852 impe-

2235 2895 2432 2941 ratore.

2308 2977 2366 3031 Β.
2397 2976 2457 3029 C.
2492 2974 2575 3038 V.,
2611 2973 2665 3027 In
2696 2971 3012 3026 Alexandria
3063 2970 3122 3024 S.
3169 2968 3467 3038 Trephimi.
3500 2968 3554 3021 In
3589 2967 3796 3022 Nicome

2239 3048 2325 3100 dia
2356 3054 2659 3099 sanctorum
2690 3043 2911 3108 Oceani,
2961 3041 3116 3103 Sixti,
3163 3041 3221 3094 C.
3255 3039 3344 3104 V.,
3376 3039 3624 3093 Medetei.
3658 3039 3738 3105 Β..
3769 3039 3821 3092 In

556 3168 561 3173 .
609 3107 802 3161 Florus
825 3105 876 3158 in
905 3105 968 3156 A.
991 3101 1058 3156 Τ.
1085 3100 1146 3154 L.
1174 3099 1446 3170 praemittit
1474 3099 1586 3152 haec
1612 3116 1624 3150 ε
1651 3095 1706 3150 1η
1730 3093 1900 3150 Gallia
1928 3091 1980 3145 iu
2003 3090 2126 3144 villa
2157 3119 2202 3180 Ο
2236 3090 2911 3182 ὧΆῖδῶῊό’δ’έῦοξῇῖδ-ές
2945 3090 2988 3149 ί
3003 3090 3550 3179 ίξιλένίοςέη-ᾦὶὲὼὥ

533 3213 654 3266 quin
681 3196 876 3250 dicitur
898 3193 1208 3262 Leudegus;
1238 3201 1292 3244 et
1320 3189 1592 3259 subjungit
1619 3189 1686 3242 de
1703 3188 1759 3242 S.
1794 3187 2077 3239 Lamberto
2112 3201 2122 3232 :

535 3289 638 3357 Qui
665 3286 924 3344 sectanda
946 3285 1209 3355 justitiam
1239 3283 1463 3352 adeptus
1493 3289 1577 3336 est
1606 3276 1846 3348 martyrii
1877 3276 2122 3345 palmam.

603 3403 668 3454 A.
693 3400 784 3463 Τ..
809 3399 864 3453 1η
897 3398 1192 3452 Mediolano
1220 3395 1484 3464 depositio
1513 3394 1567 3448 8.
1595 3390 1622 3431 ι)
1650 3387 1936 3464 Eustorgji.
2075 3388 2128 3464 lu

535 3460 781 3526 Eviduno
809 3472 984 3524 natale
1014 3468 1118 3523 88.
1152 3460 1413 3518 Vaieriani
1436 3506 1450 3528 ,
1487 3465 1700 3518 Maerini
1748 3472 1800 3513 et
1848 3460 2124 3512 Gordiani.

538 3543 627 3606 L.,
660 3541 780 3610 Ipso
811 3541 899 3594 die
925 3538 1164 3593 Elevatio
1191 3536 1250 3591 8.
1282 3540 1302 3566 ε
1337 3535 1609 3606 I-Iyltrudis
1638 3531 1886 3600 Virginis.

607 3682 697 3737 18.
737 3710 806 3720 -
846 3677 961 3733 XIV
1007 3676 1141 3731 KAL.
1188 3675 1350 3728 Vacat
1379 3674 1555 3726 Baeda.

606 3780 802 3838 Florus
831 3781 883 3836 in
917 3781 980 3834 Α.
1014 3778 1078 3832 Τ.
1109 3777 1170 3832 L.
1212 3796 1223 3829 :
1257 3775 1312 3830 Io
1348 3776 1618 3831 territorio
1658 3770 1961 3841 Lingonica:
1991 3767 2131 3820 civi-

535 3874 681 3938 tatis,
735 3871 1061 3928 monasterio
1109 3869 1380 3938 Segestro,
1435 3866 1701 3935 depositio
1749 3865 1807 3920 8.
1852 3861 1879 3900 d
1919 3859 2132 3929 Sigouis

536 3966 834 4036 presbyteri
864 3972 917 4019 et
958 3959 1304 4016 confessoris.
1339 3959 1406 4013 Et
1448 3958 1624 4028 passio
1656 3963 1960 4011 sanctorum
1995 3950 2128 4004 Feli-

2302 3209 2390 3264 19.
2430 3237 2500 3249 ——
2539 3206 2651 3261 XIII
2709 3205 2844 3260 KAL.
2908 3205 2963 3258 In
3014 3202 3234 3272 Neapoli
3282 3201 3591 3270 Campania:
3654 3199 3822 3254 natale

2229 3313 2533 3358 sanctorum
2586 3303 2610 3339 ε
2658 3297 2936 3360 Januarii,
2995 3298 3385 3351 Beneventanis:
3431 3294 3668 3348 civitatis
3718 3291 3821 3362 epi-

2231 3394 2413 3463 scopi;
2461 3407 2582 3448 cum
2628 3390 2781 3446 Sosio
2832 3390 3058 3443 diacono
3112 3387 3395 3441 Mesenatze
3449 3385 3722 3450 civitatis,
3767 3394 3822 3439 et

2231 3484 2455 3537 diacono
2499 3498 2598 3535 suo
2640 3481 2819 3543 Festo,
2867 3489 2920 3533 et
2973 3479 3171 3533 lectore
3214 3492 3311 3530 suo
3365 3476 3689 3530 Desiderio:
3734 3477 3815 3543 qui

2238 3584 2356 3640 post
2380 3573 2591 3626 vincula
2619 3580 2672 3626 et
2701 3585 2942 3624 carceres
2973 3571 3146 3638 capite
3187 3577 3311 3622 sunt
3356 3568 3480 3620 caesi
3526 3567 3578 3620 in
3609 3567 3816 3621 civitate

2238 3664 2550 3728 Puteolano,
2581 3663 2679 3717 sub
2709 3661 3040 3715 Diocletiano
3073 3660 3330 3729 principe,
3359 3657 3542 3728 judice
3585 3655 3816 3712 Dracon-

2239 3757 2332 3815 tio,
2365 3755 2464 3820 Qui
2510 3769 2630 3808 cum
2660 3754 2984 3806 ducerentur
3008 3752 3074 3805 ad
3105 3760 3354 3813 mortem,
3389 3750 3641 3802 viderunt
3691 3746 3820 3801 inter

2239 3851 2374 3904 alios
2427 3847 2706 3903 Proculum
2759 3845 3065 3899 Puteolanas
3117 3844 3346 3897 civitatis
3395 3841 3724 3904 diaetmum,
3772 3845 3820 3892 et

2241 3945 2376 3998 duos
2426 3941 2590 3994 laicos
2639 3936 2913 4006 Eutychen
2958 3948 3012 3993 et
3059 3938 3336 3999 Acutium;
3378 3943 3432 3988 et
3470 3934 3821 4003 interrogare.

1935 4040 2144 4098 SMITII
2183 4033 2416 4092 NOTAE.

610 4159 636 4185 ει
676 4144 952 4200 Lamberti.
987 4141 1081 4197 llic
1120 4138 1476 4195 Theodoardo
1520 4136 1775 4190 successit
1817 4133 1868 4186 in
1911 4133 2124 4202 episco-

539 4229 722 4288 patum
750 4215 1168 4288 'I‘raject_ein;cm,
1195 4210 1495 4288 Childerico
1525 4221 1650 4275 rege
1682 4205 1959 4288 probante.
1993 4205 2125 4285 Cum

542 4273 721 4342 autem
765 4273 904 4338 anno
946 4283 1050 4337 673
1096 4283 1409 4335 interfectus
1448 4273 1604 4332 esset
1634 4291 1724 4329 rex
1772 4273 2126 4334 Childericus,

540 4356 855 4414 Stabulaum
888 4355 1154 4421 relegatus
1192 4360 1276 4405 est
1321 4349 1654 4421 Lambertns,
1688 4354 1742 4399 et
1784 4345 1994 4421 quidam
2036 4361 2130 4396 no-

538 4431 688 4484 mine
708 4415 1077 4481 Faramund‘us
1103 4424 1152 4475 in
1179 4421 1489 4474 cathedram
1520 4417 1662 4469 illius
1683 4415 2001 4467 constitutus
2024 4423 2128 4467 est.

539 4500 669 4554 Post
711 4503 918 4562 septem
951 4507 1076 4546 vero
1117 4506 1287 4544 annos
1323 4491 1592 4552 depositus
1622 4495 1704 4562 est
1742 4485 2126 4562 Faranmndus,

537 4578 596 4624 et
625 4556 941 4622 Lambertus
966 4562 1079 4616 sedi
1108 4575 1218 4613 sua:
1247 4562 1523 4614 restitutus
1548 4568 1648 4611 est.
1684 4556 1920 4609 Introivit
1951 4565 2126 4618 autem

537 4637 829 4705 aliquando
861 4635 912 4686 in
935 4630 1313 4705 Toxandriam,
1339 4639 1394 4683 et
1420 4631 1573 4680 istum
1610 4626 1857 4705 papulutn
1880 4626 1946 4705 ad
1972 4624 2128 4705 [idem

541 4693 783 4764 adduxit.
814 4705 894 4758 Ob
923 4717 1106 4758 necem
1131 4701 1360 4767 denique
1383 4693 1732 4768 quorumdam
1757 4695 1842 4762 qui
1880 4693 2129 4748 Ecclesia:

539 4781 681 4834 bona
713 4775 1067 4844 diripiebant,
1101 4766 1414 4826 Lambertus
1447 4766 1624 4844 [.eodii
1665 4775 2057 4844 cornitiorants,
2100 4780 2128 4816 a

545 4850 763 4902 Dodone
787 4834 907 4899 cum
940 4834 1265 4898 armatorum
1298 4855 1453 4892 manu
1490 4839 1722 4891 irruente
1749 4851 1889 4888 anno
1912 4834 2014 4888 708
2043 4850 2130 4886 oc-

540 4920 737 4973 ciditur
764 4930 886 4970 cum
928 4915 1076 4979 suis;
1122 4925 1318 4978 corpus
1348 4920 1522 4964 autem
1555 4909 1667 4974 ejus
1699 4905 2003 4979 'I‘rajectum
2035 4907 2128 4979 de.

543 4992 734 5043 latum.
791 4987 866 5039 De
894 4975 1198 5052 causa'ejus
1222 4975 1414 5035 intortis
1445 4990 1505 5052 et;
1547 4993 1688 5031 anno
1723 4977 1959 5052 martyrii
2011 4975 2131 5028 vide

547 5059 821 5115 Mabillon.
854 5071 869 5109 ι
904 5065 1037 5123 part.
1072 5045 1194 5109 ssc.
1232 5064 1309 5114 tu,
1343 5056 1459 5123 Act.
1493 5046 1645 5110 Beo.,
1681 5063 1733 5114 ρ.
1760 5045 1828 5099 76
1861 5058 1912 5100 et
1941 5059 2055 5114 seq.

618 5130 644 5168 ι’
687 5122 968 5195 Eustorgii.
1001 5125 1073 5178 De
1098 5125 1197 5178 hoc
1222 5124 1342 5176 vide
1368 5122 1506 5195 diem
1531 5127 1865 5195 sequentem.

619 5207 641 5235 ε
683 5185 983 5269 Ηυιινιιῖἰὶε.
1025 5196 1194 5260 Quam
1235 5194 1496 5260 sepultam
1531 5192 1580 5242 in
1616 5185 1836 5269 ecclesia
1877 5185 2128 5269 S._Lam'-‘-

545 5257 911 5340 berti,'quam
944 5257 1191 5340 parentes
1231 5257 1604 5340 exsonuerant
1627 5257 1860 5340 Laetus,
1902 5257 2133 5340 elevavit

547 5323 783 5394 Eluiii'us'
817 5323 1098 5404 episcopus
1147 5330 1570 5390 Cameracensis.
1625 5323 1754 5396 Ejus
1810 5327 1998 5380 natalis
2047 5334 2131 5379 est

544 5426 685 5464 xxvn
715 5408 872 5478 hujus
902 5406 1120 5462 mensis.

617 5480 643 5518 ά
671 5464 898 5549 Sigo'uis.
937 5478 1010 5532 Dc
1039 5477 1139 5530 hoc
1180 5474 1314 5537 Ado,
1349 5467 1608 5525 Notkcros
1631 5478 1690 5549 et
1718 5464 1805 5549 alii
1851 5472 2013 5533 agunt
2042 5464 2128 5549 die

545 5537 808 5618 sequenti.
845 5547 942 5602 IIic
977 5563 1096 5601 cum
1129 5562 1266 5618 puer
1301 5555 1462 5618 esset,
1501 5541 1858 5618 nescientibus
1885 5537 2128 5618 parenti-

548 5608 646 5673 bus
672 5628 727 5674 et
761 5619 961 5684 invitis,
988 5608 1211 5673 secessit
1259 5617 1308 5668 in
1360 5612 1731 5684 solitudinem;
1769 5608 1980 5677 juvenis
2011 5616 2131 5660 ton-

549 5705 729 5744 suram
769 5689 836 5743 ab
880 5681 1131 5742 Eustadio
1167 5688 1478 5756 presbytero
1518 5681 1724 5756 accepit
1758 5696 1770 5731 :
1799 5693 1917 5733 cum
1949 5687 2124 5731 autem

552 5763 724 5832 primo
766 5759 831 5815 ad
858 5751 1220 5825 diaconatum,
1250 5751 1370 5812 dein
1416 5755 1480 5810 ad
1530 5751 1950 5824 presbyteratum
2007 5765 2125 5818 pro-

2237 4137 2411 4182 motus
2448 4131 2611 4185 esset,
2648 4120 2772 4172 adiit
2820 4117 2876 4173 8.
2924 4117 3182 4172 Joannem
3227 4115 3474 4166 abbatem
3525 4112 3816 4185 Beomaen-

2236 4212 2371 4258 sem,
2405 4203 2460 4248 ut
2492 4193 2557 4245 ab
2586 4182 2651 4246 eo
2682 4192 2844 4242 vitam
2875 4189 3219 4241 monasticam
3252 4186 3499 4258 disceret.
3534 4182 3816 4258 Disciplina

2237 4254 2367 4322 vero
2398 4264 2688 4317 monastica
2721 4259 2990 4313 institutus
3020 4259 3205 4310 silvam
3240 4254 3696 4307 abstrusissimam
3729 4269 3814 4320 pe-

2241 4339 2355 4400 tiit;
2387 4344 2441 4388 et
2471 4331 2849 4386 monasterium
2882 4328 3140 4392 condidit,
3169 4341 3271 4400 quo
3302 4325 3546 4400 sepul'us
3575 4333 3678 4376 est.
3707 4327 3815 4400 Quo

2240 4394 2381 4460 anno
2406 4405 2464 4461 S.
2498 4405 2622 4472 Sigo
2650 4403 2731 4455 vel
2762 4403 3037 4472 Sequanus
3060 4400 3115 4472 _in
3146 4397 3340 4472 coelum
3366 4394 3702 4472 migraverit
3746 4397 3816 4446 iu-

2163 4455 2210 4513 υ
2239 4455 2586 4532 continuem."
2607 4473 2793 4526 Adhuc
2816 4455 3026 4537 juvenis
3050 4467 3272 4523 Joannis
3294 4465 3502 4537 abbatis
3525 4463 3818 4537 Reomaeu-

2238 4549 2312 4600 sis
2342 4545 2635 4613 disciplina:
2664 4559 2722 4597 se
2752 4533 2986 4613 tradidit,
3034 4549 3088 4593 et
3139 4538 3325 4604 plenus
3362 4536 3573 4613 dierum
3627 4533 3817 4600 quievit

2237 4620 2289 4671 in
2321 4604 2493 4686 pace:
2520 4615 2656 4668 Cum
2686 4628 2812 4679 ergo
2841 4613 2896 4664 8.
2929 4609 3162 4686 Joannes
3206 4621 3406 4685 annum
3451 4604 3557 4657 5w
3613 4608 3813 4686 pa‘ulum

2233 4675 2564 4748 excesserit,
2609 4675 2912 4751 Sequanum
2964 4681 3031 4732 At)
3091 4680 3232 4734 circa
3263 4675 3815 4751 fannisusuperl'uisse

2233 4746 2568 4882 Ronjitgmus.
2601 4746 2731 4808 Vide
2767 4751 2938 4806 Vitam
2976 4751 3092 4819 ejus
3139 4750 3278 4818 apud
3322 4746 3616 4810 Mabillou.,
3654 4759 3812 4799 δεδι

2286 4840 2350 4880 t't.
2430 4844 2513 4880 en.

2286 4840 2350 4880 γι.
2388 4830 2513 4881 Ben.

2307 4903 2330 4929 '
2365 4897 2671 4951 Constantii.
2723 4895 2797 4948 Dc
2843 4893 2926 4947 his
2963 4891 3080 4946 vide
3112 4890 3332 4944 inferius
3364 4902 3435 4940 xx
3479 4887 3641 4955 hujus
3673 4900 3792 4941 mea

2233 4971 2307 5022 sis
2332 4970 2436 5022 die.

2313 5037 2330 5076 ί
2367 5039 2651 5109 Eustorgii.
2678 5031 3114 5109 IIujusmeminit
3231 5029 3482 5109 Ambros.
3517 5029 3570 5081 in
3600 5028 3805 5109 Augen-

2234 5110 2365 5163 tium
2411 5111 2476 5162 de
2522 5099 2804 5162 traditione
2848 5105 3099 5167 basilicm,
3151 5101 3235 5154 his
3264 5100 3485 5152 verbis:
3526 5117 3543 5148 ι
3586 5099 3735 5158 Absit
3763 5107 3802 5148 ut

2234 5181 2436 5233 tradam
2483 5179 2844 5232 hmredttatem
2893 5171 3150 5244 Dionysii,
3182 5170 3270 5240 qui
3295 5171 3373 5244 __in
3424 5169 3614 5244 exsilio
3662 5181 3799 5244 causa

2235 5250 2354 5304 Iidei
2399 5250 2679 5304 defunctus
2711 5257 2827 5312 est;
2879 5240 3242 5298 lueredltatem
3285 5240 3562 5312 Eustorgii
3605 5241 3808 5312 caules-

2233 5321 2371 5374 soris
2400 5330 2503 5375 etc.
2546 5339 2563 5371 ι
2603 5320 2769 5386 llttjus
2800 5308 2883 5370 res
2907 5325 3084 5386 gestas
3121 5328 3185 5366 ex
3218 5308 3808 5386 priscis__mon_umentis

2234 5392 2400 5444 edidit
2445 5380 2715 5446 Mombrit.
2765 5380 2963 5442 tonth
3017 5383 3121 5438 Vit.
3171 5393 3343 5436 sanet.
3393 5380 3490 5433 llic
3535 5382 3710 5434 dictus
3737 5386 3810 5431 est

2238 5460 2434 5527 primus
2479 5471 2721 5529 respectu
2749 5458 2974 5527 junioris
2997 5451 3297 5529 Eustorgii,
3333 5453 3420 5516 qui
3453 5452 3646 5529 claruit
3678 5461 3802 5502 tem-

2235 5521 2450 5597 poribus
2478 5521 2792 5584 Theudorici
2825 5529 2964 5594 regis
2997 5521 3177 5590 Itali-ie,
3211 5526 3276 5576 de
3304 5537 3408 5591 quo
3458 5521 3509 5574 iu
3556 5523 3803 5590 Martyro-

2235 5600 2386 5670 logiis
2415 5604 2587 5668 agitur
2613 5601 2701 5653 die
2728 5615 2777 5652 v1
2806 5599 2967 5653 Junii.

2307 5663 2331 5720 it
2359 5663 2618 5725 Januarii.
2657 5673 2714 5725 lli
2749 5670 2887 5737 passi
2918 5676 3042 5722 sunt
3071 5666 3215 5719 iuxta
3249 5663 3648 5737 Baronii_notas
3672 5673 3804 5717 coss.

2233 5742 2543 5800 Constantio
2573 5760 2601 5800 v
2633 5753 2684 5800 et
2713 5733 3051 5810 Maximiano,
3091 5738 3141 5795 id
3172 5746 3274 5804 est,
3305 5748 3447 5792 ratio
3478 5733 3603 5791 505.

3716 5856 3750 5865 .4
