4064 6346
244 298 378 357 1035

1354 281 1544 336 SECT.
1587 279 1739 335 li.-—-
1777 273 2335 332 MARTYROLOCIA.

3330 271 3467 331 ιοδι

1470 390 1695 445 EDITIO
1731 387 2195 445 COLONIENSIS.

306 500 372 556 A.
407 496 516 554 VIII
547 496 783 550 Iisuaso.
813 492 947 547 Ocr.
967 517 1037 530 —
1065 482 1351 552 Conceptio
1377 482 1543 537 sancti
1582 478 1799 534 Joannis
1829 482 1875 537 Α
1904 479 1953 531 ἰιι
1982 480 2306 545 episcopatu,
2328 477 2571 547 migravit
2600 477 2663 530 ad
2688 476 2984 530 Dominum.
3012 475 3192 530 Romae
3218 474 3470 531 Priscill:e

238 590 508 658 Baptistae.
542 572 923 653 Augustuduno
963 580 1135 633 natale
1176 573 1435 631 Andochii
1481 568 1795 640 presbyteri,

238 680 395 753 'I'yrsi
424 677 652 740 diaconi,
682 683 739 731 et
760 672 972 737 Felicis,
1000 670 1086 738 qui
1118 686 1144 723 a
1173 676 1355 723 sancto
1378 667 1669 735 Polycarpo
1690 662 1801 729 epi-

234 790 399 844 sc0po
427 773 494 827 ab
520 771 721 825 oriente
757 767 941 823 directi
991 764 1055 819 ad
1102 762 1390 829 docendam
1430 758 1673 819 Galliam,
1702 754 1803 809 sub

237 862 525 921 Aureliano
553 858 793 927 principe
838 862 961 910 sunt
1011 852 1386 922 gloriosissime
1431 847 1687 902 coronati.
1714 845 1802 917 Si-

234 954 450 1024 quidem
483 950 701 1021 ﬂagellis
730 945 874 1010 caisi,
904 945 956 998 in
983 943 1164 997 ultimo
1193 950 1297 996 tota
1324 940 1409 992 die
1440 935 1661 990 inversis
1691 948 1804 986 ma-

235 1023 393 1101 nibus
418 1042 679 1111 suspensi,
712 1039 766 1115 in
818 1039 989 1105 ignem
1043 1032 1208 1096 misSi,
1240 1029 1332 1084 sed
1372 1043 1474 1082 non
1520 1023 1803 1087 combusti,

234 1134 447 1188 tandem
477 1129 718 1185 vectibus
747 1125 881 1181 colla
909 1124 1366 1185 leriuntur,'atque
1393 1116 1461 1169 ita
1492 1115 1802 1184 martyrium

231 1240 389 1279 suum
433 1220 849 1289 compleverunt.
896 1214 1093 1269 Eodem
1137 1210 1223 1265 die
1267 1208 1525 1277 depositio
1553 1203 1804 1259 solemnis

229 1312 488 1383 episcopi.
524 1312 617 1364 llic
640 1324 757 1361 cum
784 1305 1006 1376 quadam
1036 1305 1120 1358 die
1148 1302 1361 1354 obvium
1390 1299 1606 1351 haberet
1635 1296 1805 1349 homi-
1839 1373 1853 1384 .

230 1420 354 1460 nem
384 1419 413 1455 a
442 1401 715 1455 nativitate
759 1412 956 1453 ciccum
986 1404 1041 1451 et
1068 1395 1306 1457 surdum,
1350 1405 1469 1445 eum
1498 1389 1807 1458 complexus

228 1492 392 1555 collo,
432 1487 699 1544 osculatus
739 1495 840 1550 est,
876 1494 930 1539 et
968 1483 1143 1537 statim
1197 1496 1383 1535 sanum
1431 1478 1677 1532 reddidit.
1712 1477 1805 1530 llic

228 1580 393 1635 etiam
466 1574 868 1632 Carnutensium
913 1573 1189 1638 episcopus
1255 1568 1578 1622 Ludovicum
1626 1580 1804 1635 regem

226 1685 354 1728 cum
400 1666 1011 1737 treeentisseptuaginta
1060 1662 1323 1716 nobilibus
1366 1674 1519 1713 sacro
1551 1657 1697 1712 l'onte
1724 1673 1806 1711 re-

227 1764 507 1835 generavit
532 1781 543 1816 :
574 1763 755 1831 sicque
781 1759 874 1814 Dei
895 1767 1110 1812 sanctus
1138 1763 1246 1809 tres
1266 1751 1596 1823 olympiades
1616 1764 1807 1819 gerens

1903 567 2187 624 ctoLiberii
2216 570 2445 637 episcopi
2474 578 2527 623 et
2556 569 2894 623 confessoris.
2926 569 3176 623 Arvernis
3214 569 3475 638 depositio

1905 656 2101 712 Rustici
2132 657 2363 725 episcopi
2395 666 2449 712 et
2476 658 2640 711 sancti
2672 658 2884 725 Ruperti
2915 657 3254 711 confessoris.

1976 750 2035 804 Β.
2070 751 2155 804 VII
2184 750 2420 804 KALEND.
2451 751 2585 805 Oiz'r.
2617 779 2686 789 —
2714 751 2895 805 Natale
2924 750 3059 805 beati
3088 749 3359 818 Cleophae,
3385 750 3473 816 qui

1906 854 2041 894 unus
2072 839 2167 892 fuit
2198 839 2264 893 de
2295 840 2623 908 septuaginta
2672 839 2945 907 discipulis
2972 839 3201 903 Christi,
3229 838 3314 892 cui
3356 847 3475 906 post

1906 931 2348 985 resurrcmiunem
2402 930 2672 995 Dominus,
2708 933 2849 984 eunti
2901 944 3021 982 cum
3071 930 3174 982 alio
3211 929 3473 982 condisci-

1906 1022 2031 1090 pulo
2077 1023 2127 1075 in
2177 1020 2450 1075 castellum
2506 1020 2778 1085 Emmaus,
2824 1021 2962 1089 mind
3017 1019 3282 1088 Nicopolis
3336 1035 3476 1072 nunc

1906 1114 2117 1177 dicitur,
2148 1111 2414 1180 apparuit.
2450 1111 2617 1177 Quem
2651 1113 2862 1165 tradunt
2893 1112 2944 1164 in
2974 1111 3157 1165 eadem
3203 1110 3331 1163 urbe
3352 1150 3367 1175 ,
3422 1110 3473 1160 in

1906 1204 2199 1273 eademque
2241 1204 2424 1268 domo,
2471 1204 2524 1259 in
2576 1220 2675 1271 qua
2722 1219 2957 1257 mensam
3003 1204 3150 1273 quasi
3198 1202 3477 1271 peregrino

1914 1291 2133 1347 Domino
2184 1305 2497 1362 paraverat.
2543 1308 2639 1362 pro
2678 1295 3008 1371 confessione
3052 1294 3192 1347 illius
3218 1306 3373 1360 quem
3407 1291 3476 1343 ibi

1910 1385 2023 1453 ipée
2049 1392 2389 1453 cognoverat,
2422 1400 2451 1438 a
2494 1384 2691 1439 Judmis
2727 1388 2980 1450 occisum,
3010 1392 3063 1438 et
3104 1381 3333 1451 gloriosa
3363 1394 3479 1433 me-

1910 1477 2075 1531 moria
2100 1476 2260 1530 etiam
2285 1476 2569 1543 sepultum.
2593 1475 2845 1543 Lugdune
2872 1475 3038 1528 sancti
3064 1474 3189 1541 Lupi
3216 1470 3475 1539 episcopi,

1910 1583 1979 1623 ex
2003 1567 2359 1627 anachoretis,
2392 1574 2447 1619 et
2470 1566 2645 1619 natale
2673 1566 2838 1617 sancti
2879 1563 3092 1616 Firmini
3123 1561 3386 1630 martyris.
3421 1558 3475 1612 In

1909 1658 2029 1712 Asia
2061 1657 2422 1718 Bardomiani.
2466 1656 2690 1721 Eucarpi
2733 1665 2785 1709 et
2814 1655 3034 1708 aliorum
3072 1653 3253 1723 viginti
3284 1667 3404 1706 sex.

1978 1748 2038 1804 C.
2084 1749 2145 1802 VI
2206 1748 2443 1803 Kscsno.
2485 1748 2618 1803 Ocr.
2659 1776 2729 1787 —
2766 1746 2949 1801 Natale
2993 1753 3291 1799 sanctorum
3338 1755 3481 1797 mar-

1474 1862 1703 1919 EDITIO
1744 1858 2249 1918 BOLLANDIANA.

302 1980 372 2037 γ.
400 1978 486 2046 C.,
518 1978 699 2033 Roma:
722 1974 981 2044 depositio
1004 1973 1061 2029 S.
1087 1981 1109 2006 ο
1140 1972 1335 2028 Liberii
1368 1973 1628 2040 episcopi.

302 2090 487 2146 24.—
506 2090 612 2143 VIII
644 2088 777 2142 ΚΑι..
803 2086 1089 2154 Conceptio
1113 2085 1170 2141 S.
1194 2085 1412 2140 Joannis
1441 2086 1713 2154 Baptistae.
1742 2086 1808 2141 Et

228 2185 288 2240 In
343 2181 730 2251 Augustoduno
805 2178 976 2232 natale
1026 2176 1083 2231 S.
1141 2176 1404 2230 Andochii
1468 2177 1805 2246 presbyteri,

229 2272 425 2344 Thyrsi
466 2272 708 2334 diaconi,
758 2276 811 2321 et
852 2267 1040 2321 Felicis
1071 2284 1083 2319 :
1114 2266 1200 2335 qui
1244 2281 1272 2318 a
1310 2268 1365 2320 S.
1410 2266 1704 2336 Polycarpo
1741 2266 1809 2320 ab

228 2367 449 2421 Oriente
477 2363 663 2417 directi
694 2361 758 2415 ad
787 2359 1087 2415 docendum
1117 2358 1343 2413 Galliam
1386 2358 1485 2411 sub
1522 2357 1810 2413 Aureliano

229 2458 476 2528 principe
512 2465 637 2509 sunt
678 2453 1062 2521 gloriosissime
1092 2452 1353 2506 coronati.
1395 2449 1668 2518 Siquidem
1707 2448 1807 2502 lla-

228 2547 392 2618 gellis
426 2545 574 2610 cmsi,
604 2546 652 2597 in
684 2545 869 2597 ultimo
898 2551 1009 2596 tota
1050 2543 1136 2596 die
1176 2541 1400 2595 inversis
1428 2540 1670 2594 manibus
1691 2550 1809 2593 sus-

230 2637 409 2707 pensi,
443 2637 494 2690 in
527 2638 699 2705 ignem
731 2635 901 2700 missi,
950 2633 1042 2686 sed
1091 2647 1193 2685 non
1241 2630 1539 2695 combusti;
1592 2628 1805 2682 tandem

229 2728 476 2782 vectibus
514 2727 647 2780 colla
698 2725 978 2780 feriuntur.
1011 2722 1109 2777 Ubi
1140 2721 1169 2760 ὶ)
1200 2720 1641 2789 Sympborianus,
1683 2726 1807 2771 tunc

230 2819 419 2887 viginti
449 2832 731 2877 annorum,
763 2814 851 2882 qui
881 2822 1064 2880 postea
1094 2826 1280 2881 passus
1300 2820 1401 2875 est,
1432 2822 1640 2876 semper
1667 2806 1800 2876 vigi-

231 2908 338 2963 lias
365 2916 425 2961 et
453 2906 724 2960 orationes
751 2904 957 2972 agebat.

308 3017 371 3073 Β.
399 3016 464 3071 V.
495 3014 583 3077 Ο..
612 3016 745 3069 Alibi
772 3014 1032 3080 depositio
1067 3023 1088 3051 ε
1122 3010 1322 3066 Rustici
1349 3008 1599 3078 episcopi.
1622 3006 1685 3080 'I‘_.
1720 3006 1804 3080 ε...

230 3089 437 3144 Eodem
466 3088 554 3140 die
580 3077 1115 3154 Lugduno'depositio
1141 3085 1201 3139 S.
1228 3080 1255 3119 τι
1282 3077 1416 3152 Lupi
1440 3078 1693 3149 episcopi.
1719 3077 1807 3144 8.,

231 3159 304 3213 Et
328 3158 566 3214 reversio
592 3167 787 3210 sanctae
816 3155 1011 3208 crucis.

298 3267 395 3324 25.
418 3298 491 3311 -
519 3267 607 3321 VII
638 3265 771 3321 Kac.
803 3265 968 3320 Vacat
995 3263 1169 3319 Rteda.
1244 3332 1250 3337 _

1836 1977 1880 2035 Β
1978 1973 2166 2028 Florus
2196 1974 2248 2027 in
2278 1972 2339 2026 A.
2370 1971 2431 2027 Τ.
2459 1972 2545 2037 L.,
2576 1972 2631 2027 In
2659 1973 2933 2029 Ambianis
2955 1974 3189 2037 civitate,
3213 1956 3476 2042 depositio

1914 2063 1972 2117 S.
2005 2072 2029 2099 °
2062 2062 2277 2117 Firmini
2306 2061 2541 2132 episcopi
2571 2073 2625 2118 et
2650 2064 2896 2133 martyris
2925 2081 2938 2118 :
2968 2065 3055 2134 qui
3084 2054 3322 2132 tempore
3352 2062 3479 2115 Dio-

1915 2154 2124 2209 cletiani
2162 2165 2218 2209 et
2254 2155 2554 2209 Maximiani
2597 2157 2973 2224 imperatorum
3016 2157 3237 2225 patriam
3289 2166 3478 2224 paren-

1918 2254 2105 2313 tesque
2135 2246 2461 2315 relinquens,
2493 2246 2780 2300 Galliarum
2809 2246 3034 2300 confinia
3056 2260 3354 2314 aggressus,
3381 2247 3480 2298 Ar-

1916 2344 2219 2413 vernorum,
2252 2337 2731 2403 Andegavensium,
2757 2336 3148 2391 Belvacensium
3171 2346 3325 2404 atque
3347 2336 3476 2388 Am—

1917 2429 2249 2484 bianensium
2294 2431 2577 2499 populum,
2618 2429 2953 2483 multitudine
3006 2425 3396 2496 praedicationis
3425 2434 3481 2479 et

1914 2520 2183 2574 miraculis
2206 2520 2482 2587 eﬂ‘ulgens,
2507 2520 2785 2576 convertit.
2812 2520 2910 2574 Ubi
2934 2529 2987 2574 et
3009 2534 3103 2587 pro
3123 2518 3334 2571 Christo
3358 2532 3482 2585 pas-

1910 2624 2001 2663 sus
2030 2622 2131 2676 est,
2163 2620 2217 2663 et
2246 2610 2464 2664 insidias
2491 2621 2890 2679 persecuturum
2924 2609 3176 2677 plurimas
3204 2607 3476 2662 sustinuit.

1912 2700 2045 2754 IIinc
2067 2717 2095 2753 a
2125 2701 2436 2756 Sebastiano
2459 2700 2710 2769 prtefecto
2730 2702 3167 2768 comprehensus,
3210 2708 3331 2767 post
3357 2700 3477 2751 vin-

1910 2790 2025 2841 cula
2064 2797 2116 2841 et
2146 2789 2262 2842 dira
2291 2789 2495 2856 ﬂagella
2534 2789 2787 2843 custodite
2832 2789 3075 2853 traditus,
3123 2788 3258 2844 clam
3304 2787 3476 2841 noctis

1906 2877 2116 2931 silentio
2146 2877 2194 2931 in
2220 2894 2433 2933 carcere
2456 2888 2537 2933 est
2563 2879 2873 2933 decollatus.

1948 3054 1961 3065 .
1982 2984 2051 3067 Β.⁹
2070 2984 2345 3067 ν.νΟ.λ,1ιι.
2364 2988 2483 3067 Asia
2530 2998 2831 3067 sanctorum
2864 2987 3139 3067 fufiuearpi
3161 2996 3224 3067 _e_t
3274 2988 3470 3067 Darii-u-

1908 3058 2074 3118 niani,
2106 3066 2159 3108 et
2183 3058 2270 3109 alii
2300 3059 2481 3119 viginti
2504 3074 2618 3112 sex.
2644 3060 2727 3119 8.,
2757 3060 2821 3111 Et
2848 3059 2969 3111 alibi
2992 3058 3251 3124 depositio
3274 3058 3332 3111 S.
3359 3059 3471 3111 Fir-

1909 3125 2036 3205 mini
2067 3125 2319 3207 episcopi.
2344 3128 2723 3210 D.‘L._..Natale
2744 3129 2805 3183 S.
2824 3129 3092 3209 Cleophaz,
3115 3129 3197 3183 cui
3223 3129 3479 3182 Dominus

1908 3211 1959 3249 ιιι
1992 3206 2379 3250 resurrectione
2411 3206 2598 3252 tertius
2623 3206 2886 3265 apparuit.

1990 3284 2081 3339 26.
2110 3311 2183 3327 -
2213 3284 2276 3340 VI
2314 3286 2447 3342 ΚΑι..
2496 3287 2811 3343 Sanctorum
2858 3296 3147 3358 martyrum
3174 3295 3200 3334 ε
3227 3286 3477 3357 Cypriani

1615 3369 1820 3428 SMITII
1863 3373 2093 3429 NOTAE.

1615 3374 1820 3428 SMI'I‘II
1863 3374 1904 3427 N
1956 3374 1998 3428 Τ
2079 3415 2093 3429 .

231 3486 255 3521 ι
288 3464 454 3520 Linus
491 3464 645 3516 annis
680 3458 1288 3531 duodecimamensibus
1325 3468 1571 3528 quatuor,
1617 3462 1804 3518 diebus
1830 3467 1878 3531 ο
1908 3374 2135 3521 fioan
2184 3464 2442 3519 adversus
2486 3460 2818 3517 Christianos
2868 3463 3163 3529 persecutio
3209 3471 3506 3516 commota'

225 3539 437 3591 decem.
469 3532 587 3586 Fnit
615 3532 941 3601 temporibus
964 3529 1185 3584 Neronis
1204 3570 1220 3591 ,
1249 3544 1277 3581 a
1307 3531 1581 3601 consulatu
1607 3532 1794 3588 Satur-

225 3607 341 3663 nini
372 3611 430 3657 et
458 3600 744 3669 Scipionis,
785 3614 952 3668 usque
989 3600 1243 3666 Capitone
1264 3610 1316 3653 et
1348 3600 1502 3665 Rufo,
1533 3619 1552 3652 ι
1584 3603 1670 3670 qui
1703 3620 1796 3658 an-

226 3690 300 3731 no
323 3674 394 3729 67
423 3673 593 3725 Fastis
622 3686 814 3726 nomen
842 3671 1071 3733 dedere;
1114 3670 1207 3723 sed
1258 3670 1536 3737 legendum
1567 3672 1795 3737 videtur,

222 3760 351 3803 eum
399 3742 623 3796 auctiori
668 3741 929 3796 Chronico
974 3750 1208 3794 veterum
1255 3738 1564 3795 Pontiﬁcum
1592 3758 1606 3797 :
1638 3742 1798 3797 Linus

224 3815 385 3869 annis
416 3827 492 3865 xi.
522 3811 701 3880 Neque
724 3812 866 3866 enim
896 3810 964 3861 ah
988 3826 1128 3862 anno
1156 3808 1224 3865 56
1249 3810 1318 3880 ad
1349 3811 1417 3861 b7
1445 3812 1568 3880 anni
1596 3811 1799 3867 duode-

222 3887 331 3938 cim
358 3890 415 3936 et
435 3878 636 3949 aliquot
663 3894 873 3935 menses
916 3880 1200 3949 ﬂuxerunt.
1248 3878 1321 3931 Ex
1361 3879 1549 3945 quibus
1580 3890 1799 3949 apparet

228 3954 426 4009 Linum
457 3946 596 4005 Petri
621 3950 782 4003 Iuisse
803 3950 1077 4002 vicarium.
1103 3946 1157 4000 In
1187 3948 1404 4000 auetiori
1427 3946 1689 4003 Chronico
1713 3966 1800 4004 ve-

224 4034 402 4078 terum
448 4020 757 4073 Pontiﬁcum
796 4019 1027 4073 dicitur:
1064 4036 1082 4067 ‹
1114 4016 1363 4085 Sepultus
1391 4026 1472 4070 est
1495 4018 1643 4085 juxta
1674 4033 1795 4073 cor-

266 4108 331 4147 us
363 4090 423 4144 Β.
459 4090 598 4143 Petri
626 4089 677 4142 in
711 4088 962 4142 Vaticano
991 4102 1042 4139 xi
1080 4087 1191 4140 h'al.
1221 4086 1480 4143 Octobris.
1514 4104 1534 4138 ι
1569 4102 1672 4155 quo
1711 4088 1798 4143 die

266 4109 331 4147 08
363 4109 423 4144 IS.
460 4109 598 4143 l'ett‘l
626 4109 677 4142 Ill
718 4109 962 4142 vatlcalm
991 4109 1042 4139 xt
1080 4109 1191 4140 nat.
1221 4109 1480 4143 ucumrts.
1515 4109 1534 4138 ι
1569 4109 1672 4155 quo
1711 4109 1795 4143 uta

224 4109 331 4217 Eoo
372 4162 490 4228 ipso
520 4158 893 4229 Martyrologio
931 4157 1142 4210 colitur.
1188 4156 1291 4210 Sed
1336 4171 1438 4229 non
1479 4157 1795 4229 existiman-

222 4234 353 4288 dum
396 4226 596 4283 Linum
625 4226 689 4281 eo
715 4229 801 4281 die
822 4226 893 4278 ad
924 4240 1144 4291 superos
1190 4226 1477 4288 transisse;
1526 4242 1647 4279 cum
1682 4228 1797 4281 dies

224 4304 421 4371 quibus
462 4300 512 4352 in
552 4294 1185 4371 martyrologiisjeteres
1225 4296 1793 4371 pontiticescoluntur,

225 4363 276 4426 ἐι
309 4371 364 4424 in
393 4369 615 4423 anctiori
643 4363 907 4421 Chronico
936 4366 1182 4419 dicuntur
1212 4363 1429 4432 sepulti,
1470 4366 1533 4417 ad
1564 4367 1795 4435 aliquam

222 4456 413 4497 eorum
448 4438 843 4492 translationem
873 4446 927 4488 ut
957 4436 1236 4502 plurimum
1265 4436 1580 4501 pertineant.

299 4521 325 4547 ι
367 4508 573 4564 Liberii.
607 4508 755 4560 IInnc
782 4507 916 4559 inter
941 4516 992 4556 et
1026 4503 1254 4574 Felicem
1283 4504 1555 4574 dissidium
1586 4504 1680 4558 fuit
1702 4520 1797 4574 pro

226 4598 277 4631 Ill
294 4582 375 4633 bis
392 4578 574 4631 Romae
587 4578 911 4645 episcopatu.
932 4573 1259 4629 Marcellinus
1272 4584 1324 4627 et
1344 4573 1623 4627 Faustinus
1652 4590 1797 4642 pres-

229 4652 400 4718 byteri
434 4647 746 4700 Luciteriani
775 4686 789 4711 ,
834 4646 1045 4718 quiboc
1088 4654 1324 4709 tempore
1346 4645 1553 4718 vixere.
1582 4646 1631 4718 in
1663 4660 1796 4711 prm-

230 4713 337 4771 ia'tii
368 4733 428 4770 ,ιθ
448 4719 629 4769 Libelli
650 4730 863 4783 precum
888 4715 952 4765 ad
976 4716 1317 4779 imperatores
1346 4713 1789 4779 Valentinianum,

227 4789 591 4841 Theodosium
624 4796 677 4839 et
708 4786 991 4839 Arcadium
1025 4784 1235 4835 tradunt
1260 4783 1524 4836 Liberium
1551 4784 1795 4838 humanis

230 4862 390 4910 rebus
416 4864 717 4921 exemptum
763 4855 848 4907 die
893 4854 1153 4919 serpienti,
1179 4853 1428 4906 Gratiano
1466 4861 1519 4905 et
1559 4854 1796 4920 Dagalai-

232 4942 338 4993 pzio
372 4941 537 4989 coss.,
584 4925 632 4977 id
676 4935 755 4977 est
784 4937 922 4975 anno
968 4924 1090 4975 51m.
1124 4924 1379 4989 Quoniam
1423 4937 1547 4975 vero
1576 4932 1681 4975 tam
1711 4924 1795 4977 hic

230 5012 390 5062 quam
436 4996 486 5046 in
532 4994 651 5047 aliis
706 4993 1088 5063 Martyrulogiis
1157 5006 1347 5044 nomen
1388 4993 1507 5055 ejus
1548 4994 1611 5044 ad
1659 4993 1796 5046 hunc

230 5068 375 5118 diem
404 5065 730 5123 inscribitur,
761 5079 823 5115 ex
846 5062 913 5115 ea
945 5064 1246 5115 diversitate
1278 5062 1614 5127 intelligimus
1640 5063 1796 5116 Libe-

231 5136 369 5187 rium
398 5135 486 5188 die
508 5149 633 5187 χχιιι
662 5134 932 5200 Septemb.
957 5134 1309 5192 demortuum,
1338 5134 1687 5199 sequentiqne
1711 5146 1795 5184 se-

231 5206 461 5272 pulturae
492 5204 831 5266 mandatum;
872 5204 967 5255 nisi
998 5202 1110 5272 dies
1142 5217 1265 5253 xxiv
1297 5202 1568 5265 Septemb.
1601 5202 1665 5253 ad
1698 5202 1795 5253 ali-

230 5270 533 5353 Quamejus
563 5272 961 5353 translationem
1002 5270 1308 5325 referendus
1349 5282 1449 5324 eat.
1486 5272 1559 5325 De
1588 5272 1645 5324 S.
1687 5272 1791 5324 Fe-

231 5343 333 5398 lice
359 5344 481 5396 vide
510 5358 631 5396 xxix
663 5343 806 5394 .lnlii.

302 5414 331 5451 ⁸³
372 5412 805 5482 Syntphoriamts.
853 5412 1075 5465 Faustus
1104 5426 1220 5463 cum
1254 5410 1642 5482 Sympliurianu
1684 5409 1792 5462 tilio

230 5496 330 5536 suo
370 5480 593 5548 corpora
619 5496 801 5534 eorum
831 5482 1174 5549 sepelierunt.
1202 5480 1304 5535 Sed
1337 5498 1438 5533 non
1485 5480 1583 5533 sub
1627 5483 1793 5531 Aure-

235 5554 397 5623 liano,
424 5555 510 5623 qui
536 5567 637 5603 non
669 5563 789 5605 ante
814 5566 1006 5623 annum
1033 5552 1157 5623 270,
1182 5554 1273 5603 sed
1308 5556 1479 5623 potius
1502 5551 1601 5602 sub
1628 5549 1793 5623 Aure-

235 5622 304 5675 lio
348 5622 604 5688 principe,
654 5626 738 5685 qui
783 5635 921 5673 anno
962 5620 1061 5674 177
1102 5620 1326 5688 septima
1370 5620 1789 5689 Quinqttennalia

232 5692 419 5762 edidit,
452 5692 574 5746 dum
614 5693 671 5748 I7
703 5692 905 5761 imperii
935 5706 1127 5745 annum
1157 5700 1358 5763 ageret,
1402 5706 1507 5765 quo
1556 5701 1791 5761 tempore

1905 3545 2024 3592 est:
2052 3545 2106 3590 et
2130 3535 2393 3604 quomodo
2422 3532 2714 3604 presbyteri
2742 3541 2795 3587 et
2814 3531 3022 3604 diaconi
3045 3547 3072 3583 τι
3097 3534 3155 3588 S.
3184 3532 3476 3601 Polycarpo

1904 3606 1957 3659 in
2012 3602 2213 3660 Gallias
2262 3604 2439 3666 missi,
2496 3603 2789 3668 imperante
2832 3602 3117 3657 Aureliano
3161 3604 3469 3672 martyrium

1902 3678 2042 3743 passi
2069 3674 2173 3729 dici
2211 3672 2472 3742 possunt?
2505 3672 2927 3741 Symphorianus
2956 3684 3152 3737 autem,
3193 3683 3243 3727 ut
3274 3688 3339 3726 ex
3371 3672 3474 3727 hoc

1901 3742 2022 3800 loco
2047 3756 2280 3807 consmt,
2314 3742 2675 3809 Augustuduni
2709 3756 2894 3810 passus
2915 3752 3016 3795 est.
3207 3755 3218 3772 ·

1974 3825 1998 3854 ο
2041 3815 2257 3868 Rustici.
2282 3815 2430 3879 Apud
2453 3814 2745 3865 Arvernum
2773 3810 3083 3864 Venerando
3104 3810 3353 3877 episc0po
3373 3811 3471 3865 de-

1899 3892 2130 3948 mortuo,
2172 3882 2419 3937 Rusticus
2447 3882 2494 3934 ei
2522 3880 2812 3941 successit,
2855 3888 3267 3947 nnmeraturque
3306 3882 3470 3947 septi-

1902 3968 2019 4028 [nus
2050 3954 2239 4028 ordine
2268 3953 2550 4028 episcopus
2578 3948 3126 4028 ArvernensisLVixit.
3147 3953 3471 4028 temporibus

1901 4020 2116 4075 llonorii
2148 4021 2277 4086 imp.
2306 4016 2377 4072 'et
2421 4018 2536 4086 ejus
2572 4020 2896 4071 successoris
2927 4016 3295 4071 Valentiniani.
3335 4018 3467 4072 Vide

1899 4090 2060 4155 Greg.
2093 4089 2294 4143 Turun.
2322 4088 2455 4142 llist.
2486 4103 2545 4148 ιι.
2577 4087 2663 4147 15.
2698 4087 2785 4141 I6.
3331 4086 3337 4091 ⁷

1970 4158 1997 4196 ἀ
2036 4160 2189 4226 Lupi.
2237 4159 2311 4211 De
2354 4158 2541 4211 eodem
2588 4157 2743 4210 Bzeda
2799 4157 2963 4224 vnlg.,
3016 4156 3305 4220 Usnardus,
3353 4156 3470 4209 Ado

1900 4230 2094 4298 aliique
2122 4229 2443 4282 recentiores
2473 4227 2910 4298 postridie._Cnm
2936 4236 3113 4298 autem
3142 4243 3169 4277 a
3203 4237 3466 4298 martyru-

1901 4294 2035 4368 Iogis
2069 4300 2274 4351 dicatur
2300 4313 2361 4349 ex
2385 4297 2711 4368 anachoreta
2744 4294 2941 4368 laetus
2964 4297 3269 4368 episcopus,
3319 4297 3463 4349 illum

1902 4365 2167 4436 putamus,
2197 4367 2283 4430 qui
2307 4368 2359 4419 in
2384 4366 2551 4419 insula
2582 4366 2754 4418 Lerini
2783 4376 2902 4433 post
2923 4365 3125 4434 Lupum
3146 4366 3465 4422 Trecensetn

1902 4438 2145 4492 exercuit
2174 4440 2331 4490 vitam
2363 4436 2729 4489 monasticam.

1975 4510 1998 4537 θ
2039 4506 2279 4560 Firmini.
2341 4505 2458 4559 Fuit
2508 4506 2591 4557 hic
2650 4505 2847 4571 primus
2900 4505 3041 4559 sedis
3095 4505 3464 4560 Ambianensis

1901 4577 2199 4645 episc0pus.
2238 4577 2392 4629 Errat
2419 4574 2607 4628 Petrus
2638 4573 2704 4626 de
2730 4574 2942 4645 ΔΝειιειὶ..
2965 4576 3055 4643 qui
3087 4576 3317 4643 appellat
3344 4592 3464 4629 eum

1902 4643 2306 4715 presbyterum.
2365 4659 2495 4705 vui,
2546 4644 2666 4696 ΗΞ).
2720 4643 2830 4699 Sub
2887 4645 3189 4698 Rictiovaro
3244 4646 3468 4715 pririside

1906 4713 2174 4769 Usnardns
2201 4728 2255 4769 et
2288 4716 2560 4776 liaronius,
2586 4722 2764 4766 noster
2793 4729 2918 4766 vero
2945 4730 3062 4769 cum
3092 4715 3247 4768 Petro
3267 4714 3334 4768 de
3359 4713 3464 4768 Ni-

1900 4788 1993 4840 tal.
2027 4788 2125 4837 sub
2155 4787 2468 4839 Sebastiano
2498 4799 2706 4851 passum
2737 4783 2939 4836 scribit.

1976 4854 1995 4893 ῐ
2045 4856 2283 4922 Eucarpi.
2312 4854 2370 4906 Ili
2396 4856 2532 4922 passi
2556 4864 2681 4906 sunt
2704 4866 2823 4906 cum
2848 4854 2968 4907 aliis
2990 4853 3171 4923 viginti
3201 4867 3297 4907 sex
3328 4870 3467 4906 mar-

1898 4925 2121 4995 tyribus.
2154 4926 2349 4995 Bacon.

1971 5004 1995 5041 s
2034 4994 2295 5061 Cypriani.
2331 4992 2391 5045 IIi
2424 5003 2681 5062 martyres
2706 4993 2843 5061 passi
2874 4999 2995 5045 sunt
3023 4991 3343 5047 Nicomedia:
3367 4998 3468 5047 sub

1898 5063 2198 5118 Enthulmio
2239 5062 2481 5128 prresitle.
2526 5063 2661 5116 Male
2702 5062 3031 5116 confundunt
3059 5062 3198 5116 hunc
3237 5062 3462 5131 Cypria—

1896 5150 2021 5186 num
2048 5134 2430 5185 Antiuebenum
2454 5147 2572 5184 cum
2595 5132 2857 5199 Cypriane
2878 5132 3297 5196 Carthaginiensi
3327 5137 3456 5187 Aeta

1897 5204 2082 5256 horum
2132 5210 2418 5270 martyrum
2460 5203 2596 5268 apud
2644 5201 2855 5255 Snrium
2898 5210 3027 5254 tum.
3068 5202 3130 5265 V,
3163 5205 3251 5270 qui
3282 5211 3458 5258 tamen

1895 5288 2052 5339 quam
2085 5272 2321 5337 plurimis
2352 5270 2661 5324 dill‘erentiis
2688 5270 3175 5341 distinguuntur'ab
3206 5272 3454 5333 invicem,

1894 5342 2001 5396 Nec
2038 5342 2211 5394 minus
2254 5352 2434 5393 errant
2477 5341 2658 5393 eadem
2706 5341 2837 5395 Acta
2873 5353 2925 5395 et
2962 5351 3143 5394 noster
3175 5342 3325 5395 Btetla
3362 5343 3461 5395 huc

1897 5412 2012 5479 ipso
2052 5412 2190 5475 loco,
2227 5412 2365 5477 quod
2414 5412 2549 5461 hunc
2576 5425 2807 5479 passum
2853 5411 3091 5464 scribunt
3134 5413 3460 5477 temporibus

1896 5478 2096 5534 Claudii
2146 5480 2497 5544 imperatoris.
2552 5478 2747 5549 [lorum
2794 5494 3013 5547 corpora
3066 5481 3188 5533 feris
3225 5482 3457 5549 objecta,

1896 5558 2049 5602 noctu
2080 5550 2289 5617 quidam
2319 5557 2489 5599 nantc
2516 5548 2797 5601 Christiani
2829 5560 3131 5615 rapuerunt,
3153 5561 3206 5603 et
3233 5548 3460 5605 Romani

1894 5620 2217 5681 detulerunt,
2258 5633 2374 5683 qua:
2404 5617 2731 5681 postmodum
2766 5620 2814 5669 in
2846 5620 3111 5673 basilicam
3154 5621 3459 5676 Constanti-

1896 5691 2105 5745 nianam
2139 5690 2421 5754 translata,
2466 5702 2628 5758 prope
2660 5688 3021 5758 baptisterium
3064 5691 3274 5751 condita
3311 5703 3452 5748 sunt.
