4064 6346
569 276 635 334 10
645 275 713 331 55

1345 277 1541 333 BEDAE
1582 275 2030 335 VENERABILIS
2073 277 2220 334 OPP.
2262 278 2436 336 PARS
2479 281 2562 336 IV.
2606 307 2672 322 -
2712 280 3097 341 IIISTORICA.

3695 289 3835 346 to36

1845 389 2072 447 EDITIO
2109 390 2575 448 COLONIENSIS.

569 497 745 556 tyrum
775 484 1022 556 Cypriani
1051 484 1284 553 episcopi
1315 492 1365 539 et
1397 483 1618 540 Iustina:
1646 484 1882 554 virginis.
1909 483 2145 551 Quorum
2175 488 2229 546 Α
2326 485 2388 539 D.
2433 485 2472 538 V
2511 484 2750 540 KALEND.
2792 484 2925 541 Ocr.
2967 516 3036 527 —
3074 487 3225 556 Apud
3266 487 3508 558 Aigmam
3546 491 3839 560 civitatein,

563 577 777 632 Iustina
806 577 906 631 sub
932 560 1270 630 “Diocletiano
1300 576 1464 630 multa
1490 587 1704 645 propter
1730 574 1999 629 Christum
2028 589 2150 642 per—

573 684 747 738 pcssa,
780 668 953 736 ipsum
985 682 1197 736 quoque
1238 667 1562 737 Cyprianum
1610 681 1730 722 cum
1772 675 1918 721 esset
1945 680 2150 735 magus,

568 771 624 813 ct
656 759 876 829 magicis
923 760 1130 814 artibus
1173 775 1290 814 eam
1331 759 1641 816 demcnlare
1684 768 1988 825 conaretur,
2021 773 2152 814 con-

573 850 734 903 vertit
757 849 824 903 ad
857 849 1147 904 Christum.
1185 850 1318 904 Cum
1353 864 1458 920 quo
1480 851 1589 920 jam
1619 850 1872 920 episcopo
1910 860 1963 904 et
1992 849 2156 905 nobili

571 943 792 997 doctore
822 943 983 1008 facto,
1018 944 1357 1012 martyrizata
1393 951 1478 999 est
1515 944 1614 998 sub
1651 943 1869 999 Claudio
1896 944 2153 1013 principe,

572 1033 841 1103 ct-judice
871 1036 1157 1101 Eutelmio,
1191 1044 1244 1090 et
1273 1049 1392 1090 cum
1423 1036 1502 1090 eis
1539 1034 1866 1104 Theognitus
1891 1034 2106 1103 quidam
2141 1050 2155 1087 :

571 1141 798 1195 quorum
831 1141 1057 1196 corpora
1085 1127 1366 1196 jacueruut
1393 1127 1631 1197 projecta
1673 1127 1802 1181 foris
1843 1141 1935 1180 sex
1965 1125 2158 1181 diebus

572 1215 861 1286 insepulta.
916 1219 1141 1285 Quidam
1195 1230 1373 1275 autem
1429 1228 1605 1274 nauta:
1656 1218 1944 1273 Christiani
2002 1228 2158 1274 nocte

573 1317 866 1377 rapuerunt
912 1324 996 1376 ea,
1044 1320 1097 1364 et
1138 1309 1552 1378 deportaverunt
1596 1310 1662 1363 ad
1693 1309 1877 1364 urbem
1910 1310 2155 1375 Romam,

573 1406 629 1453 ct
666 1410 905 1454 matrona
953 1400 1270 1456 venerabilis
1320 1401 1509 1455 Rufina
1547 1405 1855 1457 reverenter
1880 1401 2148 1459 excipiens

575 1489 662 1546 illa
685 1492 928 1561 sepelivit
951 1492 1005 1547 in
1037 1495 1236 1564 praedio
1264 1508 1384 1550 suo.

2258 577 2432 632 natale
2462 583 2771 631 sanctorum
2800 585 3094 648 martyrum
3121 579 3326 635 Cosmae
3348 589 3401 635 et
3429 581 3686 648 Damiani,
3726 601 3842 653 per-

2257 667 2530 722 secutione
2573 668 2908 732 Diocletiani,
2957 671 3056 724 sub
3104 671 3334 740 praeside
3383 670 3564 740 Lysia,
3606 676 3698 745 qui
3727 690 3842 744 post

2236 758 2426 813 multa
2458 768 2750 824 tormenta,
2779 760 2986 814 vincula
3029 770 3083 815 et
3130 776 3374 818 carceres
3407 765 3678 831 toleratos,
3723 777 3840 835 post

2261 864 2411 904 mare
2436 850 2688 934 et‘ignes,
2719 865 2928 918 cruces,
2954 851 3304 919 lapidationes
3324 866 3376 908 et
3405 857 3645 924 sagittas,
3669 859 3840 926 capite

2264 939 2568 1007 plectuntur
2596 956 2715 993 cum
2749 941 3020 1007 Anthimo,
3054 942 3276 997 Leontio
3306 952 3358 999 ct
3383 945 3670 1014 Euprepio.
3703 947 3839 1014 Quo-

2263 1047 2382 1086 rum
2410 1047 2633 1100 corpora
2664 1032 2895 1103 religiosi
2925 1031 3025 1088 viri
3062 1035 3388 1103 sepelierunt
3428 1036 3483 1089 in
3530 1038 3649 1092 loco
3677 1055 3841 1094 vene-

2263 1125 2437 1192 rabili,
2469 1140 2576 1179 non
2620 1127 2776 1195 longe
2821 1142 2851 1180 a
2899 1127 3112 1182 civitate
3159 1127 3360 1199 Aigaea.
3403 1128 3638 1182 Duorum
3669 1139 3838 1185 autem

2261 1223 2482 1276 fratrum
2528 1222 2739 1276 Cnsmre‘
2788 1231 2844 1277 et
2889 1223 3124 1277 Damiaui
3157 1225 3410 1278 memoria
3450 1226 3616 1278 etiam
3649 1227 3841 1293 templo

2265 1313 2522 1380 praeclaro
2550 1327 2735 1382 opere,
2769 1313 2971 1368 nomini
3019 1329 3208 1369 eorum
3248 1314 3509 1368 aediﬁcato
3539 1316 3843 1370 solemuiter

2263 1404 2450 1472 agitur.

2339 1497 2399 1547 It).
2441 1494 2504 1548 IV
2546 1495 2782 1551 KALEND.
2817 1496 2948 1551 Ocr.
2989 1527 3059 1537 —
3097 1498 3152 1551 In
3192 1497 3458 1566 Hispaniis
3494 1497 3743 1553 Corduba
3770 1499 3841 1553 ci-

1033 1677 1036 1682 _
1788 1605 2018 1663 EDITIO
2058 1601 2561 1662 BOLLANDIANA.

576 1721 811 1793 episcopi
843 1729 894 1776 et
921 1721 1144 1776 Justinaa
1172 1740 1184 1776 :
1209 1735 1432 1792 quorum
1459 1721 1662 1777 Justina
1686 1723 1786 1777 sub
1829 1723 2160 1778 Diocletiano
2195 1721 2239 1780 Β
2268 1735 2567 1786 assumens,
2592 1736 2805 1776 omnem
2835 1722 3250 1779 ecclesiasticam
3277 1725 3615 1795 disciplinam
3641 1729 3831 1798 docuit,

579 1815 745 1869 multa
779 1822 996 1883 propter
1027 1813 1298 1867 Christum
1332 1827 1604 1883 perpessa,
1630 1814 1801 1882 ipsum
1835 1830 2043 1882 quoque
2063 1813 2160 1885 Cy-

581 1909 847 1978 priattum,
877 1923 995 1963 cum
1023 1917 1165 1962 esset
1196 1923 1410 1978 magus,
1453 1918 1508 1963 et
1559 1909 1747 1977 magiis
1776 1911 1885 1963 suis
1913 1925 2029 1963 eam
2062 1910 2158 1964 de-

581 2009 824 2054 mentare
843 2009 1146 2066 conaretur,
1173 2002 1434 2054 convertit
1466 2001 1530 2052 ad
1555 1998 1822 2053 Christum
1851 2017 1862 2052 :
1888 2015 2006 2053 cum
2030 2014 2160 2067 quo,

583 2100 766 2158 postea
793 2088 904 2159 jam
940 2091 1194 2159 episcopo
1229 2098 1284 2145 et
1312 2089 1474 2145 nobili
1506 2091 1725 2147 doctore
1768 2091 1928 2158 facto,
1963 2101 2163 2162 marty-

581 2183 765 2238 rizavit
800 2183 897 2236 sub
924 2181 1147 2236 Claudio
1177 2181 1433 2251 principe.

657 2295 716 2346 Β.
749 2294 814 2346 V.
845 2294 932 2356 C.,
956 2293 1139 2346 Roma:
1169 2293 1432 2360 depositio
1455 2293 1512 2347 S.
1547 2295 1573 2323 ⁸
1604 2291 1818 2347 Eusebii
1842 2292 2079 2359 episcopi
2111 2302 2166 2346 et

581 2363 926 2445 confessoris.
964 2363 1044 2427 Β..
1094 2363 1339 2418 Alveruis
1381 2363 1642 2428 depositio
1676 2363 1736 2418 S.
1768 2360 1796 2401 δ
1839 2361 2165 2432 Apollinaris

583 2447 842 2504 episcopi.

656 2547 746 2602 27.
777 2578 850 2588 -
881 2547 922 2602 ν
949 2545 1079 2603 ΚΑΙ..
1110 2547 1294 2603 Natale
1318 2547 1413 2604 SS.
1450 2560 1470 2588 ε
1493 2545 1698 2602 Cosmre
1721 2556 1775 2603 et
1803 2546 2040 2600 Damiani
2070 2547 2170 2602 sub

590 2639 961 2705 persecutione
983 2636 1311 2704 Diocletiani,
1340 2638 1568 2706 praeside
1598 2637 1714 2706 ejus
1745 2635 1924 2708 Lysia,
1961 2638 2010 2690 in
2041 2637 2170 2690 civi-

589 2738 697 2783 tate
723 2727 888 2798 rEgea
915 2747 927 2782 :
961 2731 1046 2798 qui
1082 2739 1200 2798 post
1229 2729 1389 2782 multa
1419 2737 1707 2794 tormenta,
1736 2728 1944 2782 vincula
1969 2737 2025 2780 et
2053 2743 2170 2782 car-

589 2835 742 2874 ceres
783 2819 1056 2881 toleratos,
1080 2836 1227 2876 mare
1252 2829 1305 2876 et
1327 2822 1498 2891 ignes,
1523 2836 1754 2883 crucem,
1791 2820 2169 2888 lapidationem

587 2919 642 2966 et
669 2911 892 2981 sagittas
919 2910 1173 2967 divinitus
1201 2922 1499 2983 superatas,
1525 2913 1700 2981 capite
1723 2912 2041 2982 plectuntur.

659 3049 822 3133 Addit
851 3051 913 3106 L.
939 3067 956 3105 :
983 3050 1114 3108 Cum
1143 3049 1396 3105 fratribus
1425 3049 1678 3117 Antinoo,
1709 3049 1935 3104 Leontio
1963 3055 2018 3102 et
2064 3046 2171 3102 Eu-

589 3135 794 3192 prepto.
1407 3161 1414 3164 .

667 3255 854 3312 Florus
879 3255 930 3310 in
964 3258 1030 3311 A.
1059 3256 1123 3310 Τ.
1153 3255 1216 3311 L.
1241 3274 1255 3309 :
1287 3257 1407 3326 Ipso
1436 3257 1522 3311 die
1563 3257 1738 3312 natale
1766 3258 1822 3312 S.
1851 3255 1878 3295 (1
1905 3255 2172 3311 Timothei

588 3344 838 3417 discipuli
890 3345 1059 3413 Pauli,
1109 3362 1266 3417 quem
1322 3346 1464 3402 idem
1507 3349 1611 3403 Vas
1641 3348 1917 3404 electionis
1949 3362 2170 3416 puerum

2264 1822 2318 1866 et
2347 1827 2468 1865 cum
2502 1826 2688 1866 manus
2739 1812 3077 1882 intpositioue
3114 1818 3625 1872 accommodabiletu
3661 1819 3833 1874 Eccle—

2263 1903 2357 1957 siis
2412 1902 2551 1958 fecit.
2613 1902 2706 1957 IIic
2758 1902 2979 1972 pudicus
3027 1916 3080 1958 et
3128 1906 3278 1973 virgo
3318 1922 3659 1975 permanens,
3706 1909 3834 1977 apud

2268 2000 2537 2070 Ephesum
2568 2002 2620 2055 in
2649 2010 2830 2055 monte
2857 2002 2947 2070 qui
2977 2011 3193 2055 vocatur
3218 2001 3346 2056 Pion
3373 2018 3494 2056 cum
3527 2019 3724 2072 magno
3753 2004 3837 2057 Ito-

2267 2106 2396 2147 nore
2421 2091 2662 2160 sepultus
2690 2092 2938 2161 quiescit.

2339 2203 2424 2268 L.,
2460 2207 2637 2277 Primo
2659 2206 2776 2260 loco
2808 2223 2819 2258 :
2849 2205 3032 2259 Natale
3053 2205 3111 2260 S.
3140 2214 3162 2240 ο
3190 2206 3461 2274 IIyltrudis
3491 2205 3716 2277 virginis
3735 2221 3838 2274 quae

2267 2290 2448 2329 amore
2477 2275 2668 2329 Christi
2698 2291 2952 2344 sponsum
2986 2278 3034 2328 iit
3059 2278 3214 2329 terris
3243 2277 3468 2342 fugiens,
3491 2278 3538 2328 ei
3563 2275 3723 2343 quem
3745 2280 3841 2328 ele-

2267 2355 2417 2414 gerat
2445 2346 2667 2400 viriliter
2693 2348 2935 2411 adhaesit,
2978 2345 3276 2414 bonumque
3309 2348 3638 2414 propositutti
3675 2347 3840 2400 lauda-

2271 2417 2360 2469 bili
2395 2416 2497 2470 fine
2525 2416 2803 2470 cottclusit.
2851 2416 2912 2470 V.
2942 2417 3028 2480 C.,
3070 2417 3136 2469 Et
3161 2418 3209 2469 itt
3238 2417 3447 2482 Epheso
3485 2417 3545 2470 S.
3589 2416 3842 2470 Timothei

2270 2488 2334 2539 ad
2383 2501 2538 2554 quem
2584 2486 2773 2539 Paulus
2815 2485 3086 2554 apostolus
3121 2487 3303 2554 scripit
3342 2488 3627 2551 Epistolas.
3674 2487 3752 2548 B.,
3797 2485 3843 2540 In

2273 2555 2439 2610 Tarso
2466 2557 2663 2610 Cilicize
2685 2556 2862 2625 passio
2887 2557 2986 2610 SS.
3019 2556 3234 2623 Taraci,
3269 2557 3426 2611 Probi
3459 2567 3514 2612 et
3547 2555 3840 2610 Andronici.

2343 2667 2432 2724 ‘28.
2462 2696 2533 2707 -—
2553 2667 2616 2721 IV
2650 2667 2784 2722 KAL.
2815 2668 2978 2723 Vacat
3004 2669 3182 2724 Baeda.

2348 2785 2430 2848 D.,
2482 2784 2748 2854 Hispaniis
2795 2783 3041 2854 Corduba
3074 2783 3171 2839 SS.
3210 2784 3227 2823 τ
3261 2784 3463 2850 Fausti,
3504 2786 3760 2848 Januarii,
3799 2794 3845 2838 et

2276 2855 2543 2909 Martialis.
2582 2852 2661 2907 ‘V.
2698 2856 2784 2918 C.,
2832 2855 2885 2907 Iit
2932 2852 3108 2908 Africa
3155 2855 3253 2911 SS.
3310 2857 3598 2920 Martialis,
3643 2867 3674 2905 ε
3711 2857 3844 2911 Lauri

2276 2925 2383 2996 [C.,
2415 2925 2724 2997 Laurentii],
2761 2926 2940 2997 Romae
2968 2927 3026 2978 S.
3058 2925 3253 2980 Stactei
3295 2925 3410 2996 [V.,
3445 2927 3688 2997 Stracti].
3721 2927 3778 2997 Et
3801 2926 3843 2979 in

2277 2995 2598 3050 monasterio
2618 2996 2822 3049 Domini
2838 2995 3130 3049 Salvatoris
3145 2995 3407 3051 dedicatio
3433 2995 3668 3051 basilicae
3685 3000 3738 3053 Β.
3759 2996 3841 3050 Pe-

2281 3067 2343 3118 tri
2374 3066 2616 3134 apostoli.
2649 3065 2712 3118 A.
2744 3068 2806 3119 'I‘.
2842 3065 2928 3130 L.,
2954 3065 3016 3134 In
3041 3067 3213 3120 Africa
3249 3067 3422 3121 natale
3449 3069 3547 3122 SS.
3586 3068 3840 3127 Martialis,

2200 3113 2247 3176 C
2282 3113 3224 3200 intranti,"'r'sistnra'csaani.
3249 3113 3844 3201 "i‘T'LTfEGu'éiii—iité

2283 3203 2310 3243 δ
2337 3206 2582 3272 Exuperii
2612 3208 2866 3274 episcOpi.
2911 3209 2974 3259 A.
3006 3204 3093 3269 T.,
3128 3209 3182 3261 In
3209 3207 3376 3263 Callia
3427 3210 3643 3262 civitate
3687 3207 3844 3263 Genua

2284 3276 2551 3341 depositio
2582 3276 2640 3329 S.
2669 3276 2867 3332 Salonii
2899 3277 3133 3342 episcopi
3174 3289 3227 3331 et
3265 3278 3609 3332 entifessoris.
3640 3279 3731 3341 T.,
3761 3278 3846 3330 Eo-

2284 3348 2406 3399 dem
2429 3347 2512 3400 die
2528 3346 2707 3400 Roma:
2739 3347 2913 3416 passio
2935 3346 2992 3399 S.
3017 3348 3234 3404 Stat-lci.
3266 3351 3636 3403 Autissiodoro
3658 3347 3846 3417 deposi-

1989 3457 2198 3512 SMITII
2241 3455 2467 3511 NOTAE.

667 3550 692 3576 “
738 3547 961 3604 Eusebii.
992 3549 1091 3604 Ilic
1120 3565 1261 3603 anno
1289 3546 1393 3602 510
1417 3557 1468 3603 et
1490 3549 1670 3604 sedem
1702 3550 1818 3604 iniit
1846 3561 1899 3604 ct
1919 3552 1982 3603 ad
2008 3551 2174 3604 Deum

597 3621 878 3691 migravit;
923 3621 973 3672 in
1021 3620 1288 3673 Chronico
1333 3619 1539 3691 Damasi
1595 3621 1821 3691 legitur:
1861 3639 1878 3670 ι
1918 3622 2176 3675 Eusebius

599 3689 810 3744 menses
835 3698 1085 3755 quatuor,
1116 3691 1228 3744 dies
1259 3689 1489 3743 sedecim
1523 3705 1550 3742 a
1582 3705 1669 3742 xrv
1699 3689 1812 3742 Kal.
1859 3691 2042 3756 Maias,
2079 3707 2179 3744 us-

597 3776 700 3826 que
724 3760 774 3813 iit
807 3759 948 3814 diem
977 3777 1063 3815 xvi
1090 3759 1204 3814 Kal.
1231 3759 1503 3826 Septemb.
1543 3778 1561 3810 ι
1593 3760 1698 3815 Sed
1733 3763 1844 3814 hate
1878 3761 2030 3826 plauc
2059 3777 2176 3815 cor-

598 3843 750 3898 rupta
781 3837 926 3896 sunt,
955 3841 1009 3884 tit
1038 3847 1101 3885 ex
1147 3831 1372 3899 ipsomet
1411 3829 1676 3884 Chronico
1710 3831 1919 3886 Damasi
1965 3832 2177 3898 quando

600 3901 828 3968 loquitur
873 3905 940 3956 de
967 3901 1258 3956 Melcliiade
1289 3901 1403 3968 ejus
1441 3915 1754 3955 successore
1783 3912 1982 3956 certum
2015 3911 2069 3956 et
2098 3903 2176 3956 iu-

597 3972 894 4026 dubitatttm
939 3973 1196 4026 redditur.
1245 3971 1302 4026 Si
1343 3971 1485 4025 enim
1531 3973 1572 4024 is
1619 3973 1703 4025 die
1737 3987 1773 4025 Il
1813 3978 2010 4026 mensis
2050 3973 2174 4026 Julii

599 4057 740 4094 anno
788 4042 892 4097 310
943 4054 1286 4097 COIISt‘CI'alUS
1338 4043 1495 4095 fuerit
1541 4053 1594 4095 et
1647 4058 1813 4111 usque
1857 4047 1921 4095 ad
1973 4045 2178 4096 initium

546 4123 550 4126 '
603 4114 726 4166 anni
757 4113 860 4165 514
892 4113 1074 4168 sedem
1104 4114 1397 4166 Romanam
1444 4112 1692 4174 tenuerit,
1719 4113 1985 4180 quomodo
2018 4114 2184 4167 Eusc-

602 4182 720 4252 bius
749 4183 982 4252 ordinari
1017 4185 1186 4252 potuit
1214 4184 1298 4236 die
1345 4199 1473 4236 xvnt
1531 4185 1731 4236 mensis
1760 4184 1976 4251 Aprilis,
2019 4197 2072 4239 et
2101 4199 2185 4238 se-

604 4251 728 4305 dem
789 4251 1083 4307 Romauam
1135 4253 1507 4308 administrare
1561 4268 1729 4320 usque
1774 4255 1839 4307 ad
1890 4255 2030 4308 diem
2078 4270 2186 4308 xvn

608 4322 807 4374 mensis
855 4326 1102 4389 Augusti,
1140 4339 1260 4377 cum
1299 4325 1498 4378 sederit
1543 4338 1755 4378 menses
1784 4323 1818 4374 lt
1858 4335 1909 4378 et
1949 4325 2064 4377 dies
2096 4325 2182 4389 -I6,

604 4393 924 4462 juxtaidem
949 4393 1290 4447 Chronicon?
1321 4393 1452 4448 Cum
1484 4399 1663 4462 itaque
1685 4394 1964 4447 Marcellus
1988 4396 2074 4449 die
2101 4410 2185 4448 xvr

608 4448 1067 4533 ittetisisJanuarii
1096 4461 1220 4516 anni
1248 4465 1354 4518 510
1383 4481 1413 4518 e
1445 4448 1910 4531 vivis'excesserit,
1961 4448 2188 4533 sequen~
2220 4448 2267 4508 Ι)

611 4531 756 4598 tique
774 4531 863 4586 die
889 4533 1126 4599 sepultus
1149 4533 1238 4597 sit,
1270 4545 1325 4587 et
1348 4537 1570 4589 cessarit
1600 4537 1935 4600 pontificatus
1959 4531 2071 4587 dies
2093 4535 2181 4599 90,

610 4604 950 4657 manifestum
998 4615 1075 4656 εει
1120 4605 1404 4659 Eusebiuut
1448 4605 1535 4659 die
1582 4622 1614 4659 v
1663 4604 1861 4658 mensis
1911 4605 2188 4660 Februarii

607 4683 979 4727 consecratum
1039 4674 1201 4728 fuisse
1253 4683 1306 4727 et
1370 4685 1594 4728 mortem
1657 4677 1773 4742 ejus
1828 4675 2078 4729 incidisse
2137 4677 2189 4730 itt

613 4744 754 4798 diem
788 4760 876 4799 SXI
905 4745 1101 4798 mensis
1129 4743 1298 4804 Junii,
1349 4760 1453 4799 non
1495 4761 1622 4799 vero
1669 4746 1723 4798 in
1769 4760 1853 4799 xvr
1904 4745 2020 4798 Kal.
2054 4747 2189 4815 Sep-

615 4817 804 4878 tcmb.,
840 4829 896 4869 ut
921 4816 972 4868 iit
998 4816 1252 4868 cltrouico
1277 4816 1485 4870 Damasi
1510 4817 1762 4870 habetur:
1785 4832 1955 4883 neque
1978 4819 2029 4870 in
2055 4818 2194 4873 hunc

612 4885 754 4956 diem
783 4903 886 4954 quo
915 4886 966 4938 in
1001 4887 1240 4956 plurimis
1263 4885 1649 4956 martyrologiis
1679 4889 1890 4941 colitur.

688 4955 713 4992 ι’
753 4956 1087 5026 Apollinaris.
1117 4955 1210 5009 llic
1233 4958 1284 5010 in
1305 4955 1436 5011 'I‘ab.
1465 4955 1600 5022 apud
1631 4957 1886 5012 Democh.
1907 4959 2194 5027 vigesimus

615 5041 755 5082 unus
781 5029 1061 5095 episc0pus
1090 5028 1441 5081 Arveruensis
1471 5029 1744 5082 scribitur.

693 5108 716 5136 ο
757 5096 974 5151 Cosmw.
1008 5095 1268 5150 Feruntur
1284 5103 1414 5152 Acta
1437 5099 1670 5166 ipsorum
1700 5113 1729 5151 a
1759 5097 1938 5154 Niceta
1970 5101 2195 5167 quodam

618 5171 944 5238 conscripta,
974 5183 1092 5238 qua:
1140 5169 1261 5223 vide
1289 5168 1431 5224 Surii
1488 5178 1616 5221 tom.
1653 5167 1726 5238 γ,
1759 5184 1878 5237 quae
1905 5171 2120 5236 quidem
2152 5169 2196 5222 si

619 5240 740 5307 quis
765 5236 897 5294 tueri
920 5237 1052 5304 vult,
1076 5252 1293 5294 necesse
1315 5247 1397 5293 est
1417 5238 1647 5294 affirmet
1673 5236 1792 5291 illos
1814 5238 2056 5292 diversos
2079 5252 2200 5293 esse

619 5311 690 5363 ab
719 5310 800 5364 his
827 5310 895 5364 de
925 5309 1115 5377 quibus
1148 5309 1232 5363 hic
1259 5309 1449 5377 agitur,
1481 5323 1603 5362 cum
1628 5323 1691 5362 ex
1724 5308 1830 5362 illis
1854 5318 2060 5362 constet
2080 5323 2200 5362 ens-

623 5381 747 5434 dem
776 5382 977 5449 absque
1000 5381 1256 5450 martyrio
1278 5380 1329 5432 iu
1349 5394 1476 5448 pace
1496 5379 1782 5450 quievisse.
1801 5378 2003 5450 Rursus
2023 5388 2202 5432 autem

627 5451 732 5503 alia
760 5447 1021 5506 habentur
1043 5447 1230 5504 horum
1253 5447 1405 5514 Acta,
1430 5465 1491 5504 ac
1516 5447 1674 5502 trium
1692 5447 1914 5501 fratrum
1942 5449 2199 5513 ipsorum,

624 5523 898 5587 Anthimi,
955 5521 1161 5576 Leontii
1226 5529 1281 5574 et
1333 5521 1616 5588 Euprepii:
1671 5534 1790 5586 quae
1823 5526 2041 5588 exivett.
2074 5532 2203 5573 mss.

627 5593 767 5645 edita
798 5602 1010 5659 egstant
1035 5590 1171 5659 apud
1203 5587 1425 5646 Surium’
1451 5587 1579 5645 tom.
1618 5589 1724 5656 VII,
1753 5601 1804 5643 et
1826 5587 2068 5659 videntur
2089 5602 2208 5659 esse

627 5653 863 5718 etirteris'
883 5653 1143 5718 fideliora.
1196 5663 1272 5716 De
1328 5662 1410 5714 bis
1457 5663 1511 5713 iri
1563 5653 1768 5728 synodo
1811 5658 2046 5729 generali
2098 5657 2205 5725 VII,

623 5741 732 5790 act.
766 5735 818 5791 4.
852 5735 1008 5795 Missa
1037 5733 1091 5790 in
1121 5746 1305 5791 eorum
1338 5732 1502 5791 natali
1542 5731 1767 5790 habetur
1810 5732 1864 5788 iu
1907 5741 2210 5788 sacramen-

2283 3551 2421 3623 tario
2439 3549 2787 3623 Gregoriano.
2810 3546 3128 3623 Vocantura
3155 3546 3354 3623 Gratcis
3383 3544 3706 3623 ᾍνοίργνροι,
3729 3548 3845 3617 quod

2285 3620 2601 3674 tnedicinam
2636 3619 2836 3681 abSque
2868 3618 3014 3670 Iucm
3044 3620 3349 3671 exercuisse
3377 3618 3653 3674 dicuniu'r.

2353 3691 2380 3726 «ι
2425 3689 2694 3743 Timothei.
2733 3689 2805 3741 De
2846 3689 2945 3740 hoc
2994 3703 3152 3756 supra
3198 3688 3316 3741 vide
3360 3687 3603 3741 Januarii
3654 3705 3771 3743 xxiv
3805 3698 3849 3743 et

2283 3761 2403 3815 Maii
2437 3776 2508 3813 lx.

2357 3841 2378 3867 ο
2421 3830 2704 3900 Ilyltridis.
2758 3828 2879 3882 llaec
2905 3828 3103 3900 genita
3124 3837 3204 3900 est
3233 3843 3295 3882 ex
3324 3826 3567 3900 Wilierto
3597 3831 3782 3883 comite
3803 3838 3847 3881 et

2282 3902 2398 3955 Ado
2428 3897 2617 3964 matre,
2648 3911 2701 3953 et
2732 3909 2964 3965 tempore
2997 3899 3163 3967 I’ipini
3194 3900 3331 3966 regis
3360 3897 3554 3951 claruit
3591 3918 3747 3966 super
3770 3900 3848 3952 flu-

2286 3975 2426 4026 vium
2465 3971 2712 4037 IIeIpram
2746 3971 2796 4022 in
2829 3970 2945 4022 loco
2967 3968 3057 4036 qui
3086 3969 3278 4021 dicitur
3306 3967 3492 4022 Lzrtia.
3533 3971 3666 4035 Qua}
3696 3985 3850 4023 amore

2286 4043 2484 4097 Christi
2521 4042 2790 4107 Ilugonetn
2827 4040 3258 4108 Burgundionum
3291 4038 3585 4107 principem
3618 4056 3847 4108 spott~uut

2291 4114 2518 4180 fugiens,
2551 4127 2580 4164 a
2611 4111 2942 4180 'I‘Itcndorico
2973 4109 3343 4180 Cameracensi
3373 4109 3629 4175 episcopo
3660 4127 3848 4165 sacrum

2289 4179 2464 4236 velum
2494 4179 2717 4248 accepit.
2747 4181 2889 4234 Obiit
2933 4180 3074 4233 circa
3107 4195 3194 4232 an.
3228 4179 3350 4243 700,
3384 4191 3438 4232 et
3473 4182 3683 4245 sepulta
3713 4189 3782 4234 est
3810 4183 3849 4231 iu

2292 4253 2515 4306 ecclesia
2567 4253 2622 4305 S.
2679 4251 2966 4312 Lamberti,
3011 4264 3170 4318 quam
3221 4265 3464 4318 parentes
3497 4259 3851 4305 exstruxerant

2294 4323 2473 4377 Lattiis
2503 4340 2517 4376 :
2551 4322 2767 4376 fratrem
2802 4322 2983 4374 habuit
3026 4323 3083 4372 Β.
3133 4321 3460 4375 Gotttardutn
3512 4323 3740 4388 primum
3775 4323 3852 4371 ah-

2296 4394 2472 4448 Iiatem
2502 4393 2841 4446 Laztiensem.
2885 4391 2962 4444 De
2991 4392 3288 4444 elevatione
3318 4391 3434 4456 eius
3462 4393 3726 4458 corporis,
3754 4407 3853 4457 qua:

2295 4464 2431 4518 facta
2475 4473 2557 4518 est
2597 4463 2737 4517 circa
2786 4477 2875 4515 au.
2912 4459 3072 4524 1000,
3119 4462 3242 4515 vide
3279 4477 3436 4526 supra
3467 4462 3555 4514 die
3588 4478 3691 4514 xvii
3721 4462 3854 4527 hujus

2297 4535 2519 4589 tuensis.
2556 4533 2681 4588 Vide
2711 4532 2868 4602 hujus
2900 4533 3072 4586 Vitam
3103 4532 3242 4602 apud
3271 4531 3636 4586 Mahillonium
3670 4542 3794 4601 part.
3823 4545 3852 4583 ιι

2292 4621 2418 4659 saec.
2455 4619 2510 4658 ιιι
2540 4605 2659 4658 Act.
2693 4604 2820 4658 Ben.

2370 4673 2388 4712 ί
2427 4673 2630 4729 Fausti.
2665 4675 2763 4739 Qui
2795 4674 2965 4742 primo
3004 4674 3250 4739 equulcis
3294 4672 3539 4736 cruciati,
3569 4673 3755 4726 deinde
3783 4685 3853 4723 ra-

2295 4745 2370 4800 sis
2398 4745 2718 4814 superciliis,
2751 4745 2968 4797 auribus
2993 4747 3313 4811 uaribusque
3345 4744 3606 4810 pneeisis,
3633 4744 3855 4798 dentibus

2296 4819 2456 4871 etiam
2488 4816 2850 4882 superioribus
2882 4816 3153 4879 excussis,
3187 4817 3490 4881 deturpati;
3539 4821 3603 4868 ad
3638 4817 3853 4868 uttimunt

2298 4889 2433 4955 ignis
2466 4886 2711 4954 passione
2742 4886 3048 4953 martyrium
3077 4898 3536 4940 consummaruut.
3594 4885 3704 4940 IIos
3747 4882 3856 4938 colit

2297 4959 2557 5010 Duronius
2585 4971 2678 5010 xm
2707 4955 2971 5010 Octobris.

2331 5073 2333 5075 ,
2370 5036 2395 5071 κ
2435 5025 2612 5079 Lauri.
2645 5028 2770 5080 Sive
2799 5024 3089 5079 Laurentii.
3131 5024 3385 5080 Martialis
3407 5035 3458 5080 et
3483 5027 3746 5080 sociorum
3768 5035 3858 5077 rne-

2301 5098 2467 5170 minit_
2483 5096 2747 5170 Lucianus
2772 5095 3068 5170 inhep‘ismla
3093 5112 3211 5170 quae
3232 5097 3500 5170 exstatﬁz’.
3530 5096 3667 5148 inter
3688 5097 3743 5150 S.
3766 5093 3855 5170 Cy:

2304 5167 2471 5235 priani
2499 5164 2772 5231 epistolas.
2809 5167 2881 5218 De
2911 5166 3236 5232 L:turetttio,-
3265 5183 3362 5220 sett
3415 5167 3754 5229 Laurentino,
3780 5164 3855 5232 qui

2304 5238 2461 5292 iidem
2493 5238 2666 5290 forsan
2691 5245 2835 5297 sunt,
2866 5236 2981 5300 ipse
3003 5237 3300 5305 Cyprianus
3328 5238 3486 5303 epist.
3514 5235 3605 5289 5;).

2374 5305 2402 5343 ιι
2443 5305 2712 5376 Exuperii.
2749 5307 2840 5360 IIic
2863 5321 2893 5359 a
2924 5307 2980 5360 S.
3017 5303 3343 5375 IIiéronymo
3388 5307 3631 5360 laudatur
3676 5309 3724 5360 in
3765 5303 3858 5376 cpi.

2305 5377 2441 5432 stola
2473 5377 2538 5432 ad
2566 5373 2846 5431 Rusticum
2878 5373 3229 5444 monachum,
3278 5386 3332 5431 et
3372 5379 3490 5430 aliis
3520 5378 3573 5430 in
3607 5379 3750 5430 Iocis.
3782 5373 3859 5427 ΕΞ-

2306 5451 2428 5503 dem
2475 5448 2686 5515 scripsit
2735 5446 3073 5500 Innocentius
3127 5447 3143 5500 I
3199 5463 3352 5516 papa.
3427 5447 3503 5501 Ad
3563 5447 3857 5516 Exuperituu

2309 5518 2591 5585 quemdam
2638 5519 2776 5570 inter
2815 5518 2988 5570 claros
3036 5528 3277 5571 oratores
3324 5518 3660 5583 profitentem
3708 5521 3860 5569 exstat

2311 5587 2530 5642 Ausonii
2579 5587 2715 5640 Galli
2758 5588 3084 5655 epigramma
3116 5604 3127 5638 :
3165 5588 3421 5641 Barouius
3467 5589 3626 5656 igitur
3663 5591 3728 5640 ob
3759 5596 3858 5638 eam

2313 5657 2575 5712 rationem
2600 5659 2744 5711 illum
2762 5659 3036 5713 existimat
3069 5657 3333 5711 rhetorem
3372 5659 3517 5725 prius
3541 5661 3698 5712 tuisse
3723 5666 3858 5722 quam

2316 5739 2454 5788 esset
2493 5729 2796 5801 episcopus,
2819 5727 2941 5786 licet
2969 5726 3188 5800 Ioseph.
3231 5726 3466 5799 Scaliger
3497 5730 3652 5786 aliter
3671 5725 3858 5784 sentiat.
