4064 6346
232 315 360 372 1057

1323 311 1515 368 SECT.
1558 311 1618 366 ll.
1651 341 1718 352 -—-
1758 311 2315 369 MAR'I‘YIKOLOGIA.

2154 182 2176 198 ρ

3357 278 3512 377 ωδε¹

1477 429 1702 483 ΕὒΙἸῚΟ
1741 426 2208 482 (IOLONIENSIS.

229 531 387 584 vitate
415 525 590 580 natale
619 534 924 578 sanctorum
955 522 1153 586 Fausti,
1181 520 1420 578 Januarii
1447 532 1498 576 et
1528 524 1803 587 Martialis,
1837 527 1886 583 Α
1913 521 2024 573 saxi
2069 520 2336 588 speluncae
2384 521 2447 574 ad
2497 522 2662 577 instar
2710 537 3002 590 priscas-an.
3043 527 3359 584 ostenditur.
3387 529 3492 584 ῃο-

227 622 310 691 qui
343 619 574 686 primum
604 615 815 684 equulei
846 632 998 685 poena
1026 615 1281 682 cruciati,
1318 615 1510 670 deinde
1550 616 1685 669 rasis
1721 631 1806 668 su-

229 710 482 778 perciliis,
533 718 587 762 et
632 707 850 761 aurilms
897 722 958 761 ac
1006 707 1221 761 naribus
1267 707 1524 774 prmcisis,
1562 706 1809 762 dentibus

225 817 438 870 quoque
487 799 852 869 superioribus
883 799 1099 864 evulsis,
1143 800 1426 869 deturpati,
1468 799 1533 853 ad
1567 801 1807 853 ultimum

226 897 360 965 ignis
391 895 638 962 passione
668 893 979 962 martyrium
1012 906 1474 946 consutnmarere.
1503 891 1556 944 ln
1588 891 1810 946 Germa-

225 987 307 1038 nia
338 993 539 1038 sanctte
567 982 746 1036 Liobre
777 982 1024 1050 virginis,
1057 997 1174 1051 quae
1216 982 1284 1036 de
1325 982 1593 1036 Britannia
1639 983 1807 1036 insula

223 1088 249 1123 a
300 1081 492 1126 sancto
563 1070 831 1124 Bonifacio
880 1072 1284 1141 archiepiscopo
1361 1071 1808 1141 Moguntiacensis

225 1163 477 1218 Ecclesiae
524 1163 777 1216 advocata
806 1202 820 1224 ,
866 1149 932 1215 ut
966 1161 1190 1216 famulas
1241 1163 1330 1216 Dei
1379 1163 1430 1216 in
1472 1165 1808 1218 monasteriis

223 1255 526 1310 Germania:
577 1255 774 1308 divinis
826 1254 1116 1323 Scripturis
1184 1255 1508 1320 instrueret,
1560 1257 1647 1310 ubi
1702 1272 1806 1310 non

221 1352 395 1401 solum
430 1350 590 1401 multa
624 1348 874 1402 miracula
905 1348 1087 1401 vivens
1118 1347 1260 1411 fecit,
1303 1347 1408 1401 imo
1451 1359 1568 1414 post
1605 1349 1807 1403 obitum

222 1445 270 1497 in
303 1441 575 1496 Bnehonia
603 1441 736 1494 silva
773 1442 824 1494 in
867 1442 1190 1495 monasterio
1222 1440 1581 1507 Fulda,.juxla
1615 1442 1806 1496 decre-

221 1545 330 1586 tum
378 1535 548 1586 sancti
598 1531 850 1585 Bonifacii
894 1532 1124 1599 sepulta,
1169 1546 1272 1584 non
1323 1533 1502 1598 paucis
1541 1531 1808 1584 miraculis

219 1627 409 1679 claret.
461 1624 658 1678 Eodem
698 1623 783 1677 die
833 1623 1008 1692 passio
1045 1624 1215 1676 sancti
1253 1621 1490 1675 Weuslai
1539 1620 1806 1689 martyris.

220 1717 407 1771 Romae
438 1717 612 1769 natale
639 1715 856 1770 Stertei.
893 1714 947 1768 lu
997 1713 1170 1766 Africa
1214 1712 1468 1766 Martialis
1494 1753 1508 1778 ,
1542 1711 1807 1766 Laurentii

216 1818 270 1861 et
293 1808 518 1860 aliorum
542 1805 748 1874 viginti.
774 1803 1145 1858 Autissiodoro
1165 1803 1427 1872 depositio
1452 1803 1621 1857 sancti
1651 1803 1806 1855 Alodi

216 1897 476 1965 episcOpi,
511 1905 564 1950 et
595 1897 644 1949 in
676 1895 843 1951 Gallia
875 1894 1112 1949 Solornis
1143 1893 1396 1962 episcopi.

294 1991 354 2044 Ρ.
400 1990 457 2043 Ill
501 1989 738 2044 Kawsn.
781 1987 914 2043 Ocr.
957 2018 1027 2028 —
1067 1987 1122 2042 In
1162 1997 1343 2041 monte
1371 1986 1618 2056 Gargano
1647 2001 1810 2040 vene-

216 2084 406 2136 rabilis
450 2081 706 2137 memoria
753 2080 894 2135 beati
935 2080 1235 2147 archangeli
1279 2079 1571 2143 Michaelis,
1607 2081 1690 2133 ubi
1734 2081 1812 2144 ip-

213 2178 331 2228 sius
361 2185 668 2228 consecrata
705 2175 918 2228 nomine
967 2173 1194 2227 habetur
1244 2175 1490 2237 ecclesia,
1541 2175 1630 2226 vili
1675 2174 1807 2226 facta

216 2265 518 2329 schemate,
569 2265 661 2318 sed
707 2263 914 2318 cmlesti
967 2265 1188 2332 praedita
1237 2264 1452 2317 virtute.
1498 2250 1808 2317 Verticesi-

216 2357 434 2426 quidem
483 2356 677 2410 tnontis
721 2355 918 2410 excelsi
969 2356 1161 2424 posita,
1193 2354 1259 2410 de
1297 2369 1522 2422 corpore
1565 2353 1804 2423 ejusdem

1915 627 2072 664 tnano
2102 614 2276 682 itaque
2309 615 2578 682 pontiﬁce,
2609 625 2663 669 et
2689 619 2966 686 Sipontino
2991 621 3246 691 episcopo
3270 623 3336 677 de
3367 640 3497 678 con-

1912 704 2214 758 sec-ratione
2261 705 2359 758 loci
2419 709 2585 774 ipsius
2634 711 3036 776 qumrentibus,
3093 727 3156 766 ac
3210 724 3494 783 propterea

1918 792 2216 869 triduanum
2245 793 2508 863 jejunium
2531 814 2650 851 cum
2675 801 2876 854 civibus
2900 803 3314 870 celebrantibus,
3342 820 3496 862 nocte

1911 884 2092 952 jejunii
2123 899 2368 952 suprema
2399 901 2610 943 sanctus
2651 891 2872 946 Michael
2919 896 3167 965 episcopo
3217 897 3496 966 Sipontino

1917 991 2008 1040 per
2039 977 2297 1031 visionem
2348 997 2608 1046 apparens
2657 986 2882 1051 monuit,
2933 996 2992 1040 ut
3032 990 3291 1043 intrarent
3322 993 3496 1046 eCclev

1914 1069 2070 1132 siam,
2095 1084 2252 1136 quam
2280 1071 2392 1138 ipse
2413 1071 2696 1139 dedicavit,
2723 1087 2776 1129 et
2807 1080 2996 1132 missas
3025 1080 3092 1132 ibi
3115 1083 3261 1146 juxta
3290 1098 3493 1138 morem

1917 1168 2158 1226 agerent.
2194 1159 2475 1215 lnnumera
2507 1180 2717 1232 quoque
2756 1167 2824 1221 ibi
2867 1179 3184 1236 pra-stantur
3217 1173 3495 1237 beneﬁcia,

1917 1262 2009 1313 per
2043 1245 2362 1303 sanctorum
2415 1257 2850 1323 archangelorum
2903 1263 3109 1314 merita.
3164 1263 3216 1315 ln
3269 1263 3497 1318 Thracia

1914 1339 2129 1393 civitate
2184 1342 2408 1405 Eraclce,
2445 1346 2620 1400 natale
2669 1349 2859 1414 Eutici,
2915 1351 3068 1406 Plati.
3125 1354 3498 1410 Autissiodoro

1915 1432 2174 1498 depositio
2205 1433 2442 1490 Fra’terni
2467 1441 2723 1508 episc0pi.

1987 1522 2049 1575 G.
2103 1523 2253 1578 Puto.
2312 1527 2548 1583 Karssn.
2592 1533 2720 1587 Ucr.
2763 1563 2833 1574 ——
2876 1535 2928 1590 In
2982 1538 3250 1595 Bethleem
3300 1543 3497 1598 Judmze

1915 1617 2181 1683 depositio
2226 1623 2396 1676 sancti
2452 1624 2757 1696 llicronymi
2805 1629 3142 1700 presbyteri,
3190 1636 3340 1702 cujus
3389 1640 3494 1691 vita

1914 1721 1967 1764 ct
1993 1711 2230 1766 doctrina
2261 1715 2453 1786 ubique
2497 1719 2546 1771 in
2586 1721 2829 1774 ecclesiis
2859 1721 3056 1776 Christi
3101 1727 3377 1782 laudabilis
3404 1745 3498 1784 ex-

1915 1812 2038 1866 εισι,
2089 1807 2358 1873 quomodo
2401 1807 2610 1862 divinos
2659 1811 2823 1864 libros
2863 1827 2929 1866 ex
2973 1813 3187 1869 llcbrtca
3236 1817 3413 1887 lingua
3443 1820 3494 1872 in

1846 1887 1886 1943 Β
1919 1897 2156 1950 Latinam
2188 1898 2472 1963 transtulit,
2510 1903 2955 1975 pr0pheticosque
2999 1922 3161 1962 sensu
3205 1910 3498 1980 allegorico

1916 1990 2186 2073 exposuit,
2243 1991 2456 2046 tandem
2509 1995 2802 2062 perlectam
2854 1999 3204 2069 placitamqne
3244 2002 3352 2056 Deo
3380 2015 3500 2072 post

1914 2081 2397 2145 conversationem,
2427 2086 2769 2154 nonagesimo
2798 2097 2987 2142 octavo
3009 2092 3178 2144 :ctatis
3201 2108 3311 2146 sua!
3333 2106 3496 2155 anno.

1913 2169 2052 2234 apud
2087 2170 2359 2226 Bethleem
2395 2173 2445 2226 in
2483 2190 2611 2242 pace
2651 2177 2870 2244 quievit,
2917 2180 3234 2236 duodecimo
3279 2184 3496 2240 Honorii

1920 2263 2257 2328 imperatoris
2289 2280 2449 2318 anno.
2485 2265 2536 2317 In
2571 2266 2754 2321 Galliis
2783 2279 2959 2322 castro
2989 2270 3252 2326 Solndoro
3282 2287 3498 2328 sancto-

1915 2369 2029 2406 rum
2062 2365 2355 2433 martyrum
2391 2357 2618 2412 Victoris
2649 2369 2702 2414 et
2736 2359 2875 2428 Ursi,
2907 2377 2973 2416 ex
3013 2363 3241 2432 gloriosa
3293 2367 3499 2436 legione

1436 2445 1666 2499 EDITIO
1709 2444 2215 2500 BOLLANDIANA.

220 2539 298 2590 tio
328 2539 386 2591 S.
417 2546 443 2574 ³
471 2536 638 2590 modii
669 2535 926 2602 episc0pi.
978 2537 1059 2598 B.,
1106 2537 1288 2590 Roma:
1320 2537 1507 2591 natalis
1531 2538 1588 2590 S.
1618 2536 1810 2590 Justini

217 2609 544 2679 presbyteri.
593 2608 644 2679 lu
701 2607 874 2679 Africa
927 2609 1117 2679 natalis
1163 2607 1587 2679 SS._Martialis,
1641 2607 1808 2679 Marii,

215 2675 488 2734 Faustini.
522 2676 890 2731 Autissiodoro
927 2677 1191 2745 depositio
1219 2678 1244 2715 δ
1275 2675 1515 2732 Fraterni
1554 2677 1808 2746 episcOpi.

282 2771 589 2898 32|‘._i.h—rlll
618 2769 749 2825 Kac.
795 2770 1069 2825 Dedicatio
1109 2770 1352 2825 ecclesias
1414 2771 1584 2825 sancti
1636 2770 1809 2839 angeli

339 2859 385 2896 lC
429 2856 490 2896 ae
517 2857 578 2895 IS.

218 2857 241 2884 ε
282 2856 578 2896 menaeus.

297 2935 510 2987 l'lenius
539 2933 600 2986 γ.
631 2942 684 2988 et
712 2932 773 2988 C.
809 2949 820 2984 :
846 2932 871 2968 (³
891 2933 1070 2987 Roma:
1100 2933 1180 2988 via
1206 2933 1406 2988 Salaria
1439 2933 1690 2987 milliario
1718 2948 1806 2987 se-

218 3007 412 3072 ptimo,
446 3005 710 3058 dedicatio
745 3004 973 3057 basilicae
1005 3005 1170 3057 sancti
1195 3003 1501 3072 archangeli
1537 3004 1808 3058 Michaelis
1838 3011 1882 3070 ρ

219 3078 303 3128 vel
338 3075 390 3127 in
415 3085 592 3127 monte
614 3075 700 3142 qui
724 3075 913 3128 dicitur
928 3076 1222 3142 Garganus,
1249 3074 1335 3127 ubi
1361 3075 1521 3127 multa
1547 3075 1808 3128 mirabilia

219 3145 378 3202 Βιξιιε.
397 3144 645 3198 ostendit.

295 3222 362 3269 Α.
394 3215 458 3269 Τ.
493 3215 577 3277 L.,
610 3212 980 3269 Autissiodoro
1008 3213 1268 3282 depositio
1291 3213 1351 3268 S.
1383 3223 1406 3250 ο
1428 3213 1668 3269 Fraterni
1698 3215 1810 3283 epi-

1918 2538 2084 2604 scopi.
2117 2535 2202 2602 B.,
2235 2537 2370 2592 Alibi
2406 2540 2594 2593 natalis
2627 2541 2704 2597 SS
2757 2543 2946 2609 Sessii,
2975 2543 3229 2599 Januarii.

1987 2647 2074 2702 50.
2125 2678 2196 2688 -
2242 2650 2282 2703 ll
2331 2651 2465 2704 “AL.
2518 2652 2570 2704 In
2617 2653 2886 2708 Bethleem
2935 2655 3068 2710 Juda
3118 2659 3378 2725 depositio
3439 2662 3496 2717 S.

1921 2738 2222 2806 IiierOnymi
2273 2739 2597 2812 presbyteri,
2652 2745 2738 2811 qui
2788 2745 2919 2798 obiit
2965 2761 3102 2800 anno
3154 2749 3498 2816 nenagesitno

1918 2834 2089 2900 primo
2117 2831 2203 2903 [Β.
2235 2847 2335 2884 om.
2369 2831 2582 2902 pritno].

1991 2943 2180 2998 Florus
2222 2945 2272 2997 in
2316 2945 2383 2998 A.
2415 2945 2479 2998 Τ.
2514 2945 2574 2998 L.
2605 2964 2616 2998 :
2659 2946 2756 3013 Qui
2785 2959 2984 3004 sancta:
3016 2950 3172 3006 Eccle
3205 2954 3269 3006 ite
3297 2969 3394 3006 suo
3425 2956 3499 3006 la-

1920 3035 2046 3088 bore
2074 3034 2237 3087 multa
2286 3035 2540 3099 contulit;
2593 3035 2714 3091 huic
2756 3039 2898 3092 enim
2948 3042 3176 3095 mundus
3217 3043 3500 3096 cruciﬁxus

1918 3125 2015 3181 fuit
2043 3138 2096 3182 et
2127 3129 2213 3183 ille
2243 3128 2460 3195 mundo,
2496 3129 2730 3198 obiitque
2759 3145 2899 3184 anno
2929 3134 3271 3202 nonagesimo
3304 3137 3494 3204 pritno.

1995 3219 2052 3272 ν.
2087 3218 2174 3284 C.,
2218 3218 2274 3274 In
2319 3219 2584 3274 Placentia
2633 3220 2846 3276 civitate
2876 3222 2935 3276 S.
2973 3232 2996 3270 ε
3032 3226 3306 3282 Antonini.
3341 3225 3402 3280 V.
3432 3225 3494 3280 ϐ.

1620 3330 1822 3387 SillTll
1865 3331 2092 3388 NOTAE.

303 3431 328 3457 ει
365 3420 554 3473 Alodii.
589 3417 683 3472 llic
712 3419 768 3470 Β.
813 3417 1080 3473 Germano
1111 3417 1284 3470 adhuc
1314 3419 1597 3483 superstite
1626 3436 1812 3474 mona-

215 3491 387 3548 sterio
418 3491 557 3543 illius
596 3487 1007 3541 arcliimandrita
1042 3486 1280 3554 prtel'uit;
1321 3489 1589 3541 Germano
1629 3505 1807 3545 autem

214 3566 476 3616 defuncto
506 3575 646 3611 anno
670 3559 884 3612 circiter
909 3555 1035 3614 488.
1078 3558 1124 3609 ei
1159 3559 1413 3611 Stlt'CCSSil
1441 3561 1670 3612 Octavus
1702 3567 1809 3615 Au-

220 3633 623 3686 tissiodurensis
652 3631 951 3698 episcopus.
992 3626 1136 3680 Obiit
1174 3628 1313 3681 circa
1361 3642 1448 3682 an.
1497 3627 1619 3691 5t8,
1664 3642 1809 3698 post-

213 3717 378 3770 quam
404 3700 634 3770 sedisset
655 3713 821 3770 annos
849 3697 939 3759 5t),
972 3713 1208 3770 mensem
1244 3701 1292 3764 ί,
1335 3699 1451 3753 dies
1484 3698 1582 3766 12,
1626 3697 1679 3754 et
1724 3717 1809 3758 se-

215 3766 401 3844 pultos
429 3780 510 3824 est
536 3770 588 3844 in
621 3769 677 3844 B_.
696 3766 962 3844 _Gertnani
995 3767 1233 3844 basilica.

293 3841 319 3878 δ
347 3839 612 3893 Fraterni.
648 3839 770 3892 Dies
808 3852 1035 3906 sequens
1065 3849 1146 3891 est
1187 3837 1340 3907 hujus
1378 3839 1566 3893 natalis
1590 3879 1605 3905 ,
1646 3856 1806 3911 quem

215 3913 361 3967 vide.

295 3989 316 4012 τ
374 3978 661 4034 Michaelis.
707 3978 937 4033 Ecclesia
982 3979 1094 4029 hmc
1125 3977 1211 4030 vili
1245 3976 1375 4030 facta
1407 3986 1488 4031 cst
1514 3979 1805 4047 schemate,

216 4055 314 4106 sed
346 4051 552 4107 cmlesti
586 4050 805 4115 prmdita
834 4048 1060 4111 virtute;
1094 4050 1333 4101 llomano
1363 4051 1624 4115 siquidem
1670 4067 1805 4116 pon-

218 4123 366 4179 tiﬁce
414 4130 468 4176 et
517 4121 796 4187 Sipontino
842 4119 1094 4187 episc0po
1137 4119 1203 4172 de
1252 4122 1654 4173 consecratione
1699 4122 1800 4175 loci

219 4195 393 4264 ipsius
418 4191 800 4264 qttau'entibus,
825 4198 1192 4264 achpropterea
1218 4190 1518 4264 triduanum
1539 4189 1800 4264 jejllllilltll

217 4257 343 4317 c'nnt
377 4257 580 4314 civibus
610 4257 1024 4318 celebrantibus,
1072 4268 1226 4311 nocte
1251 4259 1436 4324 jejttnii
1464 4257 1708 4327 suprema
1741 4262 1798 4316 S.

220 4331 453 4390 Michael
484 4332 732 4396 episcopo
773 4328 1054 4394 Sipontino
1096 4343 1190 4395 per
1235 4331 1494 4382 visionem
1546 4347 1804 4397 apparens

219 4406 432 4459 monuit
465 4410 520 4452 ut
549 4404 806 4452 intrarent
843 4400 1144 4461 ecclesiam,
1186 4414 1343 4465 quam
1378 4402 1488 4462 ipse
1516 4400 1801 4465 dedicarit,

1918 3422 2124 3479 stravit,
2156 3419 2279 3474 hinc
2309 3419 2602 3485 Aquileiam
2633 3420 2798 3488 petit,
2853 3420 2972 3474 inde
3001 3435 3096 3486 per
3137 3421 3446 3477 Dalmatiam
3472 3464 3488 3488 ,

1916 3492 2194 3548 Thraciam
2220 3491 2496 3561 variasque
2518 3491 2656 3561 Asia:
2683 3493 2986 3561 provincias
3011 3492 3342 3545 Antiochiam
3370 3510 3489 3561 per-

1918 3563 2072 3616 rexit.
2100 3559 2308 3613 Exinde
2331 3560 2690 3630 ﬁmonastieum
2720 3559 2842 3613 vita!
2871 3561 3166 3614 institutum
3191 3559 3484 3630 amplexus,

1915 3647 2056 3685 anno
2084 3630 2256 3684 aztatis
2283 3629 2351 3682 50
2381 3630 2429 3680 in
2457 3629 2738 3701 solitudine
2768 3630 2978 3683 horrida
3018 3633 3181 3699 Syros
3209 3642 3263 3685 et
3285 3629 3488 3701 Agat-e-

1918 3717 2014 3755 nos
2063 3702 2200 3754 inter
2243 3713 2337 3766 per
2372 3699 2776 3765 quadriennium
2825 3702 3083 3754 consedit.
3125 3702 3277 3754 Anno
3325 3699 3428 3756 578
3459 3721 3488 3756 τι

1923 3772 2138 3823 I’aulino
2181 3768 2512 3839 Antiorlteno
2543 3772 2606 3821 ad
2651 3770 2964 3839 presbyterii
3009 3772 3230 3839 gradum
3277 3783 3493 3826 evectus

1914 3852 2015 3894 est.
2042 3845 2194 3894 Anno
2225 3838 2329 3894 58;!
2357 3838 2607 3890 Paulinus
2636 3848 2688 3890 et
2721 3838 3042 3905 Epiphanius
3081 3841 3301 3892 Romam
3334 3845 3490 3895 acciti

1917 3911 2292 3978 Hieronymum
2324 3922 2386 3960 ex
2410 3908 2626 3960 Oriente
2655 3911 2751 3960 vite
2780 3909 3028 3978 comitem
3051 3925 3227 3961 secum
3257 3911 3490 3964 abduxe-

1913 3991 2056 4032 runt.
2093 3976 2310 4030 Romam
2343 3988 2722 4046 commoratus,
2773 3976 2913 4044 apud
2953 3978 3168 4030 Paulam
3211 3983 3346 4046 piam
3380 3997 3491 4033 ma-

1915 4061 2123 4103 tronam
2156 4063 2248 4114 per
2279 4046 2561 4098 triennium
2591 4045 2835 4110 divertil,
2884 4047 3166 4100 maximam
3206 4045 3342 4114 apud
3375 4066 3491 4102 ont-

1915 4136 2008 4173 nes
2043 4124 2232 4172 tamam
2265 4128 2568 4187 assecutus;
2591 4116 2674 4187 ita
2705 4125 2761 4168 ut
2787 4131 2816 4168 a
2854 4117 3076 4170 Damaso
3107 4131 3236 4185 papa
3268 4122 3489 4187 eligere-

1913 4203 2016 4253 tur,
2047 4190 2135 4258 qui
2166 4187 2264 4258 sibi
2309 4187 2376 4258 ab
2413 4184 2660 4258 epistolis
2679 4184 3119 4258 __conscribendis
3151 4184 3311 4242 esset.
3342 4184 3490 4244 'l’ost

1912 4254 2138 4314 mortem
2172 4256 2400 4320 Damasi,
2434 4270 2572 4308 anno
2604 4254 2740 4320 505,
2761 4256 3176 4327 Origi-nistarum
3206 4259 3488 4314 calumniis

1912 4335 2227 4401 exagitatus,
2274 4327 2438 4401 ltoma
2465 4327 2737 4401 discessit,
2785 4336 2836 4380 et
2878 4341 3009 4401 nave
3039 4344 3352 4401 conscensa,
3384 4330 3488 4401 Cy-

1916 4396 2065 4467 prum
2113 4400 2321 4451 delatus
2350 4399 2416 4449 ab
2463 4396 2759 4462 Epiphanio
2789 4397 3092 4463 suscipitur.
3145 4400 3270 4451 Inde
3300 4396 3487 4454 Antio-

309 4447 498 4525 missas
529 4468 770 4540 ibijuxta
817 4483 1020 4540 morem
1050 4447 1320 4540 tacerent.
1369 4447 1631 4535 U'suano.,
1668 4447 1801 4526 Alio:
1839 4447 1886 4505 D
1913 4447 2084 4522 chiam
2133 4469 2336 4536 pergit,
2372 4477 2438 4540 Aet
2482 4447 2523 4518 al
2553 4447 2770 4519 Paulino
2809 4447 3067 4521 dedticnts
3097 4471 3267 4540 media
3300 4471 3488 4540 hyeme

218 4543 487 4652 Superius
514 4551 702 4592 octavo
735 4539 852 4591 ldus
880 4538 1000 4591 Maii
1031 4539 1096 4590 de
1126 4541 1458 4606 apparitione
1492 4544 1682 4608 agitur.

360 4612 529 4652 Var-ha
571 4610 742 4652 Rninm
769 4611 845 4652 μία
878 4649 889 4652 -
925 4644 938 4652 .
977 4647 990 4652 -
1024 4609 1236 4652 nntium
1268 4626 1373 4652 mn,
1404 4609 1465 4652 (ἶ-

360 4612 530 4666 Verba
568 4610 742 4664 Iioma’
769 4611 845 4661 via
877 4649 890 4660 .
925 4644 938 4660 .
977 4647 990 4660 .
1024 4609 1236 4677 septimo
1268 4626 1374 4661 oui.
1404 4609 1466 4662 (3.

301 4696 324 4722 ε
369 4681 625 4735 Fraterni.
657 4682 756 4745 Qui
796 4681 1050 4732 successit
1098 4679 1334 4740 Allodio,
1388 4691 1440 4732 et
1492 4695 1659 4734 nonus
1689 4697 1805 4734 eam

219 4758 410 4812 sedem
441 4751 730 4816 accipiens,
763 4750 915 4802 unico
950 4758 1147 4801 tantum
1177 4751 1262 4802 die
1289 4751 1428 4801 illatn
1456 4752 1657 4803 tenuit:
1687 4769 1806 4803 nam

221 4845 287 4880 ea
317 4828 404 4880 die
433 4836 534 4891 qua
567 4821 848 4886 episc0pus
876 4830 957 4872 est
1001 4817 1298 4891 ordinatus,
1325 4834 1354 4891 a
1399 4820 1637 4873 barbaris
1668 4837 1808 4874 mar-

224 4901 374 4968 tyrio
403 4889 700 4968 _cor_onatus
741 4900 840 4942 est.
873 4889 1218 4968 Apud_l’hil._
1245 4890 1439 4968 Labbei
1488 4891 1624 4944 Bibl.
1673 4893 1805 4946 Nov.

226 4960 366 5021 tem.
403 4965 418 5017 |
449 4962 586 5017 Hist.
621 4961 988 5028 episcoporum
1022 4960 1317 5012 Autissiod.

305 5035 325 5074 τ
363 5032 685 5102 Hieronymi.
721 5031 813 5102 llic
845 5031 1057 5083 natione
1096 5029 1476 5102 Dalmatat'uit,
1522 5041 1575 5085 et
1605 5031 1811 5087 Strido-

225 5123 354 5164 nem
386 5100 637 5173 oppidum
663 5105 712 5173 in
739 5101 1024 5173 Pannooize
1055 5100 1404 5173 etpalmatite
1425 5104 1659 5155 continin
1682 5104 1810 5155 olim

227 5181 392 5234 situm
425 5169 653 5227 natalem
685 5170 888 5225 habuit.
932 5171 1087 5223 Patre
1121 5169 1346 5225 Eusebio
1379 5183 1533 5225 natus
1563 5185 1641 5226 est
1673 5189 1812 5225 anno

229 5248 360 5305 5'29.
390 5246 695 5300 Melioribus
723 5242 1020 5309 disciplinis
1048 5241 1114 5294 ab
1138 5242 1252 5310 ipso
1285 5258 1446 5306 puero
1469 5245 1729 5305 eruditus,
1760 5244 1810 5296 in

229 5316 592 5383 grammaticis
645 5316 941 5383 Donatum,
985 5314 1034 5363 in
1069 5312 1346 5383 rhetoricis
1374 5311 1724 5377 Victorinum,
1761 5315 1810 5367 in

236 5377 509 5444 ilebraicis
534 5383 833 5437 Barbanina
855 5382 1089 5450 aliosque
1111 5377 1340 5443 Judaeos,
1365 5383 1413 5434 in
1439 5386 1602 5436 sacris
1626 5385 1814 5437 litteris

232 5459 552 5527 Gregorium
602 5456 950 5527 theologum,
1000 5453 1380 5527 Apollinarium
1431 5454 1810 5527 Laodicenum,

235 5523 516 5584 l'anltnum
567 5525 991 5586 Antiochenam,
1037 5533 1092 5576 et
1141 5523 1441 5577 semicanus
1486 5523 1594 5591 jam
1648 5526 1814 5578 factus

239 5601 522 5668 Didytnum
546 5593 962 5668 Alexandrian
997 5603 1360 5668 praeceptores
1382 5594 1582 5668 habuit.
1617 5595 1812 5648 Adulta

235 5664 396 5725 aetate
432 5668 726 5735 baptizatus
753 5677 833 5718 est
863 5664 1067 5727 Romw,
1091 5679 1256 5732 eaque
1290 5666 1494 5726 relicta,
1527 5665 1578 5717 in
1605 5676 1816 5721 exteras

240 5741 490 5812 regiones
541 5737 862 5808 peregrinari
911 5737 1108 5806 cmpit;
1155 5736 1352 5792 Gallias
1400 5751 1584 5796 otnncs
1635 5736 1812 5808 perlu-

1916 4541 2334 4608 ilierosolymani
2370 4537 2614 4608 intravit.
2652 4540 2806 4590 Anno
2845 4541 3086 4604 sequenti
3117 4544 3166 4592 in
3196 4537 3483 4608 {Egyptum

1909 4607 2203 4673 contendit,
2232 4611 2548 4664 monasteria
2577 4607 2860 4661 Nitriensia
2893 4611 3150 4674 lustravit,
3181 4623 3232 4662 et
3256 4607 3485 4664 Alexan-

1910 4683 2042 4733 dria:
2071 4680 2372 4747 aliquandiu
2409 4680 2558 4734 lia-sit
2583 4695 2597 4741 ;
2630 4693 2815 4731 verum
2841 4683 3024 4744 nimio,
3049 4681 3186 4748 quod
3219 4682 3354 4732 inter
3374 4697 3488 4733 mo-

1913 4754 2110 4804 nachos
2139 4753 2309 4802 locum
2345 4750 2539 4803 habere
2569 4749 2941 4814 deprehendit,
2964 4750 3280 4818 Origenismi
3305 4751 3482 4804 studio

1911 4821 2144 4874 i'll'ensus
2177 4821 2505 4872 l'alzestinam
2541 4822 2718 4882 rediit,
2753 4836 2813 4873 ac
2853 4823 3030 4874 sedem
3074 4835 3192 4872 rura
3242 4821 3486 4874 Bethlee—

1913 4893 2088 4944 initica
2120 4892 2216 4943 sibi
2257 4891 2436 4958 elegit,
2479 4892 2566 4945 ubi
2597 4891 2768 4944 studia
2821 4891 3099 4959 diligenter
3131 4892 3385 4958 urgebat,
3437 4900 3490 4944 et

1913 4966 2107 5029 scripta
2152 4961 2426 5014 innumera
2477 4963 2724 5015 confecit.
2771 4965 2922 5014 Anno
2970 4959 3074 5014 410
3124 4961 3376 5027 plurimos
3421 4963 3489 5012 ab

1914 5034 2042 5084 urbe
2075 5032 2239 5085 Roma
2265 5047 2294 5082 a
2321 5031 2507 5084 Gothis
2535 5045 2830 5099 expugnata
2862 5030 3129 5097 profugos,
3159 5046 3361 5082 summa
3385 5045 3489 5099 qua

1915 5104 2081 5170 potuit
2101 5117 2202 5169 ope
2224 5102 2538 5156 sublevavit.
2561 5103 2797 5156 Tandem
2825 5118 2963 5154 anno
2984 5101 3178 5153 Curisti
3206 5100 3310 5154 421)
3336 5103 3487 5154 latine

1913 5190 1974 5225 ac
2002 5173 2210 5224 dierum
2237 5178 2384 5224 satur
2413 5177 2462 5226 in
2494 5187 2705 5228 secessu
2745 5173 3148 5225 Bethh-emitico
3191 5173 3350 5226 rebus
3381 5174 3488 5224 hu-

1915 5245 2084 5296 manis
2107 5253 2384 5309 exemptus
2413 5253 2514 5307 est,
2544 5245 2712 5296 rotatis
2744 5256 2854 5295 sua:
2883 5241 2973 5297 9t.

1989 5324 2012 5360 ις
2043 5315 2304 5365 Antonini.
2341 5313 2486 5368 Licet
2520 5314 2788 5366 Usuardus
2813 5326 2864 5365 et
2895 5315 3009 5366 Ado
3037 5313 3278 5366 eumdem
3310 5314 3491 5379 appel-

1916 5385 2027 5438 lent
2049 5384 2427 5446 confessorem,
2468 5392 2673 5436 (inllslill
2712 5394 2884 5435 tamen
2913 5398 2976 5436 ex
3008 5386 3122 5448 ejus
3156 5387 3300 5436 Actis
3327 5397 3488 5436 occu-

1915 5456 2091 5509 buisse
2123 5454 2401 5522 martyrio:
2438 5455 2624 5507 recitat
2645 5467 2708 5505 ea
2736 5455 2920 5506 l’etrus
2941 5454 3007 5506 de
3034 5456 3200 5505 Natat.
3228 5469 3340 5516 vttt,
3369 5455 3487 5516 1'55,

1917 5527 2006 5580 tibi
2037 5525 2195 5579 etiam
2227 5528 2332 5591 agit
2377 5524 2444 5577 de
2485 5526 2788 5577 inventione
2835 5523 3076 5592 corporis
3104 5523 3244 5592 ejus,
3285 5536 3489 5592 tenipo-

1917 5598 2061 5649 ribus
2091 5596 2149 5648 S.
2183 5593 2361 5648 Sabini
2391 5593 2673 5647 Placentia:
2713 5595 2860 5648 urbis
2884 5595 3118 5662 episcopi
3169 5596 3324 5657 facta,
3371 5610 3489 5660 qua:

1918 5668 2015 5742 hac
2070 5667 2160 5742 die
2216 5663 2581 5742 anniversaria
2643 5664 3148 5722 cetmnemor'atione
3217 5664 3487 5721 recolitur.

1920 5737 2115 5792 Banos.
2149 5735 2200 5790 in
2235 5733 2382 5790 Notis
