4064 6346
175 299 311 356 1061

1301 298 1499 356 SECT.
1542 299 1605 353 ll.
1647 327 1715 338 -—-
1758 298 2322 354 MARTYROLOCIA.

3293 302 3435 359 1062

1444 410 1675 465 EDITIO
1713 408 2200 467 COLONIENSIS.

242 500 307 556 Β.
351 501 413 554 \‘l
452 500 583 555 Nox.
626 499 759 556 Ocr.
802 530 867 540 —
904 501 1089 556 Natale
1117 504 1285 557 sancti
1320 503 1540 559 Eusebii
1583 520 1753 575 papae,
1786 512 1839 569 Α
1864 507 2109 573 migravit
2136 505 2202 559 ad
2232 502 2517 558 Christum.

165 592 259 659 qui
305 591 447 645 sedit
476 595 529 645 in
558 592 868 661 episcopatu
914 607 1083 647 annos
1132 605 1359 662 septem,
1391 596 1629 665 sepultus
1671 608 1754 652 est

165 686 253 736 via
285 686 478 752 Appia,
509 684 560 737 in
589 684 899 738 cmmeterio
935 684 1139 739 Calisti.
1170 684 1285 740 Sub
1312 685 1469 754 hujus
1517 698 1755 754 tempore

166 774 394 827 inventa
426 782 508 828 est
533 790 661 828 crux
708 773 919 828 Domini
960 776 1128 829 nostri
1168 775 1295 830 Jesu
1326 776 1543 841 CliriSti,
1571 778 1751 847 quinta

165 864 354 919 Nonas
399 866 538 921 Maii.
586 865 681 920 llic
722 866 1003 921 haareticos
1032 866 1230 921 invenit
1259 868 1309 922 in
1340 868 1493 933 urbe,
1525 885 1661 937 quos
1688 870 1755 924 ad

167 971 433 1013 manuum
488 958 881 1026 itnpositionein
936 958 1317 1013 reconciliavit.
1372 960 1445 1014 In.
1488 962 1761 1016 territorio

165 1051 541 1113 Atrebatensi,
572 1049 693 1104 villa
725 1049 990 1121 Syricinio
1023 1051 1199 1119 passio
1241 1052 1408 1106 sancti
1453 1052 1758 1123 Leodegarii

167 1140 677 1207 Augustuduneiisis
702 1140 956 1207 episcopi,
984 1156 1143 1207 quem
1173 1141 1331 1195 variis
1357 1141 1564 1210 injuriis
1593 1152 1648 1195 et
1673 1143 1757 1195 di-

168 1230 353 1283 versis
399 1229 676 1297 suppliciis
733 1245 830 1298 pro
879 1230 1103 1284 veritate
1148 1230 1406 1285 afflictum
1460 1231 1758 1285 llebroiiius

170 1320 351 1388 major
382 1314 543 1387 regia:
570 1320 762 1374 domus
802 1320 1085 1375 interfecit.
1129 1321 1293 1390 Cujus
1340 1321 1761 1376 sacratissimum

166 1423 372 1480 corpus
424 1412 475 1463 in
525 1410 744 1465 dioecesi
792 1409 1127 1465 Pictavorum
1178 1412 1515 1477 translatum,
1560 1412 1612 1465 in
1649 1427 1764 1465 nio-

167 1504 415 1557 nasterio
445 1503 587 1558 beati
632 1505 880 1560 Maxentii
912 1506 1203 1561 honoriﬁce
1244 1516 1329 1562 est
1377 1513 1673 1562 humatum.
1709 1507 1762 1562 ln

166 1594 492 1650 Nicomedia
545 1597 717 1651 sancti
765 1596 1057 1651 Eleiitlierii
1098 1599 1368 1667 martyris,
1409 1599 1508 1652 sub
1557 1598 1765 1652 Diocle-

170 1688 347 1752 tiano,
380 1686 469 1753 qui
501 1700 596 1754 per
620 1686 761 1741 varia
787 1695 1173 1741 tormentorum
1202 1701 1400 1757 genera
1428 1689 1765 1742 examinatus

1930 596 1992 648 C.
2035 594 2077 649 γ
2117 594 2251 649 Non.
2290 592 2424 649 Ocr.
2463 622 2535 635 -—
2572 592 2756 648 Natale
2786 594 2954 649 sancti
3000 594 3236 667 Dionysii
3274 600 3451 656 Areo-

1864 687 2072 756 pagitte,
2123 687 2213 755 qui
2260 686 2329 741 ab
2371 686 2615 755 apostolo
2667 684 2831 739 Paulo
2880 688 3170 741 instructus
3218 689 3450 746 credidit

1862 778 2103 841 Christo,
2144 784 2199 829 et
2245 779 2445 843 primus
2486 775 2713 831 Athenis
2740 777 2805 831 ab
2833 778 3021 833 eodem
3057 758 3299 848 apostolo
3337 782 3449 851 epi-

1868 883 2065 938 scopus
2096 876 2180 923 est
2205 867 2498 931 ordinatus,
2529 875 2585 920 et
2620 869 2720 921 sub
2764 869 2996 922 Adriano
3042 869 3297 938 principe;
3328 882 3450 940 post

1865 960 2214 1014 clarissimam
2244 956 2637 1013 confessionem
2669 956 2811 1023 fidei,
2846 969 2963 1026 post
2995 960 3305 1028 gravissima
3330 972 3446 1017 tor-

1866 1059 2168 1106 mentorum
2196 1062 2391 1118 genera
2420 1046 2652 1117 glorioso
2680 1049 2932 1118 martyrio
2955 1038 3261 1105 c’oronatur.
3291 1053 3448 1117 Apud

1864 1142 2111 1209 antiquos
2140 1140 2378 1194 Saxones
2404 1139 2580 1192 natale
2608 1148 2911 1193 sanctorum
2954 1140 3178 1195 duorum
3222 1142 3448 1199 Evaldo-

1866 1248 1981 1286 rum
2012 1232 2468 1301 presbyterorum,
2493 1230 2582 1299 qui
2610 1246 2729 1285 cum
2763 1232 2920 1286 beato
2947 1232 3289 1289 Willibrordo
3325 1237 3446 1306 epi-

1863 1336 2030 1393 scopo
2074 1322 2349 1375 venientes
2391 1322 2443 1375 in
2485 1319 2847 1388 Germaniam,
2881 1324 3140 1378 transiere
3176 1324 3244 1377 ad
3280 1320 3450 1380 sm.

1867 1426 2005 1476 nes,
2056 1421 2111 1465 et
2160 1425 2280 1464 cum
2329 1408 2623 1479 praedicare
2672 1411 2743 1465 ibi
2794 1410 3064 1467 Christum
3121 1415 3448 1484 cmpissent,

1866 1500 2244 1569 comprehensi
2289 1510 2412 1555 sunt
2454 1516 2484 1555 a
2536 1502 2755 1569 paganis
2801 1510 2857 1555 et
2896 1503 3075 1557 occisi.
3116 1504 3194 1558 Ad
3224 1520 3455 1574 quorum

1867 1607 2097 1660 corpora
2129 1601 2286 1647 noctu
2316 1592 2482 1646 multa
2511 1592 2603 1646 diu
2631 1593 2716 1646 lux
2746 1607 3028 1663 apparens,
3049 1603 3105 1649 et
3130 1597 3217 1651 ubi
3246 1608 3451 1664 essent,

1869 1698 1923 1741 et
1950 1688 2102 1752 cujus
2131 1693 2315 1739 essent
2339 1685 2512 1739 meriti
2546 1686 2858 1741 declaravit.

1453 1776 1682 1834 ΕυΙΤΙυ
1725 1775 2244 1833 BOLLANDIANA.

236 1864 299 1921 2.
327 1894 403 1909 —
430 1865 495 1921 Vl
518 1864 716 1921 NONAS.
753 1865 915 1921 Vacat
943 1865 1117 1922 Bictla.

241 1956 447 2011 Florus
473 1957 523 2010 iii
553 1963 619 2013 A.
646 1957 709 2011 '1‘.
730 1957 890 2021 L.,lti
920 1956 1083 2011 Gallia
1114 1959 1287 2025 passio
1315 1957 1373 2013 S.
1400 1959 1425 1987 “
1455 1957 1763 2027 Leodegarii

164 2049 417 2117 episcopi
444 2059 497 2102 et
527 2049 802 2119 martyris,
826 2048 914 2116 qui
940 2050 1091 2116 jussu
1123 2048 1362 2113 Ehroini,
1385 2050 1476 2119 qui
1506 2059 1628 2104 ante
1650 2064 1766 2117 ino-

167 2138 408 2206 naehus,
441 2148 566 2195 tunc
596 2140 988 2209 major-domus
1035 2142 1267 2206 exstitit,
1307 2144 1475 2198 oculis
1504 2152 1558 2197 et
1586 2144 1760 2212 lingua

169 2234 445 2301 privatur,
476 2233 569 2286 sed
612 2234 748 2285 fame
795 2248 899 2286 non
947 2234 1190 2286 tollitur:
1240 2244 1293 2289 et
1341 2244 1520 2302 postea
1570 2249 1760 2305 magna

169 2322 360 2389 inopia
393 2324 718 2389 trucidatus,
764 2323 1049 2379 noviSsiine
1079 2338 1209 2380 ense
1235 2334 1487 2395 suscepto
1516 2326 1766 2396 plectitur

170 2415 384 2484 capite.

245 2524 692 2593 Supplemeiittitn
719 2525 870 2579 deest
898 2524 948 2578 in
978 2524 1065 2589 D.,
1098 2540 1255 2579 manu
1277 2534 1451 2579 autem
1482 2523 1765 2580 recentiori

172 2596 495 2661 inseriptum
525 2607 639 2647 est:
671 2596 854 2649 Natale
878 2596 935 2649 S.
966 2595 1277 2663 Leudegarii
1302 2597 1567 2663 martyris.
1602 2596 1661 2648 Β.
1696 2595 1759 2646 ν.

171 2666 263 2727 (1.,
325 2665 380 2717 Itt
432 2665 708 2718 Antiochia
757 2664 955 2729 Primi,
1010 2666 1242 2731 Qttirilli,
1299 2673 1353 2717 et
1399 2663 1765 2728 Secundiani,

174 2736 445 2789 Romans.
467 2739 491 2770 ι’
517 2734 730 2788 Eusebii
754 2734 1011 2801 episeoiii.
1041 2736 1175 2789 Alibi
1202 2738 1221 2765 (⁵
1250 2733 1441 2788 Felicis
1460 2745 1511 2787 et
1526 2734 1690 2788 Casii.
1716 2736 1769 2787 lii

172 2819 321 2874 pago
386 2805 680 2859 l’iclavensi
734 2805 996 2873 depositio
1062 2801 1371 2875 Leodegarii
1424 2804 1659 2873 episcopi
1718 2813 1772 2857 et

170 2875 537 2929 confessnris.

254 2944 303 2997 Τ
310 2982 349 3009 .,
386 2944 567 3001 Romae
613 2945 697 2996 via
752 2943 919 3013 Appia
967 2943 1230 3012 depositio
1279 2943 1495 2999 Eusebii
1536 2944 1771 3013 episc0pi

1797 1872 1841 1931 Β
1869 1879 1921 1921 et
1948 1864 2093 1920 Beati
2120 1862 2377 1933 episc0pi.
2408 1864 2493 1928 B.,
2525 1864 2579 1919 lit
2610 1864 2913 1920 Nicomedia
2944 1865 3002 1921 S.
3034 1873 3060 1913 ιι
3088 1868 3397 1927 Eleutherii.

1941 1955 1994 2009 ὅ.
2040 1985 2103 1993 -
2136 1952 2178 2008 γ
2227 1952 2426 2008 Nonas.
2493 1954 2644 2021 Apud
2693 1955 2940 2025 antiquos
2983 1956 3226 2013 Saxones
3276 1962 3454 2018 natale

1833 2100 1843 2110 ,
1871 2044 2096 2097 diturum
2134 2045 2156 2071 θ
2192 2042 2531 2095 Ewaldorum
2562 2042 3014 2112 presbyterorum,
3046 2047 3133 2114 qui
3164 2062 3286 2101 cum
3316 2047 3451 2104 Wil-

1874 2138 2107 2194 librordo
2144 2139 2399 2210 episcopo
2443 2141 2713 2196 venientes
2741 2140 2795 2194 in
2826 2142 3187 2209 Germaniam,
3220 2146 3447 2200 transie-

1871 2238 1995 2283 runt
2031 2230 2095 2281 ad
2145 2228 2423 2284 Saxones:
2472 2240 2528 2285 et
2573 2246 2694 2285 cum
2736 2231 2806 2285 ibi
2850 2232 3134 2301 pncdicne
3177 2234 3445 2290 Christum

1871 2321 2180 2388 erepissent,
2209 2321 2582 2391 comprehensi
2614 2330 2738 2374 sunt
2763 2335 2793 2375 a
2826 2324 3040 2391 paganis
3064 2333 3119 2378 et
3145 2323 3224 2378 sic
3252 2327 3446 2381 occisi:

1874 2411 1940 2465 ad
1970 2427 2198 2483 quorum
2227 2426 2453 2481 corpora
2490 2413 2654 2467 multa
2684 2413 2775 2467 diu
2806 2414 2893 2467 lux
2932 2428 3195 2483 apparens
3217 2457 3234 2483 ,
3278 2426 3334 2472 et
3362 2418 3455 2473 ubi

1876 2513 2054 2556 essent
2084 2514 2138 2557 et
2161 2502 2315 2571 cujus
2346 2512 2527 2558 essent
2558 2504 2757 2568 meriti,
2786 2503 3091 2559 declaravit.

1945 2589 2005 2643 C.
2031 2590 2116 2654 V.,
2165 2590 2219 2645 In
2260 2592 2434 2646 Africa
2460 2592 2709 2656 Victoris,
2745 2592 2960 2647 Urbani.
3015 2594 3075 2648 V.
3110 2595 3169 2650 C.
3201 2598 3284 2658 Β..
3307 2600 3447 2656 Alibi

1884 2660 2070 2732 Eelicis
2101 2659 2207 2730 [C.,
2237 2661 2412 2732 Elicii]
2445 2673 2496 2715 et
2524 2661 2689 2715 Casti.
2726 2664 2814 2725 Α..
2849 2663 2904 2716 lii
2938 2665 3109 2718 Africa
3141 2670 3315 2723 natale
3344 2671 3445 2727 SS.

1887 2730 2115 2803 Eictoris
2145 2740 2200 2782 et
2228 2730 2411 2803 Castif
2438 2732 2834 2803 i'fl‘.,_lu_Africa
2866 2735 3040 2787 natale
3072 2734 3169 2789 SS.
3201 2738 3448 2803 Victoris,

1883 2800 2097 2871 Felicis,
2129 2811 2185 2854 et
2214 2802 2378 2854 Casti.
2433 2802 2498 2855 Et
2537 2801 2597 2855 S.
2629 2801 2645 2838 ί
2676 2803 2911 2871 Dionysii
2953 2804 3185 2871 episcopi
3218 2817 3271 2858 et
3300 2800 3448 2864 mar-1

1883 2870 2034 2945 tyris.
2070 2872 2133 2945 Et
2158 2872 2271 2945 hajc
2296 2873 2575 2939 utrobique
2607 2870 2918 2945 primoltico
2936 2874 3111 2945 quoad
3136 2870 3444 2945 Africanos;

1882 2941 1933 2993 in
1965 2944 2029 2995 A.
2060 2941 2124 2995 ad
2157 2941 2358 2995 calcem
2393 2951 2636 3011 ponitur:
2686 2941 2886 2996 Eodem
2917 2943 3005 2997 die
3028 2947 3206 3012 passio
3236 2948 3293 3004 S.
3321 2941 3445 3003 Dio;

1016 3082 1029 3090 .
1577 3032 1783 3089 8111111
1823 3030 2049 3087 ΙΝΟΤᾸΕ.
2524 3074 2541 3084 .

171 3124 357 3179 niensi
382 3124 556 3179 editus
578 3123 789 3189 ducatu,
818 3124 981 3195 uxori
998 3123 1213 3195 junctus
1247 3125 1367 3178 filiae
1390 3125 1489 3179 viz.
1518 3125 1761 3182 Adilonis
1791 3130 1836 3192 C
1868 3125 2207 3195 squalorem,
2239 3122 2358 3190 post
2394 3120 2666 3195 oculorum
2705 3120 3055 3195 evolsionem,
3089 3134 3205 3190 post
3233 3129 3442 3195 planta-

170 3195 417 3259 comitis,
445 3195 513 3248 de
539 3208 647 3263 qua
670 3194 851 3261 genuit
890 3194 1231 3263 Agletrndem
1256 3210 1271 3248 :
1314 3209 1480 3249 uxore
1511 3207 1714 3250 mortua
1741 3238 1755 3260 ,

171 3263 236 3319 S.
280 3264 524 3317 Amando
570 3262 820 3331 episcopo
860 3262 1147 3328 hortatore,
1200 3265 1473 3318 facultates
1519 3281 1643 3320 suas
1690 3269 1757 3320 ad

171 3334 301 3387 loca
347 3342 659 3405 sanctorum
702 3333 989 3405 disuibuit,
1043 3342 1097 3387 et
1140 3336 1457 3402 pauperibus
1495 3335 1755 3405 erogavit,

171 3412 343 3471 atque
374 3404 425 3456 in
456 3404 701 3457 cmiiohio
732 3404 1090 3469 Gandavensi,
1131 3406 1268 3470 quod
1296 3416 1671 3460 construxerat
1696 3407 1753 3461 S.

171 3473 485 3544 Amandus,
511 3482 779 3544 tonsuram
809 3474 1059 3541 suscepit;
1107 3483 1159 3526 et
1203 3474 1344 3526 illius
1382 3475 1615 3544 episcopi
1645 3492 1758 3529 ma-

173 3543 337 3595 nibus
363 3543 641 3595 clericatus
670 3542 924 3595 honorem
963 3543 1184 3610 adeptus
1210 3551 1309 3596 est.
1343 3543 1386 3597 Α
1413 3542 1759 3600 beato‘ctiaiti

171 3614 432 3684 episcopo
458 3612 1000 3684 ΔΙίςιιιριίίιὲἱηψιειηιει,
1050 3613 1365 3684 monasteria
1398 3619 1540 3667 varia
1581 3617 1759 3684 perlu-

172 3682 405 3745 stravit;
436 3682 626 3735 deinde
656 3682 963 3735 Gaiidavum
1004 3697 1250 3736 reversus
1278 3682 1330 3736 in
1360 3685 1550 3737 cellula
1580 3682 1640 3739 se
1670 3701 1757 3739 re-

170 3752 360 3813 clusit,
396 3753 569 3820 ibique
603 3753 729 3805 vixit
768 3768 936 3820 usque
979 3753 1043 3805 ad
1089 3755 1311 3816 obitum,
1356 3756 1443 3822 qui
1486 3770 1625 3810 anno
1654 3756 1757 3809 635

172 3822 472 3889 contigisse
502 3823 729 3876 Videtur.
768 3822 938 3876 Varia:
966 3823 1208 3889 leguntur
1235 3824 1293 3875 S.
1328 3824 1555 3878 Davonis
1580 3835 1757 3878 trans-

173 3892 429 3944 lationes.
460 3891 512 3943 In
536 3893 788 3947 cliroiiico
817 3893 1122 3947 Bavoniatio
1149 3893 1287 3959 apud
1315 3893 1609 3948 Sanderutn
1639 3910 1759 3947 cor-

173 3977 278 4028 pus
312 3962 479 4032 ipsius
509 3977 537 4013 a
569 3962 625 4013 ll.
664 3962 833 4029 Eligio
865 3964 1093 4015 levatum
1139 3977 1169 4015 e
1215 3974 1351 4015 terra
1399 3964 1581 4016 fertur.
1631 3965 1758 4032 Ejus

171 4040 227 4083 et
253 4031 484 4083 aliorum
525 4032 762 4099 reliquiae
789 4071 803 4091 ,
851 4032 1165 4084 Normannis
1214 4031 1759 4098 irruuipentibus,ab

172 4100 482 4170 Eyiikerico
508 4102 697 4153 abbate
724 4101 865 4168 prius
891 4103 955 4154 ad
983 4102 1041 4154 S.
1071 4102 1355 4155 Audomari
1383 4114 1637 4167 castrunt,
1664 4105 1758 4159 de-

172 4171 302 4223 inde
327 4171 396 4222 ad
425 4172 608 4223 urbem
643 4171 953 4224 Laudutiuin
993 4172 1183 4225 delatae
1218 4173 1481 4225 dicuntur.
1522 4175 1594 4226 lix
1628 4179 1758 4229 urbe

173 4240 441 4311 Laudiitio
469 4256 562 4307 per
587 4254 797 4293 centum
832 4255 994 4309 prope
1023 4256 1191 4294 annos
1218 4243 1313 4295 hac
1346 4243 1572 4311 illacqne
1594 4259 1622 4295 a
1646 4260 1757 4297 ino-

171 4310 365 4363 tiacltis
413 4314 723 4375 deportata},
770 4311 1073 4378 aliquandiu
1122 4313 1307 4365 locatae
1354 4310 1661 4366 manserunt
1706 4318 1754 4368 iit

170 4380 427 4433 ccenobio
454 4381 519 4432 de
547 4380 770 4447 Nigella,
803 4382 956 4447 vulgo
999 4382 1164 4445 Nclle,
1200 4381 1381 4435 it.dcni
1412 4383 1462 4435 iit
1495 4383 1753 4451 l’icarilia,

169 4465 282 4517 quo
303 4465 370 4503 ex
403 4451 519 4502 loco
549 4466 689 4502 anno
718 4450 821 4503 9.39
852 4451 1159 4503 Gaiidavnnt
1192 4464 1416 4505 revecta:
1444 4462 1586 4506 sunt.
1625 4450 1753 4509 Vide

171 4519 295 4589 ejus
325 4520 495 4572 \‘itant
517 4521 652 4585 apud
681 4520 973 4580 Mabillon.,
1006 4535 1128 4573 sam.
1163 4536 1197 4573 it
1230 4524 1347 4575 Act.
1380 4522 1509 4576 Ben.

249 4596 289 4660 “7
309 4589 631 4658 Leudegarii’.
658 4592 754 4655 Qui
777 4604 935 4657 opera
962 4590 1178 4643 Didonis
1201 4594 1433 4660 episcopi
1458 4593 1749 4648 Pictavien-

171 4662 250 4714 sis
282 4659 577 4729 litterarum
609 4669 661 4712 et
692 4661 963 4729 utriusque
1005 4662 1140 4727 juris
1186 4659 1440 4715 doctrinis
1479 4665 1748 4728 eruditus,

172 4729 348 4783 sacris
380 4728 631 4791 initiatus,
654 4728 906 4783 Ecclesiis
932 4746 1043 4783 sua:
1082 4732 1327 4784 diuecesis
1359 4733 1668 4797 prmfecuis,
1699 4746 1748 4787 et

171 4802 342 4853 abbas
371 4798 429 4853 S.
472 4799 719 4852 Maxentii
765 4801 1055 4871 destinatus
1080 4841 1113 4871 ,ί
1143 4804 1276 4855 adeo
1308 4814 1490 4857 sancte
1519 4818 1581 4855 ac
1613 4818 1749 4871 pra:-

170 4872 321 4923 clare
341 4882 402 4923 se
421 4872 608 4936 gessit,
636 4879 693 4921 ut
720 4883 749 4921 a
774 4868 1047 4923 Clilotario
1080 4870 1400 4925 Francorum
1423 4888 1545 4938 rege
1570 4868 1750 4927 accer-

170 4942 332 5003 situs,
360 4950 411 4993 et
442 4940 494 4992 iii
524 4942 718 5007 palatio
745 4941 1053 5006 honoratus,
1074 4942 1234 4993 etiam
1260 4943 1749 5009 Augustoduiiensis

168 5011 403 5063 antistes
447 5017 687 5063 sacratus
726 5012 903 5064 fuerit.
954 5014 1069 5076 Quo
1108 5027 1325 5065 munere
1362 5015 1518 5068 aiiiiis
1564 5014 1747 5068 decem

169 5090 396 5133 strenue
452 5079 661 5133 functus
710 5089 810 5133 est.
864 5080 1137 5134 Chlotario
1187 5082 1435 5135 defuncto
1486 5085 1749 5137 sufficitur

169 5150 531 5215 Childericus,
563 5158 615 5203 et
636 5150 987 5218 Lcodcgarius
1010 5152 1397 5218 major—domus
1422 5152 1745 5219 declaratur,
1796 5156 1799 5159 ’

170 5220 398 5271 excluso
441 5234 477 5290 ag
530 5236 692 5288 regno
740 5219 1073 5274 Ttieodorico
1119 5221 1404 5275 Childerici
1452 5224 1655 5285 fratre,
1702 5235 1788 5290 et,

172 5290 413 5341 Ebroino
458 5288 569 5361 jam
595 5293 715 5361 sub
756 5290 1029 5344 Chlotario
1073 5292 1499 5355 majore-domus
1544 5304 1758 5361 propter

173 5374 328 5410 suain
363 5358 693 5428 tyrannidem
727 5370 881 5414 tonso
905 5370 962 5414 et
989 5362 1197 5414 recluso
1226 5361 1279 5414 iit
1308 5358 1580 5425 [λυκονὶοζ
1622 5358 1759 5418 Bur-

173 5428 390 5500 gundia:
423 5430 769 5483 monasterio.
818 5430 921 5486 Sed
969 5442 1180 5486 inortuo
1218 5445 1399 5499 pOStea
1430 5432 1755 5500 Childerico,

172 5497 543 5552 Theodericus
574 5514 794 5568 regnum
827 5500 1177 5568 recuperavit,
1218 5497 1273 5555 et
1305 5503 1567 5556 Ebroinus
1598 5497 1754 5557 aufué

173 5570 349 5637 giens,
379 5570 569 5622 iterum
592 5569 987 5641 major-donius
1014 5573 1179 5623 factus
1206 5582 1315 5635 est;
1338 5573 1427 5641 qui
1447 5573 1759 5627 existimans

171 5653 235 5691 se
263 5642 546 5693 memorati
570 5641 830 5707 pontificis
853 5640 1081 5695 factione
1100 5640 1758 5709 ejectum,crudelissimis

172 5709 458 5768 tormentis
486 5724 607 5768 eum
634 5710 843 5769 all‘ccit:
886 5721 1003 5781 post
1034 5714 1223 5769 famem
1250 5717 1415 5783 enim,
1449 5725 1500 5770 et
1528 5717 1758 5772 carceris

1868 3191 1984 3248 rum
2014 3193 2395 3255 concisiOnetn,
2418 3191 2607 3258 lingua:
2638 3200 2689 3245 et
2719 3192 2974 3247 lahiorum
3018 3191 3352 3260 incisioriein,
3385 3200 3443 3255 in

1865 3264 2090 3319 Fiscano
2130 3261 2452 3316 monasterio
2493 3261 2639 3314 illum
2681 3261 2918 3315 reclusit.
2973 3260 3070 3317 Ubi
3118 3267 3217 3320 etsi
3263 3271 3442 3325 excisa

1861 3342 2007 3388 esset
2032 3334 2229 3398 lingua,
2261 3332 2461 3385 monita
2490 3340 2665 3384 tanien
2695 3332 2880 3384 salutis
2902 3347 3048 3387 recte
3074 3334 3296 3401 loquens
3322 3355 3443 3393 oin-

1861 3406 2015 3458 nibus
2042 3403 2239 3456 dabat:
2272 3416 2435 3469 quare
2474 3403 2723 3453 confusus
2760 3402 2990 3455 crudelis
3018 3403 3305 3466 Ebroinus.
3346 3410 3446 3462 de-

1860 3474 2043 3545 collari
2070 3471 2382 3545 illum‘l‘ecit
2403 3470 2925 3545 p_rope_t_\_trebatutit.
2958 3474 3089 3545 llinc
3116 3490 3311 3531 annum
3334 3494 3442 3545 quo

1861 3544 1919 3599 S.
1956 3543 2312 3609 Leodegarius
2336 3542 2466 3595 obiit
2505 3540 2758 3612 colligere
2797 3540 2954 3594 licet:
2992 3543 3255 3597 Ebroinus
3286 3540 3440 3612 regni

1862 3613 2175 3667 Theoderici
2194 3626 2333 3665 anno
2350 3612 2405 3676 9,
2423 3614 2465 3664 si
2498 3610 2774 3678 Sigeberto
2804 3612 3087 3675 credimus,
3111 3615 3307 3669 Christi
3334 3610 3433 3671 681

1860 3694 1950 3738 aut
1981 3683 2293 3750 insequenti,
2334 3682 2624 3736 exstinctus
2662 3689 2765 3744 est,
2813 3689 2867 3733 et
2908 3682 3123 3748 quidem
3175 3696 3290 3747 post
3340 3698 3451 3744 tres

1862 3753 1973 3810 iere
2001 3768 2169 3807 annos
2194 3768 2351 3821 quam
2391 3751 2650 3823 martyrio
2688 3752 2911 3823 alfectus
2958 3752 3130 3805 fuerat
3178 3753 3449 3823 Leodega-

1863 3826 1993 3888 rius,
2027 3835 2084 3876 ut
2110 3831 2318 3876 constat
2346 3837 2411 3876 ex
2439 3821 2721 3893 Mabil‘lonii
2750 3835 2875 3893 sine:
2908 3834 2941 3873 ri
2985 3824 3103 3875 Act.
3141 3823 3290 3889 Βεη..
3322 3821 3441 3893 pag.

1860 3894 1996 3957 705,
2026 3894 2114 3960 qui
2149 3893 2368 3957 proinde
2396 3904 2536 3943 anno
2578 3889 2772 3943 Christi
2814 3890 2917 3943 678
2958 3902 3177 3945 necatus
3220 3889 3334 3956 est,
3371 3889 3447 3949 uti

1859 3968 2020 4015 etiam
2049 3962 2272 4015 Carolus
2303 3962 2353 4015 le
2378 3960 2567 4013 Cointe
2593 3969 2795 4012 censet.
2829 3960 2993 4023 llnjus
3022 3977 3213 4029 corpus
3246 3966 3295 4015 in
3323 3966 3443 4018 villa

1858 4032 2098 4084 Sarcinio
2128 4031 2353 4098 primunt
2395 4030 2659 4095 sepultum
2688 4038 2790 4093 est,
2830 4029 3024 4081 deinde
3066 4033 3116 4083 iit
3160 4032 3441 4088 direcesiiit

1860 4100 2197 4156 Pietavorum
2233 4101 2539 4153 translatum
2573 4108 2625 4152 et
2661 4099 2711 4151 in
2746 4100 3067 4163 monasterio
3097 4102 3155 4154 ll.
3186 4103 3442 4160 Maxentii

1858 4182 1939 4225 est
1966 4172 2257 4223 humatum.
2294 4169 2426 4223 Vide
2456 4172 2603 4237 plura
2638 4170 2688 4221 in
2730 4168 3033 4222 Mabilloiiin
3064 4187 3221 4237 supra
3253 4176 3439 4232 citato.

1931 4239 1958 4278 δ
1992 4241 2216 4294 Eusebii.
2252 4240 2324 4293 De
2355 4242 2455 4293 hoc
2483 4239 2603 4292 Vide
2631 4253 2784 4305 supra
2817 4254 2937 4291 χιιί
2969 4240 3271 4307 Septeittbr.

1932 4330 1953 4356 c
1993 4310 2182 4363 Felicis
2213 4322 2257 4362 et
2289 4310 2447 4363 Cesti.
2480 4307 2545 4361 In
2582 4326 2713 4378 pago
2742 4307 3032 4362 Pictaveusi
3064 4326 3171 4364 oni.
3208 4312 3269 4367 V.
3301 4310 3365 4366 C.

1928 4388 1954 4426 ἀ
1986 4381 2286 4445 [itaut/terit
2329 4382 2425 4446 Qui
2459 4392 2512 4433 et
2540 4381 2627 4432 alii
2658 4380 2943 4443 innumeri,
2976 4396 3095 4433 cum
3129 4384 3440 4442 Diocletiani

1860 4455 1999 4519 regia
2028 4451 2270 4505 incendio
2300 4449 2695 4517 coiillagrasset,
2728 4449 2861 4501 falso
2902 4450 3058 4518 hujus
3087 4454 3324 4506 il'illlillis
3350 4472 3444 4509 ac-

1785 4497 1831 4575 ί)
2304 4497 2512 4573 vendetii
2558 4497 2695 4585 imp:
2729 4497 3013 4573 acervatim
3262 4497 3437 4588 ς

1854 4606 2078 4659 quorum
2108 4591 2193 4644 alii
2225 4591 2412 4659 gladiis
2436 4589 2911 4656 obtruncabaittnr,
2955 4593 3040 4643 alii
3075 4594 3278 4660 ignibus
3317 4608 3437 4647 ere.

1856 4665 2157 4729 iiialiantur:
2192 4662 2285 4715 sed
2334 4664 2519 4714 horum
2558 4662 2757 4726 primus
2790 4660 3145 4725 Eleuther-ius,
3196 4678 3313 4715 tuin
3344 4664 3440 4717 ditt

1853 4734 2140 4797 cruciatus,
2185 4746 2278 4799 per
2315 4732 2519 4801 singula
2549 4742 2809 4801 tormenta
2844 4732 3063 4784 validior
3092 4735 3431 4799 redderetur,

1854 4804 2165 4870 iiiartyriuni
2198 4800 2429 4854 victoria:
2470 4815 2582 4854 sua:
2634 4800 2844 4869 ignibus
2889 4805 3191 4866 t-oniptevit.
3242 4803 3313 4855 De
3355 4806 3440 4857 his

1858 4872 1948 4936 qui
1993 4887 2055 4924 ea
2099 4872 2165 4925 de
2194 4886 2357 4941 causa
2400 4873 2614 4926 subiere
2662 4872 2972 4941 martyrium
3013 4872 3199 4924 scrib.t
3239 4874 3437 4929 Euseb.

1859 4942 1994 4995 llist.
2022 4943 2155 4995 eccl.
2188 4956 2299 5009 vni,
2330 4939 2384 4995 6.

1858 5016 1953 5135 πυ
1984 5009 2334 5135 Ειυαίιῦοιοιηη.
2377 5012 2453 5067 De
2501 5011 2583 5066 his
2626 5012 2747 5067 vide
2784 5012 3028 5078 superius
3070 5011 3242 5065 Baeda:
3290 5012 3443 5072 Eccl.

1906 5091 1990 5134 ist.
2022 5098 2074 5135 v.
2179 5118 2193 5133 .

1883 5082 1990 5135 list.
2022 5098 2074 5142 v,
2108 5082 2193 5135 10.
2899 5140 2906 5148 ι

1935 5149 1950 5187 ί
1988 5150 2244 5221 Dionysii.
2279 5151 2458 5205 Patria
2484 5151 2849 5206 Atheniensis.
2880 5151 2977 5217 Qui
3012 5151 3308 5205 litterarum
3338 5154 3437 5207 bu-

1861 5224 2160 5276 tnaninruin
2191 5223 2379 5275 studiis
2406 5236 2465 5277 se
2504 5224 2647 5275 dedit
2682 5223 2906 5286 primum
2940 5223 3200 5283 Athenis,
3237 5224 3434 5278 deinde

1862 5292 2123 5359 lleliOpoli
2153 5293 2206 5346 in
2234 5290 2501 5360 IEgypto;
2548 5294 2768 5345 domum
2801 5308 3047 5345 reversus
3090 5295 3144 5344 iii
3185 5306 3436 5347 senatum

1862 5363 2124 5429 Areopagi
2157 5374 2439 5430 coeptatus
2466 5372 2578 5423 est,
2622 5364 2761 5414 unde
2788 5375 2840 5414 et
2870 5362 3203 5429 Areopagita:
3237 5379 3438 5417 nomen

1865 5433 2040 5485 traxit.
2073 5433 2228 5486 Circa
2253 5449 2343 5485 an.
2366 5433 2493 5485 Chr.
2520 5434 2610 5494 50,
2645 5431 2810 5483 Paulo
2835 5434 3058 5485 Athenis
3087 5434 3432 5498 praedicante,

1863 5502 2220 5557 Christianam
2270 5503 2430 5556 fidem
2480 5504 2756 5569 amplexus
2802 5515 2883 5553 eSt
2916 5520 2927 5554 :
2964 5500 3089 5570 quin
3119 5512 3170 5554 ct
3202 5504 3435 5569 primum

1864 5573 2271 5627 Atheniensium
2322 5570 2632 5638 cpiscOputn
2678 5572 3023 5625 constitutum
3062 5572 3226 5625 fuisse
3270 5575 3437 5629 tradit

1863 5644 2151 5712 Dionysius
2177 5641 2568 5712 Corinthiorum
2599 5643 2842 5697 antistes.
2874 5642 3004 5712 lino
3033 5642 3078 5696 si
3106 5642 3305 5707 Suidze,
3340 5644 3437 5697 Ni-

1863 5710 2121 5784 cephbro,
2148 5711 2400 5782 Syiicello
2428 5710 2653 5784 aliisque
2684 5713 2812 5768 fides
2842 5711 2911 5769 sit
2940 5712 3183 5769 habenda
3204 5757 3218 5784 ,
3263 5713 3429 5784 ipsius
